3818 6008
511 243 556 300 on
575 244 658 302 vira
675 244 743 303 sua
760 243 855 302 unm
872 243 974 303 runs.
997 274 1032 286 -·
1050 245 1113 301 ue.
1135 245 1156 300 r.
1666 254 1718 307 ooo
1737 222 1743 234 '

56 392 171 450 saque
195 386 254 437 tam
268 379 378 437 occulte
396 394 430 437 ac
443 380 588 438 subtiliter
602 381 663 438 lieri
679 379 814 452 pervide·
831 382 854 436 Α
869 379 921 437 sibi
936 379 1042 438 obvius
1064 380 1128 449 luit,
1144 387 1172 438 et
1198 380 1274 438 iuste
1301 381 1411 438 elevato
1436 384 1610 441 monachum
1634 386 1717 456 quasi

56 465 90 523 ln
109 481 167 539 quo
182 466 253 524 illud
269 467 392 540 dignum
406 476 449 526 est
467 469 617 537 miraculo,
633 469 712 541 quod
726 475 814 541 caput
868 482 1061 540 percussurus
1085 469 1215 539 impetiit.
1244 471 1330 527 Fores
1354 483 1482 542 namque
1511 471 1585 529 inter
1607 473 1717 530 clerum

56 554 183 613 missum.
209 556 320 626 Corpus
344 565 440 615 autem
456 573 514 628 quo
536 559 592 615 lleo
607 557 714 629 placuit
730 571 814 614 aeuo
868 564 896 614 et
908 557 1049 629 populum
1064 557 1205 630 interjecti
1220 557 1337 627 parietis
1359 565 1521 629 aperuerat,
1536 564 1564 616 et
1584 561 1620 618 ad
1635 562 1716 631 alias,

56 651 238 715 exportatum
261 652 312 701 est.
338 645 390 704 Cui
419 647 511 704 simile
531 646 670 717 quiddam
694 661 711 702 a
731 646 813 703 bonae
867 659 919 716 per
932 644 1108 717 qnasintrat
1123 646 1257 716 populus,
1274 646 1444 704 reserandas
1457 647 1635 718 procedebat,
1650 664 1715 707 cum

56 731 111 789 rte
125 732 255 790 llanassc
270 734 494 805 archiepiscopo,
509 735 560 806 qui
576 742 642 792 anto
657 734 709 791 hos
722 748 814 791 annos
868 741 983 806 repento
1009 734 1200 792 exterioribus
1223 733 1362 792 obseratis
1381 735 1412 792 in
1435 736 1516 793 exitu
1540 737 1717 795 anteriorum

57 819 128 876 sime
161 820 296 890 decessit,
326 829 354 879 et
384 822 526 879 certinsa
557 822 707 879 monacbis
739 821 813 879 beati
868 822 1000 880 amedio
1033 822 1157 880 basilicae
1183 823 1229 880 illc
1251 823 1393 881 simulans
1411 839 1441 881 se
1473 824 1557 881 icrire
1585 826 1716 896 prosiliit.

56 907 86 978 gii
101 909 131 965 in
145 910 278 967 ilamensi
294 910 366 967 nrbe
384 909 518 967 addidici.
542 909 679 967 Artaldns
694 909 813 980 quidam
868 911 999 983 Cumque
1013 911 1060 968 ille
1074 912 1242 982 pavefactus
1257 913 1395 981 cessisset,
1414 913 1559 970 bominem
1573 913 1718 972 estimans

68 996 192 1054 civitatis
204 999 437 1069 archiepiscopus
451 999 487 1054 ad
501 999 586 1069 pedes
605 998 680 1055 beati
695 997 814 1068 Remigii
868 1012 955 1070 quem
966 998 1104 1055 ‘hesterno
1118 1000 1265 1066 arcuisset,
1282 1001 1310 1056 in
1326 1015 1355 1056 se
1368 1000 1481 1057 tandem
1495 1001 1586 1069 rediit,
1602 1009 1629 1058 et
1647 1002 1715 1057 dum

56 1083 111 1141 lam
127 1084 222 1143 luerat
237 1088 367 1157 sepultus
384 1101 390 1142 :
406 1088 457 1158 qui
473 1095 535 1158 post
548 1086 674 1158 plurima
686 1093 814 1157 tempora
867 1087 940 1145 ostia
955 1087 1095 1144 forinseca
1109 1089 1207 1145 clausa
1219 1096 1328 1159 pensat,
1344 1088 1491 1145 diabolum
1504 1089 1620 1146 taudem
1631 1089 1718 1148 luisse

56 1171 217 1230 diliciorum
249 1175 456 1232 mutandorum
484 1176 651 1232 necessitate
679 1182 811 1240 retectus,
867 1175 1715 1248 credidit,qnibocsignosuumopusinbominedenotavit.

56 1261 112 1331 rjus
126 1262 294 1332 sepulcrum
317 1263 418 1321 luisset
432 1271 575 1335 apertum,
592 1265 664 1322 nibil
689 1264 758 1320 inibi
779 1264 814 1321 de
903 1267 1039 1322 llolestios
1061 1268 1189 1336 ingerunt
1211 1266 1342 1322 moues
1364 1269 1532 1336 agonizanti.
1553 1298 1588 1307 —
1604 1267 1637 1323 ln
1653 1267 1717 1323 hie-

56 1363 166 1420 sorpore
181 1358 223 1407 est
246 1352 364 1408 omnino
386 1361 542 1423 repertum,
568 1354 682 1424 planeta
705 1354 765 1410 sola
780 1353 814 1409 de
868 1352 936 1409 mali
952 1359 1078 1423 tempore
1100 1353 1169 1409 dum
1185 1353 1221 1409 ad
1236 1362 1349 1411 natura
1364 1354 1503 1425 requisita
1518 1362 1715 1427 consurgeret,

56 1438 178 1495 restibus
194 1439 251 1496 illic
276 1441 393 1497 residua
418 1444 562 1511 apparuit,
589 1456 678 1513 quam
704 1448 814 1498 constat
867 1441 957 1498 solitis
972 1441 1053 1498 indui
1070 1442 1212 1513 pigritans
1233 1443 1294 1499 sola
1311 1441 1427 1499 cuculla
1441 1446 1516 1498 dett
1528 1442 1715 1511 vestiebatur,

63 1539 131 1584 cnm
157 1527 221 1599 eius
247 1543 364 1599 corpore
389 1544 447 1586 non
473 1530 575 1597 tabuit,
598 1531 670 1602 quia
696 1544 815 1601 prorsus
867 1537 895 1587 et
924 1531 998 1587 inter
1026 1543 1122 1587 moras
1154 1529 1218 1586 illas
1246 1530 1352 1602 frigore
1382 1530 1527 1587 mortifero
1544 1530 1715 1602 angebatur.

66 1616 169 1686 patuit.
187 1617 223 1673 Et
235 1623 310 1674 certe
324 1618 349 1673 si
363 1617 426 1688 ojus
440 1632 546 1690 corpus
560 1617 666 1675 ibidem
680 1619 813 1690 putruis-
867 1617 925 1675 Nec
947 1617 1038 1674 multo
1061 1624 1124 1687 post
1147 1625 1344 1674 extremarum
1369 1617 1496 1687 corporis
1520 1617 1647 1686 partium
1670 1624 1718 1673 tu·

56 1703 121 1762 abes
144 1705 388 1776 utiquecasulam
412 1707 596 1777 corrupisset.
615 1706 754 1766 Videmus
769 1706 814 1763 bis
832 1683 853 1737 Β
868 1718 948 1762 more
973 1707 1131 1778 perductus
1157 1707 1193 1762 ad
1216 1713 1347 1774 mortem,
1374 1720 1478 1761 nomen
1504 1704 1599 1775 ipsum
1619 1705 1719 1761 mortis

56 1793 320 1865 tribusqnaeapud
336 1795 450 1852 beatum
464 1795 815 1867 Gregoriumreleruntur
869 1795 934 1867 plus
960 1796 1039 1867 justo
1060 1795 1178 1852 moleste
1201 1794 1318 1852 larebat.
1349 1795 1482 1865 Cumque
1513 1794 1716 1862 indesinenter,

75 1882 231 1939 noxiorum
256 1884 446 1940 cadaveribus
467 1883 516 1939 ilci
543 1883 654 1956 judicia
669 1882 813 1951 innovari,
868 1884 940 1944 hcul
955 1884 1008 1942 sibi
1028 1885 1083 1942 sub
1111 1885 1199 1942 tantis
1219 1884 1391 1942 moeroribus
1415 1883 1585 1952 clamitaret,
1609 1883 1644 1940 ad
1665 1898 1719 1940 ex·

55 1984 106 2041 per
118 1983 201 2026 sacra
215 1970 276 2028 loca
290 1979 401 2028 constat
416 1971 540 2028 indebite
558 1971 707 2028 tumulari.
868 1977 990 2031 tremam
1012 1972 1128 2030 devenit
1149 1972 1261 2029 boram.
1277 1972 1331 2040 Qui
1354 1980 1470 2044 sumpta
1495 1971 1716 2040 communione,

56 2059 130 2114 ciclis
145 2073 205 2129 gua
227 2061 312 2115 uitam
331 2060 407 2127 fade
429 2064 599 2128 transegerat
613 2076 660 2116 aaa
683 2062 816 2131 panitae·
867 2070 895 2119 et
919 2075 970 2133 per
997 2060 1047 2118 liei
1063 2061 1184 2133 gratiam
1212 2068 1330 2129 retenta,
1360 2068 1464 2117 caetera
1486 2061 1563 2117 enim
1585 2059 1718 2117 redibant

56 2151 111 2204 cort
124 2152 239 2203 mortem
260 2152 320 2203 or'sa
335 2154 375 2204 est
398 2152 528 2219 torquet
547 2179 577 2190 -
595 2151 627 2205 ln
642 2150 814 2206 monasterio
868 2150 905 2207 ad
919 2149 1071 2218 vomitum,
1087 2149 1221 2225 spiritum
1232 2149 1293 2220 jam
1306 2149 1456 2206 laborabat
1470 2149 1627 2205 absolvere.
1644 2148 1718 2204 inte-

56 2249 114 2292 tum
129 2236 247 2293 Cadomi
261 2238 426 2306 constituto,
443 2238 522 2309 quod
537 2252 553 2294 a
568 2238 697 2295 llatbildi
711 2238 815 2311 Angla
868 2253 918 2296 rea
942 2253 1010 2297 cum
1033 2239 1095 2296 ltaec
1122 2238 1216 2309 prima
1232 2238 1331 2295 lierent
1358 2238 1429 2294 lrora
1455 2238 1557 2304 noctis,
1578 2244 1607 2294 et
1621 2243 1718 2293 custos

64 2325 165 2396 regina
198 2333 398 2383 constructum
430 2334 481 2397 est,
512 2341 578 2398 qum
610 2326 754 2384 Gnillelmi
778 2342 815 2385 ex
867 2327 993 2386 ecclesie
1017 2327 1063 2384 vir
1092 2327 1185 2385 bonus
1209 2342 1269 2384 sese
1298 2327 1428 2384 cubitum
1452 2325 1626 2392 collocasset,
1653 2339 1717 2383 ecce

57 2425 231 2470 mannornm
258 2415 361 2471 comite
389 2416 464 2486 regis
485 2415 548 2486 (qui
569 2415 676 2487 anglos
702 2416 815 2473 eosdem
868 2416 949 2474 audit
975 2416 1005 2473 in
1020 2416 1190 2483 caemeterio,
1218 2416 1296 2487 quod
1323 2417 1494 2488 iuxtaerat.
1514 2416 1646 2483 lratrum,
1672 2414 1716 2471 in·

56 2501 130 2573 crat)
156 2516 230 2559 uror
253 2502 318 2564 init,
343 2505 485 2561 monacha
511 2505 645 2575 quaedam
667 2505 731 2572 luit,
749 2520 815 2576 quae
868 2504 1078 2563 numerabilem
1111 2504 1275 2562 daemonum
1317 2505 1509 2576 irequentiam
1545 2504 1715 2560 consedisse.

56 2590 170 2660 semeria
198 2592 347 2662 aliquibus
375 2592 456 2649 ioedis
490 2606 551 2649 sese
579 2600 735 2663 receperat,
764 2608 817 2652 nec
868 2593 923 2662 Qui
948 2608 1015 2661 cnm
1032 2594 1154 2651 liberum
1185 2593 1221 2650 ad
1244 2593 1306 2650 baec
1325 2593 1472 2650 sentienda
1498 2592 1615 2649 baberet
1630 2591 1716 2648 intel-

56 2692 143 2750 rnque
169 2680 281 2736 monitu
307 2680 344 2737 ad
367 2682 563 2738 conlltendum
587 2682 649 2755 cogi
672 2689 814 2752 potuerat.
869 2683 985 2752 lectum,
1016 2682 1143 2753 potentia
1168 2689 1263 2739 lamen
1291 2682 1417 2754 quadam
1446 2681 1590 2751 spirituali
1618 2679 1716 2750 depri-

71 2768 127 2825 snb
140 2782 175 2824 ea
197 2769 389 2827 obstinatione
412 2771 485 2826 mori
510 2779 581 2827 tuno
604 2771 815 2843 contigitque
868 2777 997 2827 meretur
1011 2771 1047 2826 ad
1061 2770 1170 2842 linguae
1184 2778 1212 2827 et
1227 2769 1353 2841 eorporis
1368 2775 1488 2837 motum,
1505 2768 1655 2825 introeunt
1672 2783 1717 2824 ec-

56 2862 108 2913 tter
121 2856 303 2914 moriendum
319 2858 388 2915 utile
403 2859 567 2930 quidquam
586 2859 669 2916 dixit.
683 2860 816 2934 Cumque
869 2858 995 2928 clesiam,
1019 2866 1047 2916 et
1062 2866 1128 2916 autc
1146 2859 1253 2915 lectum
1267 2859 1330 2931 ejus
1344 2865 1533 2926 transeuntes,
1557 2857 1631 2913 inter
1646 2857 1717 2912 clro-

55 2946 237 3002 xsomribus
249 2947 280 3002 in
295 2946 403 3002 cellula
418 2961 478 3018 qua
490 2947 539 3004 illa
555 2947 673 3016 obierat,
688 2949 815 3020 quadam
834 2961 936 3043 crum
953 2955 981 3005 et
1006 2948 1096 3005 altare
1119 2962 1179 3004 sese
1203 2948 1378 3019 proripiunt,
1403 2954 1431 3004 et
1454 2946 1491 3003 ad
1515 2946 1633 3004 domum
1658 2961 1718 3017 qua

68 3032 214 3102 dormiret,
243 3034 319 3090 ridet
335 3035 364 3090 in
380 3035 487 3091 somnis
509 3036 538 3091 in
563 3036 623 3106 ipso
637 3037 751 3094 camino
765 3037 815 3094 do·
869 3036 1059 3095 decumbebat
1082 3043 1208 3108 egrotus
1237 3036 1401 3092 intendunt.
1426 3035 1558 3106 Cumque
1586 3035 1643 3105 ille,
1666 3035 1718 3105 qui

56 3120 150 3178 simios
166 3123 247 3193 ignes
258 3122 386 3191 accendi,
403 3137 527 3194 eamque
541 3125 571 3180 in
586 3125 679 3182 medio
693 3126 815 3197 positam
868 3125 923 3182 ista
939 3126 1100 3183 mentaliter
1115 3125 1176 3183 iteri
1191 3125 1341 3194 sentiebat,
1366 3125 1458 3182 Deum
1474 3130 1505 3181 nt
1520 3123 1557 3181 ab
1572 3124 1606 3180 iis
1619 3123 1718 3180 salva-

56 3207 138 3265 mlnm
166 3211 351 3283 conllagrari,
376 3225 479 3269 verum
505 3227 523 3268 a
542 3212 655 3270 dnobus
680 3214 815 3286 malignis
869 3221 950 3271 retur
964 3215 994 3270 in
1016 3215 1120 3285 spiritu
1142 3220 1285 3283 exoraret,
1312 3228 1365 3270 nec
1380 3227 1468 3270 causa
1483 3213 1583 3268 mortis
1604 3219 1719 3268 tantum

56 3296 114 3353 bus
139 3297 206 3354 binc
228 3306 256 3354 ct
283 3298 348 3355 inde
371 3300 497 3356 duorum
521 3300 691 3357 malleorum
712 3301 816 3358 ictibus
868 3300 931 3374 cogi
945 3302 1104 3359 exercitum
1127 3302 1283 3374 ignoraret,
1307 3315 1375 3358 mox
1391 3308 1423 3358 ut
1442 3300 1478 3357 ad
1500 3300 1634 3358 cellulam
1650 3315 1718 3372 ago-

56 3385 143 3454 .Quae
166 3401 233 3444 cum
258 3395 352 3445 tantas
373 3389 483 3447 miserae
498 3389 577 3447 illius
600 3390 730 3447 mulieris
755 3398 816 3447 tor·
868 3389 968 3446 dicans
990 3389 1038 3464 [s.,
1055 3388 1245 3462 agonizantis]
1267 3387 1425 3460 attingunt,
1449 3389 1561 3458 iratres,
1576 3391 1627 3461 qni
1642 3390 1720 3446 circa

56 3477 239 3545 attenderet,
264 3478 390 3534 scintilla
404 3493 464 3536 una
482 3479 690 3536 considerantis
704 3480 734 3536 in
747 3493 817 3536 ocu·
868 3477 1037 3535 morientem
1061 3479 1186 3546 lucrant,
1204 3478 1239 3533 ad
1263 3478 1483 3534 convocandum
1502 3477 1625 3534 aliorum
1648 3491 1719 3534 cou-

56 3578 87 3620 ex
110 3565 295 3634 percussione
319 3567 414 3624 mallei
437 3567 500 3623 visa
521 3574 563 3623 est
581 3566 718 3624 evolasse.
735 3566 816 3625 liudo
868 3572 989 3622 ventum
1001 3565 1132 3623 tabulam
1148 3579 1184 3622 ex
1201 3579 1281 3622 more
1296 3567 1471 3636 percutiunt.
1487 3565 1548 3633 Quo
1561 3565 1631 3621 dum
1647 3579 1719 3621 con-

76 3652 203 3710 coctione
224 3653 375 3712 iusidentis
399 3655 517 3728 igniculi
540 3669 605 3711 eam
620 3654 738 3726 contigit
752 3654 816 3711 evi-
868 3653 994 3721 venitur,
1026 3653 1072 3710 ille
1105 3667 1157 3709 nec
1185 3666 1266 3709 mora
1300 3652 1464 3708 resolvitur.
1499 3652 1580 3718 Quod
1612 3652 1719 3709 idcirco

56 3755 80 3797 e.
105 3740 168 3808 Qua
192 3756 229 3799 ex
255 3756 286 3799 re
300 3742 408 3800 lactum
423 3752 466 3800 est
489 3750 532 3812 nt,
556 3743 634 3815 quod
656 3743 766 3800 viderat
784 3743 815 3800 in
869 3738 1028 3808 retulerim,
1044 3754 1101 3798 non
1116 3741 1193 3811 qnod
1216 3741 1245 3796 in
1261 3740 1419 3811 malignam
1437 3741 1513 3797 illam
1526 3748 1637 3812 partem
1651 3756 1718 3797 enm

56 3843 79 3897 a,
111 3836 259 3899 pateretur
286 3831 315 3887 in
342 3844 470 3901 corpore,
500 3837 528 3887 et
560 3831 674 3888 veritati
697 3830 817 3889 visionis
868 3831 984 3888 cessisse
1011 3828 1191 3898 crediderim,
1217 3829 1266 3886 sed
1291 3829 1483 3900 quodomues
1508 3844 1622 3887 mecum
1647 3845 1717 3902 peu-

70 3925 242 3990 congmeret
257 3918 453 3976 testimonium
466 3918 602 3976 lesionis.
868 3931 932 3974 sare
954 3932 1163 3986 commoneam,
1192 3918 1271 3991 quod
1297 3917 1429 3989 princeps
1451 3918 1554 3975 mundi
1582 3919 1661 3975 venit
1682 3919 1718 3975 ad

870 4006 976 4064 nilion
989 4007 1049 4077 Ilei,
1072 4008 1102 4064 in
1115 4021 1173 4079 quo
1187 4022 1246 4064 non
1260 4007 1385 4065 babebat
1400 4007 1571 4079 quidquam.
1588 4009 1624 4064 lit
1642 4009 1665 4065 si
1683 4008 1718 4065 ad

275 4059 391 4119 CAPUT
410 4060 502 4119 XXV·
869 4094 962 4163 illum,
984 4096 1021 4153 ad
1040 4110 1093 4153 nos
1116 4109 1206 4167 guam
1220 4097 1317 4167 potius
1342 4095 1373 4170 [l.
1390 4095 1588 4167 potiusquam
1604 4095 1717 4171 adnoe]

56 4183 138 4250 itoas,
152 4185 200 4253 pat
213 4198 360 4253 pauperem
372 4185 470 4239 darios
482 4186 636 4255 pepulerat,
653 4186 814 4252 castigatur.
868 4183 899 4240 in
913 4183 1023 4256 quibus
1043 4198 1116 4255 pene
1129 4191 1222 4242 totum
1242 4185 1338 4253 babet,
1361 4183 1531 4241 diabolicam
1547 4191 1658 4241 certum
1677 4188 1719 4239 est

56 4269 136 4326 ‚idam
164 4271 353 4328 Flaviacensis
368 4274 530 4330 nrouaclrus
546 4273 711 4331 otmundus
725 4286 814 4329 voca·
834 4288 855 4346 p
869 4272 977 4343 rapidis
992 4271 1143 4330 aliectibus
1157 4272 1310 4329 convenire
1325 4272 1509 4329 dementiam.

56 4359 130 4430 ,qui
152 4373 218 4416 cum
240 4360 471 4418 adbucclericus
491 4361 618 4433 plurima
642 4361 814 4418 monasterio
904 4362 1003 4417 ltalia
1030 4363 1135 4429 infanti
1158 4364 1309 4432 imprecata
1338 4361 1447 4417 diabolo
1474 4362 1657 4432 mancipatur.
1683 4390 1718 4399 —

56 4446 142 4514 iisset,
158 4447 194 4504 ad
209 4455 372 4505 extremum
393 4463 454 4506 sese
468 4448 598 4508 contulit.
615 4449 670 4517 Qui
683 4459 814 4520 suscepto
869 4448 1018 4506 liulierem
1032 4449 1102 4506 inibi
1116 4448 1185 4519 vidi,
1201 4464 1267 4521 quae
1283 4463 1350 4506 cum
1365 4464 1417 4507 suo
1430 4449 1552 4520 parvulo
1566 4448 1625 4504 illio
1640 4455 1718 4503 atro-

56 4536 142 4593 cbatu
155 4536 240 4607 coepti
255 4536 322 4593 boni
339 4537 489 4607 poenitens,
507 4552 583 4609 aegre
597 4537 721 4594 nimium
737 4537 814 4608 quod
869 4537 981 4594 cissime
1008 4538 1191 4606 irasceretur,
1225 4539 1300 4595 inter
1329 4538 1387 4595 alia
1416 4536 1579 4606 maledicta,
1611 4535 1719 4606 quibus

56 4631 81 4693 t,
97 4623 171 4681 tulit.
204 4624 257 4681 Sed
288 4639 387 4682 moxa
407 4627 464 4683 lieo
489 4626 656 4683 infirmitate
688 4625 816 4696 corporis
869 4626 1253 4698 innocentemjaculabatur,
1269 4626 1446 4684 inlautulum
1462 4624 1717 4696 baptismaetiam,

58 4719 141 4780 atus,
173 4714 281 4781 sensit,
314 4714 432 4785 egitque
458 4714 641 4784 postmodum
672 4713 815 4771 viciniora
868 4715 916 4772 cui
946 4715 1084 4772 intinctus
1111 4715 1215 4782 luerat,
1242 4730 1291 4772 ore
1321 4714 1429 4771 nelario
1455 4712 1615 4770 maledixit.
1648 4711 1719 4780 Quae

56 4841 62 4868 ,
97 4815 151 4857 nec
178 4815 294 4859 sacrum
318 4804 379 4873 jam
397 4801 528 4859 ordinem
556 4801 733 4871 necessitate,
766 4802 815 4859 sed
868 4802 1018 4860 ooniestim
1041 4812 1157 4874 arrepta
1170 4817 1188 4859 a
1202 4803 1344 4860 demonio
1365 4801 1501 4858 bacchari
1527 4801 1717 4868 insanissime,

65 4888 224 4946 voluntate.
243 4891 271 4946 ls
286 4891 329 4946 ira
344 4891 458 4947 mobilis
473 4904 540 4947 oum
553 4904 637 4961 aequo
649 4890 716 4960 plus
730 4897 813 4961 esset,
868 4898 896 4949 et
919 4891 1096 4950 detestabilia
1122 4892 1203 4963 loqui
1222 4898 1250 4948 et
1270 4904 1355 4962 agero
1371 4890 1466 4961 coepit.
1494 4889 1565 4958 Qua
1579 4889 1719 4959 perducta

56 4979 207 5036 eecclesiae
230 4979 355 5037 aedituus
382 4978 450 5051 (ill,
480 4978 691 5051 pauperculum
718 4978 815 5037 borni-
869 4979 906 5037 ad
919 4979 1078 5049 ecclesiam,
1101 4986 1129 5037 et
1143 4977 1283 5036 tratribus
1303 4978 1444 5047 exhibita,
1467 4992 1518 5049 per
1533 4977 1677 5034 orationes
1690 4983 1718 5033 et

59 5067 110 5138 qui
127 5080 187 5124 ase
201 5066 410 5138 eleemosynam
427 5068 591 5137 importune
603 5066 728 5138 petebat,
744 5067 816 5124 dure
868 5068 1063 5126 exorcismum
1088 5068 1185 5125 sensui
1209 5066 1330 5136 reddita,
1359 5080 1396 5123 ex
1425 5066 1580 5124 vexatione
1603 5064 1718 5123 edidicit

56 5169 121 5213 uam
144 5156 284 5213 debuerat
309 5156 346 5213 ab
360 5155 479 5213 ccclesia
503 5155 626 5226 expulit.
642 5155 704 5224 Quo
726 5157 815 5213 iuter·
869 5156 1019 5214 [lominica
1032 5172 1090 5215 non
1104 5155 1273 5214 maledicere
1286 5162 1477 5213 sacramenta.

56 5251 124 5312 acto,
140 5257 207 5302 cum
230 5252 312 5301 nocte
326 5246 457 5316 mouenti
474 5244 586 5317 vigilias
599 5244 816 5317 significaturus
904 5249 1095 5316 Eamgameoc
1107 5236 1234 5302 monachi
1245 5260 1346 5316 praem
1358 5259 1444 5299 mores
1458 5246 1573 5314 oppetit.
1590 5273 1625 5283 -
1637 5242 1719 5299 Puel-

56 5333 90 5390 tia
104 5333 260 5404 aperienda
283 5332 417 5404 prodiret,
433 5347 499 5391 occo
512 5332 653 5402 diabolus,
670 5333 700 5389 in
723 5333 816 5405 specie
869 5333 960 5392 lnlam
975 5334 1072 5391 itidem
1087 5333 1147 5391 vidi
1162 5346 1388 5405 energumenam
1409 5332 1446 5389 ad
1461 5331 1630 5390 memoriam
1647 5331 1719 5389 inibi

56 5421 93 5479 ris
115 5421 252 5494 pauperis
275 5436 362 5493 quem
389 5422 481 5493 pridie
508 5421 583 5479 male
605 5420 814 5492 eliminaverat,
869 5422 1015 5482 &temari
1044 5421 1216 5481 conlassoris
1240 5423 1405 5481 adductam.
1430 5421 1500 5492 ilua
1526 5434 1593 5479 cum
1617 5420 1721 5478 diebus

56 5522 59 5568 l
75 5507 132 5567 Seu
144 5510 299 5581 aditirnm
314 5511 401 5583 quasi
414 5511 490 5570 edes
503 5517 596 5570 tuens.
