3818 6008
100 227 150 283 eir
547 226 575 281 V.
595 225 764 283 ebiberint
784 228 932 284 ABBATIS
949 227 977 285 S.
997 228 1120 286 HARIAE
1139 229 1185 285 bE
1204 227 1402 288 uovlcbtire
1807 233 1859 289 ele
1902 200 1905 247 Ξ

100 362 196 420 nescio
209 362 234 420 si
243 361 351 433 aliquis
365 367 468 432 prator
483 374 576 417 unum
591 360 721 418 militem.
743 361 868 418 Thomas
893 374 945 419 au·
963 363 1156 436 desperavit.
1170 394 1206 408 -
1220 367 1380 436 Antequam
1394 372 1490 422 auum
1507 366 1543 422 ad
1554 367 1734 439 contigualia
1761 368 1860 425 devol-

102 459 158 508 tem
170 451 247 523 apud
258 450 387 506 llaruam
406 449 543 507 tuebatur
555 463 594 516 se,
611 451 672 520 qui,
688 449 762 506 lacta
785 450 952 520 pecuniaria
1004 466 1120 521 vamur,
1136 453 1276 524 quoniam
1290 461 1318 510 ct
1328 453 1362 510 de
1374 452 1543 511 suessorum
1558 454 1737 525 quibusdam
1753 456 1860 513 dicturi

102 538 296 609 redemptione
309 537 386 607 apud
411 550 507 608 regem
522 544 550 593 et
571 537 673 608 regios,
691 545 719 593 ει
732 547 813 608 pacto
827 539 953 595 ecclesiis
1005 554 1117 605 sumus,
1146 541 1295 597 sciendum
1316 549 1358 597 est
1384 543 1453 611 quia
1482 556 1570 612 super
1599 556 1702 598 omnes
1732 544 1860 600 Erauciaa

100 627 206 684 damno
234 626 312 696 quod
342 625 455 694 fecerat,
482 625 550 681 hinc
566 625 637 694 paci,
665 624 745 680 illinc
769 640 798 681 se
829 625 952 683 reddidit
1006 628 1168 697 provincias
1193 628 1400 685 Laudunenses
1426 628 1638 686 driostahiliora
1666 639 1771 701 agunt.
1789 631 1860 689 Nam

58 724 61 729 '
100 713 307 771 communioni.
324 714 366 769 lta
377 714 422 769 vir
437 713 565 769 omnium
581 713 803 783 superbissimus
826 713 952 784 iniquis·
1006 716 1056 786 qul
1085 717 1271 785 presbyteros,
1290 719 1468 786 episcopum,
1490 718 1727 775 archidiaconum
1750 721 1861 776 occide-

100 802 249 872 simusque
265 815 450 872 parmarum
466 802 691 871 pauperrimam,
711 814 799 871 quam
814 816 951 872 saepepu·
1006 813 1081 872 rant,
1114 806 1280 875 nuperrime
1314 816 1400 860 etiam
1434 805 1648 861 solertissimam
1684 806 1861 864 laminarum

100 890 194 947 nierat
208 904 357 961 quamque
373 896 530 960 spreverat,
550 889 668 959 punitus
682 896 732 945 est.
749 889 823 946 lllud
837 904 894 946 non
911 898 953 947 est
1007 893 1182 950 abbatissam
1220 893 1315 949 Saueti
1356 893 1484 959 ioannis,
1519 907 1621 964 genere
1657 893 1861 963 merissimam,

102 978 281 1035 reticendum
302 979 391 1049 quod,
426 991 493 1035 cum
521 991 573 1034 rex
601 978 776 1035 laudunum
802 993 870 1035 curn
899 993 953 1036 suo
1007 981 1136 1038 Ecclesia
1163 980 1377 1051 provectricem,
1414 981 1528 1038 uonrine
1552 982 1741 1039 ilainsendim
1766 989 1860 1050 tm,

102 1066 180 1123 hoste
207 1066 342 1135 venisset,
366 1066 440 1122 aeris
464 1065 597 1122 mollities
626 1066 826 1136 intempestiva
848 1075 954 1124 cuncta
1008 1069 1208 1125 laudunensis
1224 1069 1401 1140 indigenam,
1421 1083 1493 1125 suus
1514 1083 1615 1126 servus
1636 1071 1754 1139 occidit,
1774 1071 1862 1142 quod

104 1154 276 1212 reddiderat.
291 1154 373 1211 'lunc
400 1154 634 1224 archiepiscopus
648 1154 685 1211 ad
700 1169 747 1211 eos
763 1170 770 1209 :
787 1177 801 1204 α
821 1155 951 1225 (iremus,
1007 1171 1064 1229 que
1085 1170 1170 1227 passa
1190 1161 1232 1213 est
1252 1171 1304 1227 pro
1324 1156 1455 1213 Ecclesia
1480 1156 1534 1213 lide
1557 1157 1766 1215 consustinuit.
1790 1156 1861 1226 Quid

101 1243 151 1312 ait,
177 1243 280 1312 Βειιιιι,
297 1251 338 1310 ut,
362 1243 386 1298 si
404 1241 469 1299 vult
485 1242 545 1298 lieri
563 1242 641 1313 quod
670 1243 880 1313 proposuimus,
906 1246 953 1302 det
1007 1243 1084 1314 quod
1106 1243 1169 1313 ipsa
1182 1243 1302 1299 ecclesia
1326 1257 1384 1298 nou
1410 1243 1563 1299 vocabata
1588 1242 1778 1316 sacrilegiis?
1795 1243 1861 1308 Qua

101 1345 246 1389 serenum.
262 1353 273 1382 ι
291 1331 353 1399 Quo
367 1331 453 1397 dicto,
469 1344 518 1387 aer
531 1331 676 1401 extemplo
689 1331 818 1389 renituit.
1007 1338 1102 1388 tamer
1122 1331 1192 1400 quia
1207 1332 1307 1402 regina
1326 1331 1455 1388 omnium
1476 1346 1533 1388 non
1554 1332 1673 1403 reliquit
1695 1332 1803 1399 inulta,
1818 1332 1862 1389 di-

138 1417 471 1490 Godetridusepiscopaa
485 1417 764 1474 rediiacurthusio.
787 1422 853 1487 lieu,
883 1419 954 1476 obsi-
1006 1431 1064 1488 gne
1093 1418 1305 1488 prosequimur.
1328 1418 1370 1475 hb
1398 1417 1452 1485 his,
1469 1431 1543 1488 quos
1565 1417 1624 1489 (¹¹⁷)
1648 1419 1863 1475 matricularios

102 1506 186 1562 dione
199 1507 282 1575 sacto
295 1505 444 1572 Ambiani,
459 1505 709 1578 inexpugnabilem
724 1507 827 1562 ιιινιὺη
844 1509 955 1579 ceperi-
1007 1515 1121 1572 vocant,
1144 1506 1194 1576 qui
1210 1518 1294 1573 gazas
1321 1505 1446 1562 ecclesiae
1465 1506 1637 1563 familiarius
1659 1509 1860 1577 asservabant,

103 1599 159 1651 tur.
177 1625 208 1637 -
226 1597 318 1667 lgitur
341 1594 490 1651 [lominica
505 1593 670 1653 Palmarum
694 1609 855 1652 reversusa
882 1598 954 1653 car·
1008 1609 1077 1652 vasa
1091 1594 1240 1652 ministerii
1255 1608 1365 1664 crepere
1380 1594 1513 1661 subduci,
1530 1609 1595 1664 quae
1606 1601 1705 1650 tamen
1722 1595 1753 1650 in
1773 1596 1860 1667 magi·

104 1683 200 1740 thusia
225 1682 394 1740 Godeiridus
417 1681 578 1753 episcopus,
618 1684 701 1754 longe
723 1684 780 1740 alia
802 1698 891 1755 quam
914 1685 952 1740 ibi
972 1658 1082 1739 Batros
1101 1696 1203 1739 eorum
1229 1681 1473 1752 retorquebantur
1495 1679 1623 1736 clericos.
1654 1681 1750 1737 Erant
1782 1682 1861 1752 plane

103 1769 253 1836 didicerat,
280 1770 381 1839 incipit
408 1782 577 1840 propagare.
600 1771 704 1841 Regem
729 1784 798 1843 ergo
826 1772 952 1839 arcessit,
1008 1770 1083 1827 laici.
1110 1770 1176 1827 llaec
1208 1771 1300 1840 primo
1324 1783 1342 1826 a
1364 1769 1549 1840 quibusdam.
1582 1769 1717 1826 Secundo
1740 1770 1858 1841 quida·

102 1867 130 1916 et
158 1860 204 1915 die
226 1859 329 1915 celebri
355 1872 389 1914 ac
411 1859 537 1914 verendo
567 1858 661 1928 ipsum
683 1866 711 1915 et
735 1867 875 1916 astantem
901 1875 954 1932 po·
1007 1859 1136 1916 Eusebius
1153 1859 1241 1930 vulgo
1258 1858 1338 1915 urbis
1350 1859 1502 1924 oriundus,
1519 1858 1655 1914 immanis
1677 1866 1708 1915 et
1725 1860 1858 1927 rusticus,

103 1946 206 2018 pulum
239 1947 379 2002 adversus
415 1954 562 2002 turrenses
587 1961 718 2003 sermone
761 1948 868 2017 habito,
896 1962 954 2004 non
1007 1945 1084 2004 iufra
1104 1948 1165 2004 dies
1188 1947 1330 2004 dominici
1356 1946 1461 2002 natalis
1475 1955 1542 2002 aute
1564 1949 1734 2015 matutinos,
1753 1961 1858 2013 cruoes,

102 2034 162 2103 Ilei,
194 2035 243 2091 sed
284 2034 462 2091 catillinario
495 2034 610 2090 irritare
648 2035 779 2101 intendit,
811 2036 955 2106 spondens
1007 2034 1120 2102 calices,
1143 2048 1232 2091 aurea
1257 2049 1383 2106 quaque
1405 2034 1560 2105 subripuit.
1575 2035 1712 2105 Cumque
1742 2042 1806 2105 post
1817 2035 1861 2092 ali
1905 2056 1907 2061 ·

103 2122 465 2194 regnacmlorumhisqui
485 2122 792 2194 turrimexpugnaudo
808 2125 953 2194 perierint.
1008 2120 1086 2191 quod
1114 2128 1225 2190 tempus
1257 2122 1390 2192 praerepti
1418 2122 1483 2177 auri
1514 2122 1673 2178 mimulam
1694 2122 1860 2180 Suessonico

104 2211 243 2268 Postridie
262 2225 314 2282 pro
340 2224 425 2268 muro
443 2209 620 2268 desertionis
635 2213 686 2278 (sio
718 2213 796 2269 enim
823 2214 953 2284 vocatur)
1008 2207 1123 2264 cuidam
1141 2207 1291 2263 mercatori
1312 2221 1418 2264 venum
1441 2208 1561 2273 tulisset,
1592 2210 1748 2267 ctturtum
1777 2212 1859 2268 sacri-

104 2298 233 2371 ingentes
245 2298 387 2355 machinae
413 2299 611 2370 porriguntur,
627 2302 726 2370 eisquc
742 2300 845 2358 milites
868 2302 955 2371 impo-
1009 2296 1106 2367 legum
1122 2294 1200 2365 quod
1214 2295 1326 2363 iecerat,
1344 2295 1524 2366 prodidisset,
1540 2310 1575 2353 ac
1592 2308 1814 2356 sacramentum
1828 2302 1861 2355 ab

102 2394 225 2443 nuntur.
249 2386 407 2442 Turrenses
434 2392 500 2441 aute
528 2386 646 2441 cortinis
676 2400 736 2443 sese
761 2393 955 2457 protexerant,
1008 2398 1041 2440 eu
1065 2397 1101 2439 ne
1128 2397 1158 2439 se
1182 2384 1301 2453 prodere
1329 2384 1493 2454 accepisset,
1535 2385 1583 2442 ille
1612 2387 1729 2444 interim
1765 2387 1861 2445 damni

103 2488 217 2530 ncesse
239 2487 338 2530 eorum
364 2472 543 2543 proderetur.
564 2473 723 2543 Episcopus
741 2489 810 2530 vero
834 2476 956 2546 nudipes
1010 2471 1087 2528 illius
1104 2473 1232 2528 conscios
1250 2485 1300 2542 per
1319 2470 1488 2528 suessorum
1518 2474 1671 2543 parochias
1690 2489 1863 2532 excommu-

104 2563 141 2618 ad
156 2564 293 2619 Sanctum
307 2563 442 2618 hceotum
464 2575 522 2617 non
538 2568 608 2618 tunc
622 2576 673 2632 pro
689 2563 742 2618 hoc
755 2563 957 2621 exaudiendus
1009 2560 1099 2617 nicari
1125 2560 1247 2616 audivit.
1272 2559 1353 2624 Quod
1379 2559 1402 2616 is
1426 2559 1661 2618 animadvertens
1686 2563 1863 2620 laudunum

104 2650 225 2707 abierat.
248 2651 362 2706 interea
382 2657 529 2706 turrenses
552 2651 720 2720 permittunt
736 2666 783 2708 eos
808 2667 837 2708 se
866 2655 956 2709 muris
1010 2649 1097 2715 venit,
1117 2662 1177 2704 rem
1209 2648 1285 2704 ciero
1315 2648 1449 2719 prodidit.
1474 2648 1548 2713 Quid
1569 2651 1676 2720 pturar
1703 2660 1866 2709 conventus

105 2738 249 2811 ingerere,
286 2737 436 2794 machinas
464 2738 625 2794 admovere.
660 2738 772 2806 Quibus
803 2742 954 2812 applicitis,
1011 2736 1197 2809 illenegavit.
1222 2736 1331 2808 (¹¹¹)is,
1347 2746 1448 2793 eontra
1472 2738 1547 2794 datis
1572 2739 1708 2806 vadibus,
1727 2740 1805 2797 bello
1821 2739 1864 2813 Q,

105 2824 404 2895 Alerahnusquidam
424 2825 525 2881 talium
554 2826 754 2895 peritissimus,
783 2829 856 2885 duas
884 2844 957 2900 quas
1010 2824 1114 2893 duello]
1143 2840 1210 2881 eum
1239 2826 1424 2896 pugilaturus
1451 2827 1582 2896 impetiit.
1606 2828 1664 2884 Nec
1680 2828 1729 2886 ilie
1743 2829 1865 2887 distulit.
1905 2812 1907 2853 ²

104 2912 270 2971 instituerat
299 2913 459 2984 phalaricas
485 2913 613 2984 opponit,
652 2924 680 2971 et
707 2925 811 2988 quater
841 2917 957 2974 vicenas
975 2950 995 3007 C
1010 2914 1080 2970 Erat
1091 2921 1188 2970 autem
1212 2914 1368 2971 [lominica.
1385 2914 1498 2979 Quibus
1526 2915 1620 2972 clerici
1645 2931 1705 2987 prae
1729 2932 1865 2990 propera·

104 3001 743 3074 penemuileresadsaxaquarjmposuerat
763 3005 957 3076 intorquenda
1010 3003 1087 3058 tione
1110 3003 1278 3071 commissis,
1300 3002 1347 3059 ille
1371 3003 1422 3074 qui
1447 3002 1541 3060 iurem
1560 3005 1799 3075 compellaverat,
1824 3006 1864 3061 vi·
1905 3016 1907 3047 ι

105 3089 241 3160 disponit.
264 3090 367 3147 ldilites
383 3092 479 3147 autern
494 3090 600 3147 interni
615 3101 715 3148 contra
734 3100 868 3149 externos
887 3107 957 3164 pra-
1009 3097 1074 3146 ctus
1085 3090 1154 3146 ruit.
1171 3090 1201 3146 ln
1227 3104 1285 3160 quo
1307 3089 1365 3146 duo
1387 3097 1527 3158 constant,
1545 3098 1596 3147 aut
1611 3106 1679 3147 euru
1699 3094 1756 3164 qui
1773 3092 1864 3150 iurent

105 3177 145 3234 lia
158 3178 289 3236 cominus
302 3192 370 3234 ense
385 3178 557 3235 tractabant.
572 3178 705 3250 Cumque
732 3180 867 3236 Achilleis
894 3181 956 3237 ani·
1011 3178 1164 3249 pejerando
1179 3178 1350 3248 prodiderat,
1365 3179 1462 3235 minus
1476 3186 1551 3236 recte
1565 3179 1674 3247 iecisse,
1696 3189 1762 3249 aut,
1789 3181 1863 3252 quod

107 3266 161 3323 mis
186 3280 240 3323 sua
267 3266 487 3337 propugnacula
514 3265 705 3334 defensarent,
729 3268 872 3337 mulieres,
890 3269 959 3326 viris
1009 3265 1101 3321 multo
1112 3266 1211 3321 verius
1226 3272 1278 3333 est,
1297 3265 1389 3337 legem
1404 3264 1582 3337 illegitimam
1595 3268 1716 3323 omuino
1731 3268 1861 3325 subiisse

106 3353 332 3425 equiparanda,
349 3355 443 3411 missis
455 3368 492 3411 en
504 3362 644 3412 tormento
659 3355 804 3425 lapidibus
820 3364 958 3428 utrasque
1011 3349 1085 3407 Huic
1103 3351 1179 3407 enim
1200 3351 1255 3424 legi
1284 3360 1393 3409 certum
1415 3361 1458 3410 est
1484 3353 1598 3411 nullum
1625 3367 1772 3413 canonem
1798 3369 1861 3412 con·

106 3441 320 3513 confregerunt.
338 3443 373 3498 Et
384 3442 556 3499 fervescente
567 3445 647 3515 jactu
671 3443 833 3512 missilium,
854 3453 958 3515 quater
1010 3439 1132 3503 vonisse.
1497 3471 1503 3477 ·

105 3529 226 3597 vicenis,
254 3538 286 3585 ut
314 3529 437 3586 relatum
460 3538 513 3598 est,
544 3531 712 3600 vulneratis,
741 3532 827 3588 etiam
862 3547 957 3606 regem
1047 3527 1865 3604 Aliaoudociorcommittithtrto.-Victoriadenique
1905 3530 1907 3535 ’

104 3616 203 3689 iaculo
223 3617 254 3673 in
280 3625 394 3687 pectore
418 3618 538 3676 loricato
565 3619 711 3675 leserunt.
737 3621 776 3677 tle
794 3620 838 3676 bis
861 3630 957 3678 autem
1010 3617 1144 3674 ansellus
1159 3617 1248 3674 tutior
1261 3618 1297 3674 ad
1311 3618 1429 3675 tertium
1440 3621 1572 3689 prorupit
1583 3619 1783 3692 sacrilegium.
1796 3621 1865 3680 han

108 3705 159 3777 qui
174 3706 292 3777 spiculis
307 3707 502 3777 suoqtrajmti,
519 3715 623 3777 preter
637 3722 729 3764 unum
745 3708 844 3765 nuilus
856 3709 956 3766 evasit.
1011 3703 1149 3761 inerrabili
1167 3713 1328 3762 commento
1342 3706 1577 3779 gazophylacium
1600 3705 1748 3778 prorupit,
1773 3719 1803 3766 et
1822 3724 1866 3766 co

109 3794 168 3850 lloc
181 3793 305 3865 episcopi
321 3808 410 3865 nepos
422 3795 587 3852 liuthardus
597 3796 719 3853 clericus
733 3797 841 3854 retulit.
1010 3792 1120 3863 piosins
1133 3805 1238 3849 aurum
1254 3807 1440 3865 gemmasque
1465 3793 1540 3851 tulit
1558 3794 1673 3860 Quibus
1688 3797 1785 3866 tultis,
1798 3797 1866 3854 otio

142 3884 178 3938 tlt
208 3880 310 3938 mdites
326 3882 377 3952 qui
405 3884 440 3939 de
463 3885 604 3940 machinis
631 3885 804 3955 pendebant,
829 3886 912 3943 obrui
928 3900 959 3943 se
1011 3881 1094 3937 brato
1118 3880 1179 3951 jam
1205 3879 1263 3953 (¹¹⁹)
1287 3883 1362 3938 sacri
1391 3883 1483 3939 laticis
1498 3883 1619 3954 judicio,
1646 3885 1676 3940 iu
1699 3884 1782 3943 hunc
1802 3899 1865 3942 oum

108 3970 249 4036 videntes,
272 3970 371 4040 iugam
392 3971 507 4038 ineunt;
533 3987 585 4029 uec
611 3986 691 4028 mora
718 3973 824 4030 ceteri.
847 3974 959 4038 Quibus
1011 3965 1076 4022 aliis
1105 3966 1311 4024 matriculariis
1340 3968 1462 4040 injectus
1490 3979 1541 4037 est,
1562 3983 1713 4041 superque
1742 3973 1865 4029 natando

107 4057 316 4128 aliquantisper
341 4058 453 4126 amotis,
486 4066 631 4116 turrenses
659 4061 822 4130 prosiliunt,
851 4061 959 4118 machi·
1011 4055 1170 4128 convicini,
1187 4069 1253 4112 oum
1268 4070 1328 4126 (111⁰
1341 4065 1370 4113 et
1392 4056 1441 4114 olii
1457 4058 1542 4129 orioli
1560 4058 1660 4115 domni
1675 4061 1861 4132 cognitores:

109 4158 163 4201 uas
176 4145 343 4214 concidunt,
364 4147 571 4219 materiemque
594 4148 631 4204 ad
645 4162 675 4204 se
698 4149 874 4217 convehunt,
892 4164 958 4206 cum
1013 4156 1138 4213 quorum
1158 4143 1205 4199 alii
1224 4143 1312 4201 iureis
1328 4145 1419 4210 allati,
1440 4146 1504 4202 aliis
1517 4160 1585 4202 vero
1598 4160 1732 4216 parsum.
1752 4150 1780 4206 is
1788 4149 1864 4220 pari·

108 4246 158 4289 eos
170 4245 187 4287 a
201 4229 285 4303 longo
307 4234 492 4304 conspiceret,
518 4250 572 4293 uec
599 4235 718 4307 aggredi
743 4236 883 4295 auderent
903 4238 1058 4301 inianter
1081 4237 1191 4287 tractus
1204 4232 1364 4302 spondetse
1387 4234 1545 4299 dicturum,
1561 4234 1700 4292 dimissus
1714 4237 1861 4294 diiiltatur.

110 4333 182 4389 pene
197 4318 298 4389 millia,
315 4320 366 4391 qul
390 4322 472 4392 prius
499 4329 714 4393 oppugnarunt.
739 4322 847 4380 Videus
871 4324 961 4396 igitur
1014 4319 1143 4376 ὃειιιιιιιο
1157 4328 1282 4387 ,evectus
1296 4320 1326 4376 iu
1354 4320 1476 4390 iuream,
1505 4323 1701 4392 prodererem
1729 4340 1759 4382 se
1775 4327 1861 4398 jurat

111 4423 163 4466 rex
197 4409 452 4481 inexpugnabilem
478 4411 572 4468 locum
595 4411 688 4478 cessit,
704 4411 828 4468 obsideri
853 4412 960 4483 jubens
1014 4409 1161 4465 Romiosuo
1186 4408 1226 4464 oli
1240 4423 1247 4463 ῑ
1263 4407 1330 4465 Sino
1346 4410 1464 4480 premio
1486 4410 1557 4467 nihil
1582 4409 1699 4467 iaciam-
1716 4413 1860 4484 Appende

109 4510 177 4554 cum
190 4496 265 4554 lame
279 4497 367 4554 coacti
382 4511 412 4554 se
426 4497 588 4555 redderent.
609 4499 673 4555 liuc
686 4512 779 4570 usque
797 4508 960 4570 perseverat
1015 4494 1061 4559 ris,
1076 4494 1224 4566 inquiunt.
1249 4497 1283 4552 Et
1306 4511 1357 4553 vos
1372 4497 1443 4554 nihil
1467 4496 1619 4565 habebitis,
1645 4497 1695 4554 ait.
1713 4499 1794 4556 luter
1808 4500 1862 4555 hee

109 4584 228 4655 obsidio,
243 4584 335 4642 etdici
360 4599 418 4641 non
432 4590 524 4655 potest
538 4591 608 4656 quot
626 4585 661 4642 de
677 4585 870 4658 burgensibus
892 4588 960 4644 solis
1012 4582 1161 4641 Nicolaum
1176 4585 1364 4642 castellanum
1392 4585 1552 4643 Guinimari
1576 4585 1679 4656 illium,
1702 4588 1862 4645 adolescen-

110 4673 238 4744 quotidie
253 4687 326 4744 pene
347 4673 511 4744 depereant.
536 4672 626 4729 hdam
648 4687 716 4731 vero
739 4681 823 4731 extra
852 4675 960 4744 positus
1013 4677 1070 4729 tem
1100 4672 1304 4740 clarissimum,
1339 4674 1460 4730 induitis
1488 4673 1678 4746 jaculabatur
1716 4675 1859 4738 conviciis.

109 4761 263 4831 suburbia,
277 4767 305 4817 et
314 4760 522 4833 ingelrannum
533 4762 837 4832 atquevioedominum
852 4763 959 4820 crebris
1013 4760 1099 4831 cujus
1113 4761 1249 4818 manibus
1271 4762 1332 4818 baeu
1351 4762 1467 4819 dobant.
1484 4761 1653 4819 consulitur
1672 4765 1826 4834 episcopus
1837 4771 1861 4818 et

110 4848 316 4907 hostilitatibus
344 4855 436 4920 urget.
467 4847 547 4905 Unde
564 4848 651 4906 etiam
680 4851 704 4906 si
719 4851 833 4906 vexatio
856 4851 961 4908 intelle·
1012 4849 1149 4920 magister
1170 4849 1304 4906 Ansellus
1329 4850 1400 4920 quid
1428 4849 1502 4907 lacto
1525 4859 1663 4920 oporteat.
1687 4852 1798 4923 ,llelius
1813 4858 1859 4915 est,

110 4945 188 4996 ctum
213 4937 296 4993 daret
319 4934 442 5004 auditui,
459 4934 534 4992 scire
548 4945 662 5007 possent
675 4938 756 5009 quia,
769 4939 822 4995 etsi
836 4938 960 4995 Thomas
1013 4938 1106 5010 aiunt,
1124 4944 1156 4993 ut
1172 4937 1464 5008 pecuniaaibidetur,
1485 4952 1575 5011 quam
1598 4945 1680 4996 tanta
1695 4942 1860 5013 antiquas

109 5024 336 5091 succubuitnon
350 5037 449 5080 omnes
464 5031 559 5082 tamen
579 5039 674 5083 causae
692 5033 760 5083 suut
784 5039 879 5097 pares,
906 5040 960 5083 nee
1014 5026 1080 5083 titas
1095 5023 1253 5081 amittatur.
1267 5025 1345 5082 Paeti
1370 5039 1439 5098 ergo
1457 5026 1483 5084 ei
1500 5034 1570 5084 suut
1584 5027 1767 5099 quingentos
1780 5029 1860 5086 termo

111 5115 160 5172 liei
178 5126 265 5185 penos
288 5126 388 5169 omnes
410 5126 495 5183 equa
518 5114 640 5185 judicia,
658 5122 689 5171 ιιι
712 5115 750 5172 sit
767 5115 899 5186 episcopo
922 5114 959 5173 ad
1013 5112 1126 5170 solidos.
1140 5112 1253 5177 Quibus
1265 5113 1387 5185 sponsis,
1404 5114 1529 5171 muitum
1552 5115 1631 5186 quod
1655 5114 1687 5172 in
1717 5117 1859 5174 vineasua

110 5215 193 5259 neces
208 5199 324 5256 licentia
338 5201 524 5271 provocandi.
1013 5201 1180 5259 condiderat
1205 5203 1329 5260 restituit
1353 5216 1470 5260 aurum.
1498 5203 1646 5260 Pollicitus
1671 5217 1743 5262 vero
1776 5219 1806 5262 se
1829 5204 1859 5260 do

434 5288 550 5347 CAPUT
569 5289 631 5346 XV.
1013 5291 1107 5361 patria
1128 5304 1309 5348 recessurum
1337 5291 1442 5359 iuerat,
1461 5291 1549 5347 trium
1573 5299 1672 5348 autem
1703 5293 1729 5350 el
1754 5293 1857 5351 dierum

145 5375 332 5433 &aemam
344 5375 865 5450 mtmesamperimirseramipsim.
878 5379 959 5435 Vuae
1013 5384 1205 5436 commeatum
1232 5384 1383 5450 episcopus
1403 5380 1604 5450 spoponderat.
1634 5380 1667 5437 iu
1697 5395 1759 5452 quo
1777 5380 1857 5452 spatio

107 5461 349 5535 aoerambripait
358 5463 650 5538 Aaaelmueqoidum.
664 5464 766 5522 Daeiio
779 5467 958 5523 mammeam
1012 5479 1079 5524 cum
1089 5462 1163 5521 elabi
1179 5465 1253 5522 clam
1270 5467 1363 5534 vellet,
1382 5473 1411 5523 et
1429 5465 1580 5524 universos
1602 5467 1686 5526 urbis
1700 5467 1792 5542 ipsius
1805 5479 1857 5541 pro
