3818 6008
527 271 574 326 uti
593 269 675 325 vlla
694 270 761 326 Stia
779 269 873 326 libat
893 270 1029 327 Talis·
1042 271 1107 327 ltu.
1127 271 1177 328 lll.
1675 279 1726 332 tas

53 415 83 459 ir
97 410 124 459 et
152 399 210 457 alia
233 400 289 457 sub
316 399 414 456 mrtem
431 407 557 471 tempore
573 407 661 471 atque
676 413 748 471 pago
764 412 825 470 per·
843 403 866 456 Α
916 400 1033 456 Feretro
1045 404 1073 455 et
1084 403 1251 455 sanctorum
1265 399 1394 473 reliquia
1403 400 1661 472 circumferamur,
1671 420 1726 476 quc

53 499 96 548 ia.
879 489 1728 561 nautiaranicurropclapecuniaudeccleaa'crareriuurca-

54 574 736 649 aragiapresclaecclumitctespraenuntiantia,
747 576 825 631 Puer
877 576 956 633 dum.
973 609 1008 619 -
1022 580 1135 636 Interea
1146 578 1307 635 meandum
1321 578 1404 634 illum
1419 579 1655 650 qualemcunque
1670 596 1727 637 mo

53 665 824 737 aas.-apparucreetvisionesmalumquodpraetuli-
878 680 938 722 rem
958 667 995 724 ad
1018 667 1213 738 corrogandas
1232 667 1369 737 pecunias
1395 675 1544 737 coeperunt
1571 667 1674 726 leretra
1699 678 1727 726 et

54 762 256 827 praesagantes.
269 754 545 812 Visumestcuidam
557 755 823 824 stiperLaudunum
879 764 1044 812 sanctornm
1066 757 1197 827 reliquiae
1219 756 1408 812 circumferri.
1426 756 1506 812 Unde
1517 756 1623 813 lactum
1637 765 1680 815 est
1696 767 1728 817 ut

54 859 107 901 rem
123 843 257 900 cecidisse
265 842 479 914 globum,quod
489 843 632 914 significat
641 844 823 914 repentinum
881 842 946 912 pius
957 844 1003 900 ille
1025 844 1143 912 arbiter,
1159 845 1209 914 qui
1226 858 1300 916 quus
1315 844 1383 900 binc
1397 845 1516 914 corripit
1540 844 1619 900 illinc
1647 846 1728 902 mise-

54 947 131 990 trum
147 930 374 989 urbideiectum.
391 932 512 988 Cuidam
534 946 703 1003 quoqueex
719 932 825 989 nostris
880 931 1029 989 ricorditer
1056 933 1231 1000 consolatur,
1273 934 1366 990 multa
1392 946 1452 1004 qua
1480 932 1561 989 ibant
1588 933 1727 991 miracula

54 1028 133 1079 uest
156 1029 222 1078 ante
248 1035 344 1093 genua
368 1020 501 1078 crucifixi
530 1020 560 1077 in
585 1021 704 1078 ecclesia
731 1021 824 1079 Βιιιιι
878 1019 1035 1077 exhiberet.
1063 1021 1133 1077 Erat
1164 1029 1260 1077 antem
1296 1020 1483 1092 nraguillcum
1515 1020 1726 1092 phylacterium

54 1117 143 1167 atres
156 1110 287 1182 ingentes
298 1110 424 1166 scriatim
453 1108 548 1166 trabes
560 1109 714 1179 oppositas.
732 1109 824 1166 Locus
878 1107 1028 1177 quiddam,
1042 1109 1119 1179 quod
1137 1108 1283 1166 terebatur
1297 1123 1363 1165 cum
1391 1108 1490 1180 aliqua
1502 1109 1658 1180 cujuslibet
1673 1125 1728 1168 nte·
1757 1182 1759 1191 Ι

54 1212 74 1254 ιι
102 1197 131 1253 in
156 1211 214 1268 quo
238 1196 384 1253 Gerardus
416 1197 522 1254 interiit
547 1211 650 1255 cruore
673 1197 825 1254 videbatur
879 1195 1248 1266 moriaetbeca,inqucde
1271 1196 1390 1252 camisia
1419 1197 1519 1254 matris
1548 1198 1677 1271 Virginis
1699 1206 1728 1257 et

54 1301 103 1343 us.
118 1286 282 1344 Crucifixus
297 1285 512 1342 eminentiorem
530 1286 656 1343 ecclesie
671 1300 823 1357 personam
878 1283 913 1340 de
934 1284 1055 1355 spongia
1068 1284 1109 1340 uri
1135 1282 1292 1341 Salvatoris
1314 1284 1402 1352 illata,
1415 1294 1444 1342 et
1467 1286 1502 1343 de
1525 1301 1611 1355 crqee
1626 1287 1726 1358 ipsius,

56 1374 165 1437 licavit,
191 1380 267 1430 tm
296 1374 343 1430 cui
379 1388 445 1430 vere
477 1381 559 1430 terna
586 1374 680 1431 trabes
704 1374 823 1439 obstitit,
878 1371 900 1428 si
912 1372 947 1428 de
961 1371 1073 1444 capillis
1091 1372 1219 1443 ejusdem
1247 1373 1375 1429 Dominae
1390 1381 1494 1430 nostra
1517 1375 1621 1445 nescio,
1636 1377 1729 1434 conti·

61 1478 170 1535 partus
184 1462 326 1527 introitus,
341 1469 368 1518 et
383 1471 531 1532 peccatum
547 1463 624 1532 quod
641 1463 669 1518 in
684 1461 821 1532 Gerardo,
880 1468 975 1517 uetur.
994 1461 1043 1516 list
1058 1469 1154 1517 autem
1177 1474 1212 1516 ex
1237 1474 1309 1516 auro
1336 1468 1364 1516 et
1394 1460 1547 1532 lapidibus,
1572 1471 1600 1520 et
1627 1479 1728 1523 versus

54 1550 229 1608 dultimum
253 1549 283 1605 iu
307 1549 388 1620 plebe
420 1551 609 1611 commiserat,
643 1550 745 1622 ingens
772 1550 822 1607 lini
878 1561 951 1604 auro
966 1549 1101 1619 insculpti
1116 1548 1250 1619 mysteria
1266 1549 1378 1605 interna
1393 1557 1552 1606 cantantes.
1573 1551 1605 1607 ln
1618 1566 1726 1624 pagum

55 1639 254 1697 offendiculum
276 1638 407 1708 praebuit.
425 1639 516 1694 Locus
529 1637 575 1694 ille
590 1640 618 1693 in
633 1652 693 1709 quo
715 1638 824 1695 obierat
879 1637 977 1708 itaque
991 1636 1168 1693 Turonicum
1183 1637 1311 1693 secunda
1321 1651 1375 1693 sua
1388 1638 1560 1708 proiectione
1571 1640 1726 1710 venientes,

55 1729 119 1785 uine
149 1726 308 1798 tegebatur,
346 1725 416 1782 dom
459 1733 620 1796 perpetrata
660 1725 825 1798 malignitas
844 1696 1031 1795 Bcuiusdam
1060 1724 1202 1795 praedonis
1227 1725 1519 1797 municipium,quod
1538 1727 1729 1787 Busensiaous

55 1814 252 1887 ‚plenitudine
263 1814 441 1870 abolebatur.
463 1813 666 1870 Audiebantur
688 1821 826 1884 praeterea
879 1812 986 1869 dicitur
998 1808 1100 1885 [vulgo
1127 1812 1307 1885 Bazeacuirl,
1334 1813 1503 1885 attigerunt,
1519 1822 1546 1871 et
1568 1830 1728 1875 sermonem
1777 1841 1787 1862 ·

62 1903 241 1962 amonacbis
257 1902 351 1959 Sancti
366 1901 510 1958 vincentii
533 1902 631 1970 didici,
656 1909 683 1959 ιι
711 1902 825 1959 tumul·
879 1900 914 1957 de
936 1900 1099 1957 calamitate
1120 1901 1324 1958 ecclesiasque
1347 1901 1421 1957 inter
1445 1901 1501 1958 alia
1524 1903 1561 1959 ad
1588 1903 1727 1974 pupulum

54 1992 175 2064 quidam,
196 1991 411 2062 utputabatur,
433 1990 628 2063 malignorum
656 1991 823 2061 spirituum,
880 1989 1055 2045 babuerunt.
1093 1987 1225 2059 Cumque
1251 1989 1465 2059 praesensissent
1504 1989 1597 2046 clerici
1623 1992 1725 2060 nostri,

55 2079 128 2138 ecies
153 2078 353 2135 incendiorum
381 2077 409 2134 iu
425 2092 491 2135 acre
519 2079 669 2135 nocturnis
688 2079 766 2135 boris
795 2078 825 2135 iu
879 2076 957 2147 quod
970 2075 1116 2142 dominus,
1131 2083 1161 2131 ct
1176 2076 1314 2147 oppidani
1331 2076 1396 2147 ejus
1408 2077 1499 2134 malos
1512 2079 1625 2135 animos
1643 2093 1728 2152 gere-

55 2167 167 2225 .Natus
181 2173 223 2222 est
237 2167 323 2222 etiam
340 2173 406 2222 ante
431 2165 541 2236 aliquot
565 2165 626 2222 dies
640 2179 711 2236 puer
732 2165 826 2236 genti·
879 2172 944 2221 rent
971 2164 1007 2221 ad
1037 2164 1170 2232 verbum,
1198 2172 1225 2220 et
1253 2173 1393 2222 exeuntes
1415 2165 1449 2221 de
1468 2166 1583 2224 castello
1605 2167 1727 2237 diripere

55 2257 128 2314 tlune
140 2254 273 2325 superius
284 2254 460 2322 ibidem,du0
475 2253 704 2311 scilicetbabens
718 2255 823 2325 capita,
878 2252 1065 2319 destinarent,
1083 2252 1110 2308 in
1125 2259 1205 2309 arcto
1222 2250 1276 2325 [cel
1294 2251 1361 2323 alto]
1386 2253 1495 2324 positus
1516 2255 1539 2310 is
1565 2255 1617 2326 qui
1632 2255 1726 2329 decla-

55 2359 144 2417 usque
156 2344 192 2400 ad
212 2357 294 2400 renes
318 2357 384 2400 cum
408 2342 468 2399 suis
492 2341 618 2399 brachiis
631 2342 740 2400 babens
761 2355 824 2399 cor·
878 2342 978 2398 mandi
994 2340 1261 2410 babebatollicium‚
1275 2340 1340 2398 licet
1355 2342 1441 2399 iidem
1455 2357 1554 2399 eorum
1567 2358 1633 2415 quae
1645 2359 1728 2415 spon·

55 2432 186 2504 nuptm
207 2445 276 2503 ergo
294 2430 437 2502 superius,
457 2430 577 2487 interius
601 2429 722 2501 simplex
754 2438 825 2487 erat.
879 2428 964 2486 debat
992 2443 1049 2485 non
1075 2428 1204 2496 baberet,
1230 2435 1326 2484 tamen
1352 2430 1458 2485 astanti
1485 2429 1600 2502 populo,
1620 2431 1660 2489 ait
1675 2447 1681 2488 :
1698 2431 1727 2488 Si

55 2522 143 2579 iratus
156 2521 253 2591 itaque
261 2518 356 2576 triduo
366 2534 484 2591 quoque
495 2518 577 2576 vixit.
596 2519 686 2576 llulta
700 2519 826 2590 denique
878 2526 921 2574 est
936 2516 1052 2573 animus
1066 2517 1201 2573 inlirmus
1214 2516 1243 2572 in
1258 2516 1350 2582 vobis,
1367 2517 1482 2575 accedat
1495 2518 1531 2574 ad
1555 2533 1651 2577 sacras
1664 2521 1728 2578 reli·

56 2624 79 2668 ta
92 2618 171 2676 suut,
186 2617 214 2666 et
228 2608 374 2680 contigere
389 2615 530 2678 portenta,
542 2608 694 2680 dequibus
708 2607 825 2665 minime
879 2605 975 2677 qulas,
986 2613 1019 2662 -et
1034 2605 1145 2662 haustis
1160 2604 1303 2673 laticibus,
1320 2619 1393 2676 quos
1416 2604 1545 2676 reliquie
1567 2608 1726 2681 attigerint,

56 2699 190 2771 gebatur,
202 2697 274 2768 quin
290 2695 479 2768 praecinerent
495 2695 605 2754 malum
629 2695 701 2753 illud
727 2695 825 2752 maxi·
879 2693 1004 2764 prolecto
1022 2692 1184 2750 sanabitur.

55 2787 149 2859 equod
159 2785 345 2858 sequebatur.
915 2780 1095 2838 miraculum
1122 2785 1147 2837 i.
1164 2783 1259 2837 baiae
1275 2797 1347 2854 puer
1366 2785 1395 2837 ei
1418 2781 1523 2838 surdae
1545 2787 1676 2843 ematur,
1692 2817 1727 2830 -

879 2869 1055 2927 Tunclmtus
1081 2869 1365 2941 commeatusque
1393 2878 1561 2939 castrenses,
1586 2873 1657 2930 dum
1678 2889 1727 2933 eos

301 2925 417 2983 CAPUT
436 2925 501 2983 ΧΠ·
843 2958 1023 3024 castimant
1050 2973 1087 3016 ex
1110 2973 1163 3015 suo
1192 2960 1319 3029 ipsorum
1345 2958 1433 3016 verbo
1462 2972 1513 3029 pro
1538 2961 1727 3021 mendacibus

56 3072 124 3114 mua
144 3054 234 3113 samii
249 3057 324 3112 uec
343 3052 459 3108 decere
473 3051 605 3107 Gercreli.
620 3081 655 3094 -
669 3053 825 3124 Postquam
878 3046 1040 3118 capiundos,
1068 3045 1194 3103 oiierunt
1220 3046 1246 3102 ei
1265 3060 1388 3116 puerum
1417 3054 1531 3105 mulum
1552 3057 1581 3105 et
1602 3050 1726 3110 surdum

56 3161 72 3205 ο
87 3144 293 3216 aliquantisper
311 3141 428 3199 turbiue
447 3140 573 3198 Ecclesia
587 3141 672 3211 coepit
692 3141 825 3212 pedeten-
879 3147 971 3192 annus
983 3142 1084 3191 uatum
1095 3133 1209 3191 circiter
1225 3133 1339 3206 viginti.
1351 3134 1414 3191 Dici
1429 3149 1487 3191 uon
1502 3143 1593 3206 potest
1612 3138 1649 3196 ab
1674 3139 1725 3196 ali·

58 3233 228 3293 clericorum
254 3230 411 3288 restaurari
439 3230 542 3287 studio.
570 3229 710 3297 Quoniam
736 3229 826 3301 igitur
879 3236 938 3293 quo
953 3223 1010 3281 sub
1024 3221 1271 3295 quantopericuln
1286 3229 1314 3278 et
1328 3236 1435 3294 angore
1461 3224 1640 3282 tuncclerici
1661 3241 1728 3284 cou-

56 3322 212 3393 aille,quo
225 3319 369 3376 Gerardus
387 3316 636 3391 lmppteadarunl
650 3317 824 3375 leaccerbc:
879 3311 1025 3370 stiterunt.
1047 3315 1083 3366 llt
1109 3325 1177 3366 cum
1198 3310 1262 3368 altis
1286 3324 1469 3367 communem
1484 3312 1635 3370 bomiuam
1659 3329 1727 3373 cum

58 3409 149 3467 lectus
166 3407 219 3482 est]
246 3415 364 3479 propter
392 3408 450 3462 vim
467 3407 590 3464 incendii
605 3407 828 3465 emtarisdebiii-
878 3412 931 3455 suo
946 3398 1031 3455 unico
1045 3400 1112 3454 lesu
1141 3398 1261 3454 ιιιιιιιιιο
1288 3405 1441 3454 exorantes
1467 3399 1609 3470 suspiriis,
1638 3403 1728 3473 epotis

56 3496 241 3563 rvidebatur,
257 3508 344 3551 arcus
366 3493 505 3564 quosdam
529 3494 603 3549 inter
621 3493 716 3564 ipsum
733 3491 826 3563 parie·
879 3485 968 3541 sacris
985 3485 1071 3556 aquis
1098 3484 1294 3555 interrogatur
1321 3498 1338 3540 a
1364 3485 1522 3554 trepidante
1549 3488 1725 3559 presbytero,

65 3585 203 3651 medium,
228 3584 279 3654 qui
309 3582 439 3639 exustior
463 3580 568 3650 luerat,
599 3589 627 3637 et
654 3581 826 3638 exteriorem
879 3571 1277 3643 uescioquudverbum.Cui
1294 3573 1341 3629 ille
1356 3586 1424 3629 mox
1448 3571 1578 3631 absolute
1605 3589 1664 3631 uon
1690 3576 1726 3632 ad

57 3672 254 3730 nimmodicis
284 3671 450 3741 sumptibus
479 3676 662 3741 peregerunt.
695 3669 826 3740 Cumque
879 3661 969 3718 verba
992 3661 1170 3733 interrogata
1189 3660 1344 3732 respondit,
1370 3660 1418 3716 sed
1447 3661 1545 3718 eadem
1571 3676 1638 3733 quae
1662 3677 1726 3734 pre·

57 3775 108 3819 ,am
137 3768 217 3817 nocte
242 3759 338 3832 iragor
357 3759 459 3830 ingens
474 3758 670 3828 increpuisset,
704 3758 827 3814 tonitrus
879 3748 976 3818 sbyter
988 3747 1078 3804 verba
1091 3747 1174 3804 dixit.
1189 3748 1242 3812 Qui
1252 3747 1330 3803 enim
1344 3762 1497 3818 nunquam
1508 3750 1640 3806 audierat
1655 3751 1727 3821 quid

57 3848 110 3906 tlsu
124 3846 253 3905 lulmlnis
266 3847 305 3904 ita
316 3859 473 3902 concussus
488 3851 542 3914 est,
564 3851 597 3900 ut
610 3843 704 3916 juncti
725 3843 826 3914 parieti
879 3835 994 3902 diceret,
1008 3834 1063 3892 nisi
1078 3834 1157 3907 quod
1170 3834 1330 3903 dicebatur,
1348 3836 1508 3907 ignorabat.
1525 3837 1598 3905 Quid
1626 3839 1725 3894 immo·

57 3946 186 3996 serentur
199 3949 295 4004 arcus,
324 3942 352 3991 et
367 3934 461 4005 paries
483 3934 513 3989 in
528 3941 636 4002 partem
659 3933 829 3990 redderetur
879 3925 949 3982 rar?
964 3926 997 3980 ln
1013 3936 1139 3994 paudere
1158 3922 1263 3994 OllidO
1278 3924 1365 3980 0⁰l<¹³
1388 3921 1535 3982 0⁰¹¹f0⁸⁸lffl
1559 3926 1658 3998 Silviis
1673 3926 1728 3984 ¹³1·

57 4026 108 4096 ris,
123 4032 151 4083 ιι
165 4020 392 4092 necessariaiam
412 4021 522 4077 destrui
537 4026 680 4089 oporteret
694 4017 731 4075 ab
751 4017 825 4074 imis.
880 4013 961 4085 gicra
980 4011 1109 4068 luerunt.
1132 4009 1236 4081 Oppidi
1250 4024 1344 4068 unum
1356 4012 1490 4068 dominus
1516 4027 1604 4085 quem
1634 4014 1727 4071 solum

57 4113 182 4171 ‚mirum
196 4111 244 4169 [tei
257 4107 420 4183 judiciuml
449 4108 524 4176 Quid
553 4107 588 4164 de
611 4107 666 4175 bis,
695 4107 825 4185 Domine,
881 4099 1006 4157 babebat
1019 4113 1128 4170 equum
1149 4112 1216 4154 mox
1231 4097 1364 4169 prebuit,
1394 4113 1461 4156 cum
1476 4109 1647 4159 caeterorum
1666 4116 1728 4160 mu·

58 4208 153 4260 censet
180 4200 326 4268 severitas,
357 4197 409 4269 qui
437 4196 583 4253 homiuem
613 4195 663 4251 tibi
685 4202 825 4253 astantem
881 4187 1029 4245 nilicentia
1054 4201 1123 4245 suas
1149 4201 1220 4258 pene
1247 4186 1448 4258 possibilitates
1471 4189 1630 4248 excederet.
1648 4190 1729 4259 Quo·

57 4304 100 4360 uu
123 4288 207 4346 modo
222 4295 249 4344 te
263 4294 393 4344 orantem
406 4285 510 4356 punire
526 4285 570 4352 ιι,
586 4282 691 4354 punire
709 4281 825 4339 voluisti
843 4258 867 4316 ⁰
882 4291 948 4334 rum
970 4289 1040 4349 ergo
1068 4274 1228 4346 proditores
1251 4289 1312 4333 esse
1338 4276 1501 4346 voluerant,
1531 4278 1637 4337 borum
1661 4293 1728 4337 cum

57 4377 149 4450 puniri
166 4374 342 4447 permisisti],
358 4374 383 4431 si
399 4372 594 4430 insensibilem
614 4370 670 4428 sub
684 4385 744 4442 quo
767 4371 829 4428 baec
883 4365 997 4438 magnis
1024 4364 1159 4435 lacrymis
1186 4364 1276 4421 Deum
1303 4363 1464 4436 adjutorem
1492 4365 1674 4424 laudantium
1687 4366 1729 4424 sic

79 4473 143 4523 acta
157 4465 293 4536 parietem
322 4477 380 4519 uon
404 4474 572 4518 conoessum
595 4465 637 4516 est
665 4459 829 4515 indemnem
883 4454 962 4512 luere
974 4460 1179 4526 prosecutores,
1197 4459 1229 4509 ul
1251 4451 1401 4523 juvenem,
1418 4454 1469 4525 qui
1483 4462 1603 4510 sanatus
1623 4453 1726 4523 luerat,

58 4552 300 4623 iliecidinjuria
320 4549 383 4616 luit,
411 4556 443 4606 ut
458 4555 568 4605 tantam
591 4546 729 4619 injuriam
752 4560 829 4618 egre
884 4549 1020 4613 perpetuo
1035 4548 1202 4598 sanctorum
1217 4540 1409 4612 reliquiarum
1437 4541 1624 4599 contubernio
1644 4554 1728 4598 mao-

57 4644 92 4712 is,
105 4640 233 4699 Domine.
249 4640 330 4698 Certe
343 4639 366 4695 si
383 4637 518 4694 inimicus
537 4650 619 4693 mens
637 4634 751 4691 venmm
777 4648 830 4704 pe·
882 4631 1021 4701 ciperent.
1038 4628 1128 4696 Quem
1143 4642 1196 4702 ego
1217 4628 1245 4685 in
1260 4629 1315 4686 hac
1339 4636 1439 4686 nostra
1458 4628 1612 4700 chigeuti
1638 4628 1728 4687 eccle·

74 4742 163 4788 causa
182 4729 305 4802 genibus
335 4726 406 4784 meis
424 4725 534 4798 jaceret
559 4722 679 4791 abusus,
693 4729 720 4779 et
739 4735 757 4778 a
775 4736 829 4779 suo
883 4716 1080 4783 siahebetem,
1109 4723 1137 4772 et
1157 4716 1192 4772 ad
1223 4717 1322 4773 omnia
1346 4716 1467 4774 dicenda
1492 4725 1520 4774 et
1546 4716 1731 4790 intelligenda

58 4826 229 4876 tautameos
256 4816 447 4888 perimeretur
462 4811 557 4885 pedes,
574 4812 610 4869 ob
624 4808 829 4868 contumeliam
883 4804 985 4863 rudem
1004 4804 1074 4872 vidi,
1099 4803 1150 4875 qui
1179 4802 1269 4861 tidelis
1288 4804 1359 4860 tanti
1384 4803 1515 4860 miraculi
1534 4803 1728 4874 circumlator,

69 4903 269 4975 lactamplaue
283 4902 376 4959 omnis
404 4914 468 4956 mea
489 4912 559 4970 erga
572 4911 639 4955 eum
663 4895 831 4954 animositas
884 4893 914 4949 in
933 4891 983 4949 tall
996 4891 1181 4949 exsecutione
1202 4905 1260 4948 uon
1289 4890 1414 4949 multum
1444 4899 1506 4962 pust
1525 4900 1638 4963 tempus
1655 4893 1729 4950 diem

71 4992 224 5064 sopiretur.
246 4990 306 5047 lloc
326 5003 378 5046 nos
401 4987 542 5053 homines,
558 4992 586 5042 et
599 4995 631 5042 tu
650 4983 830 5055 potissimum
884 4980 963 5038 obiit.

72 5080 241 5147 clementiae,
271 5079 356 5136 Deus.
386 5074 415 5132 st
440 5083 473 5132 tu
501 5074 625 5130 inientes
646 5071 687 5129 tui
713 5084 831 5142 prorsus
919 5066 1096 5125 Mirecuium
1109 5070 1136 5121 a.
1149 5066 1288 5122 liuline
1306 5065 1442 5140 passione
1452 5065 1538 5139 digiti
1548 5071 1678 5124 water.
1695 5097 1730 5112 -

58 5167 291 5227 rosaubllerode
305 5177 438 5233 coronas,
459 5162 552 5220 solum
568 5161 637 5233 quia
658 5173 747 5216 causa
766 5172 830 5231 per-
885 5159 919 5214 lu
948 5155 1150 5229 andegavensi
1176 5156 1248 5213 urbe
1276 5155 1382 5212 lemica
1402 5155 1535 5226 quaedam
1566 5163 1637 5224 erat,
1664 5171 1730 5228 qua

58 5260 182 5316 ieorum
207 5255 361 5323 tumeres,
386 5251 587 5323 putandumne
597 5257 640 5306 est
652 5248 729 5318 quod
747 5261 832 5317 penes
885 5245 1014 5318 puellula
1039 5250 1187 5316 nupserat,
1216 5243 1246 5300 iu
1265 5257 1326 5315 qua
1351 5242 1487 5314 pueraria
1511 5250 1595 5300 atate
1622 5243 1731 5302 annulo

58 5347 152 5419 alioci
172 5353 363 5419 peccatorem,
378 5342 444 5401 licet
459 5339 644 5408 immeritum,
662 5337 698 5394 ad
720 5336 760 5394 tui
776 5351 832 5394 uo-
885 5348 973 5407 quem
987 5332 1110 5406 digitulo
1129 5332 1290 5389 inseruerat
1304 5330 1562 5399 irretractabiliter,
1587 5339 1619 5389 nt
1632 5331 1673 5389 sic
1687 5331 1731 5388 di·

59 5434 308 5508 arillpeuslonem
332 5431 471 5500 occisum,
491 5428 636 5487 obdurare
662 5433 690 5484 te
717 5423 831 5497 queas?
885 5437 960 5488 ιιιιι.
988 5422 1035 5480 die
1066 5427 1213 5491 noctuque
1241 5419 1381 5477 insertum
1413 5426 1555 5477 tenuerat.
1572 5419 1733 5478 iuvencula

59 5531 103 5584 est
117 5524 171 5581 boc
186 5531 279 5592 tuum,
297 5519 411 5579 iniluita
427 5518 527 5590 pietas.
886 5511 977 5584 igitur
989 5508 1192 5569 accedentibus
1216 5506 1301 5565 annis
1316 5508 1345 5565 in
1370 5506 1508 5579 majtrrem
1522 5507 1733 5567 carnulentiam

163 5622 301 5688 Parnon.
327 5617 429 5686 clvi.
1536 5613 1578 5674 30
