3818 6008
539 242 574 297 V.
596 239 766 298 euterun
787 241 934 299 aaatrts
952 242 979 300 S.
998 242 1118 300 unnim
1137 243 1183 300 DE
1202 242 1398 302 renouare

757 526 900 601 steen
928 525 1151 613 oururus

245 739 659 840 TROPOLOGIAE
707 739 771 836 IN
817 736 1342 837 LAllENTATlONES
1388 741 1672 839 JEREMIAE

362 1055 479 1114 CAPUT
498 1053 649 1112 PillllUll.
946 1052 1062 1111 atione
1090 1054 1256 1112 damnatur.
1284 1057 1474 1125 detergentes
1501 1056 1622 1125 habiat,
1653 1059 1723 1115 dum
1748 1059 1831 1117 malae

457 1176 561 1217 ηερε,
983 1142 1211 1199 conversationis
1225 1143 1389 1202 barbariem
1414 1146 1556 1215 peccando
1581 1146 1754 1218 irequeutat.
1779 1150 1833 1204 lle-

119 1258 205 1314 νεεδ,
224 1259 250 1310 l.
275 1274 339 1301 -‹
366 1250 514 1318 Quomodo
538 1249 616 1305 sedet
636 1247 698 1304 3013
719 1247 821 1304 civitas
846 1247 931 1317 pigna
984 1234 1074 1301 gaiam
1090 1248 1143 1288 aon
1166 1232 1286 1301 invenit,
1311 1235 1382 1305 qula
1410 1234 1440 1290 ln
1460 1233 1582 1291 mmeriis
1605 1249 1664 1291 non
1690 1235 1833 1293 subsistit.

87 1344 230 1417 »popula
246 1343 322 1399 lacta
343 1348 386 1398 est
414 1339 498 1410 quasi
525 1338 615 1395 vidua
641 1337 760 1394 domina
787 1336 929 1408 gentium,
987 1319 1119 1375 ’Omnes
1132 1329 1326 1420 ιθιξθθῦῑθΐθὲ
1350 1322 1414 1393 05⁰³
1432 1323 1687 1392 alllflhssssdssrussl
1700 1325 1834 1425 .⁰³¹¹¹.i¹¹'

86 1435 248 1504 »princeps
273 1428 490 1500 provinciarum
517 1426 592 1482 lacta
620 1432 662 1481 est
689 1424 744 1481 sul)
770 1424 927 1482 tributor·
985 1416 1058 1465 »ter
1072 1418 1261 1510 ³¹¹8118Q3’
1281 1410 1361 1466 ⁵¹0ssss
1383 1419 1568 1482 angustatur,
1585 1426 1653 1469 ⁰⁰11]
1678 1413 1746 1470 hmo
1767 1415 1833 1472 tude

82 1522 175 1592 slepa
204 1521 411 1589 interpretatur
434 1515 570 1570 doctrino.
595 1515 698 1570 etcum
723 1515 806 1583 plano
829 1514 930 1582 populo
983 1501 1832 1570 Df³V⁰³lllffl¹¹1⁰¹ss¹1⁰l¹¹0V0¹³¹lll·llll2rh280nd¹¹⁸2²‘⁰⁸

81 1610 242 1675 sotosedet,
264 1621 330 1663 cum
346 1619 426 1662 meus
443 1602 650 1674 cogitationum
674 1601 778 1671 stipata
800 1599 932 1672 lrequon·
980 1591 1163 1656 relietum
1177 1588 1236 1657 ⁰11ss
1249 1604 1308 1643 eam
1320 1589 1553 1659 apprehendunt,
1566 1604 1633 1647 ⁰111ss
1648 1605 1833 1664 quacunque

82 1699 138 1768 tiis,
164 1697 224 1754 sola
249 1704 276 1754 ct
301 1693 468 1751 incomitata
495 1691 605 1762 absque
634 1690 771 1746 doctrinae
794 1689 930 1747 salutaris
983 1674 1121 1732 iiluelissl
1139 1675 1288 1733 illistam
1302 1677 1354 1734 Sibi
1370 1677 1600 1750 subjussfldssffll
1615 1679 1762 1737 desinunt.

80 1786 265 1844 meditatione
290 1783 428 1850 subsidet,
457 1782 526 1837 dum
543 1780 580 1835 ad
605 1779 797 1848 reparandam
827 1777 930 1834 mentis
1345 1798 1466 1841 aalma,

81 1877 206 1948 quietem
226 1875 430 1943 tumultusque
453 1871 593 1928 sedandos
608 1869 690 1926 nulla
709 1867 737 1924 vi
759 1882 811 1938 per
828 1881 857 1923 se
880 1882 929 1923 as-
1016 1869 1104 1927 Vans.
1124 1872 1151 1926 4.
1167 1900 1201 1911 -
1215 1891 1230 1921 o
1255 1870 1316 1929 Viae
1331 1872 1398 1928 Sion
1423 1872 1524 1944 lugent
1537 1887 1570 1930 eo
1593 1872 1672 1944 quod
1695 1888 1754 1932 uon
1775 1875 1833 1932 sint

79 1979 200 2036 surgere
212 1964 297 2020 valet.
318 1961 399 2018 Unde
420 1960 535 2016 cuidam
554 1957 635 2014 mala
667 1956 773 2027 virgini
800 1956 927 2013 dicitur:
984 1958 1068 2028 »qui
1092 1959 1210 2015 veniant
1227 1959 1264 2016 ad
1278 1961 1497 2018 solemnitatem.
1522 1982 1536 2015 a
1560 1961 1662 2019 Daletla
1688 1963 1833 2034 interpro-

83 2074 95 2103 ι
112 2053 182 2110 Sede
196 2052 226 2108 iu
239 2051 356 2122 pulvere
369 2048 445 2119 (lsai.
461 2062 547 2114 xuvtr,
565 2047 604 2118 l)r
620 2067 631 2095 ι
647 2044 729 2102 Solus
739 2059 868 2116 natuque
882 2059 930 2101 ue·
981 2053 1061 2103 tatur
1076 2050 1168 2103 timor.
1188 2049 1245 2103 Via
1262 2049 1331 2104 Stoa
1352 2051 1453 2118 lugent,
1477 2065 1544 2107 cum
1559 2051 1623 2118 illae,
1648 2064 1715 2122 quae
1738 2065 1831 2122 quon·

80 2157 127 2198 mo
142 2149 195 2208 est,
221 2141 271 2212 qui
287 2139 362 2196 sacri
390 2137 497 2208 eloquii
518 2136 594 2192 iutra
618 2149 649 2191 se
670 2147 786 2204 compos
804 2141 856 2190 est.
872 2136 928 2188 Do-
980 2136 1048 2192 dam
1064 2136 1179 2193 lucrant
1199 2139 1299 2195 mundi
1323 2127 1417 2195 cordis
1440 2140 1588 2210 puritates,
1613 2154 1664 2210 per
1678 2154 1754 2212 quas
1775 2141 1835 2199 itur

78 2234 155 2286 minc
174 2233 294 2299 gentiam
314 2231 395 2299 quaet
407 2226 492 2281 video
514 2224 553 2289 lit,
570 2237 636 2280 cum
652 2223 736 2290 ratio,
758 2236 824 2293 quas
846 2223 929 2278 vitio
982 2224 1012 2279 in
1027 2224 1150 2293 divinas,
1163 2227 1240 2297 quod
1255 2235 1296 2283 est
1311 2227 1377 2283 Sion
1391 2229 1598 2298 speculationes,
1612 2228 1652 2285 nil
1668 2229 1705 2286 de
1725 2230 1832 2301 gaudio

79 2333 144 2377 rum
160 2319 295 2391 gentibus
316 2315 496 2373 discretionis
514 2320 626 2383 sceptro
647 2312 799 2383 praesidere
823 2311 928 2367 debue-
945 2354 966 2411 ο
982 2312 1090 2369 coelesti
1105 2322 1294 2385 praegustant,
1311 2316 1359 2371 sed
1378 2316 1451 2372 male
1474 2316 1527 2373 sibl
1542 2317 1663 2374 consciae
1685 2317 1726 2374 nil
1751 2318 1831 2376 aliud

4 2409 8 2414 '
79 2415 134 2477 rat,
149 2406 253 2477 exp‘ers
276 2405 368 2462 divini
393 2403 520 2469 mininis,
551 2409 578 2457 ει
595 2402 653 2457 Deo
680 2399 803 2471 coniuge
831 2407 924 2456 vacat.
982 2402 1164 2469 norunt,nisl
1177 2405 1328 2460 continuos
1348 2404 1494 2474 parturire
1513 2406 1638 2461 timores.
1660 2407 1705 2462 Ex
1729 2420 1831 2463 coau-

78 2499 207 2566 Princeps
217 2497 420 2565 prouinciarum
437 2491 468 2547 lit
484 2491 533 2546 aab
557 2490 670 2557 tributo,
686 2503 754 2545 cum
778 2488 835 2551 illa,
860 2502 926 2559 quae
982 2495 1037 2544 tem
1051 2490 1152 2557 tacent,
1173 2490 1246 2559 quod
1269 2506 1323 2545 aton
1347 2494 1404 2546 sint
1427 2494 1475 2561 qui
1491 2495 1602 2547 oeutout
1629 2493 1667 2547 od
1680 2494 1832 2549 solennita-

78 2584 237 2655 prorlnciis
259 2582 438 2639 exteriorum
466 2592 616 2647 sensuum,
639 2576 691 2648 qui
716 2577 745 2633 iu
769 2576 926 2648 Evangelio

77 2672 210 2744 quinque
225 2671 356 2728 civitates
379 2660 564 2738 appetantur
589 2666 665 2737 (Lac.
681 2680 739 2734 xrx,
762 2665 817 2737 la),
833 2665 925 2722 ellici-

77 2767 127 2817 tur
140 2759 266 2816 obnoxia
280 2765 403 2828 peccato.
421 2757 460 2813 lle
471 2770 530 2827 quo
544 2754 651 2811 tributo
672 2753 779 2811 dicitur
794 2769 801 2808 ε
817 2754 857 2810 Ι)ε
871 2768 924 2811 ue-

77 2847 257 2906 cessitatibus
270 2847 342 2904 meis
356 2845 448 2902 libera
462 2859 507 2900 me
522 2843 606 2913 (Psol.
621 2857 698 2913 xxiv,
714 2844 768 2914 lt).

80 2948 87 2962 ‘
456 2948 541 2990 earn.

112 3027 199 3086 Vnus.
220 3029 247 3081 a.
260 3056 294 3066 -
317 3046 328 3073 ι
352 3022 472 3079 Plorans
488 3022 613 3092 ploravit
634 3021 662 3077 in
677 3029 769 3086 nocte,
787 3030 814 3079 et
828 3021 924 3092 lacry-

980 2578 1042 2642 tem,
1058 2589 1093 2632 ea
1108 2577 1184 2633 enim
1204 2591 1292 2634 causa
1313 2586 1341 2635 et
1357 2587 1472 2636 remota
1497 2579 1611 2648 laetitia,
1628 2583 1699 2652 quia
1721 2582 1831 2639 nullius

980 2664 1129 2734 respiratio
1147 2667 1263 2722 virtutis
1283 2669 1421 2737 occurrit,
1436 2683 1503 2739 que
1517 2670 1553 2724 ad
1578 2670 1830 2741 contemplandam

979 2753 1109 2822 spiritus,
1126 2761 1154 2810 ει
1169 2755 1273 2812 animas
1292 2756 1499 2827 cogitationum
1514 2772 1642 2829 ειιοειιε,
1657 2766 1684 2815 ει
1699 2758 1830 2815 intentio

978 2855 1051 2898 num
1066 2849 1206 2914 unquam
1220 2844 1356 2901 solemnis
1374 2845 1428 2902 diei
1443 2846 1637 2917 irequeutiam
1651 2862 1705 2904 nos
1724 2847 1829 2905 ducere

979 2931 1077 3001 possit.
1096 2953 1107 2980 ι
1124 2931 1229 2988 Omnes
1255 2941 1344 3003 portae
1358 2935 1421 3005 eius
1443 2935 1633 2992 destructae.»
1656 2937 1747 2991 Porta
1768 2937 1827 3005 eius

978 3035 1068 3074 omnes
1087 3020 1289 3089 destruuntur,
1307 3037 1372 3079 cum
1388 3036 1405 3077 a
1420 3023 1523 3079 debitae
1545 3024 1728 3081 continentias
1751 3032 1828 3082 statu

77 3130 159 3172 »mae
182 3115 246 3186 ejus
272 3114 302 3168 in
323 3111 448 3168 maxillis
473 3110 547 3181 eius.
581 3132 592 3158 ι
621 3111 691 3167 Beth
718 3110 925 3181 interpretatur
978 3109 1150 3165 sensualitas
1164 3111 1371 3168 totadiruitur.
1389 3112 1548 3183 nequibas
1563 3112 1692 3184 legitur:
1711 3112 1826 3169 «Attol-

76 3206 207 3271 contasio.
224 3203 353 3258 lnnocte
375 3199 480 3270 plorat,
506 3199 602 3270 quiin
625 3198 793 3256 contusione
814 3200 924 3271 peccati
978 3198 1037 3265 lite,
1066 3198 1171 3269 inquit,
1198 3208 1302 3268 portas,
1327 3199 1480 3271 principes,
1504 3210 1615 3257 vestras
1640 3202 1826 3273 (Psct.xx1u,

76 3294 180 3350 mentis
194 3305 316 3348 acumen
332 3289 417 3362 quasi
439 3288 540 3359 capitis
553 3287 650 3344 oculos
665 3289 701 3344 ab
718 3290 839 3344 humore
854 3289 922 3359 ,pie-
977 3289 1005 3354 7,
1021 3290 1060 3358 9).
1078 3309 1089 3336 »
1107 3319 1140 3327 -
1162 3311 1172 3337 ‹
1188 3287 1353 3346 Sacerdotes
1366 3290 1430 3361 ejus
1445 3297 1600 3360 gementes,
1616 3290 1747 3361 virgines
1763 3291 1828 3362 ejus

76 3381 143 3439 tatis
165 3386 312 3437 extenuat.
335 3381 474 3446 lacryma
487 3377 546 3446 ejvs
567 3379 596 3430 io
616 3376 739 3431 mcoetltis
761 3378 820 3445 ejas
842 3385 921 3446 sunt,
980 3375 1187 3446 »sonalidae.»
1213 3377 1370 3432 sacerdotes
1386 3378 1443 3447 ejus
1469 3386 1598 3449 gemunt,
1617 3393 1685 3435 cum
1713 3379 1827 3436 intelle-

74 3484 142 3527 cum
168 3469 203 3525 ad
228 3471 326 3538 aperta
348 3465 498 3536 dispendia
527 3465 690 3520 animorum
719 3464 923 3521 interioritates
976 3465 1140 3522 cautelitates
1153 3467 1226 3537 ejus,
1244 3480 1369 3537 quarum
1384 3474 1445 3524 erat
1459 3467 1545 3524 oilloii
1560 3482 1676 3526 sacrum
1688 3469 1743 3525 sibi
1760 3484 1827 3541 pra

74 3558 218 3615 delluunt.
234 3556 315 3614 Unde
336 3556 371 3612 de
393 3555 493 3624 iniquo
513 3553 641 3624 quolibet
654 3551 782 3609 dicitur:
805 3554 839 3609 lu
862 3553 921 3609 vita
977 3554 1043 3611 ltere
1055 3554 1204 3623 ducatum,
1221 3569 1279 3611 non
1300 3555 1355 3611 nisi
1379 3556 1467 3628 digna
1480 3557 1590 3627 gemitu
1609 3564 1734 3615 tractare
1762 3572 1826 3628 per·

73 3661 128 3704 sua
147 3645 266 3717 projecit
287 3643 389 3700 intima
412 3656 475 3698 sua.
493 3663 506 3691 ι
527 3642 589 3697 Non
613 3647 656 3697 est
679 3641 730 3712 qul
758 3641 921 3697 consoletur
941 3643 1093 3712 gsistuut.
1112 3644 1239 3712 Virgines
1265 3645 1324 3714 ejas
1351 3652 1419 3700 sunt
1444 3646 1671 3715 equolismam
1700 3645 1771 3702 lldes
1797 3653 1824 3703 et

73 3758 88 3787 a
102 3749 167 3792 eam
181 3749 217 3791 ex
231 3732 368 3789 omnibus
386 3730 481 3786 charis
493 3729 566 3800 ejus.
585 3749 596 3778 ι
614 3731 659 3784 Ec
682 3729 806 3784 omnibus
829 3730 921 3784 ctat-ts
975 3744 1047 3802 spes,
1064 3746 1131 3802 qum
1147 3732 1214 3788 solae
1233 3733 1407 3803 incorrupte
1421 3733 1558 3790 resedisse
1573 3734 1720 3803 videntur,
1736 3749 1824 3806 squa-

72 3825 131 3894 cJ'as
145 3826 249 3879 nonest
262 3823 310 3891 qai
324 3820 484 3883 consoletur,
504 3831 571 3873 cum
587 3831 624 3873 cx
650 3817 837 3874 universitate
859 3819 921 3874 vir·
976 3820 1087 3876 loribus
1115 3820 1250 3877 vitiorum
1279 3820 1475 3878 indesinenter
1503 3822 1691 3879 addicuntur.
1711 3823 1769 3880 Nec
1798 3824 1823 3880 id

73 3920 180 3979 tutum,
196 3911 226 3966 in
242 3907 349 3979 quibus
368 3906 429 3962 sola
443 3919 513 3961 vera
525 3906 678 3962 charitudo
697 3920 783 3977 penes
805 3920 858 3962 uos
874 3920 919 3962 re·
976 3909 1096 3980 iniuria,
1110 3924 1177 3966 nam
1200 3913 1263 3980 ipsc
1277 3925 1407 3980 oppresso
1421 3911 1613 3966 amaritudine.
1630 3913 1824 3968 amaritudme

72 4000 194 4070 peritur,
207 4011 264 4052 non
280 4003 321 4052 est
336 3995 435 4065 aliqua
447 3993 563 4049 residua
578 4008 643 4064 quae
659 4008 711 4050 nos
726 3994 762 4049 ad
778 4008 857 4064 spem
873 4008 919 4051 re·

71 4087 168 4145 lovere
179 4086 323 4143 videatur.
343 4105 354 4132 ι
370 4083 474 4139 Omnes
490 4081 575 4137 amici
589 4082 652 4153 ejus
661 4089 834 4153 spreverunt
846 4096 920 4151 eam,

72 4194 88 4229 s
107 4183 136 4232 ει
150 4175 216 4231 lacti
233 4180 301 4229 suut
316 4172 343 4228 ei
364 4170 483 4228 inimici.
503 4192 514 4220 ι
541 4172 639 4229 omnes
655 4176 730 4226 m
751 4172 833 4226 amici
862 4172 921 4240 ejas

71 4279 131 4319 eom
164 4268 314 4332 spernunt,
344 4273 411 4316 cum
440 4266 535 4316 motus
561 4259 726 4328 rationales,
755 4273 828 4330 quos
853 4273 921 4317 vere

71 4351 189 4417 amicos,
209 4350 233 4406 sl
256 4363 286 4406 se
308 4348 496 4416 continerent,
521 4348 627 4404 habere
649 4355 790 4418 potuerat,
815 4347 851 4404 ob
867 4346 922 4403 lte-

70 4441 189 4497 ditatem
218 4452 278 4495 suae
302 4437 423 4493 actionis
447 4437 579 4493 animum
603 4435 771 4492 detestando
794 4435 921 4493 conlun-

70 4528 145 4586 dunt
173 4530 199 4584 ει
225 4528 342 4595 inimici,
370 4540 447 4594 cum,
471 4524 536 4581 licet
560 4525 638 4597 quod
666 4532 758 4597 agunt
787 4533 814 4582 et
842 4525 919 4596 quod

975 3997 1156 4067 opprimitur,
1174 4012 1240 4068 quae
1253 3998 1332 4055 nulla
1349 4013 1482 4070 supernae
1501 3999 1661 4056 dulcedinis
1673 4000 1823 4058 allectione

975 4086 1118 4142 conditur.

1376 4174 1423 4215 ns.

1010 4262 1096 4320 Vnus.
1118 4265 1144 4318 5.
1166 4293 1202 4304 —
1227 4281 1241 4315 α
1267 4263 1344 4320 Facti
1364 4272 1433 4322 sunt
1456 4266 1552 4322 hostes
1579 4266 1643 4338 ejus
1669 4266 1701 4322 in
1729 4268 1820 4339 capite

978 4351 1114 4409 »inimici
1139 4351 1217 4409 illius
1239 4351 1405 4422 locupletati
1426 4362 1504 4421 sunt,
1530 4354 1600 4426 quia
1627 4355 1769 4413 Dominus
1786 4356 1823 4413 lo

975 4448 1088 4498 »cutus
1114 4449 1157 4496 est
1184 4455 1271 4512 super
1293 4455 1366 4497 eam.
1387 4464 1398 4490 ι
1427 4443 1467 4498 lie
1482 4443 1687 4513 interpretatur
1705 4459 1771 4500 esse.
1792 4448 1822 4500 ln

974 4533 1063 4600 cupite
1078 4531 1137 4600 ejus
1153 4525 1240 4585 laostes
1265 4531 1349 4598 liunt,
1374 4546 1441 4588 cum
1456 4532 1486 4587 in
1509 4539 1728 4604 mentemque
1751 4534 1822 4591 sicut

71 4618 199 4691 cogitant
216 4617 339 4674 habeant
360 4613 559 4681 exseemtloni,
575 4628 633 4669 non
654 4615 852 4671 succurrendo
874 4621 920 4671 ta-

71 4719 137 4762 men
151 4706 215 4778 eius
230 4702 329 4761 inlami
343 4702 456 4774 negotio
470 4710 654 4773 perseverant
667 4702 785 4759 inimici.

435 4807 552 4849 aarum.
973 4808 1040 4851 nem
1055 4794 1112 4851 imo
1137 4795 1341 4864 possessionem
1365 4803 1547 4865 peccatorum
1569 4796 1760 4854 admittimus.
1775 4797 1822 4855 llle

105 4883 192 4941 Vens.
213 4885 239 4938 a.
255 4912 290 4923 -
305 4900 320 4934 a
335 4881 470 4953 tligrarit
487 4881 575 4939 ludas
596 4888 713 4951 propter
735 4879 919 4937 afflictionem
974 4883 1052 4940 enim
1066 4897 1124 4939 non
1142 4897 1203 4939 csse
1220 4882 1275 4938 dici
1291 4890 1389 4953 potest,
1405 4883 1456 4954 qui
1480 4885 1601 4941 interna
1622 4886 1737 4943 veritati
1761 4887 1821 4944 sin-

72 4980 128 5029 ·et
142 4971 357 5029 multitudinem
379 4969 535 5038 servitutis,
558 4968 699 5026 hahimvit
722 4969 796 5026 iuter
810 4977 917 5041 gentes,
939 4950 1039 5025 Dcere
1054 4970 1177 5026 vivendo
1197 4985 1255 5026 nou
1277 4979 1362 5028 coest.
1389 4972 1470 5031 Unde
1493 4974 1528 5030 de
1553 4973 1666 5030 diabolo
1694 4975 1819 5033 dicitur:

72 5083 85 5111 ι
102 5075 155 5118 nec
181 5061 292 5117 invenit
317 5059 457 5130 requiem.
478 5081 489 5107 ι
513 5057 625 5115 Glalmel
650 5056 859 5128 interpretatur
880 5074 921 5112 rc
976 5079 987 5106 ι
1006 5057 1141 5115 llabitent
1157 5060 1186 5115 in
1199 5060 1389 5137 tabernaculo
1403 5062 1472 5118 socii
1487 5062 1551 5134 ejus
1566 5062 1618 5134 qui
1633 5076 1692 5119 nou
1706 5072 1750 5121 est
1764 5063 1822 5135 (tol

72 5150 196 5206 tributio.
223 5151 340 5219 Propter
363 5150 548 5217 afflictionem,
566 5153 592 5203 ει
611 5147 813 5202 multitudinem
834 5151 918 5202 serat
974 5161 1053 5214 xvsti,
1070 5148 1123 5218 lt).
1149 5169 1164 5198 a
1186 5150 1294 5204 lcimict'
1316 5151 1392 5205 illias
1416 5151 1573 5220 locupletati
1597 5157 1671 5218 twtt,
1700 5166 1767 5209 cum
1790 5152 1823 5208 de

973 4618 1066 4689 capite
1081 4618 1210 4674 membra
1222 4617 1361 4690 regimus,
1376 4627 1403 4677 et
1426 4620 1455 4675 in
1477 4635 1537 4691 qua
1563 4621 1770 4691 substantiam,
1790 4630 1822 4679 ut

974 4705 1014 4763 ita
1028 4706 1162 4774 dixerim,
1174 4721 1241 4763 vere
1255 4706 1366 4763 essendi
1379 4707 1407 4763 in
1425 4708 1482 4764 Deo
1503 4708 1671 4779 accipimus,
1697 4710 1822 4768 obsidio-

71 5240 138 5294 tate
153 5236 229 5291 ludo
244 5238 360 5308 migrat,
377 5250 444 5292 eum
470 5242 586 5306 propter
609 5234 787 5306 flagitiorum
807 5242 836 5291 et
859 5248 920 5291 see·
973 5248 1007 5291 ea
1022 5250 1110 5307 quam
1124 5236 1207 5293 nobis
1221 5237 1420 5308 subripuerint
1436 5238 1580 5295 daemones
1596 5238 1705 5295 virtute
1719 5253 1822 5311 super-

70 5325 164 5384 lerum
190 5324 379 5381 creberrimos
400 5326 428 5381 ln
446 5331 541 5380 mente
564 5337 709 5390 recursus,
734 5322 920 5380 confessionis
974 5323 1070 5381 biuut.
1087 5326 1123 5381 Et
1138 5326 1192 5383 hoc
1207 5325 1247 5394 fit,
1262 5328 1329 5395 quta
1346 5327 1479 5382 Dominus
1496 5343 1580 5397 saper
1602 5343 1662 5382 com
1681 5327 1819 5399 loquitur,

69 5413 189 5471 omniuo
208 5412 302 5468 virtus
325 5411 479 5469 amittitur.
501 5410 546 5467 Sic
564 5410 642 5467 enim
664 5410 754 5466 ludas
775 5410 919 5481 interpre-
973 5412 1169 5484 quodscllicet
1190 5428 1251 5471 sua
1267 5415 1367 5471 merito
1382 5415 1519 5486 nequitiae
1543 5415 1580 5472 ad
1604 5417 1821 5487 opprimendam

69 5509 159 5569 maur,
173 5500 328 5570 taliterque
340 5500 465 5570 pessima
477 5500 538 5557 vita
552 5498 658 5572 pejoris
672 5512 775 5557 sensus
789 5493 917 5557 retribu-
972 5512 1035 5556 cana
1051 5501 1194 5558 sententia
1207 5499 1303 5557 datur.
1322 5522 1333 5550 ι
1350 5501 1404 5558 Pro
1423 5502 1609 5560 multitudine
1626 5500 1690 5576 [at.,
1706 5511 1818 5574 propter
