3818 6008
71 183 123 236 339
544 180 576 232 V.
597 177 764 236 sciuisset
783 180 974 235 abbatiss.
996 179 1115 234 dldeAE
1134 180 1178 235 nd
1198 178 1395 236 rectissimo

70 311 246 368 beraiissime
272 309 380 375 doctor,
405 310 478 366 tanti
498 323 588 365 ausus
610 322 713 365 causas
738 316 794 366 tuae
808 309 915 366 conscii
932 311 955 367 ll
970 317 1073 380 praeter
1094 310 1233 368 rationem
1249 315 1301 366 aut
1320 309 1453 381 exempla
1467 309 1683 381 scripturarum
1699 309 1820 366 investi-

71 400 244 457 bumiiitatis
258 398 418 454 inferimus.
439 398 529 468 Cujus
543 398 632 454 verba
651 399 845 455 excusationis
861 414 920 454 non
974 413 1044 469 gare
1058 401 1180 456 coneris.

30 560 33 566 Ι
72 488 187 560 ambigo
202 489 280 558 qued
296 487 432 543 modestia
449 495 498 542 tua
512 500 546 542 ea
566 494 660 543 mente
675 488 814 557 suscipiat
827 502 920 557 quaa
1009 489 1133 545 Porresi
1157 489 1352 544 detentarum
1370 501 1467 544 rerum
1484 486 1706 557 presumptione
1724 487 1821 543 meab

71 591 118 633 me
134 577 289 633 intentione
301 575 378 647 apud
390 585 455 631 tuas
468 575 580 631 sobrias
595 590 682 631 aures
697 577 787 645 promi
799 584 918 632 constat.
974 576 1073 647 alique
1096 578 1249 648 dijudicari
1279 577 1437 648 contingat,
1464 577 1579 632 indubie
1602 577 1673 632 sciat
1694 591 1738 632 me
1762 577 1821 633 solo

109 664 312 721 Difficultatem
330 665 413 733 plane
429 664 520 734 buius
538 664 695 720 voluminis
711 665 811 720 beatus
826 665 922 719 lliero-
974 667 1023 721 liei
1049 667 1188 722 instinctu
1217 665 1374 722 certissime
1398 665 1458 720 baee
1486 671 1649 733 penetrasse
1672 661 1819 732 mysteria.

71 766 178 822 aymus
200 753 322 818 (Prasiai.
340 755 369 806 ia
386 752 462 820 osee)
478 760 557 808 tanta
579 752 780 822 mysteriorum
801 738 919 808 nebulo·
974 756 1009 810 Et
1025 762 1111 810 testor
1125 754 1226 821 Deum,
1243 754 1295 824 qui
1310 754 1438 822 asprimre
1451 767 1510 808 non
1525 752 1646 819 distulit,
1663 751 1744 807 nullo
1759 764 1822 805 meo

1766 181 1818 235 itti

71 841 155 896 sitate
184 839 356 908 multiplicat
387 847 420 896 ut
450 840 612 911 origenem,
640 849 702 910 pest
732 841 872 910 apostolos
892 842 920 896 in

71 928 203 984 doctrina
229 941 409 997 supremum,
440 937 467 983 et
495 929 687 998 Apollinarem
717 928 920 994 Laodicenum,

72 1017 197 1073 Pierium
214 1029 341 1085 quoique,
368 1017 524 1071 Eusebium
545 1016 631 1072 etiam
654 1016 866 1086 caesariensem,
885 1017 921 1073 ad

71 1112 235 1162 extremum
259 1104 346 1160 etiam
375 1104 528 1174 Dydimum
558 1106 713 1171 videntem,
735 1106 841 1175 quibus
869 1120 921 1162 suo

74 1200 200 1264 ternpore
215 1193 290 1248 inter
314 1193 427 1249 divinos
448 1201 574 1249 oratores
591 1194 726 1249 famosior
743 1194 842 1250 nullus
857 1194 920 1261 fuit,

72 1281 128 1337 hee
144 1282 236 1350 ipsum
260 1281 385 1337 fateatur
400 1294 551 1352 aggressos
567 1296 721 1352 exponere,
735 1289 763 1337 et
778 1282 921 1338 neminem

72 1370 240 1427 eorumdem
254 1369 378 1425 valuisse
391 1378 483 1440 ecepta
499 1369 642 1440 perlicere.

975 843 1151 912 praecedente
1165 843 1311 909 exercitio,
1323 842 1403 897 nulla
1415 841 1603 911 providentia,
1612 839 1665 895 nisi
1676 847 1820 910 quantum

974 932 1049 988 inter
1063 931 1246 986 scribendum
1258 930 1484 1000 dictandumque
1494 930 1654 1000 exceptoris
1665 928 1718 984 mei
1727 928 1823 983 brevis

974 1021 1130 1076 admodum
1147 1020 1309 1089 patiebatur
1324 1032 1413 1074 mora.
1431 1019 1575 1073 Hactenus
1590 1018 1666 1072 enim
1689 1031 1746 1072 non
1764 1024 1821 1071 tam

975 1109 1164 1180 perpetuitate
1179 1107 1291 1178 legendi
1313 1121 1401 1177 quam
1416 1107 1505 1161 nimia
1523 1106 1737 1161 continuatione
1753 1105 1822 1159 scri·

975 1198 1070 1265 bendi‚
1087 1204 1184 1266 utpote
1198 1196 1249 1266 qui
1265 1210 1321 1250 non
1341 1196 1432 1250 solum
1448 1196 1569 1250 dictator
1582 1195 1758 1261 exstiteram,
1774 1193 1821 1248 sed

975 1294 1002 1343 et
1039 1285 1143 1340 laboris
1175 1284 1306 1339 indefessi
1337 1283 1487 1349 notarius,
1517 1284 1668 1338 oculorum
1694 1295 1822 1336 meorum

976 1375 1066 1431 aciem
1093 1374 1286 1443 undecunque
1315 1372 1495 1438 obtuderam,
1519 1372 1596 1427 unde
1620 1371 1656 1426 ad
1681 1371 1733 1425 froc
1761 1383 1824 1424 mea

109 1458 143 1514 ln
156 1459 409 1527 quomihieunatu
425 1458 707 1514 videtursimultatis
721 1459 797 1528 apud
810 1467 923 1515 exteros
977 1462 1195 1519 immoderantia
1224 1476 1269 1517 me
1292 1460 1410 1531 redegit,
1446 1469 1477 1517 ut
1501 1468 1652 1530 exceptore
1683 1459 1823 1522 adhibito,

74 1548 223 1619 quidpiam
238 1549 377 1620 generari,
397 1547 448 1617 qui
461 1549 544 1618 longe
560 1549 715 1619 aliaquam
732 1557 812 1605 tanta
826 1562 922 1604 sacra·
977 1551 1140 1622 quodmihi
1172 1564 1324 1620 nunquam
1348 1549 1436 1606 moris
1459 1548 1562 1615 fuerat,
1588 1548 1648 1602 sola
1674 1547 1824 1611 memoria,

74 1641 172 1692 menta
200 1638 338 1708 exigunt,
368 1637 429 1692 lraec
451 1637 594 1693 aestimant
618 1638 773 1694 intentione
800 1637 919 1709 patrari.
941 1607 1128 1705 Bselauoce,
1144 1638 1206 1694 sine
1221 1651 1320 1704 manu,
1337 1636 1497 1693 sineoculis
1513 1650 1636 1705 praesens
1651 1634 1825 1705 opusculum

76 1724 128 1781 Sed
149 1725 177 1780 bi
194 1725 244 1794 qui
261 1725 330 1781 talia
347 1725 512 1794 opinantur,
528 1726 551 1780 si
568 1740 663 1795 equa,
680 1725 756 1795 qued
775 1725 813 1781 illi
831 1726 923 1781 facere
976 1735 1088 1797 cogeret
1101 1725 1250 1796 explicari.
1267 1727 1299 1779 ln
1313 1740 1371 1795 quo
1385 1726 1421 1795 pii
1438 1725 1596 1780 moderatio
1609 1724 1721 1779 lectoris
1737 1730 1827 1778 atten-

75 1813 242 1877 voluerunt,
257 1819 285 1869 et
300 1813 377 1883 quod
393 1827 444 1867 nos
457 1813 578 1869 subinde
596 1815 729 1884 prosequi
745 1813 797 1869 nisi
809 1828 920 1878 sumus,
976 1816 1024 1871 dat
1036 1824 1076 1881 ut,
1093 1816 1115 1870 si
1133 1815 1245 1870 insolito
1259 1815 1329 1870 milii
1346 1814 1429 1869 modo
1443 1814 1599 1869 dictantem
1614 1813 1711 1868 minus
1725 1812 1827 1881 aliqua

74 1899 148 1956 libra
172 1902 391 1971 perpenderent,
416 1901 452 1955 ab
471 1902 549 1957 (imni
570 1903 667 1972 procul
685 1902 773 1958 dubio
790 1902 923 1958 vecordia
976 1911 1169 1974 competenter
1191 1903 1298 1958 dixisse
1324 1902 1471 1972 repererit,
1501 1916 1535 1957 eo
1555 1901 1624 1955 milri
1651 1900 1759 1955 intuitu
1783 1901 1825 1954 in-

74 1988 164 2059 hujus
191 1989 307 2059 iniustae
340 1990 510 2059 suspicionis
535 1990 719 2055 absisterent,
753 2004 819 2047 cum
845 1991 923 2046 enim
977 1991 1095 2060 dulgere
1114 2005 1170 2045 non
1198 1988 1321 2056 differat,
1347 2004 1405 2059 quo
1431 1989 1527 2044 minus
1549 1987 1734 2044 alienaedum
1763 2002 1827 2043 mea

75 2077 322 2148 legunteumdem
345 2078 460 2133 beatum
484 2079 690 2148 Hieronymum
714 2080 806 2150 magis
820 2079 923 2134 obscu-
976 2079 1074 2135 scribit
1098 2078 1207 2142 manui,
1224 2093 1311 2149 quam
1337 2092 1407 2133 meae
1424 2077 1570 2148 qnondam
1596 2076 1828 2133 facereecnsue·

75 2166 210 2223 ritatibus
225 2166 356 2222 inuoluta
381 2167 549 2236 huiuslrbri
565 2168 672 2223 dixisse
693 2170 851 2238 sequentia.
875 2169 925 2223 ln·
976 2182 1075 2222 veram
1100 2168 1235 2223 institisse
1263 2167 1419 2238 cognoscit.
1450 2167 1523 2221 Dum
1548 2166 1624 2220 enim
1649 2178 1714 2219 mea
1738 2177 1827 2219 mauu

75 2263 199 2321 tantum,
216 2254 323 2325 inquit,
339 2263 370 2310 ut
385 2263 412 2311 et
427 2270 478 2311 nos
494 2255 544 2325 qui
560 2256 717 2325 explanare
732 2270 881 2323 conamur,
898 2262 926 2313 et
978 2257 1097 2327 propria
1121 2256 1323 2325 scriptitarem,
1337 2262 1365 2310 et
1388 2254 1489 2309 erebro
1513 2253 1644 2309 contuitu
1660 2253 1735 2308 inter
1756 2252 1827 2307 scri·

76 2343 204 2414 prudens
217 2343 304 2399 lector
318 2343 404 2399 simul
421 2345 559 2411 attendat,
576 2344 645 2414 quia
658 2345 747 2399 sinon
764 2344 923 2411 veritatem,
978 2345 1103 2401 bendum
1131 2345 1230 2401 eadem
1260 2345 1336 2399 dieta
1361 2343 1524 2409 reviserem,
1560 2340 1728 2397 facillimum
1758 2339 1829 2395 mibi

76 2431 153 2503 quod
168 2431 369 2488 difficillimum
389 2440 440 2499 est,
461 2432 560 2487 saltem
576 2433 765 2502 suspicionem
780 2432 926 2488 verisimi-
978 2442 1039 2490 erat
1057 2441 1085 2489 et
1105 2434 1210 2490 omissa
1225 2440 1364 2498 retexere,
1379 2439 1407 2486 et
1424 2431 1492 2486 dum
1518 2429 1622 2484 notarii
1646 2429 1699 2484 mei
1716 2428 1830 2485 fastidia

76 2520 147 2576 lium
164 2521 338 2590 investigare
355 2521 513 2583 valeamus,
537 2521 656 2577 forsitan
671 2522 740 2576 milri
758 2535 854 2577 naevos
868 2537 925 2577 non
979 2522 1061 2577 nulla
1075 2537 1109 2577 ex
1131 2536 1211 2578 mora
1229 2534 1371 2586 revereor,
1388 2519 1541 2576 verborum
1559 2517 1713 2575 curialitati
1730 2531 1829 2574 secure

77 2608 204 2664 minimae
220 2608 387 2663 temeritatis
407 2610 533 2675 inurent,
549 2609 599 2679 qui
616 2609 751 2665 materias
764 2609 835 2664 viris
849 2611 926 2665 exti-
981 2611 1109 2666 mihimet
1135 2611 1188 2680 ipsi
1211 2624 1340 2665 morosus
1360 2608 1487 2664 intendo.
1511 2608 1601 2663 Tanto
1617 2607 1693 2662 enim
1711 2606 1831 2663 liberius

77 2695 245 2750 mescendas
261 2694 423 2765 insignibus
437 2696 538 2751 videar
554 2697 631 2752 velut
647 2697 828 2766 impudenter
842 2697 928 2752 ador·
980 2699 1016 2755 ad
1038 2700 1168 2755 animum
1198 2706 1268 2754 tila
1291 2698 1412 2754 dicenda
1438 2697 1582 2767 recolligo,
1607 2695 1831 2766 quantominus

77 2797 137 2838 sus.
161 2782 214 2838 Sed
237 2784 260 2838 si
291 2791 403 2853 quanta
426 2783 462 2838 sit
486 2784 561 2839 inter
586 2784 746 2855 allegorias.
771 2784 828 2841 imo
852 2785 927 2841 inter
980 2803 1032 2859 pro
1055 2787 1311 2856 circumspicienda
1327 2786 1469 2842 sententia
1483 2783 1611 2841 dictandi
1626 2785 1829 2840 lentitudinem

76 2870 155 2939 ipsas
168 2869 267 2926 litterae
280 2871 504 2939 explanationes,
519 2879 547 2927 et
563 2873 761 2939 moralitatem,
778 2886 843 2942 quae
859 2870 926 2928 inde
945 2900 966 2956 C
983 2876 1052 2932 mini
1066 2877 1118 2933 soli
1133 2890 1244 2932 vacuus
1255 2875 1404 2931 erubesco.

76 2959 202 3026 elicitur,
218 2959 411 3030 discrepantia
423 2962 612 3025 attenderent,
626 2962 751 3032 prefecto
765 2977 819 3018 sua
829 2963 926 3018 adrer-

78 3061 143 3102 sum
166 3061 218 3103 nos
229 3047 340 3118 judicia
366 3050 554 3106 continerent.
582 3050 678 3120 Longe
695 3051 771 3105 enirn
796 3051 926 3106 securius

78 3137 112 3192 de
128 3144 292 3192 nostrarum
309 3139 486 3206 passionum,
503 3153 577 3210 quas
591 3140 758 3210 experimur
773 3140 850 3196 intra
862 3155 924 3208 nes,

78 3233 185 3280 natura
214 3232 386 3291 tractamus,
421 3240 511 3296 quam
536 3227 571 3282 de
598 3228 739 3298 mysteriis
767 3229 871 3284 Christi
898 3235 927 3284 et

78 3314 221 3381 Ecclesiae,
247 3314 409 3385 inquibus,
432 3315 486 3371 nisi
513 3316 603 3372 simus
619 3317 827 3387 circumspecti,
845 3317 927 3374 facile

78 3403 241 3458 exorbitare
259 3404 399 3459 valemus.
421 3405 451 3459 ln
468 3405 626 3475 tropologia
639 3408 715 3461 enim
729 3419 761 3460 eo
782 3406 842 3461 sole
858 3420 927 3476 pro-

77 3489 142 3545 viso
152 3497 184 3546 ut
197 3489 298 3546 litterce
310 3491 471 3548 obscuritas
480 3493 516 3548 ad
530 3494 675 3564 integrum
688 3494 792 3549 nostris
803 3494 927 3564 ingeniis

78 3577 238 3647 elucescat,
273 3579 416 3635 interioris
448 3581 572 3638 bominis
608 3590 701 3639 status
727 3583 927 3652 prosecutione

79 3666 222 3722 tutissima
246 3668 307 3723 sine
321 3669 427 3724 erroris
442 3670 542 3726 timore
562 3670 746 3741 disquiritur,
763 3671 786 3727 si
807 3677 925 3727 cantum

78 3761 175 3809 temen
201 3756 278 3823 apud
294 3771 347 3811 nos
371 3765 490 3825 constet,
515 3773 550 3813 ne
574 3767 671 3814 noster
686 3759 816 3816 videlicet
840 3758 925 3814 intef-

78 3840 168 3897 lectus
179 3855 196 3897 a
208 3841 308 3899 litterae
318 3846 470 3901 concordia
483 3847 621 3903 violenter
632 3848 790 3918 intorqueri
802 3848 924 3904 sinatur.

77 3929 136 3987 Nisi
156 3929 233 3986 enim
263 3931 386 3988 litteram
409 3941 538 4003 patenter
558 3950 708 4006 agnoscas,
727 3936 834 3992 frustra
853 3943 880 3992 te
895 3935 925 3991 in

79 4020 923 4091 studioaliegoriaeexquirendaevelmortalitatisexereeas,

77 4114 106 4163 et
122 4107 246 4163 multum
269 4109 298 4163 iu
314 4108 369 4166 bae
385 4111 560 4167 discussione
583 4111 702 4180 falleris,
726 4110 749 4166 si
763 4110 925 4182 quidquam

1016 2962 1060 3016 Ea
1082 2962 1126 3016 iris
1149 2975 1227 3030 ergo,
1253 2975 1319 3029 quaa
1339 2960 1368 3014 in
1392 2957 1456 3013 aliis
1479 2956 1647 3013 difficilibus
1663 2957 1830 3027 quibusque

979 3064 1043 3106 sum
1067 3049 1222 3118 Scripturis
1235 3055 1382 3117 expertus,
1406 3046 1513 3102 divinis
1534 3044 1720 3101 adminiculis
1734 3053 1761 3101 et
1776 3046 1830 3102 boc

979 3153 1052 3209 opus
1067 3139 1192 3205 adorior,
1219 3151 1275 3192 non
1295 3136 1403 3192 dubius
1427 3135 1506 3206 quia,
1523 3135 1575 3205 qui
1599 3135 1627 3188 in
1655 3133 1758 3189 minori
1783 3134 1828 3189 sui

979 3227 1085 3283 anseris
1107 3227 1207 3281 notitia
1230 3232 1269 3281 tot
1290 3225 1431 3295 praestitit,
1449 3223 1477 3278 in
1503 3238 1564 3279 sure¹
1587 3222 1829 3291 contemplatione

979 3316 1049 3387 legis
1062 3329 1131 3371 meae
1147 3314 1295 3371 intentioni
1312 3312 1450 3378 subsidia,
1466 3312 1570 3367 melius
1581 3311 1641 3381 jam
1656 3309 1844 3377 intendenti„

979 3414 1007 3461 et
1030 3405 1161 3460 devotius
1187 3403 1323 3472 aspirato,
1348 3416 1405 3457 non
1433 3400 1549 3472 negabit
1573 3400 1670 3454 anime
1693 3400 1829 3470 majestas

980 3494 1079 3548 diviua
1095 3492 1204 3562 potiora
1218 3492 1253 3547 de
1268 3505 1298 3547 se
1321 3489 1463 3547 tractandi
1485 3496 1572 3559 atque
1596 3487 1742 3559 cogitandi
1756 3502 1829 3544 con-

979 3580 1052 3636 sifia.

1014 3667 1087 3734 Qiria
1098 3668 1256 3739 igiturque
1267 3667 1382 3723 nomine
1393 3673 1543 3722 censeatur
1552 3664 1829 3735 opusculumquaeri

980 3765 1072 3827 potest
1087 3755 1158 3810 milri
1178 3756 1302 3817 uidetur,
1329 3753 1564 3825 quandoquidem
1580 3753 1830 3809 commentariolos

979 3860 1057 3902 meos
1073 3846 1101 3900 iu
1127 3843 1266 3900 Geneseos
1281 3844 1354 3898 libro
1377 3843 1417 3898 ita
1430 3840 1604 3908 vocaverim,
1628 3841 1748 3897 floralia
1771 3857 1829 3898 non

964 3936 1082 3993 ¹debere
1104 3933 1212 3999 vocari,
1228 3932 1277 3988 sed
1303 3931 1347 3987 rel
1371 3938 1506 3987 manente
1530 3943 1627 3995 sensu,
1656 3928 1757 4000 lingna
1773 3930 1830 3984 im-

953 4067 958 4077 .
978 4031 1100 4090 mutata,
1123 4021 1307 4093 Tropelogies
1327 4021 1356 4076 in
1373 4019 1519 4091 prophetis
1535 4032 1617 4089 posse
1637 4019 1759 4089 conjicio
1777 4031 1828 4088 ap-

981 4111 1091 4181 pellaci.

775 4378 918 4422 EXPLICIT
941 4376 1129 4422 Pitooeasst'tt.
