3818 6008
424 302 429 313 ¹
477 233 589 291 GESTA
607 233 664 287 DEI
683 233 755 289 PER
774 231 987 289 FRANCOS.-
1000 231 1064 287 ΗΒ.
1085 233 1130 288 tv.
1623 237 1676 291 7³4

56 367 200 425 auditionis
217 366 360 435 ellerreut,
377 367 478 424 crebro
499 375 611 424 nostros
631 367 814 435 invisere;d
863 367 1124 438 Appropinqnabat
1149 367 1249 424 Natale
1277 367 1469 436 Dominicum,
1495 375 1522 427 et
1544 368 1676 426 lrnmeu-

69 471 170 525 eornm
199 456 368 512 uuiversum
394 455 550 522 addiscere,
574 463 602 511 et
625 455 775 524 suisque
829 464 900 526 tum,
914 465 1076 529 caeteraque
1097 472 1250 528 corporum
1274 459 1570 529 alimentacoeperaut
1587 459 1676 516 vobe-

56 552 142 601 >suos
163 543 301 613 aucupati
316 544 430 599 inerant
446 543 590 599 nuntiare.
610 541 681 599 Cum
697 543 774 598 euim
826 553 938 602 menter
950 546 1093 613 imminui,
1107 555 1135 603 et
1149 560 1215 603 earo
1230 546 1395 603 constiterat
1418 547 1447 601 iu
1471 554 1531 602 teto
1546 547 1675 603 exercitu

80 646 140 688 suae
165 631 288 688 assiduae
312 631 552 687 mntabntationis
574 630 651 687 visco
679 629 773 686 allice·
827 634 924 690 omuia
940 635 1034 691 vendi.
1052 634 1224 691 Victualium
1240 634 1465 705 quaerendorum
1484 648 1572 691 causa
1594 634 1677 690 nulla

64 719 306 775 sea'l'nrcorum
333 717 404 773 facie
423 717 557 788 iugitare,
582 717 680 773 multra
702 716 774 773 adu·
828 722 943 791 patebat
978 721 1100 779 facultas
1132 722 1177 777 vel
1208 721 1388 792 longiuscule
1426 722 1564 793 evagari;
1600 721 1677 777 iutra

65 806 217 874 lenocinio,
241 815 406 862 nostrorum
425 806 548 862 auribus
564 809 635 861 m
666 805 775 861 mussi·
826 808 981 866 Christiani
998 825 1115 880 qnoque
1134 809 1259 865 nominis
1274 808 1354 875 lines,
1373 809 1446 865 nibil
1469 823 1540 879 pene
1561 809 1622 880 jam
1638 808 1676 865 ad

69 909 175 952 uxores
197 903 292 950 tamen
322 893 452 964 proprias
477 895 623 961 excedere,
648 894 775 950 nullate·
828 911 913 953 usum
936 897 998 968 [cl.,
1014 896 1106 970 esum]
1124 898 1271 967 pertinens
1296 904 1407 967 poterat
1431 895 1561 967 reperiri.
1589 896 1676 952 Porro

56 984 126 1041 urbe
139 984 283 1050 sinebant,
305 990 333 1038 et
352 982 388 1038 ad
407 984 494 1051 ipsas,
516 983 667 1054 digressis
684 983 774 1038 l'rau·
827 986 857 1041 in
872 985 1097 1042 Sarraceuorunr
1113 987 1257 1056 regionem
1276 985 1391 1040 nonnisi
1412 998 1477 1041 cum
1495 983 1676 1055 expeditione

55 1072 200 1128 liminium
216 1071 361 1134 iacientes,
377 1085 444 1140 quae
458 1071 544 1126 istinc
560 1071 774 1140 subintelligere
825 1073 952 1142 plurima
966 1072 1121 1143 qnisquam
1137 1072 1248 1128 valebat
1269 1072 1410 1143 progredi.
1437 1071 1529 1142 lgitur
1556 1076 1676 1140 urgente

58 1200 67 1228 ,
92 1161 128 1216 ad
150 1161 258 1216 'lurcos
282 1159 509 1215 christianorum
535 1159 660 1228 partium
687 1159 770 1214 intir·
828 1160 933 1227 inedia,
950 1168 1046 1217 coacto
1060 1174 1191 1229 proceres
1205 1160 1325 1216 concilio
1339 1173 1400 1215 sese
1423 1159 1582 1215 discutiunt
1601 1172 1674 1229 qua·

56 1248 180 1305 erebant.
202 1247 348 1316 Proposito
370 1248 459 1317 igitur
477 1260 576 1303 eornm
592 1246 716 1317 cognito,
741 1260 775 1302 ac
827 1248 892 1304 liter
916 1248 1027 1305 consuli
1057 1249 1157 1305 debeat
1196 1256 1281 1304 tantae
1312 1247 1481 1317 frequentiae
1514 1246 1674 1311 bantinum,

81 1336 160 1407 Syris
186 1335 391 1404 interpretibus
417 1335 472 1391 sita
495 1334 542 1405 [fe
567 1334 659 1405 scita],
688 1333 775 1391 'lurni
826 1336 910 1393 lamis
946 1335 1139 1404 atrocissimae,
1176 1335 1231 1390 uisi
1257 1335 1283 1390 ei
1314 1335 1513 1402 subveniatur,
1530 1335 1673 1391 subiturae

56 1432 98 1482 ete
117 1421 268 1494 aliquoties
282 1437 441 1491 erumpere,
465 1423 565 1493 aliqua
578 1422 683 1478 nostris
701 1422 772 1478 snb·
827 1425 997 1494 periculum.
1019 1424 1146 1479 Tandem
1164 1423 1270 1479 vicaria
1282 1423 1491 1479 consultatione
1517 1421 1674 1492 reperiunt,

55 1512 116 1568 lum
132 1511 305 1567 victualibus
320 1510 508 1580 quaeritandis
525 1510 670 1574 oberrant,
689 1510 774 1566 calles
827 1513 870 1569 uti
899 1513 998 1582 aliqua
1026 1525 1093 1582 pars
1124 1512 1269 1568 exercitus
1297 1510 1446 1580 stipendiis
1481 1510 1676 1579 undecunque

56 1613 77 1655 is
100 1599 244 1664 obtexere,
266 1599 381 1668 plagam
402 1605 603 1654 montanorum
627 1599 774 1668 marisque
827 1599 1030 1657 contrahendis
1054 1599 1205 1666 insisteret,
1233 1599 1323 1655 altera
1339 1606 1438 1667 ceptae
1459 1597 1600 1653 obsidioni
1621 1611 1676 1653 va·

57 1701 90 1742 us
112 1701 149 1742 ex
173 1687 318 1754 insperato
340 1698 486 1755 proruere,
511 1685 584 1741 nibil
605 1686 641 1741 ab
664 1685 773 1742 insidiis
792 1660 915 1744 Bearet.
931 1688 975 1743 bd
987 1687 1049 1743 liaeo
1061 1689 1158 1757 itaque
1173 1686 1358 1742 Boemundus
1374 1685 1470 1741 intulit
1486 1701 1493 1741 :
1508 1706 1522 1733 «
1538 1684 1566 1740 st
1584 1683 1674 1751 vobis,

55 1775 181 1831 tionibus
192 1788 294 1830 vacare
309 1773 482 1843 permittere.
828 1775 962 1845 inquito
980 1776 1093 1833 streuui
1108 1775 1222 1837 milites,
1238 1782 1333 1831 tutum
1357 1773 1481 1839 videtur,
1507 1788 1560 1843 ego
1588 1771 1675 1828 Flau-

64 1863 162 1933 procul
178 1871 274 1918 auteur
295 1861 360 1916 inde
374 1860 506 1918 Castrum
520 1861 681 1919 babebatur
695 1863 774 1933 quod
828 1864 939 1921 drensis
954 1864 1065 1920 maritis
1087 1863 1225 1920 suffultus
1238 1863 1363 1931 comitia,
1384 1861 1554 1918 victualium
1571 1873 1677 1931 procu·

56 1966 86 2008 ur
101 1956 184 2022 breg,
202 1952 229 2005 iu
247 1964 305 2020 quo
321 1951 474 2020 praecipuae
495 1948 652 2007 ferocitatis
666 1952 774 2007 'lurcos
827 1952 969 2008 curationi
985 1966 1101 2022 operam
1117 1952 1201 2008 dabo.
1218 1972 1232 2002 s
1248 1951 1329 2019 Quod
1346 1951 1544 2021 aquibusque
1555 1948 1677 2020 juniori·

56 2038 120 2094 sidii
134 2039 224 2108 ipsius
247 2037 366 2093 tuitione
383 2037 557 2106 locaverant,
578 2039 628 2109 qni
644 2039 771 2106 Francis,
828 2041 882 2097 bus
895 2048 974 2096 tauta
985 2050 1028 2097 est
1042 2040 1236 2108 gratulatione
1248 2047 1426 2109 susceptum,
1444 2044 1554 2108 quanto
1573 2035 1675 2106 majori

56 2141 78 2183 ts
105 2124 416 2192 inconsideratioribus,
452 2125 649 2196 frequentium
680 2126 774 2182 iucur-
826 2128 1028 2194 extabuerant,
1042 2142 1099 2182 nou
1115 2128 1198 2183 modo
1213 2126 1355 2193 ariditate,
1384 2139 1485 2181 verum
1509 2123 1675 2179 omnimoda

56 2215 141 2272 urbas
164 2214 351 2270 incutiebant.
375 2216 411 2269 At
432 2214 585 2284 principes,
612 2222 697 2271 tantae
717 2216 772 2271 im·
827 2217 991 2273 necessitate
1018 2217 1161 2272 ciborum.
1188 2215 1338 2271 celebrata
1368 2214 1476 2285 itaque,
1511 2211 1615 2268 ellectu
1647 2218 1675 2268 et

56 2318 68 2359 s
91 2302 215 2373 iujuriae,
241 2317 298 2357 uon
322 2315 414 2372 parva
434 2303 565 2372 equitum
587 2303 773 2374 peditumque
826 2305 975 2361 alacritate
989 2317 1048 2373 qua
1062 2310 1204 2373 poteraut,
1223 2303 1377 2358 Nativitate
1393 2299 1550 2365 Dominica,
1569 2299 1673 2369 postri-

73 2406 171 2457 mauu,
193 2391 312 2447 mittunt
327 2390 379 2461 qui
393 2391 542 2460 explorent
563 2392 682 2447 ubinam
703 2392 773 2447 deli·
826 2391 882 2458 die,
896 2405 962 2447 oum
974 2400 1047 2448 emet
1062 2391 1189 2446 mcuuda
1212 2389 1292 2458 teria,
1310 2390 1367 2445 duo
1381 2388 1429 2458 lilll
1449 2387 1576 2459 predicti
1596 2386 1674 2456 priu-

58 2480 232 2550 soleautqui
252 2486 290 2534 tot
311 2480 371 2534 suis
392 2477 621 2548 malnirrogam.
638 2480 772 2548 Repertu-
826 2480 912 2550 cipes,
952 2478 1060 2536 allectis
1099 2479 1153 2536 sibi
1188 2478 1293 2549 viginti
1325 2478 1452 2547 peditum
1492 2476 1675 2543 militumque

59 2568 173 2624 umdem
203 2565 332 2634 latibulo,
366 2566 467 2622 obvios
490 2567 606 2636 quidem
629 2566 721 2636 primo
744 2582 773 2623 se
826 2568 965 2634 millibus,
996 2567 1222 2623 sarracenorum
1245 2566 1407 2637 provincias
1433 2564 1601 2636 depopulari
1622 2575 1673 2633 ag·

58 2656 133 2723 beet,
148 2656 196 2711 sed
215 2654 405 2730 postmodqm,
426 2655 496 2725 luga
510 2653 611 2711 callide
626 2656 771 2726 simulata,
826 2656 1009 2727 grediuntur.
1624 2644 1636 2665 ‘

71 2744 292 2815 insequentibus
305 2743 371 2799 duci
386 2741 496 2810 sinunt,
511 2742 561 2799 ubi
579 2743 697 2799 indubie
719 2758 773 2799 uo·
1159 2777 1274 2835 CAPUT
1294 2778 1332 2834 ΠΙ

56 2841 129 2889 atere
141 2835 168 2887 in
185 2831 297 2887 insidiis
311 2830 519 2887 boemundum.
539 2831 656 2898 ibidem,
672 2833 773 2889 Tureis
1336 2820 1343 2833 ’

56 2922 140 2986 tibus,
170 2921 227 2976 duo
250 2933 286 2975 ex
312 2919 417 2974 uostris
435 2918 644 2976 occubuerunt.
674 2921 711 2976 bt
737 2920 812 3002 ⁸¹⁰0
863 2920 934 2992 [tit]
958 2922 1069 2977 interea
1087 2921 1174 2976 'l'uroi
1195 2928 1223 2976 et
1247 2920 1365 2988 Arabes,
1394 2917 1543 2974 Sarraceui
1567 2916 1675 2987 aliique

73 3022 133 3064 sese
160 3007 345 3063 Boemundus
365 3006 524 3074 excutiens,
550 3007 682 3064 bostibus
705 3022 771 3063 cnm
826 3009 952 3082 gentiles,
973 3011 1023 3081 qui
1036 3007 1162 3065 coierant
1178 3009 1214 3064 ab
1239 3006 1417 3064 llierusalem
1431 3014 1459 3062 et
1473 3007 1621 3072 Damasco,
1647 3011 1675 3060 et

55 3096 285 3152 uimadversioue
308 3093 450 3162 occurrit;
466 3093 580 3163 eosqui
599 3094 773 3151 videbantur
826 3099 907 3169 Alep,
933 3097 1056 3168 aliisque
1078 3097 1223 3169 gentibus,
1249 3096 1310 3166 pari
1339 3095 1437 3151 animo
1457 3093 1672 3166 conglomerati,

56 3185 149 3241 ertisse
182 3182 307 3247 reduxit,
339 3188 367 3237 et
393 3180 601 3237 coulertissima
623 3197 772 3239 armorum
825 3186 994 3258 presidium
1016 3185 1107 3242 eidem
1132 3185 1230 3254 laturi,
1248 3198 1316 3241 cum
1341 3184 1452 3240 inlinito
1475 3182 1590 3254 agmine
1612 3185 1674 3238 Au-

56 3269 259 3328 rneconllirit.
278 3268 323 3324 Ex
342 3269 383 3324 eis
399 3267 495 3338 itaque
516 3269 655 3336 plurimos
676 3270 773 3327 iuteri-
825 3275 961 3333 tiocbiam
999 3275 1201 3345 properabant.
1225 3274 1246 3328 li
1272 3274 1332 3344 jam
1362 3279 1563 3342 compererant
1588 3271 1674 3327 Cbri-

56 3375 75 3414 ts
93 3368 221 3429 captivos
240 3355 375 3425 abducit3
400 3356 436 3410 ad
460 3356 539 3411 urbis
562 3365 674 3428 portam
699 3373 772 3429 quos
825 3363 933 3420 stianos
955 3363 984 3418 iu
1015 3378 1082 3419 suos
1106 3364 1186 3430 lines,
1213 3377 1265 3433 pro
1299 3363 1417 3432 lrugum
1446 3369 1674 3429 caeterorumque

64 3446 212 3518 pertrabit,
238 3444 346 3515 ibique,
371 3444 408 3500 ad
424 3452 558 3502 terrorem
581 3448 771 3515 spectantium
825 3452 941 3508 utilium
961 3451 1136 3520 collectione,
1155 3465 1314 3518 cursuros;
1341 3458 1368 3506 et
1392 3449 1563 3517 crepusculo
1578 3447 1675 3503 adbuc

63 3536 205 3605 capitibus
227 3534 298 3591 caedi
319 3533 455 3603 precipit.
481 3538 530 3589 bst
552 3534 643 3603 aliqui
667 3535 771 3592 civita·
825 3539 925 3606 dnbio,
939 3547 1040 3595 contra
1057 3539 1241 3595 nostrosacie
1253 3545 1424 3609 praeparata,
1437 3536 1486 3592 ubi
1502 3550 1550 3592 eos
1568 3548 1672 3605 exspe-

56 3667 60 3692 ,
86 3625 239 3695 cuiusdam
269 3622 491 3679 conscendentes
519 3631 606 3692 portae
625 3637 769 3693 suprema,
825 3625 1084 3692 ctaredtdiceraut,
1112 3640 1178 3681 cum
1199 3627 1347 3681 alacritate
1377 3625 1407 3680 iu
1432 3623 1576 3679 tristitiam
1606 3636 1673 3678 mox

56 3728 162 3770 tersum
187 3712 347 3782 fatigabant
368 3717 480 3766 nostros
502 3724 622 3765 suarum
644 3711 771 3782 jactibus
824 3714 972 3782 vertenda,
988 3713 1176 3770 centendunt.
1202 3713 1416 3784 Dispertiuutur
1429 3711 1527 3781 itaque
1541 3724 1602 3767 sese
1623 3718 1674 3778 per

56 3815 114 3857 rm:
135 3802 162 3856 iu
180 3808 291 3855 tantum
308 3807 339 3854 ut
360 3798 436 3853 iutra
452 3797 594 3854 ambitum
609 3808 770 3856 castrorum
824 3802 948 3859 duarum
983 3800 1116 3873 laeierum
1158 3808 1278 3868 turmas,
1311 3801 1431 3857 alteram
1463 3814 1481 3855 a
1508 3807 1673 3855 nostrorum

56 3889 93 3956 di,
121 3888 271 3944 missilium
300 3887 417 3943 nimbus
442 3880 585 3955 influeret,
616 3894 643 3943 et
667 3888 771 3944 mulier
823 3889 967 3948 lroutibus
992 3891 1216 3960 premittentes;
1242 3890 1333 3945 altera
1359 3887 1527 3960 retrograda
1559 3900 1673 3942 omnem

56 3975 425 4048 ctusagittaeocoumberet.
823 3993 924 4036 eorum
957 3979 1067 4035 ambire
1090 3979 1250 4035 exercitum
1276 3978 1433 4034 molientes.
1457 3980 1493 4033 At
1519 3975 1674 4033 l'landreu-

56 4080 91 4123 ue
115 4066 258 4134 principes
280 4063 433 4119 eonsilium
451 4063 675 4132 communicant,
700 4079 771 4121 con-
824 4068 900 4124 sium
915 4081 1018 4135 comes,
1037 4068 1073 4123 de
1087 4066 1186 4122 divina
1210 4066 1376 4123 nullatenus
1396 4066 1504 4122 virtute
1528 4065 1671 4131 diltldens,

56 4169 109 4225 qne
129 4161 157 4209 et
171 4153 307 4209 ordinant
324 4160 355 4208 nt
374 4160 501 4207 castrum
525 4152 585 4208 fieri
602 4153 717 4210 deberet
741 4154 769 4209 iu
824 4155 942 4226 praeilxe
956 4155 1034 4211 cordi
1059 4167 1094 4209 ao
1119 4155 1231 4225 corpori
1259 4168 1312 4211 suo
1340 4154 1422 4226 signo
1447 4153 1552 4220 crucis,
1581 4154 1673 4210 laetus

56 4254 77 4296 n
93 4238 325 4305 actricomonte,
343 4238 421 4308 quod
441 4239 623 4310 llalreguard
639 4242 769 4311 appella·
788 4243 810 4297 u
827 4244 932 4315 insigni
947 4243 1049 4300 comite
1073 4243 1249 4312 Boemuudo,
1274 4258 1317 4311 ea,
1346 4258 1407 4315 qua
1433 4249 1529 4300 tantm
1557 4242 1674 4300 decebat

58 4330 106 4402 jus
120 4327 284 4398 praesidinm
300 4327 481 4382 tormidinem
497 4328 551 4383 sibi
574 4329 681 4385 valeret
697 4331 770 4386 sub·
826 4333 914 4396 viros,
931 4331 1061 4389 bostibus
1075 4332 1313 4403 magnanimitate
1327 4332 1463 4389 occurrit.
1484 4334 1587 4404 Pugna
1606 4346 1675 4388 con·

68 4416 241 4471 ’lurcorum
280 4414 378 4469 Flebat
410 4414 507 4483 itaque
537 4416 684 4484 oppidum,
723 4417 772 4473 sed
825 4421 942 4487 seritur,
961 4421 1011 4477 sed
1034 4421 1063 4475 in
1090 4421 1151 4490 ipsa
1174 4420 1256 4490 primi
1282 4421 1467 4477 attentatione
1491 4433 1672 4491 congressus,

55 4517 71 4559 e
99 4503 158 4559 illic
178 4504 298 4567 videres,
328 4503 358 4556 in
388 4502 517 4571 lapidum
536 4505 770 4574 comportatione,
823 4508 915 4580 tagax
939 4508 1028 4565 bostis
1051 4509 1202 4564 avertitur.
1237 4512 1311 4564 ³98
1336 4508 1486 4565 llutautur
1513 4507 1587 4564 bella
1611 4515 1668 4562 tro-

58 4605 84 4646 m
111 4605 215 4647 manns
240 4590 389 4645 elaborare
411 4591 585 4660 principum.
621 4591 683 4648 Nou
711 4591 772 4648 istie
826 4595 923 4664 pbaeis,
957 4603 1046 4666 atque
1085 4603 1165 4666 terga
1189 4595 1361 4651 vertentium
1391 4593 1466 4649 illisa
1493 4592 1672 4662 corporibus,

56 4693 147 4735 uanus
171 4679 308 4749 conqueri
340 4686 460 4748 poterat,
495 4679 608 4749 aliquas
630 4694 690 4736 sese
722 4694 773 4750 per
824 4683 1024 4753 multipliciter
1052 4682 1148 4738 rasilis
1179 4682 1262 4738 basta
1294 4681 1497 4752 coniringitur.
1532 4680 1673 4736 Fraxiuos

56 4783 68 4824 n
88 4767 243 4838 potentiam
258 4769 394 4837 angarias
413 4767 544 4834 tolerare,
570 4781 637 4823 cum
657 4769 772 4838 eosqui
824 4771 997 4828 creberrime
1022 4770 1124 4843 leugas
1144 4770 1254 4828 hostilis
1269 4767 1376 4839 excipit
1393 4768 1490 4835 umbo,
1516 4776 1545 4824 et
1560 4767 1673 4838 maguis

59 4856 217 4912 luebantur
230 4855 399 4922 attenderet,
415 4857 444 4909 in
466 4856 589 4911 extremi
609 4854 693 4911 etiam
716 4870 771 4912 ex·
825 4858 954 4928 impactae
971 4858 1093 4927 viribus,
1118 4873 1168 4929 per
1188 4856 1346 4913 nimietates
1362 4856 1473 4912 ietuunu
1488 4856 1518 4912 iu
1543 4855 1673 4911 bastulas

56 4957 71 4998 e
94 4944 195 5012 operis,
220 4942 301 4998 nullo
325 4944 408 4998 modo
430 4943 544 4999 sibimet
567 4944 659 4999 otium
679 4944 772 5001 indul·
825 4946 1019 5005 minutantur.
1048 4947 1135 5003 Galea
1157 4944 1345 5002 mucronibus
1375 4952 1485 5014 operta,
1507 4944 1672 5014 occipitium

56 5031 155 5087 iebant
181 5044 309 5101 nauaque
335 5032 388 5101 piae
412 5035 525 5087 naturae
549 5031 695 5099 instinctu,
720 5033 771 5089 etsi
825 5048 882 5091 uon
912 5034 1039 5092 defendit
1062 5049 1080 5090 a
1103 5034 1242 5096 vnlnere:
1269 5032 1436 5100 loricarum,
1461 5041 1495 5089 ut
1517 5031 1671 5103 putabant,

56 5127 134 5185 aaut,
154 5119 232 5191 quod
247 5118 356 5175 ilarius
370 5119 417 5175 ille
438 5120 598 5176 secuudum
614 5120 770 5178 Salustium
822 5124 1085 5194 impenetrabilium
1119 5121 1328 5193 praetextiones,
1350 5121 1496 5177 tenuitatis
1523 5130 1671 5178 accusant.

56 5216 105 5264 ‚tu
120 5217 156 5274 te,
173 5207 277 5278 inquit,
295 5206 417 5264 molliter
432 5220 511 5279 agas,
535 5209 694 5265 exereitum
716 5224 770 5266 au·
822 5210 917 5268 Nullis
937 5225 1089 5282 corporum
1127 5209 1257 5281 partibus
1290 5210 1471 5266 munimenta
1504 5209 1674 5280 proluerent

56 5296 115 5352 erio
128 5309 224 5367 cogas,
242 5296 296 5351 boo
317 5303 359 5352 est
371 5296 520 5353 domiuum
541 5311 599 5354 non
613 5297 771 5368 imperato·
824 5299 967 5370 quidquid
982 5307 1078 5356 tutum
1101 5296 1219 5354 Barbari
1232 5296 1366 5368 judicant
1388 5296 1569 5365 infirmatum
1586 5298 1672 5368 quid-

56 5398 110 5439 e.»
131 5384 248 5440 Peracto
276 5384 375 5455 itaque
397 5392 500 5453 castro,
531 5386 676 5460 principes
698 5385 770 5443 illud
822 5388 894 5460 qnid
909 5388 1011 5444 Franci
1027 5387 1145 5457 tetigere
1165 5385 1373 5441 conmiuditur.
1392 5385 1536 5443 Sternitur
1557 5400 1672 5460 campe-

56 5473 226 5533 revicissiut.
823 5477 890 5535 stris
908 5475 1074 5551 superficies
1094 5476 1297 5535 numerositate
1314 5475 1506 5545 cadavernm3
1522 5482 1550 5532 et
1569 5476 1672 5541 crebra
