3818 6008
104 226 156 279 275
557 225 587 278 V.
608 223 774 285 culceati
795 223 986 280 abbatiss.
1008 221 1126 278 ildeAE
1146 221 1190 277 DE
1211 223 1404 278 NOVIGENTO
1798 223 1852 274 276

104 355 200 425 enim,
246 353 316 426 quia
353 352 524 409 naturaliter
565 351 682 408 humilis
722 361 787 420 est,
829 350 952 409 adlucet
970 353 1168 421 hprapositus
1192 354 1386 421 pincernarum
1415 353 1571 422 interpretis
1599 355 1644 406 sot
1671 352 1850 407 obliviscitur.

105 443 130 514 (l
159 446 224 498 Gor.
249 457 309 509 vru,
332 441 366 511 t).
392 440 514 497 Scieutia
540 454 617 507 vero,
642 440 713 511 quia
739 441 843 511 saepius
869 440 951 496 indat
1004 440 1077 497 Nam
1097 439 1160 497 iicet
1182 440 1316 498 molestiae
1341 441 1489 497 interiores
1511 455 1578 497 cum
1601 440 1770 496 dillrcultate
1786 440 1850 494 vin-

104 532 216 602 (tom),
237 531 380 587 daemones
402 529 501 599 pascit.
524 528 605 585 Unde
628 536 655 585 et
678 528 732 585 tria
755 543 842 600 super
863 537 951 599 caput
1005 537 1124 595 cantur,
1152 545 1221 600 pace
1243 538 1337 586 tamen
1359 530 1619 601 quantulacunque
1642 536 1740 585 secuta
1763 528 1853 598 proli-

105 619 192 675 inisse
206 618 345 674 dicuntur
358 617 496 685 canistra,
513 617 582 687 quia
600 617 656 673 tria
670 625 738 673 sunt
762 617 823 673 sine
844 617 952 687 quibus
1005 617 1098 673 ciendi
1115 619 1260 690 appetitus
1276 620 1355 674 tacite
1372 619 1407 673 ab
1422 619 1518 674 animo
1533 618 1690 674 diducitur.

105 707 217 778 integra
235 721 292 761 non
316 712 404 776 potest
425 712 555 761 constare
579 705 707 772 scientia,
728 705 877 777 ingenium
897 706 950 761 sci·

105 795 178 861 licet,
206 809 277 850 usus
295 809 329 850 ac
355 794 502 850 memoria.
519 795 553 850 in
578 794 623 850 his
647 794 739 851 larina
756 802 896 863 versatur,
922 793 950 849 id
1321 758 1434 816 CAPM
1458 759 1529 815 xm·

104 892 146 941 est
166 883 310 940 subtilitas
335 883 517 954 cogitationis
541 882 722 953 transigitur.
751 883 802 938 Per
828 895 951 938 cannam
1043 885 1127 943 Vnus.
1157 888 1180 938 i.
1211 886 1322 939 -Post
1351 884 1418 939 dnos
1444 898 1529 938 onnes
1551 883 1622 937 uidit
1645 883 1754 937 Pboroo
1782 897 1853 936 sono

104 981 211 1040 autem,
232 971 308 1027 unde
329 971 456 1027 canistra
480 978 629 1037 vocantur,
653 970 872 1040 supervacuitas
897 984 952 1026 vo·
1005 976 1091 1028 orium.
1109 975 1212 1029 Annus
1233 972 1344 1042 primus
1367 972 1396 1028 in
1422 971 1523 1027 divina
1538 971 1723 1042 cogitatione;
1746 984 1853 1025 secun-

104 1060 227 1117 calitatis
250 1067 278 1116 et
292 1061 463 1131 eloquentiae
479 1059 626 1131 signatum
641 1073 766 1128 qnorum
789 1073 890 1114 sensus
911 1065 952 1114 est
1006 1062 1061 1118 dtis
1078 1061 1106 1116 ln
1122 1061 1187 1118 boni
1202 1061 1295 1131 operis
1318 1061 1459 1131 accipitur
1482 1059 1674 1116 exsecutione.
1692 1059 1731 1113 De
1746 1058 1854 1128 quibus

105 1149 218 1220 aliquos
238 1164 288 1220 per
301 1148 459 1219 simplicem
483 1146 709 1204 benevolentiam
731 1147 840 1217 absque
861 1146 951 1203 scien·
1007 1151 1036 1207 in
1063 1151 1173 1221 psalmo
1201 1157 1243 1206 est
1277 1165 1283 1204 :
1313 1151 1483 1204 Intellectum
1509 1150 1562 1203 tibi
1586 1147 1666 1213 derbe,
1694 1146 1799 1218 inquit,
1829 1151 1854 1199 et

106 1238 154 1301 tia,
170 1246 197 1295 el
222 1236 332 1306 litteris,
358 1252 409 1308 per
422 1237 588 1308 patientiam
610 1235 761 1306 prolicere;
776 1235 888 1306 aliquos
903 1249 953 1306 per
1006 1243 1141 1294 instruam
1164 1244 1188 1292 te
1215 1238 1299 1308 (Psoi.
1317 1253 1404 1304 xxxi,
1426 1240 1460 1306 3),
1483 1245 1514 1292 ut
1539 1235 1695 1293 intellectui
1720 1249 1853 1304 coopere-

104 1327 256 1383 elationem
285 1341 321 1382 ex
344 1326 422 1381 tastu
442 1324 588 1394 sapientie
615 1332 745 1391 tractam,
774 1325 953 1380 doetrromhus
1007 1329 1047 1383 ris
1076 1335 1134 1383 tuo.
1160 1326 1338 1382 sicutenim
1365 1341 1460 1382 annus
1484 1325 1595 1391 diebus,
1626 1325 1665 1380 ita
1696 1331 1855 1393 utrumque

106 1413 213 1470 scilicet
228 1414 404 1470 nutrimenta
420 1413 556 1468 conterre.
1008 1417 1061 1487 piis
1082 1415 1176 1486 fulget
1200 1416 1271 1471 actis
1294 1423 1321 1470 et
1344 1415 1486 1471 sensibus.
1513 1414 1626 1470 Tertius
1656 1413 1683 1467 in
1708 1427 1766 1482 quo
1781 1427 1855 1466 som-

142 1502 229 1558 Vatts.
253 1505 297 1557 20.
323 1533 356 1541 -
381 1502 494 1556 Exinde
516 1501 573 1555 dies
592 1503 688 1555 laelius
709 1501 853 1555 uttlelt'lt'us
878 1501 951 1553 Phe·
1005 1508 1081 1561 nium
1106 1504 1228 1569 videtur,
1248 1503 1468 1573 perseverantiae
1490 1500 1608 1558 intentio
1623 1509 1675 1568 est,
1701 1499 1777 1556 unde
1798 1499 1856 1554 illic

105 1594 199 1645 coortis
225 1597 293 1645 eret.
321 1590 433 1646 Abhinc
465 1590 510 1645 die
540 1588 622 1645 tertio
659 1589 771 1645 Pharao
802 1589 951 1655 nascitur,
1007 1592 1406 1664 sequitur:Firmabosuper
1428 1593 1555 1646 teoculos
1577 1587 1854 1661 meos(tbid.t,scili-

106 1694 172 1734 cum
201 1685 263 1748 post
288 1679 413 1748 ineptam
440 1692 506 1748 quae
526 1676 618 1748 primo
646 1677 724 1733 intus
752 1677 846 1733 oritur
869 1674 953 1747 quasi
1008 1690 1051 1739 cet
1071 1689 1102 1738 ut
1124 1680 1279 1738 secundem
1294 1687 1450 1751 proventus
1473 1687 1545 1736 tuos.
1571 1678 1635 1734 Post
1649 1691 1760 1733 annum
1775 1690 1854 1746 ergo,

106 1767 239 1838 quadam
256 1767 307 1822 tux
331 1765 468 1830 letitiam,
489 1772 516 1821 et
533 1765 684 1821 verborum
698 1765 952 1836 ootnmpsjaoran-
1009 1771 1037 1827 id
1051 1777 1093 1826 est
1113 1768 1331 1826 illustrationem
1355 1767 1475 1824 celestis
1496 1766 1630 1834 scientia,
1659 1766 1784 1834 itemque
1810 1777 1857 1818 an-

108 1856 188 1923 tiam,
213 1862 240 1910 ct
259 1862 385 1924 apertam
405 1861 546 1923 postremo
567 1853 638 1924 jam,
664 1861 691 1909 et
716 1867 857 1921 securam,
882 1867 917 1909 ac
930 1852 954 1908 si
1009 1873 1080 1914 nnnc
1102 1857 1284 1928 operationis,
1311 1857 1442 1913 videlicet
1472 1855 1678 1911 institutionem
1707 1854 1761 1924 piae
1789 1868 1856 1908 cum

106 1944 142 1999 de
167 1943 328 1999 clarissima
356 1941 483 1998 scientim
503 1955 563 1997 suae
589 1941 635 1996 die
661 1941 804 1997 fiduciam.
832 1940 952 2010 Pharao,
1010 1947 1130 2002 lirniitas
1153 1947 1325 2016 proponitur
1351 1944 1585 2015 perseverantiae,
1614 1943 1741 2012 pravitas
1766 1941 1857 1997 nostri

108 2033 134 2088 id
148 2039 190 2087 est
204 2031 356 2101 dissipator
375 2030 545 2097 sanctitatis,
568 2029 595 2084 io
613 2030 709 2085 animo
725 2043 849 2100 nequam
865 2043 955 2100 oppe-
1013 2040 1082 2089 m
1107 2033 1258 2104 appetitus,
1275 2034 1325 2104 qui
1348 2032 1537 2103 dissipatoris,
1564 2031 1641 2102 quod
1664 2039 1706 2086 est
1731 2030 1855 2095 Pharao,

107 2120 176 2176 titus
191 2120 331 2191 exsurgit.
358 2118 489 2176 Vicissim
513 2118 589 2174 enim
607 2119 651 2174 hae
675 2119 704 2174 in
728 2119 812 2175 nobis
835 2119 954 2175 lunestm
1006 2124 1073 2195 jure
1087 2130 1218 2179 censetur
1240 2121 1354 2177 nomine
1377 2121 1445 2178 :vei
1459 2122 1544 2176 ctiam
1569 2121 1628 2190 ipse
1642 2118 1774 2175 diabolus
1787 2117 1856 2174 sub·

106 2208 291 2264 claritudines
307 2207 361 2263 sibi
381 2206 533 2263 succedere
549 2206 649 2262 solent.
670 2208 722 2273 Qui
732 2209 837 2273 sociem
851 2208 955 2275 grande
1010 2210 1050 2266 tili
1075 2211 1202 2281 quadam
1226 2208 1344 2265 scientia
1366 2223 1429 2274 sua,
1449 2216 1476 2264 et
1497 2208 1587 2264 instar
1602 2206 1705 2262 somnii
1727 2205 1781 2261 sihi
1805 2205 1856 2260 soli

107 2300 258 2352 concinium
290 2298 384 2366 pueris
418 2297 476 2351 suis
509 2295 666 2350 recordatus
700 2299 739 2350 est
766 2298 837 2350 inter
860 2298 955 2366 epulas
1008 2299 1131 2370 cognita,
1150 2297 1291 2368 portendit
1313 2297 1390 2366 apud
1412 2312 1441 2352 se
1464 2310 1497 2352 ac
1521 2295 1652 2366 providet
1675 2294 1774 2349 lutura
1796 2300 1857 2363 post

106 2387 234 2454 magistri
256 2387 457 2455 placentarum,
482 2390 508 2438 et
528 2387 664 2453 pistorum
682 2386 828 2454 principis.
855 2385 952 2452 (Vnus.
1010 2386 1110 2458 gratiae
1124 2386 1331 2456 experientiam
1348 2386 1392 2441 dis
1410 2385 1523 2440 rimina.

107 2474 159 2536 et,
182 2473 236 2541 Pi.)
277 2471 456 2541 destituitque
486 2471 602 2524 alterum
629 2473 658 2523 in
686 2471 770 2524 locum
803 2486 891 2538 suurn,
924 2475 956 2526 ut
1045 2475 1131 2531 Vens.
1156 2478 1184 2539 7,
1207 2476 1233 2529 8.
1258 2505 1290 2514 -
1313 2474 1433 2542 Evigilot
1454 2479 1514 2543 post
1539 2475 1654 2542 quietem
1682 2471 1808 2533 Pherae.
1833 2473 1858 2522 el

104 2563 257 2630 porrigeret
282 2561 341 2625 regi
362 2560 500 2627 poculum,
526 2559 642 2612 ultorum
665 2559 805 2627 suspendit
829 2561 858 2613 in
880 2561 955 2628 poti·
1009 2566 1082 2630 secto
1103 2578 1182 2617 mone
1208 2577 1309 2631 penore
1328 2564 1507 2632 perterritus,
1535 2562 1611 2615 misit
1634 2560 1671 2614 ud
1699 2557 1858 2629 conjectores

108 2649 178 2702 bulo.
193 2644 352 2716 coisee'ptus
374 2645 459 2702 corde
479 2646 591 2701 Pharao
609 2660 700 2717 usque
726 2647 761 2702 ab
784 2647 873 2703 robur
889 2661 955 2718 per-
1011 2652 1141 2722 AEggpti,
1166 2656 1326 2719 cunctosque
1347 2653 1498 2720 sopientes;
1525 2653 1550 2704 et
1572 2650 1708 2704 accusetis
1731 2650 1859 2701 remouit

108 2737 221 2795 tinacia>
245 2750 295 2806 per
318 2735 460 2802 triduum,
482 2734 559 2806 quod
587 2735 784 2805 praediximus,
811 2737 953 2805 evehitur,
1009 2734 1857 2809 somnt‘nm,neeeretguiinterpretaretur.QuiesPharaonis¹

108 2834 135 2883 et
155 2834 224 2882 tunc
246 2823 435 2893 pessimarum
459 2822 564 2893 pabulo
588 2823 756 2894 gloriarum,
781 2825 904 2894 pueriles
928 2834 956 2882 et
1010 2827 1152 2883 calliditas
1176 2834 1227 2895 est,
1248 2841 1308 2896 qua
1327 2826 1363 2882 ad
1387 2828 1486 2883 horam
1508 2825 1602 2882 dillert
1625 2825 1786 2881 molestiam
1803 2823 1860 2878 ini-

109 2912 292 2971 circumlatas
314 2912 391 2967 omni
413 2918 496 2967 vento
524 2911 661 2968 doctrinae
686 2913 873 2984 cogitationes
896 2913 957 2971 dis·
974 2925 994 2980 c
1010 2916 1203 2986 pugnationis.
1222 2916 1357 2984 Evigilet,
1373 2930 1439 2972 cum
1456 2915 1584 2971 animum
1601 2912 1779 2983 perturbem
1796 2919 1861 2967 len-

109 3003 209 3060 tendit.
240 3005 313 3057 luter
339 3003 432 3071 epulum
462 3003 629 3058 recordatur
655 3005 783 3071 magistri
807 3007 957 3075 pincerne·
1012 3003 1125 3060 lationis·
1145 3004 1282 3061 incursat.
1312 3004 1395 3059 Facio
1413 3020 1492 3058 mune
1513 3019 1614 3072 pavore
1639 3008 1771 3067 terretur,
1792 3013 1860 3056 eum

109 3108 181 3161 rum,
192 3096 217 3145 et
230 3093 367 3160 pistorum
381 3092 526 3159 principis,
536 3105 602 3145 cum
618 3099 680 3160 post
690 3092 732 3146 vel
746 3093 819 3148 inter
830 3093 958 3150 fastuum
1012 3090 1086 3146 inter
1105 3091 1272 3146 tentandum
1287 3092 1444 3148 clarilicata
1457 3090 1596 3146 divinitus
1607 3097 1700 3145 mente
1715 3089 1749 3144 dc
1764 3087 1861 3143 subita

110 3180 194 3251 quasi
212 3179 406 3250 quarumdam
431 3179 549 3248 dapium
575 3178 824 3250 ingurgitationes,
840 3195 876 3237 ex
898 3181 957 3251 ipso
1012 3177 1174 3248 repulsione
1206 3178 1348 3235 turbatur.
1374 3178 1460 3235 Mittit
1495 3179 1532 3233 od
1559 3178 1720 3246 suspecturus
1746 3177 1861 3247 diggpti

109 3268 311 3338 superbiarum
334 3268 457 3337 pondere
479 3267 623 3323 recordari
643 3282 694 3323 nos
717 3266 794 3334 facit,
812 3268 956 3340 hincqui-
1011 3272 1170 3336 cunctosque
1194 3269 1329 3335 sopientes
1357 3282 1422 3323 cum
1452 3266 1628 3337 spiritualem
1658 3264 1860 3337 cogitationem

109 3357 173 3439 dem
201 3355 367 3426 principalis
381 3355 471 3411 nostri
495 3355 574 3420 boni,
592 3356 669 3426 quod
690 3362 731 3413 est
748 3356 835 3426 pletas
851 3358 957 3413 volun·
1011 3353 1275 3421 circumveniretis
1290 3356 1431 3427 vestigare
1446 3357 1509 3425 ejus
1523 3355 1695 3411 intentiones
1710 3367 1861 3423 permun-

110 3445 185 3509 tatis,
202 3459 267 3515 queo
283 3443 389 3500 scilicet
407 3443 552 3515 ergastulo
573 3443 726 3512 addicitur,
745 3444 823 3500 illine
838 3445 959 3502 rationis
1011 3442 1093 3498 danae
1111 3441 1214 3498 nititur
1229 3442 1342 3499 astutiae
1361 3443 1601 3500 ratiocinationes.
1622 3444 1771 3497 Accusitis
1786 3456 1861 3496 som·

109 3532 479 3590 subtilitatumdivinarum
489 3532 960 3604 magistraequaeitidemtypoatti-
1010 3533 1086 3585 nium
1107 3537 1215 3599 narrat,
1233 3545 1298 3587 cum
1325 3540 1493 3588 coacervata
1518 3531 1699 3587 internorum
1729 3538 1860 3584 rnotnum

109 3621 333 3678 citur.1tltcrum
354 3634 423 3691 ergo
446 3623 578 3675 inlocum
599 3627 735 3689 suamet
756 3625 958 3693 regipocnlum
1012 3620 1192 3690 frequentia,
1225 3619 1259 3675 de
1281 3619 1483 3677 incertitudine
1511 3619 1698 3675 invisibilium
1728 3617 1861 3674 diabolus

107 3712 260 3782 porrigeret
284 3709 391 3764 Pboroo
411 3711 542 3776 restituit3
568 3710 683 3764 alterum
699 3711 824 3779 patibulo
846 3725 959 3781 suspen·
1011 3707 1150 3778 disputat.
1171 3708 1233 3764 Non
1257 3708 1366 3779 estqui
1389 3708 1602 3779 interpretetur,
1621 3707 1691 3778 quia
1703 3705 1862 3776 spiritualis

111 3799 162 3864 dit,
189 3798 260 3869 quie
280 3798 348 3853 dum
373 3811 408 3852 ex
433 3797 565 3853 contuitu
588 3797 738 3864 fatuitatis,
765 3807 793 3855 et
816 3800 958 3869 superbiae
1011 3797 1127 3853 animus
1145 3810 1212 3852 eum
1233 3796 1330 3853 omnia
1353 3796 1501 3868 judiceta
1529 3796 1698 3852 carnalitate
1722 3809 1780 3850 non
1807 3795 1861 3850 cir·

110 3895 214 3943 nostrae
234 3885 348 3957 fatigari
374 3885 537 3955 incipimus,
561 3900 598 3941 ex
622 3886 681 3954 lpca
697 3900 751 3942 sua
776 3887 958 3958 instigatione
1011 3883 1224 3941 cumscrihltur.
1625 3953 1626 3957 Ἰ

110 3974 287 4032 occasionem
325 3974 532 4042 restitutionis,
558 3973 670 4031 diaholo
699 3974 762 4031 licet
786 3974 875 4031 invito
902 3976 958 4031 mi·
1049 3974 1171 4029 lanso.
1193 4003 1227 4014 -
1253 3976 1325 4029 Pone
1346 3973 1454 4028 decorem
1477 3976 1651 4028 reminiscens
1668 3973 1861 4042 pincernarum

111 4063 261 4129 nistrante,
287 4061 422 4117 voluntas
448 4068 545 4117 nostra
576 4062 698 4132 accipit,
727 4069 755 4118 et
783 4062 877 4119 locum
904 4065 959 4134 piae
1011 4063 1142 4129 magister
1167 4065 1207 4115 uit
1236 4077 1242 4115 :
1269 4063 1399 4130 Confiteor
1417 4068 1557 4132 peccatum
1578 4076 1679 4125 meum,
1701 4069 1754 4116 etc.
1781 4060 1860 4115 Tunc

111 4149 285 4218 intentionis,
311 4150 361 4219 qui
377 4149 491 4219 proprie
509 4157 604 4206 noster
624 4157 675 4217 est,
692 4151 812 4220 repetiit,
836 4160 868 4207 ut
892 4152 957 4208 illice
1013 4149 1218 4220 pincernarum
1244 4151 1378 4221 magister
1406 4151 1622 4218 reminiscitur,
1652 4154 1860 4218 peccatumque

111 4238 275 4309 Babylonis,
300 4237 326 4293 id
351 4246 393 4294 est
417 4238 512 4295 iluxui
538 4237 716 4306 tentationis,
747 4254 806 4309 qua
834 4241 955 4297 conlnn-
976 4219 1129 4305 Dlatetur,
1156 4251 1222 4293 cum
1247 4236 1322 4294 bona
1346 4237 1488 4302 voluntas,
1516 4253 1582 4308 quae
1608 4236 1735 4294 salubris
1762 4243 1859 4306 potum

111 4327 218 4395 dimnr,
244 4326 462 4383 retributionem
493 4340 581 4397 qnam
607 4327 689 4383 nobis
715 4327 847 4384 retribuit
874 4329 957 4400 (Psoi.
1011 4325 1121 4381 consilii
1140 4325 1218 4381 cordi
1241 4326 1380 4383 adversus
1404 4327 1579 4382 Pharaonem
1608 4324 1750 4395 propinat,
1768 4322 1859 4394 negli-

111 4430 232 4482 crxxvt,
247 4416 285 4483 8),
300 4415 384 4486 quasi
398 4415 533 4485 poculum
552 4415 694 4470 Pharaoni
707 4418 918 4484 retribuamus;
932 4426 959 4474 et
1012 4417 1115 4486 gentico
1130 4430 1159 4472 se
1183 4417 1289 4487 arguit,
1307 4417 1384 4487 quod
1406 4415 1589 4487 aliquantula
1604 4415 1700 4485 quiete
1717 4413 1860 4469 arridente

111 4504 287 4561 intellectum
312 4516 497 4574 quarumque
520 4502 707 4560 scientiarum
732 4504 815 4574 quasi
837 4505 959 4576 pistoriae
1011 4502 1099 4558 animi
1124 4505 1279 4574 appetitum
1302 4504 1485 4560 intermiserit
1505 4501 1698 4566 excrescendi,
1722 4500 1801 4572 quod
1821 4507 1860 4556 est

110 4592 181 4648 artis
200 4591 358 4662 principem
383 4591 445 4662 (per
468 4590 522 4647 hoc
541 4592 616 4646 enim
640 4607 764 4662 quaeque
785 4607 818 4648 ac
845 4593 868 4648 si
892 4592 959 4662 pin·
1014 4592 1176 4661 interpretis
1200 4591 1340 4648 oblivisci.
1366 4591 1484 4662 ioseph,
1512 4592 1563 4663 qni
1579 4595 1753 4658 augmentum
1768 4595 1857 4656 sonat,

112 4680 200 4737 sendo
219 4679 401 4747 discutimus,
424 4693 459 4736 ne
485 4679 512 4734 in
539 4679 703 4750 superbiam
725 4679 891 4751 efferamur)
913 4680 959 4736 di·
1013 4678 1074 4735 ideo
1097 4680 1234 4749 interpres
1250 4680 1365 4748 dicitur,
1388 4681 1458 4752 quia
1484 4694 1635 4751 utinquam
1656 4677 1754 4735 arcani
1770 4690 1859 4748 caper

111 4769 173 4824 vini
188 4768 298 4824 timoris
310 4766 439 4837 patibulo
458 4765 612 4838 affigimus,
631 4767 686 4822 imo
702 4768 913 4838 suspendimus,
931 4767 958 4823 id
1013 4767 1103 4823 divini
1128 4782 1208 4823 mens
1232 4783 1292 4825 esse
1308 4776 1405 4839 potest,
1431 4784 1496 4839 quse
1522 4784 1578 4824 uon
1604 4781 1717 4837 semper
1741 4764 1860 4822 coelestls

112 4864 154 4912 est
183 4855 220 4911 ab
244 4855 373 4925 appetitu
399 4854 498 4910 infimo
528 4853 724 4909 sublevamus.
754 4855 820 4911 liaec
848 4854 959 4911 Pharao
1014 4855 1179 4910 incrementi
1203 4865 1340 4926 appetens
1354 4865 1404 4913 est.
1425 4857 1523 4927 (Vens.
1552 4855 1713 4926 lulirotus
1732 4869 1783 4909 rec
1806 4869 1859 4909 ser·

113 4944 184 5015 agit,
205 4943 285 5014 quia,
299 4944 369 4999 dum
394 4957 445 4998 nos
458 4949 547 4999 tentat
561 4942 700 5009 diabolus,
721 4950 772 4998 aut
785 4956 892 5012 pravus
905 4956 959 5013 ap·
1012 4944 1054 4997 eis
1076 4944 1143 5011 suis,
1159 4959 1200 4998 me
1217 4949 1243 5000 et
1264 4947 1426 5013 magistrum
1447 4948 1580 5015 pistorum
1599 4943 1705 5000 retrudi
1723 4941 1811 5013 jussit
1832 4944 1860 4995 in

112 5033 218 5102 petitus
234 5032 269 5088 ad
288 5031 342 5088 ista
363 5030 530 5088 necessitate
553 5044 605 5086 nos
630 5031 714 5102 cogit,
740 5036 862 5086 mentem
883 5030 959 5087 enim
1013 5046 1144 5086 oorcemm
1158 5035 1293 5103 principis
1309 5035 1436 5089 militum.
1460 5035 1531 5095 Reno,
1557 5033 1583 5088 id
1597 5040 1638 5089 est
1652 5029 1796 5098 diabolus,
1812 5027 1858 5099 qui

113 5119 148 5175 ad
171 5120 262 5175 mum
287 5125 315 5176 et
332 5119 367 5175 ad
383 5133 411 5175 se
436 5118 527 5189 ipsam
550 5117 694 5175 coadunat
717 5125 744 5174 et
763 5118 888 5189 stringit.
903 5118 959 5174 Ve—
1014 5118 1079 5176 bilis
1105 5120 1248 5190 superbiae
1264 5121 1431 5178 dominatur
1450 5121 1511 5192 (tob
1540 5136 1598 5189 xci,
1614 5121 1671 5189 εδ),
1692 5121 1779 5173 sucis
1794 5119 1858 5179 suu,

112 5206 184 5263 ritas
209 5205 378 5277 coniectoris
406 5205 472 5262 inde
501 5205 650 5276 probatur,
678 5205 747 5261 dum
776 5205 866 5261 sancti
895 5219 959 5276 pro·
1013 5221 1070 5263 non
1097 5208 1250 5278 quisunt,
1276 5209 1324 5265 sed
1352 5209 1403 5279 qni
1431 5209 1558 5274 luerunt,
1575 5209 1679 5280 etjam
1703 5220 1721 5263 a
1744 5206 1860 5262 veritate

113 5294 205 5351 iectus
220 5293 393 5352 desiderium
420 5308 518 5362 verax,
541 5301 569 5351 et
591 5293 736 5364 aequitatis
757 5294 915 5362 continens,
930 5294 960 5350 in
1014 5294 1124 5352 liberati
1147 5304 1225 5365 sunt,
1243 5297 1391 5368 irascitur3
1407 5297 1435 5353 in
1460 5297 1512 5354 hos
1534 5297 1609 5353 enim
1633 5293 1760 5352 atrocius
1782 5293 1859 5350 inve·

113 5390 286 5440 eternorum
303 5384 594 5454 transitoriorumque
613 5381 781 5438 discretione
799 5397 836 5439 ex
850 5381 960 5439 ellecti-
1013 5382 1103 5451 hitur,
1132 5384 1192 5454 ipse
1215 5385 1400 5453 voluntatem,
1423 5385 1545 5443 liberum
1574 5383 1680 5441 scilicet
1696 5381 1858 5444 arbitrium,

115 5469 169 5527 bus
192 5468 351 5541 indicatur.
375 5469 472 5539 (Vnae.
497 5470 556 5537 ib.)
581 5468 788 5525 succedentibus
806 5473 958 5539 prosperis,
1012 5479 1040 5529 et
1062 5472 1232 5528 discutiendi
1254 5486 1287 5528 ac
1308 5473 1331 5528 si
1352 5472 1482 5543 pinsendi
1513 5471 1671 5543 principem
1699 5470 1858 5527 intellecum
