<?xml version="1.0" encoding="UTF-8"?>
<!DOCTYPE html PUBLIC "-//W3C//DTD XHTML 1.0 Transitional//EN"
    "http://www.w3.org/TR/xhtml1/DTD/xhtml1-transitional.dtd">
<html xmlns="http://www.w3.org/1999/xhtml" xml:lang="en" lang="en">
 <head>
  <title>
</title>
<meta http-equiv="Content-Type" content="text/html;charset=utf-8" />
  <meta name='ocr-system' content='tesseract 3.04.00' />
  <meta name='ocr-capabilities' content='ocr_page ocr_carea ocr_par ocr_line ocrx_word'/>
</head>
<body>
  <div class='ocr_page' id='page_1' title='image "./patrologiaecurs05unkngoog_0236.png"; bbox 0 0 3794 6008; ppageno 0'>
   <div class='ocr_carea' id='block_1_1' title="bbox 283 221 1732 346">
    <p class='ocr_par' dir='ltr' id='par_1_1' title="bbox 283 221 1732 346">
     <span class='ocr_line' id='line_1_1' title="bbox 283 221 1732 346; baseline 0.001 -13"><span class='ocrx_word' id='word_1_1' title='bbox 283 276 512 334; x_wconf 71' lang='lat' dir='ltr'>rboaotottts</span> <span class='ocrx_word' id='word_1_2' title='bbox 530 278 565 333; x_wconf 86' lang='lat' dir='ltr'>lrt</span> <span class='ocrx_word' id='word_1_3' title='bbox 583 276 683 346; x_wconf 80' lang='lat' dir='ltr'>OSEE,</span> <span class='ocrx_word' id='word_1_4' title='bbox 702 277 794 335; x_wconf 74' lang='lat' dir='ltr'>Alios</span> <span class='ocrx_word' id='word_1_5' title='bbox 814 278 857 334; x_wconf 82' lang='lat' dir='ltr'>ET</span> <span class='ocrx_word' id='word_1_6' title='bbox 875 278 950 335; x_wconf 80' lang='lat' dir='ltr'>tuit.</span> <span class='ocrx_word' id='word_1_7' title='bbox 969 306 1006 319; x_wconf 96' lang='lat'><strong>—</strong></span> <span class='ocrx_word' id='word_1_8' title='bbox 1024 277 1091 334; x_wconf 85' lang='lat' dir='ltr'>titt.</span> <span class='ocrx_word' id='word_1_9' title='bbox 1114 279 1145 334; x_wconf 82' lang='lat' dir='ltr'>t.</span> <span class='ocrx_word' id='word_1_10' title='bbox 1170 278 1208 335; x_wconf 83' lang='lat' dir='ltr'>nt</span> <span class='ocrx_word' id='word_1_11' title='bbox 1224 278 1297 335; x_wconf 76' lang='lat' dir='ltr'>IER.</span> <span class='ocrx_word' id='word_1_12' title='bbox 1610 281 1663 334; x_wconf 77' lang='lat' dir='ltr'>lot</span> <span class='ocrx_word' id='word_1_13' title='bbox 1725 221 1732 237; x_wconf 43' lang='lat'><strong>·</strong></span> 
     </span>
    </p>
   </div>
   <div class='ocr_carea' id='block_1_2' title="bbox 51 406 1734 5589">
    <p class='ocr_par' dir='ltr' id='par_1_2' title="bbox 51 406 1734 5589">
     <span class='ocr_line' id='line_1_2' title="bbox 58 406 1664 481; baseline -0.001 -15"><span class='ocrx_word' id='word_1_14' title='bbox 58 408 188 479; x_wconf 84' lang='lat' dir='ltr'>Replevit</span> <span class='ocrx_word' id='word_1_15' title='bbox 209 422 324 465; x_wconf 89' lang='lat' dir='ltr'>caruem</span> <span class='ocrx_word' id='word_1_16' title='bbox 341 422 394 478; x_wconf 90' lang='lat' dir='ltr'>pro</span> <span class='ocrx_word' id='word_1_17' title='bbox 407 422 441 465; x_wconf 91' lang='lat' dir='ltr'>ea</span> <span class='ocrx_word' id='word_1_18' title='bbox 460 409 536 479; x_wconf 84' lang='lat' dir='ltr'>(Gen.</span> <span class='ocrx_word' id='word_1_19' title='bbox 549 422 578 475; x_wconf 90' lang='lat' dir='ltr'>n,</span> <span class='ocrx_word' id='word_1_20' title='bbox 605 406 651 476; x_wconf 72' lang='lat' dir='ltr'>ull</span> <span class='ocrx_word' id='word_1_21' title='bbox 674 429 685 456; x_wconf 68' lang='lat' dir='ltr'>a</span> <span class='ocrx_word' id='word_1_22' title='bbox 712 421 763 478; x_wconf 92' lang='lat' dir='ltr'>pro</span> <span class='ocrx_word' id='word_1_23' title='bbox 781 410 890 465; x_wconf 79' lang='lat' dir='ltr'>Alione</span> <span class='ocrx_word' id='word_1_24' title='bbox 902 424 1012 464; x_wconf 80' lang='lat' dir='ltr'>manum</span> <span class='ocrx_word' id='word_1_25' title='bbox 1027 424 1105 464; x_wconf 87' lang='lat' dir='ltr'>suam</span> <span class='ocrx_word' id='word_1_26' title='bbox 1128 425 1182 464; x_wconf 86' lang='lat' dir='ltr'>aaa</span> <span class='ocrx_word' id='word_1_27' title='bbox 1201 412 1309 477; x_wconf 73' lang='lat' dir='ltr'>averit,</span> <span class='ocrx_word' id='word_1_28' title='bbox 1336 409 1407 481; x_wconf 85' lang='lat' dir='ltr'>quia</span> <span class='ocrx_word' id='word_1_29' title='bbox 1428 423 1495 466; x_wconf 90' lang='lat' dir='ltr'>cum</span> <span class='ocrx_word' id='word_1_30' title='bbox 1510 424 1591 467; x_wconf 90' lang='lat' dir='ltr'>mens</span> <span class='ocrx_word' id='word_1_31' title='bbox 1609 424 1664 467; x_wconf 90' lang='lat' dir='ltr'>sua</span> 
     </span>
     <span class='ocr_line' id='line_1_3' title="bbox 54 496 1734 568; baseline 0.001 -15"><span class='ocrx_word' id='word_1_32' title='bbox 54 510 107 554; x_wconf 90' lang='lat' dir='ltr'>nos</span> <span class='ocrx_word' id='word_1_33' title='bbox 121 497 267 555; x_wconf 83' lang='lat' dir='ltr'><strong>dicimus:</strong></span> <span class='ocrx_word' id='word_1_34' title='bbox 287 496 512 566; x_wconf 75' lang='lat' dir='ltr'>Repleoitlillam</span> <span class='ocrx_word' id='word_1_35' title='bbox 534 496 606 550; x_wconf 85' lang='lat' dir='ltr'>luda</span> <span class='ocrx_word' id='word_1_36' title='bbox 621 497 766 552; x_wconf 75' lang='lat' dir='ltr'>tabutata</span> <span class='ocrx_word' id='word_1_37' title='bbox 819 510 905 568; x_wconf 91' lang='lat' dir='ltr'>penes</span> <span class='ocrx_word' id='word_1_38' title='bbox 925 498 1016 554; x_wconf 87' lang='lat' dir='ltr'>Deum</span> <span class='ocrx_word' id='word_1_39' title='bbox 1042 512 1100 554; x_wconf 91' lang='lat' dir='ltr'>uon</span> <span class='ocrx_word' id='word_1_40' title='bbox 1128 499 1300 568; x_wconf 90' lang='lat' dir='ltr'>deprecatur</span> <span class='ocrx_word' id='word_1_41' title='bbox 1325 498 1424 566; x_wconf 82' lang='lat' dir='ltr'>exitia,</span> <span class='ocrx_word' id='word_1_42' title='bbox 1453 499 1571 555; x_wconf 88' lang='lat' dir='ltr'>evidens</span> <span class='ocrx_word' id='word_1_43' title='bbox 1595 498 1665 556; x_wconf 91' lang='lat' dir='ltr'>ultio</span> <span class='ocrx_word' id='word_1_44' title='bbox 1729 539 1734 545; x_wconf 86' lang='lat'>.</span> 
     </span>
     <span class='ocr_line' id='line_1_4' title="bbox 52 584 1664 659; baseline 0.001 -17"><span class='ocrx_word' id='word_1_45' title='bbox 52 589 112 642; x_wconf 80' lang='lat' dir='ltr'>ata.</span> <span class='ocrx_word' id='word_1_46' title='bbox 818 584 983 656; x_wconf 74' lang='lat' dir='ltr'>cogitationi</span> <span class='ocrx_word' id='word_1_47' title='bbox 997 586 1104 642; x_wconf 80' lang='lat' dir='ltr'>divina</span> <span class='ocrx_word' id='word_1_48' title='bbox 1127 587 1263 643; x_wconf 90' lang='lat' dir='ltr'>succedit.</span> <span class='ocrx_word' id='word_1_49' title='bbox 1285 589 1463 642; x_wconf 78' lang='lat' dir='ltr'>Antenorale</span> <span class='ocrx_word' id='word_1_50' title='bbox 1487 587 1574 659; x_wconf 88' lang='lat' dir='ltr'>luget,</span> <span class='ocrx_word' id='word_1_51' title='bbox 1598 602 1664 644; x_wconf 90' lang='lat' dir='ltr'>curn</span> 
     </span>
     <span class='ocr_line' id='line_1_5' title="bbox 305 672 1664 746; baseline 0.001 -19"><span class='ocrx_word' id='word_1_52' title='bbox 305 689 376 730; x_wconf 80' lang='lat' dir='ltr'>vnn.</span> <span class='ocrx_word' id='word_1_53' title='bbox 818 672 990 729; x_wconf 83' lang='lat' dir='ltr'>sensualitas</span> <span class='ocrx_word' id='word_1_54' title='bbox 1025 673 1152 730; x_wconf 76' lang='lat' dir='ltr'>exterior</span> <span class='ocrx_word' id='word_1_55' title='bbox 1188 674 1309 730; x_wconf 91' lang='lat' dir='ltr'>dolendo</span> <span class='ocrx_word' id='word_1_56' title='bbox 1351 675 1489 745; x_wconf 90' lang='lat' dir='ltr'>appetitui</span> <span class='ocrx_word' id='word_1_57' title='bbox 1524 675 1664 746; x_wconf 85' lang='lat' dir='ltr'>subjacet.</span> 
     </span>
     <span class='ocr_line' id='line_1_6' title="bbox 53 761 1666 835; baseline 0 -16"><span class='ocrx_word' id='word_1_58' title='bbox 53 766 130 819; x_wconf 82' lang='grc'>6.-</span> <span class='ocrx_word' id='word_1_59' title='bbox 152 786 163 813; x_wconf 75' lang='grc' dir='ltr'><strong>ι</strong></span> <span class='ocrx_word' id='word_1_60' title='bbox 191 762 343 831; x_wconf 83' lang='lat' dir='ltr'>nissipavit</span> <span class='ocrx_word' id='word_1_61' title='bbox 362 761 446 833; x_wconf 86' lang='lat' dir='ltr'>quasi</span> <span class='ocrx_word' id='word_1_62' title='bbox 469 762 586 818; x_wconf 90' lang='lat' dir='ltr'>bortum</span> <span class='ocrx_word' id='word_1_63' title='bbox 609 761 764 819; x_wconf 89' lang='lat' dir='ltr'>tentorium</span> <span class='ocrx_word' id='word_1_64' title='bbox 818 761 915 816; x_wconf 82' lang='lat' dir='ltr'>Murus</span> <span class='ocrx_word' id='word_1_65' title='bbox 935 763 1043 831; x_wconf 72' lang='lat' dir='ltr'>parate</span> <span class='ocrx_word' id='word_1_66' title='bbox 1073 761 1239 833; x_wconf 90' lang='lat' dir='ltr'>dissipatur,</span> <span class='ocrx_word' id='word_1_67' title='bbox 1270 777 1336 819; x_wconf 91' lang='lat' dir='ltr'>cum</span> <span class='ocrx_word' id='word_1_68' title='bbox 1363 763 1604 835; x_wconf 77' lang='lat' dir='ltr'>imaginationum</span> <span class='ocrx_word' id='word_1_69' title='bbox 1629 763 1666 819; x_wconf 93' lang='lat' dir='ltr'>li-</span> 
     </span>
     <span class='ocr_line' id='line_1_7' title="bbox 58 849 1367 923; baseline 0 -15"><span class='ocrx_word' id='word_1_70' title='bbox 58 851 212 909; x_wconf 89' lang='lat' dir='ltr'>demolitus</span> <span class='ocrx_word' id='word_1_71' title='bbox 226 858 269 906; x_wconf 89' lang='lat' dir='ltr'>est</span> <span class='ocrx_word' id='word_1_72' title='bbox 296 849 517 907; x_wconf 89' lang='lat' dir='ltr'>tabernaculum</span> <span class='ocrx_word' id='word_1_73' title='bbox 533 864 629 906; x_wconf 90' lang='lat' dir='ltr'>suum.</span> <span class='ocrx_word' id='word_1_74' title='bbox 647 869 661 901; x_wconf 72' lang='lat' dir='ltr'>a</span> <span class='ocrx_word' id='word_1_75' title='bbox 688 850 763 917; x_wconf 85' lang='lat' dir='ltr'>vau,</span> <span class='ocrx_word' id='word_1_76' title='bbox 818 850 912 907; x_wconf 87' lang='lat' dir='ltr'>centia</span> <span class='ocrx_word' id='word_1_77' title='bbox 926 850 1031 921; x_wconf 89' lang='lat' dir='ltr'>passim</span> <span class='ocrx_word' id='word_1_78' title='bbox 1047 851 1165 907; x_wconf 89' lang='lat' dir='ltr'>remissa</span> <span class='ocrx_word' id='word_1_79' title='bbox 1179 851 1367 923; x_wconf 81' lang='lat' dir='ltr'>dispergitur.</span> 
     </span>
     <span class='ocr_line' id='line_1_8' title="bbox 52 938 1283 1010; baseline -0.002 -14"><span class='ocrx_word' id='word_1_80' title='bbox 52 947 126 997; x_wconf 88' lang='lat' dir='ltr'>tatur</span> <span class='ocrx_word' id='word_1_81' title='bbox 153 941 295 1010; x_wconf 81' lang='lat' dir='ltr'>possessio,</span> <span class='ocrx_word' id='word_1_82' title='bbox 310 953 377 1009; x_wconf 84' lang='lat' dir='ltr'>quae</span> <span class='ocrx_word' id='word_1_83' title='bbox 392 946 505 995; x_wconf 91' lang='lat' dir='ltr'>nonest</span> <span class='ocrx_word' id='word_1_84' title='bbox 520 938 578 994; x_wconf 90' lang='lat' dir='ltr'>alia</span> <span class='ocrx_word' id='word_1_85' title='bbox 598 953 687 1009; x_wconf 88' lang='lat' dir='ltr'>quam</span> <span class='ocrx_word' id='word_1_86' title='bbox 707 939 765 1008; x_wconf 82' lang='lat' dir='ltr'>ipse</span> <span class='ocrx_word' id='word_1_87' title='bbox 1200 954 1283 995; x_wconf 75' lang='grc' dir='ltr'><strong>τετε.</strong></span> 
     </span>
     <span class='ocr_line' id='line_1_9' title="bbox 52 1026 1664 1107; baseline 0.002 -22"><span class='ocrx_word' id='word_1_88' title='bbox 52 1028 182 1085; x_wconf 81' lang='lat' dir='ltr'>scribitur</span> <span class='ocrx_word' id='word_1_89' title='bbox 197 1028 310 1097; x_wconf 88' lang='lat' dir='ltr'>hortus,</span> <span class='ocrx_word' id='word_1_90' title='bbox 326 1027 371 1083; x_wconf 88' lang='lat' dir='ltr'>cni</span> <span class='ocrx_word' id='word_1_91' title='bbox 388 1027 533 1097; x_wconf 86' lang='lat' dir='ltr'>quondam</span> <span class='ocrx_word' id='word_1_92' title='bbox 549 1026 646 1083; x_wconf 90' lang='lat' dir='ltr'>vitalis</span> <span class='ocrx_word' id='word_1_93' title='bbox 669 1027 766 1082; x_wconf 90' lang='lat' dir='ltr'>incre-</span> <span class='ocrx_word' id='word_1_94' title='bbox 855 1026 940 1084; x_wconf 84' lang='lat' dir='ltr'>Vens.</span> <span class='ocrx_word' id='word_1_95' title='bbox 956 1029 982 1081; x_wconf 83' lang='lat' dir='ltr'>a.</span> <span class='ocrx_word' id='word_1_96' title='bbox 1009 1057 1041 1066; x_wconf 94' lang='lat'><em>-</em></span> <span class='ocrx_word' id='word_1_97' title='bbox 1065 1049 1076 1076; x_wconf 87' lang='lat'>‹</span> <span class='ocrx_word' id='word_1_98' title='bbox 1102 1027 1210 1107; x_wconf 73' lang='lat' dir='ltr'>Deliae</span> <span class='ocrx_word' id='word_1_99' title='bbox 1233 1034 1302 1084; x_wconf 91' lang='lat' dir='ltr'>sunt</span> <span class='ocrx_word' id='word_1_100' title='bbox 1327 1027 1355 1083; x_wconf 93' lang='lat' dir='ltr'>in</span> <span class='ocrx_word' id='word_1_101' title='bbox 1379 1031 1455 1085; x_wconf 89' lang='lat' dir='ltr'>terra</span> <span class='ocrx_word' id='word_1_102' title='bbox 1479 1038 1568 1100; x_wconf 86' lang='lat' dir='ltr'>portae</span> <span class='ocrx_word' id='word_1_103' title='bbox 1591 1030 1664 1103; x_wconf 76' lang='lat' dir='ltr'>eius,</span> 
     </span>
     <span class='ocr_line' id='line_1_10' title="bbox 52 1115 1666 1191; baseline 0.003 -19"><span class='ocrx_word' id='word_1_104' title='bbox 52 1125 152 1172; x_wconf 87' lang='lat' dir='ltr'>uetus.</span> <span class='ocrx_word' id='word_1_105' title='bbox 180 1117 267 1182; x_wconf 80' lang='lat' dir='ltr'>Quasi</span> <span class='ocrx_word' id='word_1_106' title='bbox 295 1118 401 1170; x_wconf 68' lang='lat' dir='ltr'>mrtem</span> <span class='ocrx_word' id='word_1_107' title='bbox 420 1129 488 1187; x_wconf 83' lang='lat' dir='ltr'>ergo</span> <span class='ocrx_word' id='word_1_108' title='bbox 511 1117 657 1170; x_wconf 81' lang='lat' dir='ltr'>tentorium</span> <span class='ocrx_word' id='word_1_109' title='bbox 687 1129 765 1169; x_wconf 83' lang='lat' dir='ltr'>suum</span> <span class='ocrx_word' id='word_1_110' title='bbox 821 1115 972 1186; x_wconf 80' lang='lat' dir='ltr'>»perdidit</span> <span class='ocrx_word' id='word_1_111' title='bbox 995 1124 1023 1173; x_wconf 90' lang='lat' dir='ltr'>et</span> <span class='ocrx_word' id='word_1_112' title='bbox 1049 1117 1184 1173; x_wconf 84' lang='lat' dir='ltr'>contrivit</span> <span class='ocrx_word' id='word_1_113' title='bbox 1206 1124 1301 1173; x_wconf 88' lang='lat' dir='ltr'>vectes</span> <span class='ocrx_word' id='word_1_114' title='bbox 1323 1119 1396 1189; x_wconf 87' lang='lat' dir='ltr'>ejus,</span> <span class='ocrx_word' id='word_1_115' title='bbox 1423 1132 1519 1190; x_wconf 90' lang='lat' dir='ltr'>regern</span> <span class='ocrx_word' id='word_1_116' title='bbox 1543 1120 1615 1191; x_wconf 86' lang='lat' dir='ltr'>ejus,</span> <span class='ocrx_word' id='word_1_117' title='bbox 1638 1130 1666 1177; x_wconf 93' lang='lat' dir='ltr'>et</span> 
     </span>
     <span class='ocr_line' id='line_1_11' title="bbox 67 1203 1668 1277; baseline 0.003 -17"><span class='ocrx_word' id='word_1_118' title='bbox 67 1219 134 1260; x_wconf 91' lang='lat' dir='ltr'>cum</span> <span class='ocrx_word' id='word_1_119' title='bbox 154 1204 257 1260; x_wconf 89' lang='lat' dir='ltr'>avulsa</span> <span class='ocrx_word' id='word_1_120' title='bbox 272 1204 430 1275; x_wconf 78' lang='lat' dir='ltr'>vigilantiae</span> <span class='ocrx_word' id='word_1_121' title='bbox 444 1211 472 1260; x_wconf 92' lang='lat' dir='ltr'>et</span> <span class='ocrx_word' id='word_1_122' title='bbox 488 1204 598 1260; x_wconf 91' lang='lat' dir='ltr'>timoris</span> <span class='ocrx_word' id='word_1_123' title='bbox 621 1203 704 1274; x_wconf 84' lang='lat' dir='ltr'>qnasi</span> <span class='ocrx_word' id='word_1_124' title='bbox 719 1216 766 1259; x_wconf 92' lang='lat' dir='ltr'>se-</span> <span class='ocrx_word' id='word_1_125' title='bbox 821 1204 998 1275; x_wconf 83' lang='lat' dir='ltr'>»principes</span> <span class='ocrx_word' id='word_1_126' title='bbox 1022 1204 1085 1274; x_wconf 74' lang='lat' dir='ltr'>elus</span> <span class='ocrx_word' id='word_1_127' title='bbox 1109 1205 1137 1260; x_wconf 92' lang='lat' dir='ltr'>in</span> <span class='ocrx_word' id='word_1_128' title='bbox 1160 1205 1304 1276; x_wconf 87' lang='lat' dir='ltr'>gentibus.</span> <span class='ocrx_word' id='word_1_129' title='bbox 1328 1228 1339 1254; x_wconf 74' lang='grc' dir='ltr'><strong>ι</strong></span> <span class='ocrx_word' id='word_1_130' title='bbox 1363 1206 1443 1274; x_wconf 79' lang='lat' dir='ltr'>Telis,</span> <span class='ocrx_word' id='word_1_131' title='bbox 1461 1206 1668 1277; x_wconf 85' lang='lat' dir='ltr'>interpretatur</span> 
     </span>
     <span class='ocr_line' id='line_1_12' title="bbox 52 1291 1700 1366; baseline 0.002 -18"><span class='ocrx_word' id='word_1_132' title='bbox 52 1293 241 1361; x_wconf 78' lang='lat' dir='ltr'>eumstantia,</span> <span class='ocrx_word' id='word_1_133' title='bbox 266 1292 326 1349; x_wconf 92' lang='lat' dir='ltr'>suis</span> <span class='ocrx_word' id='word_1_134' title='bbox 349 1299 473 1348; x_wconf 89' lang='lat' dir='ltr'>mentem</span> <span class='ocrx_word' id='word_1_135' title='bbox 487 1291 670 1359; x_wconf 82' lang='lat' dir='ltr'>utilitatibus,</span> <span class='ocrx_word' id='word_1_136' title='bbox 691 1305 725 1348; x_wconf 88' lang='lat' dir='ltr'>ao</span> <span class='ocrx_word' id='word_1_137' title='bbox 741 1291 764 1346; x_wconf 89' lang='lat' dir='ltr'>si</span> <span class='ocrx_word' id='word_1_138' title='bbox 819 1292 926 1348; x_wconf 77' lang='lat' dir='ltr'>beaune.</span> <span class='ocrx_word' id='word_1_139' title='bbox 955 1294 1042 1348; x_wconf 82' lang='lat' dir='ltr'>Porta</span> <span class='ocrx_word' id='word_1_140' title='bbox 1063 1293 1121 1362; x_wconf 69' lang='lat' dir='ltr'>eius</span> <span class='ocrx_word' id='word_1_141' title='bbox 1142 1296 1171 1347; x_wconf 84' lang='lat' dir='ltr'>ia</span> <span class='ocrx_word' id='word_1_142' title='bbox 1191 1300 1264 1348; x_wconf 86' lang='lat' dir='ltr'>terra</span> <span class='ocrx_word' id='word_1_143' title='bbox 1284 1294 1461 1366; x_wconf 89' lang='lat' dir='ltr'>deligantur,</span> <span class='ocrx_word' id='word_1_144' title='bbox 1486 1295 1665 1352; x_wconf 55' lang='lat' dir='ltr'>oamobstaa</span> <span class='ocrx_word' id='word_1_145' title='bbox 1695 1310 1700 1315; x_wconf 88' lang='lat'><strong>·</strong></span> 
     </span>
     <span class='ocr_line' id='line_1_13' title="bbox 62 1378 1666 1453; baseline 0.002 -17"><span class='ocrx_word' id='word_1_146' title='bbox 62 1379 206 1436; x_wconf 79' lang='lat' dir='ltr'>tractibus</span> <span class='ocrx_word' id='word_1_147' title='bbox 229 1380 333 1449; x_wconf 91' lang='lat' dir='ltr'>privat.</span> <span class='ocrx_word' id='word_1_148' title='bbox 362 1380 398 1435; x_wconf 87' lang='lat' dir='ltr'>Et</span> <span class='ocrx_word' id='word_1_149' title='bbox 426 1379 527 1436; x_wconf 90' lang='lat' dir='ltr'>merito</span> <span class='ocrx_word' id='word_1_150' title='bbox 551 1382 696 1434; x_wconf 75' lang='lat' dir='ltr'>tectorium</span> <span class='ocrx_word' id='word_1_151' title='bbox 720 1378 765 1435; x_wconf 92' lang='lat' dir='ltr'>vel</span> <span class='ocrx_word' id='word_1_152' title='bbox 818 1381 885 1437; x_wconf 91' lang='lat' dir='ltr'>cula</span> <span class='ocrx_word' id='word_1_153' title='bbox 900 1380 1030 1451; x_wconf 90' lang='lat' dir='ltr'>rationis,</span> <span class='ocrx_word' id='word_1_154' title='bbox 1045 1396 1111 1451; x_wconf 79' lang='lat' dir='ltr'>quaa</span> <span class='ocrx_word' id='word_1_155' title='bbox 1123 1380 1200 1437; x_wconf 89' lang='lat' dir='ltr'>vitiis</span> <span class='ocrx_word' id='word_1_156' title='bbox 1214 1390 1414 1452; x_wconf 92' lang='lat' dir='ltr'>opponuntur,</span> <span class='ocrx_word' id='word_1_157' title='bbox 1426 1383 1503 1453; x_wconf 82' lang='lat' dir='ltr'>guod</span> <span class='ocrx_word' id='word_1_158' title='bbox 1519 1396 1666 1440; x_wconf 90' lang='lat' dir='ltr'>summum</span> 
     </span>
     <span class='ocr_line' id='line_1_14' title="bbox 52 1466 1665 1541; baseline 0.002 -17"><span class='ocrx_word' id='word_1_159' title='bbox 52 1469 122 1524; x_wconf 70' lang='lat' dir='ltr'>uum</span> <span class='ocrx_word' id='word_1_160' title='bbox 143 1468 359 1537; x_wconf 88' lang='lat' dir='ltr'>conscientiam,</span> <span class='ocrx_word' id='word_1_161' title='bbox 376 1469 674 1535; x_wconf 88' lang='lat' dir='ltr'>nondomumvocat,</span> <span class='ocrx_word' id='word_1_162' title='bbox 696 1466 766 1537; x_wconf 89' lang='lat' dir='ltr'>quia</span> <span class='ocrx_word' id='word_1_163' title='bbox 820 1469 944 1526; x_wconf 85' lang='lat' dir='ltr'>bominis</span> <span class='ocrx_word' id='word_1_164' title='bbox 972 1468 1081 1524; x_wconf 91' lang='lat' dir='ltr'>bonum</span> <span class='ocrx_word' id='word_1_165' title='bbox 1108 1476 1160 1534; x_wconf 90' lang='lat' dir='ltr'>est,</span> <span class='ocrx_word' id='word_1_166' title='bbox 1191 1470 1313 1525; x_wconf 89' lang='lat' dir='ltr'>terrenis</span> <span class='ocrx_word' id='word_1_167' title='bbox 1336 1469 1544 1538; x_wconf 77' lang='lat' dir='ltr'>cupiditatibus</span> <span class='ocrx_word' id='word_1_168' title='bbox 1567 1471 1665 1541; x_wconf 92' lang='lat' dir='ltr'>oppri-</span> 
     </span>
     <span class='ocr_line' id='line_1_15' title="bbox 52 1544 1668 1628; baseline 0.004 -20"><span class='ocrx_word' id='word_1_169' title='bbox 52 1570 170 1625; x_wconf 64' lang='lat' dir='ltr'>tverans,</span> <span class='ocrx_word' id='word_1_170' title='bbox 189 1556 229 1612; x_wconf 95' lang='lat' dir='ltr'>nil</span> <span class='ocrx_word' id='word_1_171' title='bbox 257 1556 358 1612; x_wconf 89' lang='lat' dir='ltr'>stabile</span> <span class='ocrx_word' id='word_1_172' title='bbox 382 1556 458 1626; x_wconf 90' lang='lat' dir='ltr'>apud</span> <span class='ocrx_word' id='word_1_173' title='bbox 481 1570 511 1612; x_wconf 89' lang='lat' dir='ltr'>se</span> <span class='ocrx_word' id='word_1_174' title='bbox 526 1557 682 1626; x_wconf 91' lang='lat' dir='ltr'>proposuit,</span> <span class='ocrx_word' id='word_1_175' title='bbox 700 1569 766 1625; x_wconf 74' lang='lat' dir='ltr'>quae</span> <span class='ocrx_word' id='word_1_176' title='bbox 820 1565 951 1614; x_wconf 88' lang='lat' dir='ltr'>mantur.</span> <span class='ocrx_word' id='word_1_177' title='bbox 978 1558 1069 1612; x_wconf 80' lang='lat' dir='ltr'>Vester</span> <span class='ocrx_word' id='word_1_178' title='bbox 1090 1558 1149 1626; x_wconf 79' lang='lat' dir='ltr'>ejus</span> <span class='ocrx_word' id='word_1_179' title='bbox 1173 1555 1276 1626; x_wconf 90' lang='lat' dir='ltr'>perditi</span> <span class='ocrx_word' id='word_1_180' title='bbox 1297 1565 1495 1622; x_wconf 86' lang='lat' dir='ltr'>conteruntur,</span> <span class='ocrx_word' id='word_1_181' title='bbox 1519 1544 1585 1614; x_wconf 83' lang='lat' dir='ltr'>euru</span> <span class='ocrx_word' id='word_1_182' title='bbox 1607 1559 1668 1628; x_wconf 92' lang='lat' dir='ltr'>spi-</span> 
     </span>
     <span class='ocr_line' id='line_1_16' title="bbox 52 1643 1669 1714; baseline 0.004 -18"><span class='ocrx_word' id='word_1_183' title='bbox 52 1659 128 1701; x_wconf 74' lang='lat' dir='ltr'>ruum</span> <span class='ocrx_word' id='word_1_184' title='bbox 143 1653 203 1700; x_wconf 92' lang='lat' dir='ltr'>tam</span> <span class='ocrx_word' id='word_1_185' title='bbox 217 1644 292 1701; x_wconf 89' lang='lat' dir='ltr'>lacili</span> <span class='ocrx_word' id='word_1_186' title='bbox 310 1644 469 1700; x_wconf 88' lang='lat' dir='ltr'>desertione</span> <span class='ocrx_word' id='word_1_187' title='bbox 481 1643 624 1713; x_wconf 84' lang='lat' dir='ltr'>debilitat3</span> <span class='ocrx_word' id='word_1_188' title='bbox 640 1650 766 1714; x_wconf 86' lang='lat' dir='ltr'>utraque</span> <span class='ocrx_word' id='word_1_189' title='bbox 822 1643 941 1700; x_wconf 84' lang='lat' dir='ltr'>rituales</span> <span class='ocrx_word' id='word_1_190' title='bbox 956 1644 1120 1713; x_wconf 88' lang='lat' dir='ltr'>instinctus,</span> <span class='ocrx_word' id='word_1_191' title='bbox 1137 1647 1198 1699; x_wconf 91' lang='lat' dir='ltr'>sine</span> <span class='ocrx_word' id='word_1_192' title='bbox 1219 1644 1327 1714; x_wconf 84' lang='lat' dir='ltr'>quibus</span> <span class='ocrx_word' id='word_1_193' title='bbox 1345 1644 1450 1701; x_wconf 89' lang='lat' dir='ltr'>rationi</span> <span class='ocrx_word' id='word_1_194' title='bbox 1473 1644 1563 1702; x_wconf 92' lang='lat' dir='ltr'>robur</span> <span class='ocrx_word' id='word_1_195' title='bbox 1579 1646 1669 1702; x_wconf 90' lang='lat' dir='ltr'>inesse</span> 
     </span>
     <span class='ocr_line' id='line_1_17' title="bbox 53 1707 1668 1804; baseline 0 -16"><span class='ocrx_word' id='word_1_196' title='bbox 53 1731 176 1803; x_wconf 88' lang='lat' dir='ltr'>regrinis</span> <span class='ocrx_word' id='word_1_197' title='bbox 199 1739 227 1788; x_wconf 92' lang='lat' dir='ltr'>et</span> <span class='ocrx_word' id='word_1_198' title='bbox 252 1731 444 1788; x_wconf 89' lang='lat' dir='ltr'>militantibus</span> <span class='ocrx_word' id='word_1_199' title='bbox 465 1731 661 1801; x_wconf 91' lang='lat' dir='ltr'>perlunctoria</span> <span class='ocrx_word' id='word_1_200' title='bbox 685 1738 762 1787; x_wconf 91' lang='lat' dir='ltr'>sunt.</span> <span class='ocrx_word' id='word_1_201' title='bbox 784 1707 879 1789; x_wconf 82' lang='lat' dir='ltr'>Bnon</span> <span class='ocrx_word' id='word_1_202' title='bbox 911 1731 1058 1803; x_wconf 83' lang='lat' dir='ltr'>praevalet,</span> <span class='ocrx_word' id='word_1_203' title='bbox 1081 1739 1303 1788; x_wconf 90' lang='lat' dir='ltr'>consumuntur.</span> <span class='ocrx_word' id='word_1_204' title='bbox 1337 1734 1444 1801; x_wconf 81' lang='lat' dir='ltr'>Regem,</span> <span class='ocrx_word' id='word_1_205' title='bbox 1478 1738 1504 1788; x_wconf 90' lang='grc' dir='ltr'>ει</span> <span class='ocrx_word' id='word_1_206' title='bbox 1530 1735 1668 1804; x_wconf 73' lang='grc' dir='ltr'>ρεινιεῑρεε</span> 
     </span>
     <span class='ocr_line' id='line_1_18' title="bbox 52 1817 1669 1891; baseline 0.002 -17"><span class='ocrx_word' id='word_1_207' title='bbox 52 1819 92 1875; x_wconf 78' lang='lat' dir='ltr'>sni</span> <span class='ocrx_word' id='word_1_208' title='bbox 108 1820 225 1876; x_wconf 89' lang='lat' dir='ltr'>tradidit</span> <span class='ocrx_word' id='word_1_209' title='bbox 238 1819 376 1875; x_wconf 81' lang='lat' dir='ltr'>Dominus</span> <span class='ocrx_word' id='word_1_210' title='bbox 397 1818 426 1874; x_wconf 94' lang='lat' dir='ltr'>in</span> <span class='ocrx_word' id='word_1_211' title='bbox 451 1817 517 1873; x_wconf 88' lang='lat' dir='ltr'>Sion</span> <span class='ocrx_word' id='word_1_212' title='bbox 538 1818 718 1874; x_wconf 78' lang='lat' dir='ltr'>testivitatem</span> <span class='ocrx_word' id='word_1_213' title='bbox 738 1825 767 1874; x_wconf 91' lang='lat' dir='ltr'>ct</span> <span class='ocrx_word' id='word_1_214' title='bbox 820 1822 879 1890; x_wconf 71' lang='lat' dir='ltr'>elus</span> <span class='ocrx_word' id='word_1_215' title='bbox 902 1820 995 1891; x_wconf 85' lang='lat' dir='ltr'>perdit</span> <span class='ocrx_word' id='word_1_216' title='bbox 1018 1823 1048 1874; x_wconf 85' lang='lat' dir='ltr'>la</span> <span class='ocrx_word' id='word_1_217' title='bbox 1072 1821 1198 1888; x_wconf 78' lang='lat' dir='ltr'>gentibus</span> <span class='ocrx_word' id='word_1_218' title='bbox 1227 1834 1293 1876; x_wconf 89' lang='lat' dir='ltr'>curu</span> <span class='ocrx_word' id='word_1_219' title='bbox 1324 1820 1469 1890; x_wconf 87' lang='lat' dir='ltr'>spiritum,</span> <span class='ocrx_word' id='word_1_220' title='bbox 1495 1821 1542 1876; x_wconf 92' lang='lat' dir='ltr'>cui</span> <span class='ocrx_word' id='word_1_221' title='bbox 1570 1820 1669 1878; x_wconf 88' lang='lat' dir='ltr'>omnia</span> 
     </span>
     <span class='ocr_line' id='line_1_19' title="bbox 52 1905 1669 1980; baseline 0.002 -18"><span class='ocrx_word' id='word_1_222' title='bbox 52 1921 117 1975; x_wconf 81' lang='lat' dir='ltr'>um,</span> <span class='ocrx_word' id='word_1_223' title='bbox 145 1915 173 1964; x_wconf 92' lang='lat' dir='ltr'>et</span> <span class='ocrx_word' id='word_1_224' title='bbox 204 1908 358 1978; x_wconf 92' lang='lat' dir='ltr'>opprobrio</span> <span class='ocrx_word' id='word_1_225' title='bbox 381 1908 410 1961; x_wconf 91' lang='lat' dir='ltr'>in</span> <span class='ocrx_word' id='word_1_226' title='bbox 434 1905 632 1978; x_wconf 79' lang='lat' dir='ltr'>indignatione</span> <span class='ocrx_word' id='word_1_227' title='bbox 660 1906 767 1962; x_wconf 90' lang='lat' dir='ltr'>luroris</span> <span class='ocrx_word' id='word_1_228' title='bbox 819 1916 918 1965; x_wconf 89' lang='lat' dir='ltr'>nostra</span> <span class='ocrx_word' id='word_1_229' title='bbox 946 1922 1045 1980; x_wconf 88' lang='lat' dir='ltr'>regere</span> <span class='ocrx_word' id='word_1_230' title='bbox 1070 1909 1182 1975; x_wconf 88' lang='lat' dir='ltr'>attinet,</span> <span class='ocrx_word' id='word_1_231' title='bbox 1206 1922 1271 1964; x_wconf 92' lang='lat' dir='ltr'>cum</span> <span class='ocrx_word' id='word_1_232' title='bbox 1303 1908 1497 1965; x_wconf 87' lang='lat' dir='ltr'>sensualitatis</span> <span class='ocrx_word' id='word_1_233' title='bbox 1518 1907 1669 1966; x_wconf 89' lang='lat' dir='ltr'>allectibus</span> 
     </span>
     <span class='ocr_line' id='line_1_20' title="bbox 52 1995 1669 2067; baseline 0.003 -19"><span class='ocrx_word' id='word_1_234' title='bbox 52 2009 122 2067; x_wconf 83' lang='lat' dir='ltr'>gem</span> <span class='ocrx_word' id='word_1_235' title='bbox 144 2003 171 2053; x_wconf 89' lang='lat' dir='ltr'>et</span> <span class='ocrx_word' id='word_1_236' title='bbox 193 1996 377 2052; x_wconf 89' lang='lat' dir='ltr'>sacerdotem.</span> <span class='ocrx_word' id='word_1_237' title='bbox 404 2016 416 2044; x_wconf 76' lang='grc' dir='ltr'><strong>ι</strong></span> <span class='ocrx_word' id='word_1_238' title='bbox 448 1996 481 2049; x_wconf 85' lang='lat' dir='ltr'>la</span> <span class='ocrx_word' id='word_1_239' title='bbox 495 1996 561 2050; x_wconf 82' lang='lat' dir='ltr'>Stoa</span> <span class='ocrx_word' id='word_1_240' title='bbox 588 1996 766 2062; x_wconf 73' lang='lat' dir='ltr'>festivitatem</span> <span class='ocrx_word' id='word_1_241' title='bbox 820 1996 899 2052; x_wconf 90' lang='lat' dir='ltr'>vitiis</span> <span class='ocrx_word' id='word_1_242' title='bbox 915 1995 1076 2066; x_wconf 79' lang='lat' dir='ltr'>submergit</span> <span class='ocrx_word' id='word_1_243' title='bbox 1097 1995 1305 2051; x_wconf 78' lang='lat' dir='ltr'>enormibus«</span> <span class='ocrx_word' id='word_1_244' title='bbox 1329 1995 1391 2052; x_wconf 87' lang='lat' dir='ltr'>Non</span> <span class='ocrx_word' id='word_1_245' title='bbox 1409 2002 1452 2051; x_wconf 91' lang='lat' dir='ltr'>est</span> <span class='ocrx_word' id='word_1_246' title='bbox 1473 1995 1524 2051; x_wconf 85' lang='lat' dir='ltr'>lux</span> <span class='ocrx_word' id='word_1_247' title='bbox 1549 2003 1577 2052; x_wconf 90' lang='lat' dir='ltr'>et</span> <span class='ocrx_word' id='word_1_248' title='bbox 1600 2011 1669 2066; x_wconf 92' lang='lat' dir='ltr'>pro-</span> 
     </span>
     <span class='ocr_line' id='line_1_21' title="bbox 52 2082 1666 2155; baseline -0.002 -17"><span class='ocrx_word' id='word_1_249' title='bbox 52 2089 109 2139; x_wconf 86' lang='lat' dir='ltr'>lum</span> <span class='ocrx_word' id='word_1_250' title='bbox 137 2083 274 2140; x_wconf 89' lang='lat' dir='ltr'>oblivioni</span> <span class='ocrx_word' id='word_1_251' title='bbox 302 2087 372 2138; x_wconf 80' lang='lat' dir='ltr'>beas</span> <span class='ocrx_word' id='word_1_252' title='bbox 393 2083 487 2151; x_wconf 87' lang='lat' dir='ltr'>tradit,</span> <span class='ocrx_word' id='word_1_253' title='bbox 517 2096 585 2138; x_wconf 91' lang='lat' dir='ltr'>cum</span> <span class='ocrx_word' id='word_1_254' title='bbox 619 2082 646 2137; x_wconf 92' lang='lat' dir='ltr'>in</span> <span class='ocrx_word' id='word_1_255' title='bbox 672 2088 766 2137; x_wconf 90' lang='lat' dir='ltr'>mente</span> <span class='ocrx_word' id='word_1_256' title='bbox 823 2083 1017 2155; x_wconf 74' lang='lat' dir='ltr'>»phalesius</span> <span class='ocrx_word' id='word_1_257' title='bbox 1032 2097 1090 2139; x_wconf 92' lang='lat' dir='ltr'>non</span> <span class='ocrx_word' id='word_1_258' title='bbox 1115 2085 1290 2140; x_wconf 90' lang='lat' dir='ltr'>invenerunt</span> <span class='ocrx_word' id='word_1_259' title='bbox 1311 2084 1450 2140; x_wconf 82' lang='lat' dir='ltr'>visionem</span> <span class='ocrx_word' id='word_1_260' title='bbox 1473 2084 1635 2139; x_wconf 86' lang='lat' dir='ltr'>abomino.</span> <span class='ocrx_word' id='word_1_261' title='bbox 1651 2107 1666 2134; x_wconf 68' lang='lat' dir='ltr'>a</span> 
     </span>
     <span class='ocr_line' id='line_1_22' title="bbox 52 2171 1668 2242; baseline 0.001 -14"><span class='ocrx_word' id='word_1_262' title='bbox 52 2172 194 2240; x_wconf 76' lang='lat' dir='ltr'>adsueta,</span> <span class='ocrx_word' id='word_1_263' title='bbox 211 2172 380 2228; x_wconf 84' lang='lat' dir='ltr'>omnimodae</span> <span class='ocrx_word' id='word_1_264' title='bbox 399 2171 519 2228; x_wconf 89' lang='lat' dir='ltr'>virtutis</span> <span class='ocrx_word' id='word_1_265' title='bbox 535 2171 725 2241; x_wconf 75' lang='lat' dir='ltr'>frequentiam</span> <span class='ocrx_word' id='word_1_266' title='bbox 739 2176 767 2226; x_wconf 92' lang='lat' dir='ltr'>et</span> <span class='ocrx_word' id='word_1_267' title='bbox 821 2173 875 2230; x_wconf 90' lang='lat' dir='ltr'>Ubi</span> <span class='ocrx_word' id='word_1_268' title='bbox 900 2171 1018 2242; x_wconf 90' lang='lat' dir='ltr'>spiritus</span> <span class='ocrx_word' id='word_1_269' title='bbox 1040 2186 1096 2227; x_wconf 93' lang='lat' dir='ltr'>non</span> <span class='ocrx_word' id='word_1_270' title='bbox 1121 2179 1162 2226; x_wconf 92' lang='lat' dir='ltr'>est</span> <span class='ocrx_word' id='word_1_271' title='bbox 1187 2185 1248 2240; x_wconf 86' lang='lat' dir='ltr'>rex,</span> <span class='ocrx_word' id='word_1_272' title='bbox 1271 2171 1382 2228; x_wconf 90' lang='lat' dir='ltr'>nullius</span> <span class='ocrx_word' id='word_1_273' title='bbox 1405 2171 1609 2228; x_wconf 88' lang='lat' dir='ltr'>moderationis</span> <span class='ocrx_word' id='word_1_274' title='bbox 1626 2181 1668 2230; x_wconf 89' lang='lat' dir='ltr'>est</span> 
     </span>
     <span class='ocr_line' id='line_1_23' title="bbox 52 2257 1668 2329; baseline 0 -14"><span class='ocrx_word' id='word_1_275' title='bbox 52 2261 132 2317; x_wconf 74' lang='lat' dir='ltr'>stium</span> <span class='ocrx_word' id='word_1_276' title='bbox 148 2261 306 2318; x_wconf 87' lang='lat' dir='ltr'>oblitterari</span> <span class='ocrx_word' id='word_1_277' title='bbox 319 2259 464 2329; x_wconf 90' lang='lat' dir='ltr'>permittit.</span> <span class='ocrx_word' id='word_1_278' title='bbox 482 2259 566 2315; x_wconf 89' lang='lat' dir='ltr'>llune</span> <span class='ocrx_word' id='word_1_279' title='bbox 581 2258 654 2313; x_wconf 89' lang='lat' dir='ltr'>diem</span> <span class='ocrx_word' id='word_1_280' title='bbox 664 2257 766 2314; x_wconf 85' lang='lat' dir='ltr'>solent·</span> <span class='ocrx_word' id='word_1_281' title='bbox 821 2262 874 2315; x_wconf 83' lang='lat' dir='ltr'>lea.</span> <span class='ocrx_word' id='word_1_282' title='bbox 904 2260 1043 2329; x_wconf 74' lang='lat' dir='ltr'>ereptae</span> <span class='ocrx_word' id='word_1_283' title='bbox 1073 2258 1132 2329; x_wconf 84' lang='lat' dir='ltr'>ejas</span> <span class='ocrx_word' id='word_1_284' title='bbox 1157 2275 1211 2313; x_wconf 81' lang='lat' dir='ltr'>rica</span> <span class='ocrx_word' id='word_1_285' title='bbox 1241 2259 1394 2315; x_wconf 88' lang='lat' dir='ltr'>inveniunt</span> <span class='ocrx_word' id='word_1_286' title='bbox 1419 2261 1550 2314; x_wconf 78' lang='lat' dir='ltr'>visionem</span> <span class='ocrx_word' id='word_1_287' title='bbox 1575 2275 1593 2313; x_wconf 92' lang='lat' dir='ltr'>a</span> <span class='ocrx_word' id='word_1_288' title='bbox 1614 2263 1668 2315; x_wconf 81' lang='lat' dir='ltr'>llo-</span> 
     </span>
     <span class='ocr_line' id='line_1_24' title="bbox 52 2346 1669 2419; baseline -0.001 -14"><span class='ocrx_word' id='word_1_289' title='bbox 52 2349 199 2406; x_wconf 90' lang='lat' dir='ltr'>condensis</span> <span class='ocrx_word' id='word_1_290' title='bbox 213 2353 289 2404; x_wconf 69' lang='lat' dir='ltr'>uo</span> <span class='ocrx_word' id='word_1_291' title='bbox 314 2347 443 2418; x_wconf 90' lang='lat' dir='ltr'>psalmus</span> <span class='ocrx_word' id='word_1_292' title='bbox 464 2346 564 2403; x_wconf 90' lang='lat' dir='ltr'>indicit</span> <span class='ocrx_word' id='word_1_293' title='bbox 577 2347 662 2417; x_wconf 85' lang='lat' dir='ltr'>(Psal.</span> <span class='ocrx_word' id='word_1_294' title='bbox 678 2360 765 2413; x_wconf 85' lang='lat' dir='ltr'>oxvn,</span> <span class='ocrx_word' id='word_1_295' title='bbox 820 2350 904 2418; x_wconf 82' lang='lat' dir='ltr'>miae,</span> <span class='ocrx_word' id='word_1_296' title='bbox 931 2347 1000 2419; x_wconf 88' lang='lat' dir='ltr'>quia</span> <span class='ocrx_word' id='word_1_297' title='bbox 1023 2347 1210 2418; x_wconf 77' lang='lat' dir='ltr'>providentia</span> <span class='ocrx_word' id='word_1_298' title='bbox 1241 2346 1361 2403; x_wconf 79' lang='lat' dir='ltr'>internae</span> <span class='ocrx_word' id='word_1_299' title='bbox 1388 2346 1461 2403; x_wconf 89' lang='lat' dir='ltr'>nibil</span> <span class='ocrx_word' id='word_1_300' title='bbox 1482 2347 1536 2402; x_wconf 89' lang='lat' dir='ltr'>sibi</span> <span class='ocrx_word' id='word_1_301' title='bbox 1554 2348 1669 2418; x_wconf 89' lang='lat' dir='ltr'>prospi-</span> 
     </span>
     <span class='ocr_line' id='line_1_25' title="bbox 52 2432 1302 2506; baseline -0.002 -13"><span class='ocrx_word' id='word_1_302' title='bbox 52 2436 106 2493; x_wconf 86' lang='lat' dir='ltr'>tdit</span> <span class='ocrx_word' id='word_1_303' title='bbox 134 2437 221 2492; x_wconf 91' lang='lat' dir='ltr'>etiam</span> <span class='ocrx_word' id='word_1_304' title='bbox 252 2436 397 2505; x_wconf 80' lang='lat' dir='ltr'>opprobrio</span> <span class='ocrx_word' id='word_1_305' title='bbox 428 2449 517 2501; x_wconf 83' lang='lat' dir='ltr'>regem</span> <span class='ocrx_word' id='word_1_306' title='bbox 546 2438 571 2488; x_wconf 90' lang='grc' dir='ltr'>ει</span> <span class='ocrx_word' id='word_1_307' title='bbox 591 2432 765 2498; x_wconf 86' lang='lat' dir='ltr'>sacerdotem,</span> <span class='ocrx_word' id='word_1_308' title='bbox 821 2437 911 2504; x_wconf 83' lang='lat' dir='ltr'>ciunt,</span> <span class='ocrx_word' id='word_1_309' title='bbox 927 2436 984 2492; x_wconf 91' lang='lat' dir='ltr'>nisi</span> <span class='ocrx_word' id='word_1_310' title='bbox 998 2436 1075 2506; x_wconf 84' lang='lat' dir='ltr'>quod</span> <span class='ocrx_word' id='word_1_311' title='bbox 1090 2434 1302 2505; x_wconf 84' lang='lat' dir='ltr'>prositsaeeulo.</span> 
     </span>
     <span class='ocr_line' id='line_1_26' title="bbox 52 2521 1273 2595; baseline -0.002 -16"><span class='ocrx_word' id='word_1_312' title='bbox 52 2524 155 2593; x_wconf 84' lang='lat' dir='ltr'>rituali</span> <span class='ocrx_word' id='word_1_313' title='bbox 188 2524 326 2595; x_wconf 90' lang='lat' dir='ltr'>regimine</span> <span class='ocrx_word' id='word_1_314' title='bbox 355 2537 473 2594; x_wconf 89' lang='lat' dir='ltr'>prorsus</span> <span class='ocrx_word' id='word_1_315' title='bbox 493 2523 634 2579; x_wconf 83' lang='lat' dir='ltr'>exstincto</span> <span class='ocrx_word' id='word_1_316' title='bbox 659 2521 768 2592; x_wconf 90' lang='lat' dir='ltr'>pariter</span> <span class='ocrx_word' id='word_1_317' title='bbox 1215 2538 1273 2579; x_wconf 81' lang='lat' dir='ltr'>aon.</span> 
     </span>
     <span class='ocr_line' id='line_1_27' title="bbox 54 2609 1670 2681; baseline -0.005 -4"><span class='ocrx_word' id='word_1_318' title='bbox 54 2613 219 2677; x_wconf 61' lang='lat' dir='ltr'>Milium,</span> <span class='ocrx_word' id='word_1_319' title='bbox 238 2625 305 2681; x_wconf 67' lang='lat' dir='ltr'>(111ae</span> <span class='ocrx_word' id='word_1_320' title='bbox 328 2626 380 2667; x_wconf 81' lang='lat' dir='ltr'>¹1⁰s</span> <span class='ocrx_word' id='word_1_321' title='bbox 391 2611 472 2666; x_wconf 65' lang='lat' dir='ltr'>(¹1¹⁰st</span> <span class='ocrx_word' id='word_1_322' title='bbox 489 2618 517 2666; x_wconf 75' lang='grc' dir='ltr'>θῑ</span> <span class='ocrx_word' id='word_1_323' title='bbox 535 2609 616 2666; x_wconf 68' lang='grc' dir='ltr'><strong>ῑῑθθθῑ</strong></span> <span class='ocrx_word' id='word_1_324' title='bbox 638 2610 668 2664; x_wconf 77' lang='lat' dir='ltr'>in</span> <span class='ocrx_word' id='word_1_325' title='bbox 688 2609 768 2667; x_wconf 78' lang='lat' dir='ltr'>omni</span> <span class='ocrx_word' id='word_1_326' title='bbox 857 2616 949 2672; x_wconf 84' lang='lat' dir='ltr'>Vnns.</span> <span class='ocrx_word' id='word_1_327' title='bbox 967 2615 1009 2669; x_wconf 84' lang='lat' dir='ltr'>td.</span> <span class='ocrx_word' id='word_1_328' title='bbox 1027 2643 1061 2652; x_wconf 95' lang='lat'>—</span> <span class='ocrx_word' id='word_1_329' title='bbox 1079 2633 1093 2662; x_wconf 78' lang='grc' dir='ltr'>α</span> <span class='ocrx_word' id='word_1_330' title='bbox 1108 2611 1249 2670; x_wconf 79' lang='lat' dir='ltr'>sederunt</span> <span class='ocrx_word' id='word_1_331' title='bbox 1264 2612 1294 2668; x_wconf 93' lang='lat' dir='ltr'>in</span> <span class='ocrx_word' id='word_1_332' title='bbox 1310 2618 1396 2678; x_wconf 90' lang='lat' dir='ltr'>terra,</span> <span class='ocrx_word' id='word_1_333' title='bbox 1412 2612 1670 2669; x_wconf 89' lang='lat' dir='ltr'>conticuerunlse-</span> 
     </span>
     <span class='ocr_line' id='line_1_28' title="bbox 52 2700 1670 2772; baseline 0 -16"><span class='ocrx_word' id='word_1_334' title='bbox 52 2715 82 2767; x_wconf 84' lang='lat' dir='ltr'>e,</span> <span class='ocrx_word' id='word_1_335' title='bbox 96 2701 266 2758; x_wconf 87' lang='lat' dir='ltr'>doctrinam.</span> <span class='ocrx_word' id='word_1_336' title='bbox 823 2724 834 2753; x_wconf 73' lang='grc' dir='ltr'><strong>ι</strong></span> <span class='ocrx_word' id='word_1_337' title='bbox 849 2718 910 2772; x_wconf 89' lang='lat' dir='ltr'>nes,</span> <span class='ocrx_word' id='word_1_338' title='bbox 926 2701 991 2758; x_wconf 78' lang='lat' dir='ltr'>tiliae</span> <span class='ocrx_word' id='word_1_339' title='bbox 1006 2701 1073 2757; x_wconf 88' lang='lat' dir='ltr'>Sion</span> <span class='ocrx_word' id='word_1_340' title='bbox 1087 2707 1309 2770; x_wconf 87' lang='lat' dir='ltr'>consperserunt</span> <span class='ocrx_word' id='word_1_341' title='bbox 1321 2701 1418 2755; x_wconf 89' lang='lat' dir='ltr'>cinere</span> <span class='ocrx_word' id='word_1_342' title='bbox 1431 2701 1527 2769; x_wconf 88' lang='lat' dir='ltr'>capita</span> <span class='ocrx_word' id='word_1_343' title='bbox 1541 2713 1595 2757; x_wconf 88' lang='lat' dir='ltr'>sua</span> <span class='ocrx_word' id='word_1_344' title='bbox 1606 2700 1670 2756; x_wconf 91' lang='lat' dir='ltr'>vir-</span> 
     </span>
     <span class='ocr_line' id='line_1_29' title="bbox 301 2786 1671 2862; baseline 0.001 -20"><span class='ocrx_word' id='word_1_345' title='bbox 301 2802 390 2843; x_wconf 82' lang='lat' dir='ltr'>zlltl.</span> <span class='ocrx_word' id='word_1_346' title='bbox 824 2791 935 2862; x_wconf 78' lang='lat' dir='ltr'>sgines</span> <span class='ocrx_word' id='word_1_347' title='bbox 960 2787 1159 2846; x_wconf 77' lang='lat' dir='ltr'>Jerusalem.»</span> <span class='ocrx_word' id='word_1_348' title='bbox 1195 2787 1257 2855; x_wconf 89' lang='lat' dir='ltr'>lod,</span> <span class='ocrx_word' id='word_1_349' title='bbox 1284 2787 1435 2853; x_wconf 60' lang='lat' dir='ltr'>confessam</span> <span class='ocrx_word' id='word_1_350' title='bbox 1463 2786 1513 2842; x_wconf 91' lang='lat' dir='ltr'>illa</span> <span class='ocrx_word' id='word_1_351' title='bbox 1552 2786 1671 2857; x_wconf 88' lang='lat' dir='ltr'>procul-</span> 
     </span>
     <span class='ocr_line' id='line_1_30' title="bbox 55 2872 1670 2949; baseline -0.002 -16"><span class='ocrx_word' id='word_1_352' title='bbox 55 2881 83 2934; x_wconf 79' lang='lat'>7.</span> <span class='ocrx_word' id='word_1_353' title='bbox 112 2908 147 2917; x_wconf 94' lang='lat'>-</span> <span class='ocrx_word' id='word_1_354' title='bbox 177 2875 293 2946; x_wconf 83' lang='lat' dir='ltr'>Repulit</span> <span class='ocrx_word' id='word_1_355' title='bbox 325 2875 464 2931; x_wconf 85' lang='lat' dir='ltr'>Dominus</span> <span class='ocrx_word' id='word_1_356' title='bbox 493 2873 593 2942; x_wconf 89' lang='lat' dir='ltr'>altare,</span> <span class='ocrx_word' id='word_1_357' title='bbox 618 2872 768 2930; x_wconf 77' lang='lat' dir='ltr'>maledixit</span> <span class='ocrx_word' id='word_1_358' title='bbox 821 2880 910 2937; x_wconf 91' lang='lat' dir='ltr'>dubio</span> <span class='ocrx_word' id='word_1_359' title='bbox 932 2893 997 2949; x_wconf 78' lang='lat' dir='ltr'>quae</span> <span class='ocrx_word' id='word_1_360' title='bbox 1019 2876 1091 2948; x_wconf 90' lang='lat' dir='ltr'>perit</span> <span class='ocrx_word' id='word_1_361' title='bbox 1117 2888 1134 2930; x_wconf 87' lang='lat' dir='ltr'>a</span> <span class='ocrx_word' id='word_1_362' title='bbox 1161 2875 1439 2942; x_wconf 70' lang='lat' dir='ltr'>nomentanam,</span> <span class='ocrx_word' id='word_1_363' title='bbox 1466 2875 1501 2944; x_wconf 84' lang='grc'>6).</span> <span class='ocrx_word' id='word_1_364' title='bbox 1527 2874 1609 2931; x_wconf 89' lang='lat' dir='ltr'>Unde</span> <span class='ocrx_word' id='word_1_365' title='bbox 1622 2887 1670 2930; x_wconf 89' lang='lat' dir='ltr'>se-</span> 
     </span>
     <span class='ocr_line' id='line_1_31' title="bbox 52 2962 1671 3050; baseline -0.002 -28"><span class='ocrx_word' id='word_1_366' title='bbox 52 2964 169 3022; x_wconf 86' lang='lat' dir='ltr'>laalloni</span> <span class='ocrx_word' id='word_1_367' title='bbox 185 2979 254 3032; x_wconf 83' lang='lat' dir='ltr'>suae,</span> <span class='ocrx_word' id='word_1_368' title='bbox 269 2963 386 3020; x_wconf 89' lang='lat' dir='ltr'>tradidit</span> <span class='ocrx_word' id='word_1_369' title='bbox 397 2963 426 3019; x_wconf 93' lang='lat' dir='ltr'>in</span> <span class='ocrx_word' id='word_1_370' title='bbox 443 2976 532 3018; x_wconf 88' lang='lat' dir='ltr'>manu</span> <span class='ocrx_word' id='word_1_371' title='bbox 548 2962 654 3018; x_wconf 88' lang='lat' dir='ltr'>inimici</span> <span class='ocrx_word' id='word_1_372' title='bbox 668 2975 767 3019; x_wconf 90' lang='lat' dir='ltr'>muros</span> <span class='ocrx_word' id='word_1_373' title='bbox 785 2994 806 3050; x_wconf 69' lang='lat' dir='ltr'>C</span> <span class='ocrx_word' id='word_1_374' title='bbox 822 2969 934 3026; x_wconf 83' lang='lat' dir='ltr'>dantia</span> <span class='ocrx_word' id='word_1_375' title='bbox 957 2972 1032 3022; x_wconf 84' lang='lat' dir='ltr'>terra</span> <span class='ocrx_word' id='word_1_376' title='bbox 1055 2972 1083 3021; x_wconf 91' lang='lat' dir='ltr'>et</span> <span class='ocrx_word' id='word_1_377' title='bbox 1106 2964 1303 3021; x_wconf 89' lang='lat' dir='ltr'>conticescunt</span> <span class='ocrx_word' id='word_1_378' title='bbox 1326 2978 1400 3018; x_wconf 87' lang='lat' dir='ltr'>senes</span> <span class='ocrx_word' id='word_1_379' title='bbox 1417 2962 1484 3027; x_wconf 80' lang='lat' dir='ltr'>lilla</span> <span class='ocrx_word' id='word_1_380' title='bbox 1506 2963 1582 3030; x_wconf 82' lang='lat' dir='ltr'>Sion,</span> <span class='ocrx_word' id='word_1_381' title='bbox 1600 2962 1671 3034; x_wconf 84' lang='lat' dir='ltr'>quia</span> 
     </span>
     <span class='ocr_line' id='line_1_32' title="bbox 51 3050 1671 3125; baseline -0.01 -2"><span class='ocrx_word' id='word_1_382' title='bbox 51 3068 79 3110; x_wconf 89' lang='lat' dir='ltr'>ru</span> <span class='ocrx_word' id='word_1_383' title='bbox 102 3053 176 3125; x_wconf 71' lang='lat'>01⁰⁸,</span> <span class='ocrx_word' id='word_1_384' title='bbox 202 3067 300 3109; x_wconf 72' lang='lat' dir='ltr'>V⁰⁰⁴³ffl</span> <span class='ocrx_word' id='word_1_385' title='bbox 322 3052 464 3108; x_wconf 57' lang='lat' dir='ltr'>deditum</span> <span class='ocrx_word' id='word_1_386' title='bbox 479 3051 507 3106; x_wconf 92' lang='lat' dir='ltr'>in</span> <span class='ocrx_word' id='word_1_387' title='bbox 532 3051 616 3107; x_wconf 75' lang='lat' dir='ltr'>d⁰11¹⁰</span> <span class='ocrx_word' id='word_1_388' title='bbox 640 3050 766 3119; x_wconf 75' lang='lat' dir='ltr'>Domini,</span> <span class='ocrx_word' id='word_1_389' title='bbox 821 3058 891 3114; x_wconf 78' lang='lat' dir='ltr'>ditm</span> <span class='ocrx_word' id='word_1_390' title='bbox 915 3056 1025 3111; x_wconf 81' lang='lat' dir='ltr'>haerent</span> <span class='ocrx_word' id='word_1_391' title='bbox 1045 3053 1163 3108; x_wconf 91' lang='lat' dir='ltr'>omnino</span> <span class='ocrx_word' id='word_1_392' title='bbox 1195 3051 1324 3119; x_wconf 83' lang='lat' dir='ltr'>terrenis,</span> <span class='ocrx_word' id='word_1_393' title='bbox 1349 3051 1423 3107; x_wconf 89' lang='lat' dir='ltr'>sieut</span> <span class='ocrx_word' id='word_1_394' title='bbox 1447 3050 1480 3117; x_wconf 91' lang='lat' dir='ltr'>is,</span> <span class='ocrx_word' id='word_1_395' title='bbox 1507 3051 1558 3122; x_wconf 89' lang='lat' dir='ltr'>qui</span> <span class='ocrx_word' id='word_1_396' title='bbox 1583 3051 1612 3107; x_wconf 95' lang='lat' dir='ltr'>in</span> <span class='ocrx_word' id='word_1_397' title='bbox 1628 3064 1671 3106; x_wconf 91' lang='lat' dir='ltr'>ca-</span> 
     </span>
     <span class='ocr_line' id='line_1_33' title="bbox 54 3122 1671 3213; baseline -0.001 -17"><span class='ocrx_word' id='word_1_398' title='bbox 54 3143 85 3200; x_wconf 88' lang='lat' dir='ltr'>in</span> <span class='ocrx_word' id='word_1_399' title='bbox 111 3143 156 3199; x_wconf 86' lang='lat' dir='ltr'>die</span> <span class='ocrx_word' id='word_1_400' title='bbox 189 3141 319 3198; x_wconf 86' lang='lat' dir='ltr'>solemni.</span> <span class='ocrx_word' id='word_1_401' title='bbox 349 3162 359 3189; x_wconf 75' lang='grc' dir='ltr'><strong>ι</strong></span> <span class='ocrx_word' id='word_1_402' title='bbox 387 3139 456 3195; x_wconf 86' lang='lat' dir='ltr'>zain</span> <span class='ocrx_word' id='word_1_403' title='bbox 484 3139 689 3210; x_wconf 90' lang='lat' dir='ltr'>interpretatur</span> <span class='ocrx_word' id='word_1_404' title='bbox 717 3138 769 3192; x_wconf 69' lang='lat' dir='ltr'>ali</span> <span class='ocrx_word' id='word_1_405' title='bbox 821 3145 923 3203; x_wconf 82' lang='lat' dir='ltr'>thedra</span> <span class='ocrx_word' id='word_1_406' title='bbox 949 3141 1116 3213; x_wconf 81' lang='lat' dir='ltr'>pestilentiae</span> <span class='ocrx_word' id='word_1_407' title='bbox 1146 3140 1219 3196; x_wconf 87' lang='lat' dir='ltr'>sedit</span> <span class='ocrx_word' id='word_1_408' title='bbox 1252 3140 1341 3208; x_wconf 84' lang='lat' dir='ltr'>(Psal.</span> <span class='ocrx_word' id='word_1_409' title='bbox 1370 3154 1392 3208; x_wconf 89' lang='lat'>1,</span> <span class='ocrx_word' id='word_1_410' title='bbox 1428 3142 1466 3208; x_wconf 87' lang='lat' dir='ltr'>l),</span> <span class='ocrx_word' id='word_1_411' title='bbox 1498 3122 1671 3196; x_wconf 80' lang='lat' dir='ltr'>maturiores</span> 
     </span>
     <span class='ocr_line' id='line_1_34' title="bbox 64 3227 1670 3298; baseline -0.003 -10"><span class='ocrx_word' id='word_1_412' title='bbox 64 3232 162 3288; x_wconf 75' lang='lat' dir='ltr'>ditare</span> <span class='ocrx_word' id='word_1_413' title='bbox 176 3244 261 3286; x_wconf 89' lang='lat' dir='ltr'>suum</span> <span class='ocrx_word' id='word_1_414' title='bbox 276 3232 404 3284; x_wconf 81' lang='lat' dir='ltr'>Dominus</span> <span class='ocrx_word' id='word_1_415' title='bbox 418 3227 539 3298; x_wconf 88' lang='lat' dir='ltr'>repellit,</span> <span class='ocrx_word' id='word_1_416' title='bbox 556 3241 623 3283; x_wconf 91' lang='lat' dir='ltr'>cum</span> <span class='ocrx_word' id='word_1_417' title='bbox 638 3227 768 3282; x_wconf 90' lang='lat' dir='ltr'>animum</span> <span class='ocrx_word' id='word_1_418' title='bbox 822 3231 911 3288; x_wconf 90' lang='lat' dir='ltr'>animi</span> <span class='ocrx_word' id='word_1_419' title='bbox 938 3237 1043 3296; x_wconf 91' lang='lat' dir='ltr'>motus,</span> <span class='ocrx_word' id='word_1_420' title='bbox 1069 3242 1143 3298; x_wconf 84' lang='lat' dir='ltr'>quos</span> <span class='ocrx_word' id='word_1_421' title='bbox 1168 3227 1274 3298; x_wconf 89' lang='lat' dir='ltr'>peccati</span> <span class='ocrx_word' id='word_1_422' title='bbox 1296 3227 1471 3284; x_wconf 88' lang='lat' dir='ltr'>conscientia</span> <span class='ocrx_word' id='word_1_423' title='bbox 1494 3227 1670 3284; x_wconf 89' lang='lat' dir='ltr'>atrocissime</span> 
     </span>
     <span class='ocr_line' id='line_1_35' title="bbox 54 3314 1671 3384; baseline -0.004 -7"><span class='ocrx_word' id='word_1_424' title='bbox 54 3320 137 3377; x_wconf 83' lang='lat' dir='ltr'>bonae</span> <span class='ocrx_word' id='word_1_425' title='bbox 153 3318 310 3375; x_wconf 88' lang='lat' dir='ltr'>voluntatis</span> <span class='ocrx_word' id='word_1_426' title='bbox 327 3324 355 3372; x_wconf 92' lang='lat' dir='ltr'>et</span> <span class='ocrx_word' id='word_1_427' title='bbox 378 3316 440 3372; x_wconf 90' lang='lat' dir='ltr'>ildei</span> <span class='ocrx_word' id='word_1_428' title='bbox 466 3316 603 3372; x_wconf 90' lang='lat' dir='ltr'>alimenta</span> <span class='ocrx_word' id='word_1_429' title='bbox 625 3315 767 3383; x_wconf 89' lang='lat' dir='ltr'>sumebat,</span> <span class='ocrx_word' id='word_1_430' title='bbox 822 3319 953 3377; x_wconf 88' lang='lat' dir='ltr'>mordere</span> <span class='ocrx_word' id='word_1_431' title='bbox 977 3317 1088 3384; x_wconf 76' lang='lat' dir='ltr'>soleta</span> <span class='ocrx_word' id='word_1_432' title='bbox 1114 3315 1341 3373; x_wconf 83' lang='lat' dir='ltr'>contessionibus</span> <span class='ocrx_word' id='word_1_433' title='bbox 1364 3315 1576 3372; x_wconf 88' lang='lat' dir='ltr'>obmutescunt.</span> <span class='ocrx_word' id='word_1_434' title='bbox 1602 3314 1671 3371; x_wconf 91' lang='lat' dir='ltr'>lnde</span> 
     </span>
     <span class='ocr_line' id='line_1_36' title="bbox 66 3404 1684 3478; baseline -0.006 -12"><span class='ocrx_word' id='word_1_435' title='bbox 66 3413 230 3478; x_wconf 75' lang='lat' dir='ltr'>emergente</span> <span class='ocrx_word' id='word_1_436' title='bbox 259 3405 424 3461; x_wconf 78' lang='lat' dir='ltr'>conlemnil·</span> <span class='ocrx_word' id='word_1_437' title='bbox 464 3405 681 3473; x_wconf 57' lang='lat' dir='ltr'>&amp;stupratione</span> <span class='ocrx_word' id='word_1_438' title='bbox 714 3418 770 3457; x_wconf 55' lang='grc' dir='ltr'>ινιτ</span> <span class='ocrx_word' id='word_1_439' title='bbox 822 3414 1030 3478; x_wconf 83' lang='lat' dir='ltr'>consequenter</span> <span class='ocrx_word' id='word_1_440' title='bbox 1054 3407 1175 3472; x_wconf 81' lang='lat' dir='ltr'>virgines</span> <span class='ocrx_word' id='word_1_441' title='bbox 1201 3406 1357 3459; x_wconf 79' lang='lat' dir='ltr'>Jerusalem</span> <span class='ocrx_word' id='word_1_442' title='bbox 1384 3407 1478 3474; x_wconf 82' lang='lat' dir='ltr'>capita</span> <span class='ocrx_word' id='word_1_443' title='bbox 1508 3419 1559 3458; x_wconf 90' lang='lat' dir='ltr'>sua</span> <span class='ocrx_word' id='word_1_444' title='bbox 1583 3404 1684 3458; x_wconf 71' lang='lat' dir='ltr'>cinere¹</span> 
     </span>
     <span class='ocr_line' id='line_1_37' title="bbox 52 3489 1669 3565; baseline -0.002 -16"><span class='ocrx_word' id='word_1_445' title='bbox 52 3497 77 3563; x_wconf 86' lang='lat' dir='ltr'>t,</span> <span class='ocrx_word' id='word_1_446' title='bbox 101 3509 168 3551; x_wconf 91' lang='lat' dir='ltr'>cum</span> <span class='ocrx_word' id='word_1_447' title='bbox 182 3494 210 3551; x_wconf 95' lang='lat' dir='ltr'>id</span> <span class='ocrx_word' id='word_1_448' title='bbox 222 3494 299 3564; x_wconf 87' lang='lat' dir='ltr'>qttod</span> <span class='ocrx_word' id='word_1_449' title='bbox 325 3492 484 3549; x_wconf 88' lang='lat' dir='ltr'>sanctitatis</span> <span class='ocrx_word' id='word_1_450' title='bbox 507 3490 664 3561; x_wconf 84' lang='lat' dir='ltr'>aliquando</span> <span class='ocrx_word' id='word_1_451' title='bbox 691 3489 771 3560; x_wconf 86' lang='lat' dir='ltr'>justo</span> <span class='ocrx_word' id='word_1_452' title='bbox 822 3500 1027 3565; x_wconf 86' lang='lat' dir='ltr'>conspergunt,</span> <span class='ocrx_word' id='word_1_453' title='bbox 1045 3507 1111 3549; x_wconf 91' lang='lat' dir='ltr'>eum</span> <span class='ocrx_word' id='word_1_454' title='bbox 1127 3491 1210 3562; x_wconf 89' lang='lat' dir='ltr'>lapsi,</span> <span class='ocrx_word' id='word_1_455' title='bbox 1225 3499 1253 3547; x_wconf 90' lang='lat' dir='ltr'>et</span> <span class='ocrx_word' id='word_1_456' title='bbox 1265 3492 1374 3548; x_wconf 90' lang='lat' dir='ltr'>steriles</span> <span class='ocrx_word' id='word_1_457' title='bbox 1389 3491 1518 3562; x_wconf 84' lang='lat' dir='ltr'>antiqua</span> <span class='ocrx_word' id='word_1_458' title='bbox 1533 3490 1669 3560; x_wconf 88' lang='lat' dir='ltr'>pacilloa·</span> 
     </span>
     <span class='ocr_line' id='line_1_38' title="bbox 52 3577 1668 3653; baseline -0.004 -14"><span class='ocrx_word' id='word_1_459' title='bbox 52 3583 133 3641; x_wconf 90' lang='lat' dir='ltr'>batur</span> <span class='ocrx_word' id='word_1_460' title='bbox 169 3581 324 3653; x_wconf 88' lang='lat' dir='ltr'>agnomine</span> <span class='ocrx_word' id='word_1_461' title='bbox 354 3580 383 3635; x_wconf 94' lang='lat' dir='ltr'>in</span> <span class='ocrx_word' id='word_1_462' title='bbox 419 3580 562 3635; x_wconf 87' lang='lat' dir='ltr'>delectum</span> <span class='ocrx_word' id='word_1_463' title='bbox 595 3578 770 3649; x_wconf 77' lang='lat' dir='ltr'>quotidianae</span> <span class='ocrx_word' id='word_1_464' title='bbox 823 3583 908 3641; x_wconf 89' lang='lat' dir='ltr'>tionis</span> <span class='ocrx_word' id='word_1_465' title='bbox 932 3589 1035 3649; x_wconf 89' lang='lat' dir='ltr'>motus,</span> <span class='ocrx_word' id='word_1_466' title='bbox 1062 3580 1166 3636; x_wconf 89' lang='lat' dir='ltr'>mentis</span> <span class='ocrx_word' id='word_1_467' title='bbox 1190 3580 1297 3649; x_wconf 88' lang='lat' dir='ltr'>peccati</span> <span class='ocrx_word' id='word_1_468' title='bbox 1324 3579 1504 3635; x_wconf 88' lang='lat' dir='ltr'>relrioatione</span> <span class='ocrx_word' id='word_1_469' title='bbox 1525 3577 1668 3634; x_wconf 87' lang='lat' dir='ltr'>inficiunt.</span> 
     </span>
     <span class='ocr_line' id='line_1_39' title="bbox 52 3663 1668 3738; baseline -0.004 -11"><span class='ocrx_word' id='word_1_470' title='bbox 52 3670 152 3727; x_wconf 88' lang='lat' dir='ltr'>ationis</span> <span class='ocrx_word' id='word_1_471' title='bbox 167 3669 294 3725; x_wconf 86' lang='lat' dir='ltr'>adducit.</span> <span class='ocrx_word' id='word_1_472' title='bbox 311 3667 469 3725; x_wconf 87' lang='lat' dir='ltr'>llaledictio</span> <span class='ocrx_word' id='word_1_473' title='bbox 482 3667 559 3722; x_wconf 92' lang='lat' dir='ltr'>enim</span> <span class='ocrx_word' id='word_1_474' title='bbox 584 3680 635 3737; x_wconf 92' lang='lat' dir='ltr'>pro</span> <span class='ocrx_word' id='word_1_475' title='bbox 658 3665 770 3722; x_wconf 88' lang='lat' dir='ltr'>delectu</span> <span class='ocrx_word' id='word_1_476' title='bbox 823 3669 1014 3728; x_wconf 77' lang='lat' dir='ltr'>perciperem</span> <span class='ocrx_word' id='word_1_477' title='bbox 1032 3667 1109 3725; x_wconf 90' lang='lat' dir='ltr'>enirn</span> <span class='ocrx_word' id='word_1_478' title='bbox 1122 3665 1277 3738; x_wconf 91' lang='lat' dir='ltr'>perpetrati</span> <span class='ocrx_word' id='word_1_479' title='bbox 1293 3665 1362 3722; x_wconf 90' lang='lat' dir='ltr'>olim</span> <span class='ocrx_word' id='word_1_480' title='bbox 1386 3664 1494 3736; x_wconf 89' lang='lat' dir='ltr'>peccati</span> <span class='ocrx_word' id='word_1_481' title='bbox 1518 3663 1668 3732; x_wconf 91' lang='lat' dir='ltr'>memoria,</span> 
     </span>
     <span class='ocr_line' id='line_1_40' title="bbox 65 3752 1631 3829; baseline -0.003 -17"><span class='ocrx_word' id='word_1_482' title='bbox 65 3757 139 3815; x_wconf 89' lang='lat' dir='ltr'>sicut</span> <span class='ocrx_word' id='word_1_483' title='bbox 160 3757 317 3814; x_wconf 90' lang='lat' dir='ltr'>benedictio</span> <span class='ocrx_word' id='word_1_484' title='bbox 334 3769 385 3827; x_wconf 90' lang='lat' dir='ltr'>pro</span> <span class='ocrx_word' id='word_1_485' title='bbox 412 3762 576 3827; x_wconf 83' lang='lat' dir='ltr'>augmento·</span> <span class='ocrx_word' id='word_1_486' title='bbox 601 3754 654 3809; x_wconf 83' lang='lat' dir='ltr'>Per</span> <span class='ocrx_word' id='word_1_487' title='bbox 672 3766 771 3809; x_wconf 86' lang='lat' dir='ltr'>muros</span> <span class='ocrx_word' id='word_1_488' title='bbox 823 3765 932 3816; x_wconf 88' lang='lat' dir='ltr'>mentes</span> <span class='ocrx_word' id='word_1_489' title='bbox 944 3756 1055 3829; x_wconf 87' lang='lat' dir='ltr'>signari</span> <span class='ocrx_word' id='word_1_490' title='bbox 1068 3769 1119 3825; x_wconf 91' lang='lat' dir='ltr'>per</span> <span class='ocrx_word' id='word_1_491' title='bbox 1134 3754 1228 3825; x_wconf 90' lang='lat' dir='ltr'>capita</span> <span class='ocrx_word' id='word_1_492' title='bbox 1243 3755 1271 3810; x_wconf 93' lang='lat' dir='ltr'>in</span> <span class='ocrx_word' id='word_1_493' title='bbox 1286 3753 1442 3824; x_wconf 86' lang='lat' dir='ltr'>Scripturis</span> <span class='ocrx_word' id='word_1_494' title='bbox 1455 3752 1565 3810; x_wconf 87' lang='lat' dir='ltr'>celebre</span> <span class='ocrx_word' id='word_1_495' title='bbox 1580 3759 1631 3809; x_wconf 91' lang='lat' dir='ltr'>est.</span> 
     </span>
     <span class='ocr_line' id='line_1_41' title="bbox 52 3842 1289 3914; baseline -0.006 -10"><span class='ocrx_word' id='word_1_496' title='bbox 52 3845 87 3904; x_wconf 88' lang='lat' dir='ltr'>tia</span> <span class='ocrx_word' id='word_1_497' title='bbox 101 3845 333 3914; x_wconf 88' lang='lat' dir='ltr'>sensualitatum,</span> <span class='ocrx_word' id='word_1_498' title='bbox 357 3857 408 3914; x_wconf 91' lang='lat' dir='ltr'>per</span> <span class='ocrx_word' id='word_1_499' title='bbox 431 3851 527 3899; x_wconf 90' lang='lat' dir='ltr'>torres</span> <span class='ocrx_word' id='word_1_500' title='bbox 548 3843 704 3898; x_wconf 88' lang='lat' dir='ltr'>eminentia</span> <span class='ocrx_word' id='word_1_501' title='bbox 718 3842 771 3897; x_wconf 89' lang='lat' dir='ltr'>de·</span> <span class='ocrx_word' id='word_1_502' title='bbox 1207 3857 1289 3899; x_wconf 83' lang='lat' dir='ltr'>caru.</span> 
     </span>
     <span class='ocr_line' id='line_1_42' title="bbox 52 3931 1520 4005; baseline -0.003 -16"><span class='ocrx_word' id='word_1_503' title='bbox 52 3934 224 3991; x_wconf 69' lang='lat' dir='ltr'>rvirtutum.</span> <span class='ocrx_word' id='word_1_504' title='bbox 242 3934 308 3989; x_wconf 85' lang='lat' dir='ltr'>llaec</span> <span class='ocrx_word' id='word_1_505' title='bbox 322 3935 352 3987; x_wconf 86' lang='lat' dir='ltr'>la</span> <span class='ocrx_word' id='word_1_506' title='bbox 364 3947 447 3986; x_wconf 84' lang='lat' dir='ltr'>mane</span> <span class='ocrx_word' id='word_1_507' title='bbox 461 3933 571 3987; x_wconf 81' lang='lat' dir='ltr'>inimica·</span> <span class='ocrx_word' id='word_1_508' title='bbox 592 3931 687 3996; x_wconf 92' lang='lat' dir='ltr'>tradit,</span> <span class='ocrx_word' id='word_1_509' title='bbox 703 3944 770 3986; x_wconf 82' lang='lat' dir='ltr'>cunr</span> <span class='ocrx_word' id='word_1_510' title='bbox 970 3933 1065 4005; x_wconf 76' lang='lat' dir='ltr'>(vulg.</span> <span class='ocrx_word' id='word_1_511' title='bbox 1080 3934 1204 4001; x_wconf 78' lang='lat' dir='ltr'>sequenti</span> <span class='ocrx_word' id='word_1_512' title='bbox 1215 3931 1346 3986; x_wconf 79' lang='lat' dir='ltr'>versiculo</span> <span class='ocrx_word' id='word_1_513' title='bbox 1354 3931 1520 4002; x_wconf 75' lang='lat' dir='ltr'>premittit.)</span> 
     </span>
     <span class='ocr_line' id='line_1_43' title="bbox 52 4015 1671 4090; baseline -0.004 -11"><span class='ocrx_word' id='word_1_514' title='bbox 52 4020 120 4079; x_wconf 77' lang='lat' dir='ltr'>llum</span> <span class='ocrx_word' id='word_1_515' title='bbox 135 4021 325 4078; x_wconf 90' lang='lat' dir='ltr'>subintrando</span> <span class='ocrx_word' id='word_1_516' title='bbox 342 4033 484 4090; x_wconf 85' lang='lat' dir='ltr'>occupare</span> <span class='ocrx_word' id='word_1_517' title='bbox 507 4018 655 4089; x_wconf 90' lang='lat' dir='ltr'>permittit.</span> <span class='ocrx_word' id='word_1_518' title='bbox 679 4020 772 4074; x_wconf 81' lang='lat' dir='ltr'>Vocem</span> <span class='ocrx_word' id='word_1_519' title='bbox 863 4019 1018 4078; x_wconf 76' lang='lat' dir='ltr'>«nectarii</span> <span class='ocrx_word' id='word_1_520' title='bbox 1040 4027 1108 4076; x_wconf 90' lang='lat' dir='ltr'>sunt</span> <span class='ocrx_word' id='word_1_521' title='bbox 1127 4018 1237 4086; x_wconf 89' lang='lat' dir='ltr'>ciliciis,</span> <span class='ocrx_word' id='word_1_522' title='bbox 1258 4018 1426 4089; x_wconf 80' lang='lat' dir='ltr'>abjecerunt</span> <span class='ocrx_word' id='word_1_523' title='bbox 1441 4018 1470 4073; x_wconf 93' lang='lat' dir='ltr'>in</span> <span class='ocrx_word' id='word_1_524' title='bbox 1485 4024 1561 4074; x_wconf 91' lang='lat' dir='ltr'>terra</span> <span class='ocrx_word' id='word_1_525' title='bbox 1575 4015 1671 4087; x_wconf 87' lang='lat' dir='ltr'>capita</span> 
     </span>
     <span class='ocr_line' id='line_1_44' title="bbox 52 4103 1669 4180; baseline -0.004 -14"><span class='ocrx_word' id='word_1_526' title='bbox 52 4126 59 4165; x_wconf 85' lang='lat' dir='ltr'>t</span> <span class='ocrx_word' id='word_1_527' title='bbox 81 4112 192 4166; x_wconf 81' lang='lat' dir='ltr'>Domini</span> <span class='ocrx_word' id='word_1_528' title='bbox 215 4112 286 4164; x_wconf 71' lang='lat' dir='ltr'>ucat</span> <span class='ocrx_word' id='word_1_529' title='bbox 308 4112 339 4164; x_wconf 85' lang='lat' dir='ltr'>la</span> <span class='ocrx_word' id='word_1_530' title='bbox 358 4108 402 4163; x_wconf 85' lang='lat' dir='ltr'>die</span> <span class='ocrx_word' id='word_1_531' title='bbox 416 4108 529 4163; x_wconf 79' lang='lat' dir='ltr'>solemni</span> <span class='ocrx_word' id='word_1_532' title='bbox 543 4107 623 4175; x_wconf 83' lang='lat' dir='ltr'>dani,</span> <span class='ocrx_word' id='word_1_533' title='bbox 640 4120 707 4162; x_wconf 83' lang='lat' dir='ltr'>aum</span> <span class='ocrx_word' id='word_1_534' title='bbox 722 4120 772 4176; x_wconf 85' lang='lat' dir='ltr'>per</span> <span class='ocrx_word' id='word_1_535' title='bbox 826 4130 840 4159; x_wconf 73' lang='grc' dir='ltr'>ι(</span> <span class='ocrx_word' id='word_1_536' title='bbox 851 4123 905 4166; x_wconf 90' lang='lat' dir='ltr'>sua</span> <span class='ocrx_word' id='word_1_537' title='bbox 925 4108 1052 4180; x_wconf 88' lang='lat' dir='ltr'>virgines</span> <span class='ocrx_word' id='word_1_538' title='bbox 1065 4107 1150 4164; x_wconf 89' lang='lat' dir='ltr'>luda.</span> <span class='ocrx_word' id='word_1_539' title='bbox 1168 4128 1182 4156; x_wconf 83' lang='lat'><strong>»</strong></span> <span class='ocrx_word' id='word_1_540' title='bbox 1193 4106 1283 4176; x_wconf 89' lang='lat' dir='ltr'>Capb,</span> <span class='ocrx_word' id='word_1_541' title='bbox 1298 4106 1406 4163; x_wconf 90' lang='lat' dir='ltr'>dicitur</span> <span class='ocrx_word' id='word_1_542' title='bbox 1419 4120 1473 4160; x_wconf 82' lang='lat' dir='ltr'>cor.</span> <span class='ocrx_word' id='word_1_543' title='bbox 1490 4105 1555 4161; x_wconf 92' lang='lat' dir='ltr'>ldeo</span> <span class='ocrx_word' id='word_1_544' title='bbox 1574 4103 1669 4174; x_wconf 87' lang='lat' dir='ltr'>plano,</span> 
     </span>
     <span class='ocr_line' id='line_1_45' title="bbox 52 4192 1672 4270; baseline -0.005 -14"><span class='ocrx_word' id='word_1_545' title='bbox 52 4198 155 4270; x_wconf 87' lang='lat' dir='ltr'>eprobi</span> <span class='ocrx_word' id='word_1_546' title='bbox 176 4197 349 4254; x_wconf 90' lang='lat' dir='ltr'>dementiam</span> <span class='ocrx_word' id='word_1_547' title='bbox 370 4197 400 4252; x_wconf 92' lang='lat' dir='ltr'>in</span> <span class='ocrx_word' id='word_1_548' title='bbox 416 4195 546 4266; x_wconf 88' lang='lat' dir='ltr'>pessimis</span> <span class='ocrx_word' id='word_1_549' title='bbox 569 4195 655 4252; x_wconf 90' lang='lat' dir='ltr'>rebus</span> <span class='ocrx_word' id='word_1_550' title='bbox 672 4193 770 4251; x_wconf 81' lang='lat' dir='ltr'>exsul·</span> <span class='ocrx_word' id='word_1_551' title='bbox 825 4197 895 4269; x_wconf 85' lang='lat' dir='ltr'>qnia</span> <span class='ocrx_word' id='word_1_552' title='bbox 907 4196 1050 4267; x_wconf 83' lang='lat' dir='ltr'>quidquid</span> <span class='ocrx_word' id='word_1_553' title='bbox 1068 4195 1257 4266; x_wconf 81' lang='lat' dir='ltr'>subjungitur</span> <span class='ocrx_word' id='word_1_554' title='bbox 1273 4194 1374 4251; x_wconf 80' lang='lat' dir='ltr'>litterae</span> <span class='ocrx_word' id='word_1_555' title='bbox 1386 4193 1415 4249; x_wconf 91' lang='lat' dir='ltr'>in</span> <span class='ocrx_word' id='word_1_556' title='bbox 1435 4192 1672 4250; x_wconf 89' lang='lat' dir='ltr'>interioritatum</span> 
     </span>
     <span class='ocr_line' id='line_1_46' title="bbox 52 4277 1672 4352; baseline -0.006 -9"><span class='ocrx_word' id='word_1_557' title='bbox 52 4300 87 4343; x_wconf 91' lang='lat' dir='ltr'>on</span> <span class='ocrx_word' id='word_1_558' title='bbox 110 4285 179 4342; x_wconf 89' lang='lat' dir='ltr'>dicit</span> <span class='ocrx_word' id='word_1_559' title='bbox 201 4287 232 4339; x_wconf 82' lang='lat' dir='ltr'>ia</span> <span class='ocrx_word' id='word_1_560' title='bbox 254 4284 298 4339; x_wconf 81' lang='lat' dir='ltr'>die</span> <span class='ocrx_word' id='word_1_561' title='bbox 321 4286 442 4350; x_wconf 83' lang='lat' dir='ltr'>solemni,</span> <span class='ocrx_word' id='word_1_562' title='bbox 458 4283 508 4339; x_wconf 91' lang='lat' dir='ltr'>sed</span> <span class='ocrx_word' id='word_1_563' title='bbox 526 4283 608 4351; x_wconf 82' lang='lat' dir='ltr'>sieut,</span> <span class='ocrx_word' id='word_1_564' title='bbox 624 4282 696 4352; x_wconf 82' lang='lat' dir='ltr'>quia</span> <span class='ocrx_word' id='word_1_565' title='bbox 714 4296 771 4337; x_wconf 93' lang='lat' dir='ltr'>non</span> <span class='ocrx_word' id='word_1_566' title='bbox 792 4286 939 4341; x_wconf 85' lang='lat' dir='ltr'>beonstat</span> <span class='ocrx_word' id='word_1_567' title='bbox 954 4283 1069 4338; x_wconf 88' lang='lat' dir='ltr'>damno.</span> <span class='ocrx_word' id='word_1_568' title='bbox 1096 4283 1199 4338; x_wconf 79' lang='lat' dir='ltr'>ciliciis</span> <span class='ocrx_word' id='word_1_569' title='bbox 1214 4280 1417 4352; x_wconf 89' lang='lat' dir='ltr'>accinguntur,</span> <span class='ocrx_word' id='word_1_570' title='bbox 1440 4292 1566 4351; x_wconf 85' lang='lat' dir='ltr'>quorum</span> <span class='ocrx_word' id='word_1_571' title='bbox 1581 4277 1672 4335; x_wconf 91' lang='lat' dir='ltr'>lumbi</span> 
     </span>
     <span class='ocr_line' id='line_1_47' title="bbox 52 4365 1674 4444; baseline -0.006 -14"><span class='ocrx_word' id='word_1_572' title='bbox 52 4373 249 4444; x_wconf 85' lang='lat' dir='ltr'>taaliquibus</span> <span class='ocrx_word' id='word_1_573' title='bbox 283 4373 312 4427; x_wconf 91' lang='lat' dir='ltr'>in</span> <span class='ocrx_word' id='word_1_574' title='bbox 349 4371 416 4428; x_wconf 93' lang='lat' dir='ltr'>boni</span> <span class='ocrx_word' id='word_1_575' title='bbox 449 4370 657 4441; x_wconf 86' lang='lat' dir='ltr'>perpetratione</span> <span class='ocrx_word' id='word_1_576' title='bbox 680 4368 774 4438; x_wconf 92' lang='lat' dir='ltr'>operis</span> <span class='ocrx_word' id='word_1_577' title='bbox 827 4370 987 4428; x_wconf 89' lang='lat' dir='ltr'>titillatione</span> <span class='ocrx_word' id='word_1_578' title='bbox 1002 4368 1130 4425; x_wconf 91' lang='lat' dir='ltr'>libidinis</span> <span class='ocrx_word' id='word_1_579' title='bbox 1146 4376 1392 4440; x_wconf 88' lang='lat' dir='ltr'>compunguntur,</span> <span class='ocrx_word' id='word_1_580' title='bbox 1415 4367 1464 4424; x_wconf 91' lang='lat' dir='ltr'>cui</span> <span class='ocrx_word' id='word_1_581' title='bbox 1482 4366 1579 4424; x_wconf 91' lang='lat' dir='ltr'>sensui</span> <span class='ocrx_word' id='word_1_582' title='bbox 1593 4365 1674 4422; x_wconf 91' lang='lat' dir='ltr'>adni-</span> 
     </span>
     <span class='ocr_line' id='line_1_48' title="bbox 52 4454 1673 4528; baseline -0.005 -10"><span class='ocrx_word' id='word_1_583' title='bbox 52 4461 82 4518; x_wconf 94' lang='lat' dir='ltr'>in</span> <span class='ocrx_word' id='word_1_584' title='bbox 96 4461 238 4517; x_wconf 86' lang='lat' dir='ltr'>malorum</span> <span class='ocrx_word' id='word_1_585' title='bbox 253 4460 431 4517; x_wconf 74' lang='lat' dir='ltr'>exsecutione</span> <span class='ocrx_word' id='word_1_586' title='bbox 447 4458 552 4515; x_wconf 85' lang='lat' dir='ltr'>laetitia.</span> <span class='ocrx_word' id='word_1_587' title='bbox 828 4456 908 4526; x_wconf 89' lang='lat' dir='ltr'>titur,</span> <span class='ocrx_word' id='word_1_588' title='bbox 923 4457 1000 4528; x_wconf 84' lang='lat' dir='ltr'>quod</span> <span class='ocrx_word' id='word_1_589' title='bbox 1015 4456 1123 4513; x_wconf 89' lang='lat' dir='ltr'>animal</span> <span class='ocrx_word' id='word_1_590' title='bbox 1145 4457 1291 4528; x_wconf 87' lang='lat' dir='ltr'>petuleum</span> <span class='ocrx_word' id='word_1_591' title='bbox 1314 4464 1366 4524; x_wconf 92' lang='lat' dir='ltr'>est,</span> <span class='ocrx_word' id='word_1_592' title='bbox 1387 4456 1422 4513; x_wconf 91' lang='lat' dir='ltr'>de</span> <span class='ocrx_word' id='word_1_593' title='bbox 1446 4456 1531 4527; x_wconf 87' lang='lat' dir='ltr'>cujus</span> <span class='ocrx_word' id='word_1_594' title='bbox 1552 4454 1618 4526; x_wconf 86' lang='lat' dir='ltr'>pilis</span> <span class='ocrx_word' id='word_1_595' title='bbox 1632 4455 1673 4510; x_wconf 91' lang='lat' dir='ltr'>in-</span> 
     </span>
     <span class='ocr_line' id='line_1_49' title="bbox 310 4542 1674 4614; baseline -0.004 -10"><span class='ocrx_word' id='word_1_596' title='bbox 310 4564 394 4605; x_wconf 81' lang='lat' dir='ltr'>nare.</span> <span class='ocrx_word' id='word_1_597' title='bbox 828 4545 946 4602; x_wconf 82' lang='lat' dir='ltr'>texitur.</span> <span class='ocrx_word' id='word_1_598' title='bbox 976 4547 1102 4614; x_wconf 79' lang='lat' dir='ltr'>Virgines</span> <span class='ocrx_word' id='word_1_599' title='bbox 1124 4545 1207 4610; x_wconf 84' lang='lat' dir='ltr'>luda,</span> <span class='ocrx_word' id='word_1_600' title='bbox 1231 4545 1386 4601; x_wconf 90' lang='lat' dir='ltr'>inlecunda</span> <span class='ocrx_word' id='word_1_601' title='bbox 1407 4551 1476 4600; x_wconf 91' lang='lat' dir='ltr'>sunt</span> <span class='ocrx_word' id='word_1_602' title='bbox 1489 4542 1674 4601; x_wconf 85' lang='lat' dir='ltr'>conlassionis</span> 
     </span>
     <span class='ocr_line' id='line_1_50' title="bbox 66 4628 1676 4708; baseline -0.006 -14"><span class='ocrx_word' id='word_1_603' title='bbox 66 4640 93 4694; x_wconf 89' lang='lat'>8.</span> <span class='ocrx_word' id='word_1_604' title='bbox 108 4667 134 4679; x_wconf 98' lang='lat'>-</span> <span class='ocrx_word' id='word_1_605' title='bbox 154 4659 165 4686; x_wconf 82' lang='grc' dir='ltr'><strong>ι</strong></span> <span class='ocrx_word' id='word_1_606' title='bbox 185 4636 326 4708; x_wconf 85' lang='lat' dir='ltr'>Cogitavit</span> <span class='ocrx_word' id='word_1_607' title='bbox 346 4636 487 4692; x_wconf 86' lang='lat' dir='ltr'>Dominus</span> <span class='ocrx_word' id='word_1_608' title='bbox 501 4634 641 4705; x_wconf 89' lang='lat' dir='ltr'>dissipare</span> <span class='ocrx_word' id='word_1_609' title='bbox 656 4647 774 4690; x_wconf 89' lang='lat' dir='ltr'>murum</span> <span class='ocrx_word' id='word_1_610' title='bbox 828 4634 932 4690; x_wconf 90' lang='lat' dir='ltr'>ollicia.</span> <span class='ocrx_word' id='word_1_611' title='bbox 948 4634 1059 4688; x_wconf 85' lang='lat' dir='ltr'>Bonum</span> <span class='ocrx_word' id='word_1_612' title='bbox 1074 4640 1116 4689; x_wconf 90' lang='lat' dir='ltr'>est</span> <span class='ocrx_word' id='word_1_613' title='bbox 1140 4633 1217 4689; x_wconf 89' lang='lat' dir='ltr'>enim</span> <span class='ocrx_word' id='word_1_614' title='bbox 1238 4631 1380 4698; x_wconf 84' lang='lat' dir='ltr'>confiteri,</span> <span class='ocrx_word' id='word_1_615' title='bbox 1404 4630 1427 4686; x_wconf 91' lang='lat' dir='ltr'>si</span> <span class='ocrx_word' id='word_1_616' title='bbox 1443 4630 1528 4687; x_wconf 90' lang='lat' dir='ltr'>simul</span> <span class='ocrx_word' id='word_1_617' title='bbox 1550 4631 1587 4687; x_wconf 91' lang='lat' dir='ltr'>sit</span> <span class='ocrx_word' id='word_1_618' title='bbox 1602 4628 1676 4701; x_wconf 91' lang='lat' dir='ltr'>psal·</span> 
     </span>
     <span class='ocr_line' id='line_1_51' title="bbox 52 4709 1675 4794; baseline -0.004 -12"><span class='ocrx_word' id='word_1_619' title='bbox 52 4726 115 4794; x_wconf 87' lang='lat' dir='ltr'>lion,</span> <span class='ocrx_word' id='word_1_620' title='bbox 138 4725 257 4782; x_wconf 92' lang='lat' dir='ltr'>tetendit</span> <span class='ocrx_word' id='word_1_621' title='bbox 277 4724 442 4781; x_wconf 89' lang='lat' dir='ltr'>lunieulum</span> <span class='ocrx_word' id='word_1_622' title='bbox 456 4738 553 4791; x_wconf 90' lang='lat' dir='ltr'>suum,</span> <span class='ocrx_word' id='word_1_623' title='bbox 569 4731 596 4779; x_wconf 91' lang='lat' dir='ltr'>et</span> <span class='ocrx_word' id='word_1_624' title='bbox 616 4737 675 4779; x_wconf 93' lang='lat' dir='ltr'>non</span> <span class='ocrx_word' id='word_1_625' title='bbox 689 4735 775 4778; x_wconf 89' lang='lat' dir='ltr'>aver·</span> <span class='ocrx_word' id='word_1_626' title='bbox 828 4720 895 4779; x_wconf 88' lang='lat' dir='ltr'>lere.</span> <span class='ocrx_word' id='word_1_627' title='bbox 912 4709 1011 4791; x_wconf 80' lang='lat' dir='ltr'>Capita</span> <span class='ocrx_word' id='word_1_628' title='bbox 1030 4736 1080 4775; x_wconf 90' lang='lat' dir='ltr'>sua</span> <span class='ocrx_word' id='word_1_629' title='bbox 1094 4722 1124 4774; x_wconf 83' lang='lat' dir='ltr'>ta</span> <span class='ocrx_word' id='word_1_630' title='bbox 1145 4722 1219 4774; x_wconf 76' lang='lat' dir='ltr'>terra</span> <span class='ocrx_word' id='word_1_631' title='bbox 1240 4719 1390 4790; x_wconf 85' lang='lat' dir='ltr'>abjiciunt,</span> <span class='ocrx_word' id='word_1_632' title='bbox 1414 4732 1481 4775; x_wconf 91' lang='lat' dir='ltr'>cum</span> <span class='ocrx_word' id='word_1_633' title='bbox 1504 4718 1675 4789; x_wconf 89' lang='lat' dir='ltr'>principales</span> 
     </span>
     <span class='ocr_line' id='line_1_52' title="bbox 52 4801 1677 4883; baseline -0.008 -13"><span class='ocrx_word' id='word_1_634' title='bbox 52 4828 130 4870; x_wconf 82' lang='lat' dir='ltr'>tuum</span> <span class='ocrx_word' id='word_1_635' title='bbox 154 4827 270 4869; x_wconf 83' lang='lat' dir='ltr'>suamc</span> <span class='ocrx_word' id='word_1_636' title='bbox 292 4813 460 4883; x_wconf 89' lang='lat' dir='ltr'>perditione,</span> <span class='ocrx_word' id='word_1_637' title='bbox 483 4811 616 4882; x_wconf 79' lang='lat' dir='ltr'>luxitque</span> <span class='ocrx_word' id='word_1_638' title='bbox 640 4818 776 4867; x_wconf 90' lang='lat' dir='ltr'>antemu-</span> <span class='ocrx_word' id='word_1_639' title='bbox 829 4807 933 4862; x_wconf 91' lang='lat' dir='ltr'>mentis</span> <span class='ocrx_word' id='word_1_640' title='bbox 949 4812 1053 4872; x_wconf 91' lang='lat' dir='ltr'>molus,</span> <span class='ocrx_word' id='word_1_641' title='bbox 1079 4804 1131 4875; x_wconf 87' lang='lat' dir='ltr'>qui</span> <span class='ocrx_word' id='word_1_642' title='bbox 1155 4804 1310 4875; x_wconf 87' lang='lat' dir='ltr'>aliquoties</span> <span class='ocrx_word' id='word_1_643' title='bbox 1331 4804 1366 4859; x_wconf 88' lang='lat' dir='ltr'>de</span> <span class='ocrx_word' id='word_1_644' title='bbox 1388 4801 1565 4859; x_wconf 85' lang='lat' dir='ltr'>conlassione</span> <span class='ocrx_word' id='word_1_645' title='bbox 1583 4803 1677 4858; x_wconf 87' lang='lat' dir='ltr'>admo·</span> 
     </span>
     <span class='ocr_line' id='line_1_53' title="bbox 59 4892 1395 4971; baseline -0.009 -13"><span class='ocrx_word' id='word_1_646' title='bbox 59 4909 88 4958; x_wconf 90' lang='lat' dir='ltr'>ot</span> <span class='ocrx_word' id='word_1_647' title='bbox 118 4915 222 4957; x_wconf 89' lang='lat' dir='ltr'>murus</span> <span class='ocrx_word' id='word_1_648' title='bbox 247 4902 352 4971; x_wconf 89' lang='lat' dir='ltr'>pariter</span> <span class='ocrx_word' id='word_1_649' title='bbox 389 4901 544 4971; x_wconf 90' lang='lat' dir='ltr'>dissipatus</span> <span class='ocrx_word' id='word_1_650' title='bbox 571 4907 621 4955; x_wconf 89' lang='lat' dir='ltr'>est.</span> <span class='ocrx_word' id='word_1_651' title='bbox 651 4920 663 4947; x_wconf 74' lang='grc' dir='ltr'><strong>ι</strong></span> <span class='ocrx_word' id='word_1_652' title='bbox 692 4898 775 4964; x_wconf 90' lang='lat' dir='ltr'>lletb,</span> <span class='ocrx_word' id='word_1_653' title='bbox 831 4901 908 4961; x_wconf 88' lang='lat' dir='ltr'>nent,</span> <span class='ocrx_word' id='word_1_654' title='bbox 926 4892 1395 4963; x_wconf 86' lang='lat' dir='ltr'>pravosepudoresubmergunt.</span> 
     </span>
     <span class='ocr_line' id='line_1_54' title="bbox 52 4975 1676 5059; baseline -0.007 -15"><span class='ocrx_word' id='word_1_655' title='bbox 52 4997 136 5046; x_wconf 81' lang='lat' dir='ltr'>ttatiu</span> <span class='ocrx_word' id='word_1_656' title='bbox 152 5005 250 5059; x_wconf 83' lang='lat' dir='ltr'>paror,</span> <span class='ocrx_word' id='word_1_657' title='bbox 269 4997 297 5045; x_wconf 88' lang='lat' dir='ltr'>et</span> <span class='ocrx_word' id='word_1_658' title='bbox 320 4989 344 5044; x_wconf 89' lang='lat' dir='ltr'>is</span> <span class='ocrx_word' id='word_1_659' title='bbox 364 5003 422 5045; x_wconf 92' lang='lat' dir='ltr'>non</span> <span class='ocrx_word' id='word_1_660' title='bbox 447 4987 572 5053; x_wconf 89' lang='lat' dir='ltr'>aliunde,</span> <span class='ocrx_word' id='word_1_661' title='bbox 595 5000 683 5056; x_wconf 83' lang='lat' dir='ltr'>quam</span> <span class='ocrx_word' id='word_1_662' title='bbox 699 4983 777 5057; x_wconf 88' lang='lat' dir='ltr'>quod</span> <span class='ocrx_word' id='word_1_663' title='bbox 866 4982 954 5040; x_wconf 85' lang='lat' dir='ltr'>Vnus.</span> <span class='ocrx_word' id='word_1_664' title='bbox 973 4984 1015 5037; x_wconf 92' lang='lat' dir='ltr'>ll.</span> <span class='ocrx_word' id='word_1_665' title='bbox 1045 5012 1081 5022; x_wconf 92' lang='lat'><em>-</em></span> <span class='ocrx_word' id='word_1_666' title='bbox 1111 5002 1122 5029; x_wconf 85' lang='lat'>‹</span> <span class='ocrx_word' id='word_1_667' title='bbox 1152 4980 1323 5036; x_wconf 82' lang='lat' dir='ltr'>Deiecernnt</span> <span class='ocrx_word' id='word_1_668' title='bbox 1349 4992 1408 5048; x_wconf 78' lang='lat' dir='ltr'>pras</span> <span class='ocrx_word' id='word_1_669' title='bbox 1438 4977 1573 5048; x_wconf 85' lang='lat' dir='ltr'>lacrymis</span> <span class='ocrx_word' id='word_1_670' title='bbox 1600 4975 1676 5033; x_wconf 89' lang='lat' dir='ltr'>oculi</span> 
     </span>
     <span class='ocr_line' id='line_1_55' title="bbox 52 5065 1676 5146; baseline -0.008 -14"><span class='ocrx_word' id='word_1_671' title='bbox 52 5080 209 5133; x_wconf 82' lang='lat' dir='ltr'>tllomiaus</span> <span class='ocrx_word' id='word_1_672' title='bbox 231 5092 339 5132; x_wconf 84' lang='lat' dir='ltr'>murum</span> <span class='ocrx_word' id='word_1_673' title='bbox 363 5077 499 5146; x_wconf 80' lang='lat' dir='ltr'>dissipare</span> <span class='ocrx_word' id='word_1_674' title='bbox 513 5075 668 5145; x_wconf 71' lang='lat' dir='ltr'>filiasue,</span> <span class='ocrx_word' id='word_1_675' title='bbox 686 5072 777 5130; x_wconf 92' lang='lat' dir='ltr'>conti·</span> <span class='ocrx_word' id='word_1_676' title='bbox 831 5091 846 5120; x_wconf 77' lang='lat' dir='ltr'>o</span> <span class='ocrx_word' id='word_1_677' title='bbox 863 5071 930 5139; x_wconf 91' lang='lat' dir='ltr'>mei,</span> <span class='ocrx_word' id='word_1_678' title='bbox 955 5070 1127 5126; x_wconf 90' lang='lat' dir='ltr'>conturbata</span> <span class='ocrx_word' id='word_1_679' title='bbox 1150 5074 1219 5124; x_wconf 87' lang='lat' dir='ltr'>sunt</span> <span class='ocrx_word' id='word_1_680' title='bbox 1248 5067 1357 5122; x_wconf 88' lang='lat' dir='ltr'>viscera</span> <span class='ocrx_word' id='word_1_681' title='bbox 1382 5080 1455 5123; x_wconf 90' lang='lat' dir='ltr'>mea.</span> <span class='ocrx_word' id='word_1_682' title='bbox 1475 5086 1485 5114; x_wconf 75' lang='grc' dir='ltr'><strong>ι</strong></span> <span class='ocrx_word' id='word_1_683' title='bbox 1504 5067 1564 5121; x_wconf 83' lang='lat' dir='ltr'>Pra</span> <span class='ocrx_word' id='word_1_684' title='bbox 1588 5065 1676 5134; x_wconf 72' lang='lat' dir='ltr'>merg-</span> 
     </span>
     <span class='ocr_line' id='line_1_56' title="bbox 52 5153 1678 5235; baseline -0.006 -15"><span class='ocrx_word' id='word_1_685' title='bbox 52 5179 60 5220; x_wconf 86' lang='grc' dir='ltr'><strong>ι</strong></span> <span class='ocrx_word' id='word_1_686' title='bbox 88 5164 196 5222; x_wconf 90' lang='lat' dir='ltr'>scilicet</span> <span class='ocrx_word' id='word_1_687' title='bbox 220 5178 321 5221; x_wconf 89' lang='lat' dir='ltr'>earnm</span> <span class='ocrx_word' id='word_1_688' title='bbox 350 5178 415 5235; x_wconf 82' lang='lat' dir='ltr'>quae</span> <span class='ocrx_word' id='word_1_689' title='bbox 442 5163 496 5219; x_wconf 91' lang='lat' dir='ltr'>bac</span> <span class='ocrx_word' id='word_1_690' title='bbox 522 5162 587 5217; x_wconf 90' lang='lat' dir='ltr'>illac</span> <span class='ocrx_word' id='word_1_691' title='bbox 615 5169 779 5232; x_wconf 87' lang='lat' dir='ltr'>evagantur</span> <span class='ocrx_word' id='word_1_692' title='bbox 832 5161 883 5213; x_wconf 86' lang='lat' dir='ltr'>mis</span> <span class='ocrx_word' id='word_1_693' title='bbox 902 5157 978 5215; x_wconf 90' lang='lat' dir='ltr'>oculi</span> <span class='ocrx_word' id='word_1_694' title='bbox 997 5157 1145 5223; x_wconf 87' lang='lat' dir='ltr'>deliciunt,</span> <span class='ocrx_word' id='word_1_695' title='bbox 1168 5169 1234 5211; x_wconf 90' lang='lat' dir='ltr'>oum</span> <span class='ocrx_word' id='word_1_696' title='bbox 1258 5153 1350 5211; x_wconf 82' lang='lat' dir='ltr'>eliasu</span> <span class='ocrx_word' id='word_1_697' title='bbox 1371 5153 1546 5225; x_wconf 86' lang='lat' dir='ltr'>benignitate</span> <span class='ocrx_word' id='word_1_698' title='bbox 1570 5153 1678 5210; x_wconf 90' lang='lat' dir='ltr'>intrin-</span> 
     </span>
     <span class='ocr_line' id='line_1_57' title="bbox 52 5241 1679 5319; baseline -0.009 -9"><span class='ocrx_word' id='word_1_699' title='bbox 52 5253 185 5311; x_wconf 87' lang='lat' dir='ltr'>ttionum.</span> <span class='ocrx_word' id='word_1_700' title='bbox 212 5254 292 5310; x_wconf 91' lang='lat' dir='ltr'>Unde</span> <span class='ocrx_word' id='word_1_701' title='bbox 317 5252 474 5309; x_wconf 86' lang='lat' dir='ltr'>Dominus:</span> <span class='ocrx_word' id='word_1_702' title='bbox 495 5273 505 5299; x_wconf 86' lang='lat'>‹</span> <span class='ocrx_word' id='word_1_703' title='bbox 533 5250 646 5315; x_wconf 85' lang='lat' dir='ltr'>Clauso,</span> <span class='ocrx_word' id='word_1_704' title='bbox 673 5248 778 5319; x_wconf 83' lang='lat' dir='ltr'>inquit,</span> <span class='ocrx_word' id='word_1_705' title='bbox 832 5246 996 5304; x_wconf 88' lang='lat' dir='ltr'>secatotius</span> <span class='ocrx_word' id='word_1_706' title='bbox 1019 5243 1219 5302; x_wconf 89' lang='lat' dir='ltr'>rationalitatis</span> <span class='ocrx_word' id='word_1_707' title='bbox 1239 5243 1374 5298; x_wconf 89' lang='lat' dir='ltr'>acumina</span> <span class='ocrx_word' id='word_1_708' title='bbox 1396 5241 1540 5298; x_wconf 91' lang='lat' dir='ltr'>decidunt.</span> <span class='ocrx_word' id='word_1_709' title='bbox 1566 5242 1679 5297; x_wconf 82' lang='lat' dir='ltr'>Viscera</span> 
     </span>
     <span class='ocr_line' id='line_1_58' title="bbox 54 5327 1680 5410; baseline -0.007 -12"><span class='ocrx_word' id='word_1_710' title='bbox 54 5355 87 5398; x_wconf 88' lang='lat' dir='ltr'>ra</span> <span class='ocrx_word' id='word_1_711' title='bbox 115 5341 228 5397; x_wconf 89' lang='lat' dir='ltr'>Patrem</span> <span class='ocrx_word' id='word_1_712' title='bbox 265 5348 349 5398; x_wconf 91' lang='lat' dir='ltr'>tuum</span> <span class='ocrx_word' id='word_1_713' title='bbox 386 5341 493 5410; x_wconf 79' lang='lat' dir='ltr'>(Malta.</span> <span class='ocrx_word' id='word_1_714' title='bbox 521 5353 560 5406; x_wconf 86' lang='lat' dir='ltr'>vr,</span> <span class='ocrx_word' id='word_1_715' title='bbox 591 5339 629 5409; x_wconf 82' lang='lat'>6).</span> <span class='ocrx_word' id='word_1_716' title='bbox 662 5359 676 5386; x_wconf 67' lang='grc' dir='ltr'><strong>ι</strong></span> <span class='ocrx_word' id='word_1_717' title='bbox 699 5339 781 5392; x_wconf 77' lang='lat' dir='ltr'>Fani·</span> <span class='ocrx_word' id='word_1_718' title='bbox 834 5334 1056 5400; x_wconf 89' lang='lat' dir='ltr'>conturbantur,</span> <span class='ocrx_word' id='word_1_719' title='bbox 1077 5347 1143 5390; x_wconf 84' lang='lat' dir='ltr'>cunr</span> <span class='ocrx_word' id='word_1_720' title='bbox 1167 5332 1276 5402; x_wconf 89' lang='lat' dir='ltr'>pariter</span> <span class='ocrx_word' id='word_1_721' title='bbox 1301 5330 1413 5386; x_wconf 88' lang='lat' dir='ltr'>iuterna</span> <span class='ocrx_word' id='word_1_722' title='bbox 1440 5327 1680 5386; x_wconf 89' lang='lat' dir='ltr'>vitalitasavera</span> 
     </span>
     <span class='ocr_line' id='line_1_59' title="bbox 52 5417 1680 5498; baseline -0.007 -13"><span class='ocrx_word' id='word_1_723' title='bbox 52 5445 117 5485; x_wconf 76' lang='lat' dir='ltr'>mua</span> <span class='ocrx_word' id='word_1_724' title='bbox 140 5432 214 5485; x_wconf 80' lang='lat' dir='ltr'>Deus</span> <span class='ocrx_word' id='word_1_725' title='bbox 237 5429 335 5497; x_wconf 91' lang='lat' dir='ltr'>tendit,</span> <span class='ocrx_word' id='word_1_726' title='bbox 358 5443 426 5485; x_wconf 90' lang='lat' dir='ltr'>cum</span> <span class='ocrx_word' id='word_1_727' title='bbox 450 5433 599 5498; x_wconf 89' lang='lat' dir='ltr'>peccatum</span> <span class='ocrx_word' id='word_1_728' title='bbox 623 5438 781 5496; x_wconf 75' lang='lat' dir='ltr'>pennasque</span> <span class='ocrx_word' id='word_1_729' title='bbox 834 5422 1003 5480; x_wconf 88' lang='lat' dir='ltr'>discretione</span> <span class='ocrx_word' id='word_1_730' title='bbox 1017 5420 1206 5478; x_wconf 82' lang='lat' dir='ltr'>subanditur.</span> <span class='ocrx_word' id='word_1_731' title='bbox 1225 5442 1236 5469; x_wconf 79' lang='grc' dir='ltr'><strong>ι</strong></span> <span class='ocrx_word' id='word_1_732' title='bbox 1257 5417 1389 5476; x_wconf 77' lang='lat' dir='ltr'>Ebusum</span> <span class='ocrx_word' id='word_1_733' title='bbox 1404 5425 1446 5474; x_wconf 88' lang='lat' dir='ltr'>cst</span> <span class='ocrx_word' id='word_1_734' title='bbox 1460 5417 1491 5473; x_wconf 94' lang='lat' dir='ltr'>in</span> <span class='ocrx_word' id='word_1_735' title='bbox 1507 5424 1582 5473; x_wconf 88' lang='lat' dir='ltr'>terra</span> <span class='ocrx_word' id='word_1_736' title='bbox 1597 5418 1680 5488; x_wconf 83' lang='lat' dir='ltr'>jecur</span> 
     </span>
     <span class='ocr_line' id='line_1_60' title="bbox 57 5503 1679 5589; baseline -0.009 -14"><span class='ocrx_word' id='word_1_737' title='bbox 57 5531 143 5589; x_wconf 83' lang='lat' dir='ltr'>aequa</span> <span class='ocrx_word' id='word_1_738' title='bbox 166 5531 254 5588; x_wconf 90' lang='lat' dir='ltr'>super</span> <span class='ocrx_word' id='word_1_739' title='bbox 277 5531 329 5574; x_wconf 91' lang='lat' dir='ltr'>nos</span> <span class='ocrx_word' id='word_1_740' title='bbox 351 5516 432 5573; x_wconf 90' lang='lat' dir='ltr'>lance</span> <span class='ocrx_word' id='word_1_741' title='bbox 455 5512 614 5586; x_wconf 89' lang='lat' dir='ltr'>perpendit.</span> <span class='ocrx_word' id='word_1_742' title='bbox 641 5512 781 5583; x_wconf 84' lang='lat' dir='ltr'>Aperdl-</span> <span class='ocrx_word' id='word_1_743' title='bbox 837 5523 973 5578; x_wconf 65' lang='lat' dir='ltr'>ameum,</span> <span class='ocrx_word' id='word_1_744' title='bbox 998 5523 1084 5580; x_wconf 85' lang='lat' dir='ltr'>super</span> <span class='ocrx_word' id='word_1_745' title='bbox 1108 5508 1280 5565; x_wconf 89' lang='lat' dir='ltr'>contritione</span> <span class='ocrx_word' id='word_1_746' title='bbox 1303 5505 1369 5563; x_wconf 80' lang='lat' dir='ltr'>lilim</span> <span class='ocrx_word' id='word_1_747' title='bbox 1392 5505 1491 5576; x_wconf 88' lang='lat' dir='ltr'>populi</span> <span class='ocrx_word' id='word_1_748' title='bbox 1517 5503 1583 5573; x_wconf 86' lang='lat' dir='ltr'>orei,</span> <span class='ocrx_word' id='word_1_749' title='bbox 1612 5518 1679 5561; x_wconf 89' lang='lat' dir='ltr'>cnm</span> 
     </span>
    </p>
   </div>
   <div class='ocr_carea' id='block_1_3' title="bbox 0 0 1909 6008">
    <p class='ocr_par' dir='ltr' id='par_1_3' title="bbox 0 0 1909 6008">
     <span class='ocr_line' id='line_1_61' title="bbox 0 0 1909 6008; baseline 0 0"><span class='ocrx_word' id='word_1_750' title='bbox 0 0 1909 6008; x_wconf 95' lang='lat' dir='ltr'> </span> 
     </span>
    </p>
   </div>
  </div>
 </body>
</html>
