3818 6008
69 219 120 272 iit
216 209 220 216 ¹
512 217 542 270 V.
565 215 734 275 anteeant
751 216 900 272 aeratis
918 219 946 272 S.
968 216 1088 272 MARIAE
1107 216 1153 274 DE
1173 215 1371 272 noviomiso
1764 222 1817 275 448

70 361 166 421 agere,
184 348 232 405 sed
247 347 338 404 malas
360 346 530 403 intentiones
549 345 657 416 quibus
674 345 721 401 illa
738 345 827 401 lesere
847 360 916 415 pro·
935 346 1050 418 aregio
1064 354 1115 404 est.
1141 347 1213 416 Syri,
1239 346 1349 417 Cyrene
1367 346 1497 405 similiter
1519 357 1687 415 evocantur,
1716 349 1761 406 vel
1775 357 1820 418 ut,

69 437 170 507 ponit..
629 495 631 499 ,
971 434 1159 510 juxtaaliam
1177 436 1391 492 translationem
1410 436 1522 506 (LXX),
1545 437 1650 501 dicam,
1670 439 1704 492 dr
1727 440 1818 506 socco.

107 526 278 583 Versa·
304 546 313 572 a
337 523 373 578 Et
394 521 534 579 Dominus
557 523 629 577 Deus
657 522 848 585 exercituum,
867 521 917 592 qui
973 526 1001 581 in
1033 526 1292 595 quatenebantur,
1323 540 1388 581 euin
1417 526 1535 596 superbi
1558 527 1669 597 quique
1695 527 1730 582 de
1757 527 1821 582 imis

76 614 196 684 ·tangit
227 619 342 677 terram,
376 618 403 666 et
429 609 566 680 tabescet;
598 619 625 666 et
654 610 794 681 lugebunt
820 624 919 665 omnes
973 614 1213 685 vitiornmerntl3
1231 616 1284 681 rel,
1302 614 1380 685 quod
1400 615 1509 684 Cyrene
1532 622 1623 682 sonat,
1648 616 1820 672 dehaeredi-

75 701 264 757 »habitantes
291 699 319 753 in
351 711 394 753 ea.
424 720 434 744 ι
461 700 601 759 Domitius,
629 697 733 767 inquit,
752 701 821 752 Deus
845 713 919 752 eaer-
973 703 1046 758 teria
1075 711 1149 759 sorte
1169 703 1275 759 diaboli
1300 718 1352 774 per
1372 704 1544 772 baptismam
1574 705 1710 775 exempti,
1745 705 1821 760 intra

72 792 244 853 circumest,
273 787 322 857 qui
350 787 553 857 potentiarum,
579 795 664 857 prout
691 787 815 854 libuerit,
842 802 919 858 qua·
973 791 1116 861 superbie
1147 792 1351 849 sublimitatem
1388 806 1538 849 remanere
1560 794 1707 850 sinuntur.
1740 793 1820 859 Quod

73 893 197 949 rumque
217 878 320 934 elfioax
345 885 397 934 est.
422 879 502 935 Unde
517 886 550 934 *et
573 894 639 934 cnm
668 879 790 950 tetigerit
818 885 919 933 terram
973 887 1114 936 totumne
1140 881 1163 935 si
1189 880 1316 937 diceret:
1346 881 1387 937 Ne
1415 881 1592 938 extollamini
1614 883 1685 952 quia
1709 896 1759 938 vos
1785 883 1821 937 de

73 968 201 1030 tabescit,
227 967 297 1037 quia
323 982 390 1023 eum
419 981 537 1023 manum
557 982 640 1023 suam
668 982 718 1037 per
739 967 919 1023 eonscientiae
973 971 1094 1041 AEgypto
1108 970 1269 1037 eduxerim,
1296 970 1457 1027 meminisse
1478 972 1585 1026 debetis
1608 971 1685 1041 quod
1706 978 1734 1026 et
1749 970 1821 1026 alias

73 1057 211 1123 toramen,
225 1057 311 1127 jmrta
327 1055 395 1111 illud
418 1056 529 1112 Cantici
553 1056 743 1121 cantieorum,
769 1056 918 1113 immiserit
973 1074 1140 1116 communes
1160 1058 1302 1130 quaslibet
1320 1073 1457 1128 personas
1475 1059 1509 1115 de
1531 1059 1671 1127 gravibus
1686 1058 1770 1114 malis
1784 1059 1820 1113 ad

72 1145 167 1216 (caat.
183 1161 211 1210 v,
236 1147 277 1215 4),
303 1159 337 1200 ae
360 1152 468 1201 tactum
494 1146 558 1216 ejus
580 1152 680 1201 venter
702 1146 857 1215 perstiteris
877 1145 919 1201 in·
972 1147 1189 1218 laciliorasaepe
1204 1147 1411 1204 transtulerim.

73 1234 220 1300 tremiscit,
246 1242 274 1290 et
295 1234 378 1304 quasi
405 1247 441 1290 ex
469 1234 514 1289 sui
541 1234 766 1290 consideratione
791 1234 916 1290 tabescit.
1009 1237 1092 1293 Vtilis.
1110 1239 1136 1291 8.
1151 1264 1189 1279 -
1205 1258 1216 1285 ι
1231 1237 1303 1292 Eece
1316 1236 1391 1292 oculi
1407 1236 1519 1292 Domini
1533 1236 1581 1291 Dei
1594 1251 1683 1306 super
1699 1250 1820 1307 regnum

76 1323 206 1393 «Tangit
238 1323 315 1378 enim
353 1329 463 1378 montes
495 1329 522 1378 et
553 1323 696 1384 inmittent
736 1321 820 1391 (l’sct.
862 1337 917 1389 ciri,
977 1340 1133 1397 »peccans
1157 1333 1185 1382 et
1209 1333 1353 1382 conteram
1382 1324 1451 1380 illnd
1481 1340 1498 1380 a
1527 1325 1754 1381 malaterra.»
1781 1326 1822 1381 Ne

73 1413 127 1479 at),
145 1432 156 1459 a
172 1411 287 1481 respicit
303 1418 330 1467 et
356 1410 421 1467 lacit
443 1419 563 1466 tremere
588 1420 705 1479 terram,
732 1411 827 1467 timeres
843 1412 919 1465 bobi-
973 1414 1133 1480 elevemini,
1150 1414 1281 1483 inquam,
1299 1413 1452 1485 bypoeritre
1467 1427 1517 1484 pro
1532 1422 1626 1469 vestra
1641 1413 1738 1470 lucata
1752 1428 1821 1469 ron·

73 1505 160 1555 tontes
172 1503 200 1553 ia
214 1516 247 1554 eo
262 1500 371 1571 lugent,
388 1514 454 1556 eum
474 1501 560 1556 etlam
581 1500 632 1570 qui
646 1514 766 1570 corpora
781 1514 834 1556 sua
848 1500 920 1556 bene
974 1503 1104 1570 tinentia,
1129 1503 1199 1572 quia
1223 1518 1279 1556 eece
1298 1503 1370 1556 ocati
1400 1503 1511 1556 Domini
1524 1516 1610 1571 anper
1623 1517 1738 1571 regnum
1760 1517 1821 1570 pee-

73 1596 189 1659 regunt,
212 1588 240 1642 in
267 1588 346 1644 omni
369 1602 421 1644 suo
447 1588 521 1644 bono
546 1595 613 1644 actu
640 1588 694 1644 nisi
723 1588 803 1644 luctu
831 1587 920 1659 digna
974 1607 1049 1655 aeas,
1072 1591 1100 1646 id
1121 1599 1162 1646 est
1183 1590 1339 1661 judiciaria
1363 1590 1413 1646 Dei
1441 1589 1644 1660 perspicacitas
1671 1604 1760 1659 super
1773 1604 1822 1646 eos

71 1675 181 1732 vident.
199 1675 225 1733 Sl
245 1675 343 1747 J'nstus
363 1676 412 1731 via
438 1676 569 1733 salvator
582 1677 610 1745 (1
630 1679 700 1731 Pete.
718 1691 755 1745 ιι,
789 1677 841 1747 iti),
858 1691 918 1732 non
938 1648 1026 1751 Bqui
1041 1678 1208 1736 seeaterius
1223 1678 1330 1735 rexisse
1341 1679 1491 1745 videntur,
1508 1685 1536 1735 et
1552 1685 1647 1734 tamen
1660 1692 1697 1734 ea
1711 1693 1745 1735 eo
1761 1678 1823 1748 ipso

72 1776 140 1835 ergo
160 1764 266 1820 mirum
282 1763 305 1819 si
322 1771 484 1834 peccatores
499 1764 608 1820 timent.
629 1787 638 1812 ι
653 1765 688 1820 Ει
702 1764 836 1821 ascendet
845 1765 919 1821 sicut
973 1767 1112 1837 regimine
1126 1765 1154 1821 in
1179 1765 1310 1822 elationis
1327 1765 1437 1821 lorcam
1460 1765 1680 1837 demerguntur.
1699 1767 1724 1820 A
1752 1768 1823 1827 soce

77 1872 87 1895 ι
105 1852 187 1909 rivus
201 1853 306 1919 omnis,
320 1861 348 1909 et
363 1853 469 1909 dellnet
483 1853 557 1910 sient
572 1853 681 1909 duvios
693 1853 819 1926 AEgypti.
838 1876 848 1903 ι
867 1853 919 1910 llio
973 1861 1051 1910 terrae
1066 1869 1188 1925 regnum
1203 1855 1371 1921 conteritur,
1383 1855 1538 1926 cumjusto
1551 1854 1600 1910 Dei
1613 1853 1723 1925 judicio
1736 1855 1821 1910 etiam

72 1955 183 2011 versus,
199 1948 226 1998 et
241 1942 378 1999 medietas
391 1942 576 2012 procedentis
591 1948 680 2013 supra
696 1944 845 2013 expositus
861 1950 914 1999 est.
973 1945 1008 2001 ad
1044 1945 1187 2000 humanos
1222 1958 1291 1999 usus
1323 1951 1463 2013 pratense
1498 1943 1614 1999 castitas
1641 1943 1821 2000 adnullatur.

72 2030 205 2086 Ascendit
225 2033 296 2086 sicut
323 2034 400 2086 ria-ao
418 2035 515 2096 omnis,
538 2046 605 2087 enm
626 2031 719 2088 omnis
733 2031 784 2102 qui
815 2046 920 2102 corpus
976 2032 1210 2089 «Verumtamen
1225 2039 1375 2087 conterens
1394 2045 1452 2086 non
1467 2038 1614 2087 conteram
1635 2030 1754 2088 domum
1773 2032 1822 2085 la·

72 2132 160 2175 sunm
182 2119 313 2190 castigat,
338 2121 409 2176 etin
436 2121 602 2177 servitutem
626 2120 728 2191 redigit
754 2120 778 2191 (l
797 2123 917 2189 Oeam,
976 2121 1094 2177 vroh.»
1124 2122 1165 2177 ae
1191 2120 1334 2176 sidicat:
1365 2119 1440 2177 Licet
1464 2134 1515 2175 vos
1541 2119 1698 2190 plurimam
1719 2120 1823 2177 sancti-

71 2206 125 2275 27),
140 2207 222 2277 pleno
235 2208 270 2263 ad
287 2208 377 2271 Deum
398 2208 489 2265 lectur
504 2208 613 2280 impetu
644 2208 819 2265 intentionis.
843 2210 920 2265 sicat
973 2223 1098 2266 moniam
1133 2209 1238 2265 nabere
1269 2208 1442 2278 permittam,
1473 2215 1501 2263 et
1525 2208 1628 2263 eleetos
1654 2222 1741 2268 meos,
1772 2208 1822 2279 qui

71 2297 169 2362 punias
184 2297 296 2367 AEqppn'
309 2296 420 2362 delinit,
438 2312 505 2352 enm
520 2297 627 2354 astutia
640 2297 699 2361 illa,
715 2311 773 2368 qua
786 2297 919 2365 conliga·
973 2300 1043 2354 vitia
1058 2298 1246 2369 supplantare
1262 2298 1406 2362 nituntur,
1423 2296 1577 2367 aliquoties
1601 2296 1703 2353 eadere
1717 2295 1822 2361 sinam,

72 2383 191 2439 rebatur
207 2384 338 2442 saeculari
353 2385 490 2450 scientiae,
505 2400 541 2441 ex
558 2393 615 2442 toto
631 2385 659 2441 in
673 2400 707 2441 eo
722 2385 841 2455 deperit.
972 2396 1121 2445 conterens
1147 2396 1241 2444 tanren
1267 2385 1405 2451 exterius,
1437 2385 1592 2441 introrsum
1622 2385 1740 2441 omnino
1765 2400 1822 2441 non

107 2474 192 2531 Vens.
208 2476 235 2530 6.
251 2505 284 2514 -
312 2475 392 2541 -pm
419 2474 542 2530 aedllleat
569 2475 599 2530 in
628 2473 698 2529 orele
722 2474 918 2530 ascensionem
972 2484 1128 2538 materam,
1151 2476 1199 2532 sed
1225 2475 1327 2531 laeiam
1353 2474 1395 2530 eis
1416 2488 1516 2530 casum
1544 2474 1637 2530 standi
1663 2473 1823 2530 materiam.

75 2584 85 2610 ι
103 2576 197 2630 suam,
213 2570 240 2619 et
255 2563 422 2620 fasciculum
439 2578 526 2619 suum
536 2577 624 2633 super
635 2571 739 2618 terram
751 2562 916 2618 laudavit.»
972 2566 1069 2634 Jacob,
1086 2566 1280 2635 supplantator
1295 2570 1346 2619 est.

72 2654 105 2707 ln
132 2654 194 2709 eoeio
217 2654 396 2707 ascensionem
421 2667 498 2706 soom
519 2652 646 2720 aedificat,
671 2666 737 2707 curn
760 2651 789 2705 in
813 2651 919 2707 electo·
1012 2655 1127 2710 Verisa
1153 2683 1187 2693 -
1204 2675 1214 2702 ι
1234 2653 1372 2722 Eceeego
1388 2652 1542 2719 mandabo,
1562 2658 1590 2707 et
1608 2651 1773 2727 concutiam
1794 2651 1823 2706 in

73 2755 139 2796 rum
153 2748 274 2811 pectore,
291 2741 352 2812 qui,
369 2740 443 2796 sicut
455 2740 570 2804 eoelunr,
591 2740 643 2795 sibi
660 2747 728 2796 sunt
743 2740 834 2808 sedes,
857 2741 917 2796 vir·
976 2765 987 2791 ι
1005 2742 1140 2799 omnibns
1159 2741 1293 2812 gentibus
1311 2741 1428 2796 domum
1445 2739 1542 2807 lsrael,
1570 2741 1645 2795 sieut
1658 2740 1824 2796 concutitur

74 2835 168 2884 tntrrm
185 2820 377 2885 instrumenta
396 2828 577 2898 multiplicat,
595 2842 647 2900 per
670 2844 735 2900 qnae
752 2844 808 2884 non
826 2828 919 2885 solum
977 2853 986 2879 a
1005 2831 1131 2889 triticum
1146 2830 1174 2885 in
1190 2829 1295 2895 cribro,
1310 2836 1337 2885 et
1352 2843 1408 2883 non
1429 2828 1510 2885 cadet
1525 2827 1641 2897 lapillus
1662 2842 1751 2898 super
1771 2836 1835 2889 ter·¹

75 2917 103 2972 in
116 2917 220 2975 horum
234 2917 366 2974 sensibus
391 2917 576 2986 provebatur,
599 2917 647 2974 sed
661 2917 798 2990 eosjipsos
823 2918 918 2974 adsui
939 2934 1076 3001 Geram.
1095 2943 1105 2968 ι
1123 2921 1199 2975 Deus
1218 2918 1347 2985 mandat,
1368 2932 1433 2973 earm
1452 2916 1570 2973 minime
1599 2916 1661 2973 steri
1685 2924 1771 2973 vetat.
1789 2919 1823 2972 la

74 3007 204 3063 notitiam
235 3006 396 3076 promoveri
422 3005 517 3062 iaciat.
544 3007 715 3062 Fasciculum
737 3022 816 3061 suam
839 3022 921 3076 saper
973 3009 1234 3076 omcribasqeatibnr
1249 3007 1357 3062 domnam
1373 3006 1458 3060 lsrael
1472 3005 1610 3071 concutit,
1628 3005 1702 3060 inter
1725 3003 1823 3059 omnia

30 3098 41 3109 '
74 3099 176 3148 enom
198 3094 310 3155 lundat,
338 3094 451 3150 eumin
476 3108 594 3164 corpore
616 3102 713 3150 nostro
739 3094 824 3150 totius
853 3094 919 3152 boni
973 3097 1132 3172 penevltia
1154 3095 1357 3152 conscientiam
1383 3093 1726 3165 hypocritaeplerumqne
1747 3092 1824 3149 eolli-

73 3183 202 3239 exereltii
231 3183 378 3239 materiem
408 3197 459 3253 per
498 3191 604 3240 sanctae
625 3183 771 3255 religionis
804 3183 921 3240 vincula
974 3185 1138 3243 ditiltlroe
1157 3183 1272 3239 litsicat
1297 3185 1417 3236 triticum
1437 3186 1464 3235 ia
1491 3181 1582 3235 cribro
1607 3182 1770 3243 concutitur,
1793 3179 1821 3234 in

74 3271 243 3342 constringit
262 3278 288 3326 et
303 3271 414 3327 solidat.
434 3294 444 3319 ‹
471 3271 524 3336 Qui
550 3279 632 3328 vocat
654 3286 746 3342 aquas
775 3273 873 3338 maris,
894 3280 921 3328 et
975 3289 1033 3345 quo
1049 3273 1188 3329 bonorum
1205 3271 1383 3327 naturalium
1400 3270 1528 3339 trogesa
1544 3269 1633 3339 paleis
1647 3276 1674 3325 et
1690 3269 1824 3325 sordibus

77 3359 222 3417 »ellnndit
235 3375 284 3416 eas
304 3374 392 3430 super
415 3360 516 3416 taciem
540 3368 633 3426 terrae,
659 3361 800 3418 Dominus
817 3376 920 3417 nomen
974 3363 1110 3418 vitiorum
1126 3362 1184 3417 Deo
1204 3359 1385 3415 discernente
1403 3365 1575 3428 purgantur.
1591 3358 1642 3413 Sed
1665 3372 1721 3413 non
1746 3357 1823 3413 cadit

77 3448 178 3518 1ejns.
199 3455 320 3518 ›aqaos
336 3451 420 3503 moris
434 3449 574 3505 Dominus
588 3455 680 3516 vocat,
704 3464 771 3505 cum
790 3464 921 3520 quosque
975 3453 1086 3523 lapillus
1113 3466 1195 3519 saper
1227 3455 1338 3515 terram,
1366 3449 1436 3519 qnia
1463 3447 1616 3504 obduratio
1648 3445 1737 3501 animi
1765 3459 1821 3499 non

74 3536 152 3593 leves
173 3545 200 3594 et
227 3537 340 3605 fluidos,
363 3546 390 3595 et
420 3538 533 3594 sentina
563 3538 672 3608 putidae
696 3538 921 3595 conversationis
973 3541 1096 3608 excedit,
1111 3547 1142 3595 ut
1171 3539 1313 3609 pertingat
1335 3537 1475 3608 usquead
1493 3537 1597 3606 peccant
1625 3543 1652 3592 et
1676 3538 1823 3591 terrenita-

75 3640 185 3683 amores
196 3627 231 3682 ed
246 3642 306 3683 suae
328 3626 518 3683 institutionis
533 3626 661 3682 studium
678 3634 823 3697 provocat.
847 3642 921 3698 quas
975 3630 1011 3686 tis
1025 3643 1085 3684 snae
1101 3627 1242 3684 notitiam.

70 3714 220 3787 intantum
244 3717 344 3787 gratiae
362 3731 422 3773 sure
445 3717 628 3772 condimento
656 3716 788 3772 dulcorat
817 3725 849 3773 ut
876 3733 921 3772 eos
1010 3715 1391 3787 Vnos.10.*‹lngladio
1415 3715 1575 3770 morientur
1599 3728 1697 3769 ottiires
1723 3712 1821 3783 populi

74 3818 156 3874 ευμεν
168 3805 269 3871 sociem
283 3811 361 3859 terra
374 3804 514 3862 ellnndat.
533 3805 616 3860 idest
641 3811 708 3860 ante
733 3804 832 3860 laeiem
848 3819 920 3875 quo·
977 3829 988 3855 ι
1007 3814 1167 3876 peccatores
1180 3805 1247 3870 mei,
1264 3805 1314 3874 qun
1338 3805 1455 3860 dieunt:
1478 3804 1539 3860 Non
1566 3801 1822 3872 appropinquabit,

74 3908 200 3964 rumque
223 3894 374 3961 bonorum,
397 3894 448 3964 qui
472 3897 558 3966 juxta
585 3895 764 3965 Apostolum,
788 3903 855 3951 sunt
871 3894 921 3951 Dei
977 3895 1172 3952 »nouveniet
1186 3908 1274 3964 super
1288 3908 1341 3949 nos
1373 3892 1520 3948 malum·
1548 3890 1627 3957 Quod
1647 3898 1689 3946 est
1705 3891 1822 3946 dicere:

75 3983 223 4052 culturali
238 3984 303 4036 Cor.
320 3997 361 4048 m,
378 3983 414 4050 9),
431 3998 479 4038 eos
496 3998 546 4053 pro
560 3983 688 4053 exemplo
711 3991 846 4053 exponat.
865 3983 922 4041 Neo
973 3986 1146 4054 Quicunque
1161 3983 1214 4037 sibi
1243 3981 1431 4038 immuitatem
1455 3997 1472 4034 a
1496 3994 1578 4050 prena
1603 3979 1721 4049 peccati,
1740 3979 1822 4049 qnasi

75 4069 103 4126 id
119 4069 312 4141 injurialpse
327 4078 369 4126 est
383 4071 458 4126 enirn
472 4071 620 4140 Dominus,
638 4072 679 4127 sle
694 4086 725 4127 re
741 4079 773 4128 ut
795 4071 920 4139 nomine,
975 4087 1026 4143 pro
1040 4072 1107 4128 vitae
1118 4072 1219 4128 merito
1239 4071 1292 4127 sibi
1307 4070 1457 4140 spondent,
1480 4084 1530 4139 pro
1557 4073 1699 4124 suam
1721 4067 1825 4123 ser-uri-

75 4157 122 4213 oui
137 4157 244 4224 subest,
260 4172 326 4214 eum
340 4158 471 4224 voluerit,
489 4174 578 4229 posse.
977 4168 1034 4217 tate
1044 4160 1176 4231 capitalis
1189 4159 1318 4215 oriminis
1328 4158 1457 4229 gladium
1471 4157 1604 4213 incident.

111 4245 196 4302 Vens.
212 4247 238 4299 7.
255 4267 310 4296 -‹
325 4245 463 4324 Numquid
480 4262 549 4312 non,
566 4255 598 4304 ut
609 4247 657 4304 lilii
678 4248 855 4318 AEtlriopum,
871 4262 922 4303 vos
941 4246 963 4300 D
1009 4249 1093 4306 Vens.
1109 4253 1151 4303 ll.
1177 4279 1211 4287 -
1231 4270 1240 4294 ι
1259 4249 1290 4303 ln
1307 4248 1352 4303 die
1368 4246 1414 4302 illo
1434 4245 1579 4302 sciscitabo
1603 4243 1821 4300 tabernaculum

78 4335 173 4390 »estis
206 4333 286 4400 mibi,
320 4335 389 4391 dicit
420 4336 565 4403 Dominus,
601 4337 651 4392 lilii
681 4336 815 4393 israeli»
857 4339 923 4392 Filii
980 4337 1110 4404 »David,
1124 4337 1201 4407 quod
1223 4336 1333 4399 cecidit,
1349 4344 1376 4390 et
1397 4333 1575 4390 reaedificabo
1590 4340 1741 4402 aperturas
1765 4346 1824 4387 mu-

77 4424 166 4479 lrroel
183 4423 349 4495 AEtlriopam
375 4426 429 4493 plia¹
445 4426 501 4481 Deo
533 4425 616 4492 liunt,
637 4425 759 4491 cumbi,
780 4426 832 4496 qui
855 4440 921 4482 cum
979 4426 1193 4497 »rorumejua
1217 4432 1244 4480 et
1265 4440 1380 4495 eaquae
1405 4430 1585 4489 corruerant,
1612 4420 1820 4476 restaurabo.-

77 4512 133 4569 Deo
148 4513 208 4569 suis
223 4513 348 4569 motibus
363 4513 520 4583 principari
542 4513 711 4577 debuerant,
738 4513 923 4570 immutabili·
975 4518 1008 4571 la
1022 4516 1067 4570 die
1080 4516 1128 4570 illo
1152 4515 1356 4569 tabernaclum
1379 4513 1466 4568 Dauid
1494 4511 1567 4580 quod
1587 4511 1684 4566 cecidit
1707 4509 1824 4565 suscita·

77 4601 162 4657 terio
188 4602 295 4673 peccati
319 4603 470 4673 nigredine
499 4610 691 4672 perseverant.
720 4603 821 4671 lsrael,
840 4605 923 4674 prin·
977 4609 1035 4669 tur,
1056 4617 1122 4658 curn
1147 4601 1175 4656 in
1195 4600 1245 4657 illa
1273 4599 1482 4656 illuminatione
1514 4599 1637 4669 interna,
1664 4611 1734 4666 qna,
1756 4596 1823 4651 dnm

76 4703 141 4759 ceps
155 4704 222 4746 oum
236 4691 304 4756 Deo,
329 4690 445 4757 dieitur,
463 4689 513 4760 qni
530 4689 565 4745 ad
580 4689 737 4747 obstinatos
762 4691 924 4760 nypocritas
976 4691 1105 4760 superbit
1120 4689 1236 4759 impius,
1261 4689 1295 4743 ad
1314 4687 1358 4744 sui
1380 4687 1537 4744 claritatem
1565 4685 1643 4740 retnt
1664 4698 1770 4739 aarum
1787 4683 1825 4739 in·

76 4792 169 4835 sermo
184 4778 329 4850 dirigitur.
348 4802 359 4829 a
376 4779 516 4850 Nunquid
532 4792 588 4836 non
605 4779 690 4835 lsrael
712 4780 864 4837 ascendere
881 4780 924 4836 ie·
977 4779 1111 4836 conditur
1124 4792 1233 4848 pauper
1247 4777 1331 4846 (Psoi.
1349 4791 1387 4842 rx,
1405 4775 1460 4846 23),
1484 4781 1583 4830 sarreia
1609 4773 1710 4829 militia
1730 4773 1825 4844 caritas

80 4867 132 4922 »ei
155 4867 190 4924 de
217 4875 293 4924 terra
321 4867 448 4938 AEgypti,
481 4875 509 4924 et
536 4867 703 4924 Palaestinos
724 4868 759 4924 de
780 4869 924 4939 Cappado-
978 4868 1046 4925 libet
1061 4881 1151 4923 mann
1166 4865 1257 4931 iactis,
1272 4881 1338 4937 quae
1351 4865 1460 4922 desidia
1477 4864 1640 4929 ellluxerat,
1658 4863 1821 4918 innovatur.

80 4956 162 5024 »cia
185 4965 213 5012 et
236 4955 321 5026 Syros
346 4956 380 5012 de
406 4956 534 5027 Cyrene?
566 4978 577 5003 ι
608 4958 694 5013 lsrael
725 4958 868 5013 osemdere
892 4959 925 5012 de
977 4959 1135 5026 aperturas
1157 4969 1310 5011 murorum
1341 4954 1404 5026 eius
1427 4952 1590 5015 reaedilieat,
1628 4966 1695 5007 com
1724 4952 1826 5006 mentis

78 5049 152 5100 terra
167 5048 279 5115 AEpppti
295 5046 371 5101 Deus
393 5044 471 5112 lacit,
495 5059 561 5101 eum
583 5045 618 5101 de
633 5045 730 5102 saeculi
754 5045 925 5101 maeroribas
978 5045 1084 5111 hiatus,
1120 5058 1170 5114 per
1203 5059 1276 5114 quos
1315 5042 1520 5098 admittebatur
1549 5053 1639 5110 pram
1670 5039 1824 5111 suggestio,

46 5148 112 5198 ,ao
134 5133 257 5191 tenebris
278 5133 315 5190 ad
338 5148 367 5189 se
385 5133 543 5190 ridendum
564 5135 640 5190 Deus
667 5147 818 5204 assurgere
846 5133 923 5189 lacit.
977 5132 1066 5190 litura
1089 5132 1206 5190 virtutis
1233 5131 1391 5202 accopulat.
1425 5131 1493 5197 Quae
1527 5135 1697 5185 corruerant
1722 5137 1827 5185 restau-

78 5220 222 5278 Palaestini
249 5222 471 5292 decoppcdccio
490 5229 646 5288 eruuntur,
666 5236 732 5278 eom
759 5221 793 5277 de
819 5221 925 5291 lrigore
979 5228 1110 5285 rat,cum
1126 5222 1233 5278 damna
1248 5220 1355 5291 peceati
1379 5217 1567 5289 penitudinis
1590 5216 1768 5287 impensione
1780 5231 1827 5273 re-

78 5307 257 5365 infidelitatis
270 5308 307 5366 ad
322 5309 375 5365 hoo
391 5316 423 5366 ut
445 5310 601 5366 mundanae
616 5309 771 5380 voluptatis
795 5309 925 5380 portione
978 5310 1134 5381 dintegrat.

78 5396 241 5463 concidant,
274 5396 375 5468 aliqui,
415 5398 590 5456 educuntur.
624 5398 769 5455 Palaestini
810 5399 925 5468 potione
1016 5400 1101 5456 Vnus.
1122 5403 1161 5453 te.
1178 5430 1212 5438 -
1230 5420 1241 5447 ι
1257 5398 1292 5455 Et
1311 5398 1552 5454 reaedilicabcieos
1576 5396 1650 5452 siout
1674 5395 1703 5450 in
1727 5394 1828 5451 diebos

79 5487 213 5543 radentes
243 5485 396 5555 dicuntur;
424 5486 604 5557 Cappadocia
630 5495 727 5545 autem
752 5487 925 5558 aquilonalis
981 5487 1150 5559 »antiquis
1166 5498 1197 5545 ut
1212 5487 1373 5557 possideant
1389 5486 1527 5556 reliquias
1542 5484 1665 5540 idumeae
1685 5491 1714 5538 et
1730 5497 1829 5539 omnes
