3818 6008
121 225 172 280 atu
562 223 591 277 V.
614 220 782 278 tulbensi
803 217 949 273 neentis
969 217 998 272 S.
1020 217 1140 273 nanim
1159 217 1205 273 bn
1224 217 1418 274 nottcsstt'ro
1819 218 1871 271 tiit

120 358 269 431 gesserint,
287 352 436 411 favorabili
453 351 639 408 excusatione
655 364 720 407 mox
735 350 895 416 sublevent,
910 347 969 403 ani·
988 347 1177 419 italiquoties
1201 346 1340 404 intentive
1364 347 1491 419 ponitur,
1519 354 1552 404 ut
1579 354 1631 412 est,
1653 347 1747 402 deame
1773 356 1801 403 et
1828 349 1873 401 de·

119 461 250 518 masque,
266 458 332 515 quae
347 457 405 498 non
429 442 542 507 vivunt,
564 440 651 511 Juxta
674 440 851 510 proplietam,
870 436 969 493 vivifi·
1023 442 1088 492 iera.

120 544 186 592 cant
216 536 322 606 (Errat.
343 546 402 598 urit,
430 533 480 598 te).
510 532 546 584 Et
568 532 640 584 sicut
666 530 782 598 populus
811 531 849 583 sia
874 541 968 580 saeer—
1058 526 1144 582 vans.
1170 524 1211 580 13.
1235 555 1267 565 -
1289 548 1299 575 ι
1325 525 1417 595 Super
1436 526 1529 595 captita
1554 525 1698 581 montium
1721 525 1871 581 sacrifica-

119 625 167 680 doa
188 631 322 689 est,cum
347 619 474 690 eiusdem
503 618 632 674 criminis
657 619 680 672 si
703 632 759 673 non
786 615 903 689 majoris
926 622 968 670 est
1024 615 1133 682 »bant
1177 622 1205 671 et
1241 628 1329 684 super
1365 614 1450 671 colles
1475 614 1671 670 accendebant
1707 614 1870 683 thimiama,

118 713 175 777 ille,
192 711 243 783 qui
259 715 422 780 peccantem
441 707 591 777 approbat,
608 706 693 776 cuius
710 706 755 761 ille
776 709 825 777 qui
852 717 966 778 peccam
1024 704 1158 760 »subtus
1185 718 1337 774 quercum,
1378 712 1405 760 et
1432 704 1639 772 terebinthum,
1666 711 1693 760 et
1716 702 1869 774 populum,

118 807 281 870 competens
306 796 382 853 enim
410 795 445 850 ad
474 796 519 851 sui
553 794 672 850 modurn
693 796 885 853 sacerdotium
913 800 966 854 atl-
1024 792 1213 864 »quiabona
1240 800 1302 848 erat
1321 793 1426 850 umbra
1451 794 1656 863 ejus.›Super
1678 795 1771 862 capita
1789 808 1870 847 mon-

118 888 272 954 ministrat,
289 885 340 956 qui
352 898 439 954 super
454 884 518 940 talis
539 883 712 939 defensionis
735 884 829 941 studio
848 886 966 959 dogma·
1021 886 1088 937 tium
1125 880 1298 950 sacrificant,
1332 883 1383 953 qui
1413 881 1563 953 superbias
1580 881 1701 937 divitum
1720 881 1869 935 imitantes

117 977 193 1033 tizat.
1021 970 1150 1028 omnium
1171 978 1267 1040 strage
1281 971 1418 1027 vitiorum
1447 985 1476 1026 se
1502 977 1639 1026 mactant.
1662 971 1766 1039 Capita
1791 985 1869 1023 man-

153 1065 238 1122 lfnns.
258 1066 346 1118 fu-
369 1085 379 1112 ι
406 1063 442 1117 Et
464 1061 588 1118 visitabo
612 1075 700 1131 super
721 1076 788 1119 eum
807 1064 869 1119 vias
891 1065 964 1135 eius,
1021 1063 1098 1128 tiam,
1124 1060 1150 1118 id
1175 1069 1219 1120 est
1245 1060 1456 1119 cervicositates
1481 1058 1638 1129 potentium
1675 1070 1794 1127 pauper,
1821 1057 1868 1112 vol

119 1175 130 1203 ι
147 1160 174 1210 et
197 1152 383 1224 cogitationes
412 1152 475 1221 eius
499 1151 617 1207 reddam
642 1151 676 1206 ei.
703 1151 738 1206 Et
764 1153 913 1209 comedent
939 1161 967 1210 et
1019 1150 1170 1207 mediocris
1183 1153 1323 1217 imitatur,
1340 1159 1373 1206 ut
1389 1147 1467 1218 qued
1482 1147 1580 1202 inillis
1594 1145 1750 1215 opulentia,
1767 1145 1822 1201 hoc
1837 1145 1869 1201 iu

119 1256 205 1298 »non
218 1241 413 1297 satiabuntur.
434 1262 443 1289 ι
462 1241 502 1296 lie
525 1239 631 1308 plurali
656 1239 691 1295 ad
710 1240 887 1311 singularem
904 1256 966 1311 pro
1019 1237 1064 1316 bis
1092 1241 1151 1296 solo
1180 1241 1317 1313 nequitiae
1352 1237 1480 1308 appetitu
1515 1242 1628 1306 agatur.
1665 1235 1753 1303 Super
1789 1236 1868 1290 colles

116 1330 229 1402 phetico
245 1344 323 1385 more
338 1329 440 1385 transit
456 1343 622 1384 numerum.
647 1329 734 1398 Super
756 1345 814 1382 eum
827 1333 887 1384 nias
902 1331 966 1401 ejus
1020 1328 1349 1396 ttimtamaaecendnar‚
1370 1341 1438 1383 cum
1461 1338 1582 1380 suorum
1603 1337 1800 1393 aequaevorurn
1821 1330 1867 1378 at-

117 1420 223 1485 visitat‚
249 1433 315 1474 eum
344 1418 407 1487 eius
429 1416 555 1472 actiones
584 1431 650 1472 eum
679 1417 869 1487 opprimendo
896 1433 964 1475 aon·
1019 1431 1076 1486 que
1089 1420 1267 1488 comparium
1281 1415 1412 1486 exemplo
1427 1414 1493 1485 quis
1508 1426 1541 1469 ao
1561 1413 1585 1468 si
1610 1412 1696 1468 odore
1721 1412 1866 1482 respergi-

115 1509 240 1563 demnat.
268 1508 447 1575 Cogitationes
470 1506 529 1574 ejus
549 1510 573 1559 ei
601 1505 704 1573 reddit,
728 1520 795 1561 cum
814 1507 964 1576 apostasiae
1019 1511 1078 1573 tur,
1103 1508 1153 1576 qui
1178 1507 1215 1562 ab
1238 1507 1339 1562 alienae
1360 1502 1503 1574 cupidinis
1527 1501 1593 1573 igne
1612 1501 1783 1571 digreditur.
1809 1501 1866 1570 lpsi

115 1603 231 1667 peccata
261 1594 375 1651 latentis
400 1595 428 1649 iu
450 1608 517 1649 eurn
542 1594 800 1663 apertepuniendo
825 1595 961 1651 refundit.
984 1608 1100 1688 Bsnper
1125 1595 1390 1660 eollesaceendunt,
1420 1606 1486 1648 cum
1523 1591 1605 1661 pravi
1634 1588 1737 1644 caloris
1763 1595 1866 1644 aestum

114 1685 187 1741 Nota
213 1692 308 1741 tamen
337 1683 414 1754 quod
449 1681 574 1752 populus
601 1682 786 1752 singularitas
824 1682 859 1739 sit
885 1683 964 1740 eolle-
1017 1697 1054 1739 ex
1082 1698 1182 1739 eorum
1208 1698 1264 1740 usu
1293 1696 1353 1739 sese
1377 1679 1547 1738 concitando
1566 1677 1744 1748 concipiunt.
1765 1677 1866 1732 subtus

114 1771 201 1840 oliva,
215 1779 242 1827 et
257 1772 319 1827 ideo
335 1771 448 1826 numeri
464 1771 583 1826 fortasse
598 1778 760 1827 mutantur.
778 1772 895 1828 Dixerat
910 1787 963 1827 su-

115 1861 211 1930 perius
225 1860 302 1930 quod
317 1858 416 1929 populi
427 1857 472 1914 sui
488 1866 603 1928 peecata
619 1858 810 1928 comederent,
828 1859 875 1915 hio
893 1860 961 1917 sub-

112 1948 173 2020 jicit
190 1948 265 2019 quod
283 1948 444 2014 comedant,
469 1955 497 2002 et
522 1961 580 2002 non
603 1947 753 2015 satientur,
778 1948 848 2017 quia
862 1948 912 2003 etsi
926 1962 963 2004 ex

114 2036 208 2092 aliena
220 2050 320 2105 capere
336 2035 501 2091 desiderant
516 2033 668 2104 iniquitate
687 2035 831 2102 solatium,
848 2035 962 2092 nullum

113 2132 210 2181 tamen
235 2123 360 2180 mordaci
389 2123 579 2190 conscientia,
614 2137 673 2194 qua
696 2138 809 2193 semper
831 2132 962 2181 conster-

113 2221 222 2269 nantur
237 2213 358 2268 interius
380 2213 483 2282 poterit
506 2219 642 2282 praestare
665 2212 865 2268 fomentum«
891 2213 962 2270 For-

114 2302 230 2357 »nieati
257 2309 325 2356 sunt
347 2309 374 2357 et
399 2315 457 2356 non
490 2308 686 2366 cessaverunt,
712 2302 849 2370 quoniam
869 2301 962 2356 Douri-

114 2404 214 2446 nnum
232 2389 413 2460 reliquerunt
425 2389 454 2444 in
477 2403 535 2444 non
559 2388 753 2444 custodiendo.
772 2409 783 2437 ›
805 2388 960 2445 Fornican-

112 2483 161 2532 tur
175 2475 226 2547 qui
244 2490 342 2532 amore
367 2474 553 2546 praesentium
576 2490 593 2529 a
615 2476 672 2531 Deo
695 2475 879 2545 alienantur3
902 2490 960 2531 uon

110 2571 233 2630 cessant,
264 2565 316 2635 qui
348 2564 529 2620 dominantia
560 2565 640 2632 vitia,
665 2564 748 2620 nulla
772 2564 891 2621 rationis
911 2577 961 2620 au·

111 2652 240 2709 ctoritate
268 2652 465 2709 reverberant.
495 2653 638 2720 Quoniam,
677 2652 783 2723 inquit,
818 2655 959 2708 Domitiam

110 2742 299 2810 relinquerunt
313 2744 343 2794 in
359 2756 411 2795 nan
438 2740 624 2806 custodiendo,
641 2740 668 2796 iri
682 2748 725 2797 est
746 2740 837 2797 divini
861 2755 960 2812 respe-

111 2827 297 2884 ctusnullam
313 2827 443 2884 habuere
458 2828 658 2893 reverentiam,
675 2829 785 2885 nullam
802 2829 889 2886 menti
905 2845 960 2886 cu-

1017 1789 1143 1842 quercum
1163 1773 1216 1828 boc
1238 1771 1357 1837 faciunt,
1381 1767 1546 1825 cumomni
1568 1767 1705 1822 vitiorum
1730 1780 1760 1821 se
1778 1766 1865 1822 volu-

1018 1861 1097 1917 tabro
1123 1861 1240 1931 porcina
1263 1859 1419 1915 imitatione
1442 1855 1621 1927 subjiciunt;
1641 1867 1768 1924 quercus
1789 1854 1864 1910 enim

1017 1949 1177 2019 glandifera
1202 1962 1302 2019 porcos
1325 1947 1384 2002 alit.
1409 1945 1509 2001 Subtus
1527 1944 1705 1998 terebinthum
1725 1941 1752 1997 id
1767 1942 1862 2010 eflicit,

1017 2037 1068 2108 qui
1085 2037 1240 2094 admodum
1253 2035 1347 2106 turpis
1367 2043 1458 2101 actus,
1483 2031 1609 2089 faeditate
1621 2032 1763 2097 submota,
1781 2031 1863 2087 niodo

1016 2126 1113 2196 aliquo
1135 2122 1313 2181 accuratiore
1336 2131 1364 2179 et
1392 2122 1578 2191 familiariore
1606 2120 1766 2190 delinquit3
1789 2127 1863 2176 tere-

1016 2214 1136 2270 binthus
1160 2214 1236 2270 enirn
1262 2212 1495 2283 pulchre-opaca
1526 2208 1659 2280 gratique
1688 2209 1784 2264 odoris
1810 2216 1860 2264 est.

1016 2303 1144 2374 Populus
1175 2302 1354 2357 infructuosa
1385 2299 1512 2370 quidem,
1539 2298 1587 2353 sed
1615 2297 1705 2353 ramis
1726 2296 1818 2353 eflusa
1836 2300 1862 2353 et

1015 2393 1108 2450 ardua
1122 2398 1174 2459 est,
1189 2388 1288 2446 folium
1305 2403 1342 2444 ex
1359 2403 1418 2445 uua
1436 2387 1602 2453 candidum,
1619 2401 1655 2442 ex
1672 2386 1762 2442 altera
1782 2395 1862 2457 parto

1015 2481 1133 2553 nigrum
1158 2479 1276 2546 babens,
1301 2478 1364 2533 illos
1388 2477 1471 2547 plane
1502 2475 1669 2546 significans
1695 2475 1747 2545 qui
1769 2475 1861 2545 speeie

1015 2569 1133 2625 honesta
1149 2566 1312 2637 loquuntur
1326 2580 1343 2620 a
1358 2565 1439 2632 faeie,
1464 2564 1513 2619 sed
1533 2563 1604 2619 alios
1619 2577 1708 2631 prava
1727 2563 1763 2619 ad
1778 2578 1861 2620 omne

1015 2656 1123 2714 malurn
1144 2655 1277 2711 suasione
1297 2654 1419 2710 latenter
1439 2652 1589 2719 afficiunt;
1611 2653 1688 2709 unde
1709 2652 1858 2722 sequitur:

1014 2747 1084 2815 Quia
1097 2745 1166 2799 bona
1189 2749 1247 2798 erat
1269 2743 1367 2797 umbra
1387 2741 1457 2812 ejus,
1481 2741 1508 2796 id
1532 2748 1574 2797 est
1598 2755 1664 2797 cum
1688 2742 1797 2811 quibus
1811 2756 1860 2797 su·

1014 2848 1066 2905 per
1086 2831 1240 2904 cujuslibet
1261 2837 1387 2886 tractatu
1416 2830 1522 2885 erroris
1538 2828 1626 2897 possit
1650 2829 1698 2900 agi
1723 2828 1858 2898 quietius.

110 2917 233 2973 stodiam
247 2916 420 2972 adhibendo.
979 2936 999 2990 c
1016 2944 1027 2972 »
1049 2921 1116 2977 ldeo
1136 2919 1358 2976 fornicabuntur
1373 2917 1438 2973 tilia
1452 2926 1565 2984 vestra,
1582 2923 1609 2973 et
1633 2929 1744 2985 sponsae
1759 2925 1860 2972 vestra

146 3005 231 3061 Vnus.
249 3008 291 3059 ll.
306 3035 341 3045 -
357 3027 367 3052 ι
385 3002 545 3060 Fornicatio
560 3011 588 3061 et
603 3005 705 3062 vinum
720 3008 747 3062 et
762 3005 885 3062 ebrietas
903 3020 960 3063 au·
1015 3031 1026 3059 ι
1043 3009 1181 3066 adulterae
1193 3015 1289 3064 erunt.
1310 3031 1323 3054 »ι
1349 3006 1424 3062 Dum
1441 3006 1564 3062 aliorum
1590 3005 1678 3061 studii
1704 3004 1859 3061 auctoritas

110 3092 196 3150 »fert
212 3092 281 3166 [at.,
307 3089 453 3164 auferunt]
479 3107 566 3149 cora
590 3092 670 3160 Quod
694 3101 736 3150 est
759 3094 871 3151 dicere:
886 3095 958 3152 Cum
1013 3098 1149 3168 pudenda
1164 3096 1326 3166 respicitur,
1347 3095 1413 3166 tilia
1432 3093 1613 3150 fornicantur
1631 3092 1702 3163 quia
1727 3106 1743 3148 a
1764 3093 1860 3149 divino

110 3181 283 3252 quisalteo
309 3181 498 3248 abscinditur,
528 3182 643 3252 Deoque
669 3183 832 3253 postposito,
856 3183 958 3239 mundi
1012 3187 1115 3242 robore
1141 3184 1273 3242 mollities
1298 3197 1418 3255 prorsus
1451 3183 1564 3238 interna
1602 3180 1777 3251 deponitnr;
1793 3181 1860 3251 filia
1905 3231 1906 3261 3

109 3269 274 3340 voluptates
299 3268 483 3337 affectatas
511 3268 556 3324 his
578 3270 689 3326 ratione
721 3271 834 3341 sepulta
860 3271 957 3327 obrui·
1013 3274 1204 3342 fornicantur,
1224 3288 1290 3329 cunr
1309 3273 1396 3329 eorda
1419 3286 1470 3342 per
1497 3285 1526 3326 se
1552 3269 1666 3342 fragilia
1689 3270 1724 3326 de
1742 3278 1860 3326 externa

111 3365 169 3426 tur,
190 3372 241 3414 cor
256 3358 398 3426 aufertur,
416 3357 487 3429 qnia
501 3357 572 3414 nibil
590 3359 693 3415 deindo
708 3373 795 3430 penes
817 3374 894 3427 eunt,
909 3367 960 3416 aut
1012 3363 1097 3420 etiam
1134 3361 1352 3419 labefactatione
1392 3360 1548 3416 laeduntur.
1598 3359 1709 3428 Sponsa
1731 3358 1861 3413 adnitere
1904 3376 1906 3387 <

111 3446 192 3515 pensi
202 3453 253 3502 aut
265 3446 405 3502 moderati
418 3446 455 3501 ad
469 3446 592 3501 erimina
603 3447 754 3516 reperitur.
1014 3452 1175 3520 lienteum
1191 3450 1354 3508 voluntates
1375 3449 1436 3520 iarn
1458 3448 1528 3504 alias
1547 3446 1666 3516 vitiatae,
1683 3446 1774 3503 multo
1789 3447 1867 3504 detes

146 3534 233 3591 Vens.
253 3537 296 3589 tn.
312 3556 374 3583 -e
402 3534 530 3605 Populus
550 3549 632 3591 meus
652 3534 680 3591 in
702 3534 779 3607 ligno
802 3550 854 3593 suo
874 3536 961 3592 inter·
1013 3541 1075 3598 rius
1086 3540 1156 3597 alios
1169 3539 1333 3596 aemulando
1344 3545 1444 3595 ruunt.
1904 3576 1906 3612 ,

112 3622 263 3695 erogavit,
281 3631 308 3680 et
330 3623 452 3680 baculus
475 3625 538 3694 eius
561 3624 747 3680 annuntiabit
768 3624 815 3695 [al.
840 3637 959 3680 annun·
1047 3628 1133 3685 Vens.
1152 3630 1194 3683 14.
1209 3650 1274 3677 -‹
1300 3627 1363 3684 Non
1388 3626 1512 3683 visitabo
1539 3639 1627 3695 super
1649 3624 1722 3680 illias
1749 3630 1860 3680 vestras
1904 3619 1906 3652 r

110 3711 291 3782 tiavitiei.r
315 3713 446 3780 fuligno
470 3727 519 3766 sua
547 3713 664 3781 populus
698 3712 865 3783 interrogat,
892 3727 957 3768 cum
1015 3728 1105 3769 »cum
1128 3713 1236 3769 fuerint
1264 3711 1419 3782 fornicata,
1445 3721 1473 3769 et
1495 3727 1582 3782 super
1609 3725 1726 3782 sponsas
1752 3719 1861 3768 vestras

110 3800 200 3855 animi
221 3800 364 3869 strepidus
389 3814 447 3855 non
475 3800 551 3870 aequi
580 3799 707 3870 rectique
727 3800 875 3867 lineam,a
900 3815 960 3872 qua

110 3901 230 3943 aversus
243 3895 294 3954 est,
315 3887 364 3942 sed
386 3886 569 3943 stoliditatem
594 3895 760 3943 consuetam
775 3889 821 3944 cui
837 3888 959 3944 univer-

109 3988 160 4031 sus
185 3982 227 4030 est
251 3975 425 4031 consulendo
450 3982 597 4045 respectat.
632 3974 754 4030 baculus
776 3975 835 4045 ejus
858 3979 883 4031 ei
904 3990 958 4033 an-

1014 3817 1106 3857 ›cum
1127 3801 1364 3866 adulteraverint,
1394 3802 1533 3872 quoniam
1557 3801 1608 3871 ipsi
1633 3814 1698 3857 curn
1729 3799 1858 3856 meretri·

1015 3891 1127 3947 »cibus
1141 3892 1402 3959 conversabantur,
1426 3897 1453 3946 et
1476 3905 1543 3947 curn
1564 3888 1735 3946 etieminatis
1749 3888 1859 3944 sacrifi·

1014 3980 1156 4045 »cabant
1181 3987 1209 4036 et
1250 3979 1372 4049 populus
1397 3994 1455 4035 non
1486 3978 1646 4050 intelligens
1672 3977 1855 4049 vapulabit.»

110 4063 237 4128 nuntiat,
260 4077 328 4118 cum
351 4061 495 4132 quispiam
519 4076 577 4118 non
603 4062 748 4119 dissimilis
774 4063 917 4133 imperitia
931 4071 959 4121 et
1011 4068 1099 4138 Super
1113 4070 1187 4127 filias
1203 4082 1269 4137 qua
1280 4066 1463 4124 fornicantur
1487 4067 1562 4124 Deus
1589 4082 1646 4123 non
1664 4066 1773 4132 visitat,
1791 4080 1857 4122 cum

109 4149 270 4207 voluntatis
284 4149 406 4220 stupida
424 4164 512 4220 super
535 4150 580 4206 bis
603 4165 669 4221 quae
693 4151 772 4207 cordi
793 4153 857 4224 ejus
875 4151 959 4223 adja-
1011 4164 1114 4226 status,
1129 4157 1180 4227 qui
1196 4155 1278 4226 quasi
1305 4156 1342 4211 ab
1368 4155 1532 4227 integritate
1561 4155 1792 4226 devirginantur,
1809 4168 1859 4225 per

109 4244 175 4294 cent
197 4237 341 4293 funestius
360 4237 513 4294 consilium
551 4238 760 4294 subministrat.
789 4261 799 4288 ι
834 4240 956 4311 Spiritus
975 4235 997 4290 D
1013 4246 1242 4317 compunctionis
1262 4246 1385 4316 gratiam
1408 4260 1465 4302 non
1488 4246 1632 4312 emendat,
1657 4244 1702 4300 vel
1731 4243 1859 4314 quolibet

112 4325 216 4382 »enirn
240 4324 464 4382 fornicationum
487 4326 597 4397 decepit
618 4341 665 4383 eos
684 4335 711 4384 et
733 4328 863 4385 fornicati
889 4337 957 4386 sunt
1011 4333 1124 4405 flagello
1139 4333 1270 4405 castigat,
1298 4333 1374 4390 idem
1402 4333 1437 4390 de
1458 4333 1582 4402 filiabus,
1608 4332 1662 4389 hoc
1682 4332 1717 4388 de
1735 4331 1856 4402 sponsis.

109 4413 230 4470 »aDeo
257 4428 318 4469 suo.
345 4435 356 4463 ι
379 4413 407 4469 Si
427 4413 559 4484 spiritum
579 4414 776 4471 fornicationis
797 4416 956 4473 damonem
1010 4424 1076 4481 oum
1098 4423 1283 4478 meretricibus
1308 4431 1528 4489 conversantur,
1554 4435 1680 4492 quorum
1700 4420 1789 4476 corda
1812 4433 1855 4475 so·

109 4501 274 4573 accipimus,
297 4516 399 4559 eorum
421 4503 547 4573 prolecto
576 4518 704 4560 errorem
727 4505 807 4561 velut
831 4519 956 4562 excusa·
1009 4511 1067 4568 lius
1080 4511 1171 4581 pretio
1184 4510 1339 4581 voluptatis
1351 4511 1386 4567 ad
1403 4524 1488 4567 omna
1502 4509 1643 4580 flagitium
1658 4515 1855 4579 exponuntur.

109 4605 184 4658 mas,
203 4591 312 4662 quibus
335 4590 512 4647 incentorem
533 4591 679 4649 diabolum
700 4593 822 4663 damus3
840 4595 888 4650 sed
910 4593 957 4650 ali·
1009 4599 1069 4655 Aut
1096 4605 1165 4653 194
1183 4607 1258 4656 certe
1274 4616 1335 4654 cum
1355 4599 1541 4654 meretricibus
1564 4604 1775 4654 conversantur
1789 4594 1856 4666 qui-

108 4688 152 4737 ter
167 4679 326 4750 intelligere
345 4694 506 4750 possumus.
528 4681 651 4750 Spiritus
674 4682 702 4737 in
728 4681 882 4752 Scripturis
904 4697 956 4753 pro
1010 4687 1065 4742 bus
1084 4688 1264 4757 potissimum
1280 4688 1434 4757 cupiditas,
1462 4694 1490 4743 et
1519 4686 1638 4743 luxuria
1659 4683 1854 4741 dominantur.

109 4768 246 4838 superbia
269 4767 397 4837 ponitur,
420 4775 453 4824 ut
484 4775 545 4824 est:
576 4768 731 4825 «Auferes
759 4771 955 4841 spiritumeo-
1010 4775 1076 4832 cam
1103 4775 1266 4846 effeminatis
1305 4774 1479 4843 sacrificant,
1522 4775 1574 4844 qui
1608 4782 1739 4844 expertes
1766 4785 1783 4828 a
1809 4769 1856 4827 liei

108 4870 175 4912 rum
205 4863 232 4912 et
268 4854 401 4912 deficient
438 4855 522 4926 (Psoi.
553 4871 611 4922 ortt,
650 4857 705 4927 29).
734 4879 748 4908 ι
775 4859 834 4913 Et:
867 4857 956 4925 «Qui
1009 4863 1091 4920 verbi
1103 4864 1220 4932 semim,
1235 4864 1308 4920 etad
1325 4863 1476 4920 femineam
1501 4861 1649 4918 mollitiem
1672 4858 1778 4930 ejurati
1798 4871 1856 4914 sese

108 4943 202 5000 aufert
224 4943 357 5012 spiritum
380 4943 546 5014 principum
574 4945 658 5015 (Psal.
685 4960 769 5014 cxxv,
797 4945 865 5014 lii:
892 4947 957 5003 »Et
1010 4951 1094 5023 quasi
1119 4951 1252 5008 victimas
1285 4951 1433 5008 diabolicae
1474 4948 1617 5007 voluntati
1658 4952 1856 5005 consternunt.

109 5029 215 5088 Saulus
228 5045 295 5088 cum
311 5031 473 5087 minaretur
488 5040 519 5089 ut
538 5033 700 5103 caederet«
725 5033 867 5104 spirans»
885 5034 956 5091 dici·
1009 5042 1127 5110 Populus
1147 5056 1202 5094 nan
1229 5041 1384 5109 intelligens
1406 5039 1535 5109 vapulat,
1563 5038 1634 5109 quia
1657 5036 1792 5108 cogitatio
1821 5034 1857 5090 in·

109 5120 313 5190 1111111111,
341 5119 379 5190 2)·
408 5120 529 5190 spiritus
566 5135 635 5193 ergo
667 5124 880 5189 fornicationum
912 5139 957 5179 eos
1009 5127 1130 5186 discreta
1153 5127 1451 5199 mentissuperirciem
1467 5128 1603 5184 vitiorum
1627 5126 1721 5198 plagis
1744 5123 1857 5181 exulce-

109 5207 223 5276 deaepit,
248 5207 318 5277 quia
339 5208 409 5265 dum
433 5208 544 5266 desua
568 5211 754 5279 perversitate
772 5211 954 5283 superbiunt,
1010 5224 1064 5272 rat.

109 5295 176 5351 etin
192 5293 278 5352 rebus
298 5295 427 5366 pessimis
449 5298 621 5356 exsultando
636 5300 957 5370 gestiunt,mentiseos
1045 5304 1179 5363 vanati
1198 5305 1244 5361 16.
1264 5335 1299 5345 -
1329 5324 1344 5355 r
1375 5304 1403 5360 Si
1429 5303 1590 5369 fornicaris,
1617 5300 1770 5369 inferaci,
1800 5312 1855 5355 non

109 5381 268 5453 reprobitas
286 5382 505 5456 circumsepsit;
532 5386 642 5458 decepit
665 5385 741 5443 enim
769 5385 877 5444 dictum
901 5396 955 5458 est,
1010 5392 1194 5463 »delinquat
1212 5393 1311 5450 saltem
1335 5393 1420 5449 iuda.
1436 5414 1447 5442 »
1466 5391 1546 5458 Quod
1567 5397 1610 5446 est
1630 5388 1743 5446 dicere:
1771 5387 1799 5444 st
1814 5394 1854 5454 tu,

13 5524 15 5531 .
109 5470 194 5543 quasi
208 5470 326 5528 omnino
346 5472 430 5543 empit
454 5472 499 5543 [iu
520 5473 618 5547 capiti.
642 5475 771 5532 beenim
795 5477 956 5547 prepositio
1009 5479 1165 5536 acarnalis
1179 5478 1307 5550 aiecius,
1330 5494 1381 5551 per
1403 5479 1516 5537 illicitas
1534 5477 1719 5549 evagationes
1740 5476 1855 5534 thorum
