3818 6008
510 241 625 299 olisna
645 243 702 300 bui
722 244 790 301 risit
810 245 983 305 FRANCOS.
1003 277 1034 289 -
1048 248 1113 306 blo.
1134 251 1179 308 li.
1666 264 1721 320 738
1751 304 1762 318 ,

67 370 201 428 cedendo
225 384 305 428 more
318 373 493 440 carpentarii
515 371 666 442 insisteret,
693 374 810 432 diceba·
829 377 997 436 assuetior
1043 395 1107 437 esea
1140 383 1211 439 toret
1251 386 1401 454 monacho,
1440 389 1518 459 porri
1563 393 1719 456 nasturcia,

56 461 392 531 omoTranssequanus3
417 462 500 519 dictis
518 470 627 532 potens,
652 463 700 519 sed
730 478 815 535 opere
1596 480 1683 551 [napi

56 561 80 614 s,
95 548 193 619 magni
210 549 335 604 nominis
350 551 463 618 umbra,
479 550 524 606 vir
538 551 648 621 maiora
661 566 691 608 se
709 566 815 623 aggre-
869 555 1037 626 cardamus,
1058 565 1145 630 atque
1163 574 1262 628 nuces,
1280 563 1379 633 coryb,
1404 570 1513 635 tysanae
1534 565 1613 635 irus,
1635 569 1719 625 lentis

71 636 431 708 etquinibilrelinquebat
445 639 624 709 explicitum.
647 642 701 706 Qui
729 641 815 698 etiam
1527 651 1564 726 [et
1576 656 1682 724 barbae,

62 724 352 795 Hierosolymitauurn
374 733 447 783 esset
470 740 642 798 agressurus
676 728 738 797 iter,
768 729 815 784 dl·
869 731 947 789 Pisce
969 747 1107 806 meroque
1128 734 1229 807 procul
1253 737 1354 808 posito,
1381 739 1472 797 inusto
1496 748 1591 798 tamen
1622 743 1720 801 addita

76 814 279 884 contiguorum
313 813 367 870 sibi
403 829 565 885 pauperum
604 816 812 886 substantiolis,
1578 831 1682 900 [panis.
1732 839 1736 843 '

56 915 120 958 oum
136 902 274 958 viaticum
290 903 479 973 praeparavit;
495 904 527 970 is,
547 903 678 974 inquam,
702 904 813 973 inediae,
907 908 980 982 [lli]
996 909 1184 966 Gnillelmam
1198 915 1226 967 ct
1245 915 1362 969 Petram
1379 916 1542 972 Taneredas
1560 917 1655 973 redire
1670 935 1719 976 co-

79 991 170 1047 multo
196 992 356 1062 egentiores
380 1006 496 1048 summa
523 993 661 1049 cernebat
695 992 815 1050 tolerare
867 994 920 1068 pil.
936 999 1042 1055 -iios
1058 1000 1156 1070 itaque
1180 1001 1234 1071 piae
1250 1002 1416 1072 obsidionis,
1437 1005 1493 1062 imo
1518 1014 1625 1064 sanclae
1652 1022 1719 1078 pas·

57 1077 221 1148 impatiens,
242 1079 360 1135 silenter
383 1079 506 1150 auiugit.
532 1079 622 1149 Cujus
645 1081 762 1151 quidem
784 1081 814 1137 in
869 1086 958 1142 sionis
987 1087 1112 1159 relegas,
1150 1090 1316 1147 Tanoredus
1343 1093 1388 1148 vir
1422 1094 1576 1164 pertinacis
1601 1095 1630 1151 ln
1666 1097 1720 1153 boc

67 1167 168 1238 gloria,
185 1167 214 1223 in
231 1167 370 1238 jactantia
385 1168 541 1224 verborum
565 1169 815 1237 solummodoba-
869 1173 973 1231 Christi
983 1177 1099 1246 negotio
1112 1179 1289 1245 constantiae,
1314 1182 1509 1251 persequitur,
1533 1184 1720 1254 ,comprehen-

56 1269 97 1322 ur,
110 1255 276 1311 nuliatenus
290 1255 320 1311 in
336 1270 366 1312 re
379 1263 467 1327 gesta.
485 1258 510 1312 ls
525 1257 554 1312 in
570 1257 722 1327 llispaniis,
747 1272 814 1314 cnm
869 1261 921 1329 dit,
936 1270 965 1318 el
979 1269 1011 1318 ut
1027 1277 1079 1333 par
1096 1272 1167 1331 erat,
1193 1279 1249 1321 nou
1270 1266 1332 1322 sine
1352 1268 1478 1337 plurima
1492 1284 1541 1326 eos
1567 1280 1719 1328 contume-

61 1342 259 1399 itioFrancioa
275 1345 310 1400 ad
326 1344 507 1410 avertendos,
525 1345 627 1414 quiex
646 1345 815 1401 Airioaibi-
869 1348 974 1405 liarum
1008 1350 1143 1417 illatione,
1176 1353 1300 1409 reduxit.
1329 1356 1440 1420 Quibus
1467 1367 1562 1414 tamen
1593 1360 1718 1417 reditum

56 1429 255 1498 obduxerant,
282 1444 418 1502 paganos.
444 1440 614 1500 moraretur,
639 1434 699 1499 iste,
730 1433 815 1504 ouius
869 1451 1000 1494 sermone
1015 1438 1232 1508 spondentibus,
1257 1442 1455 1500 credulitatem
1479 1445 1599 1514 distulit,
1629 1448 1719 1505 donec

56 1540 101 1582 rsa
129 1535 191 1582 erat
216 1526 245 1583 in
263 1528 358 1584 verbis
382 1529 514 1597 audacia,
539 1529 611 1585 ioede
639 1531 766 1599 recessit,
787 1537 815 1587 et
869 1524 924 1581 fide
945 1526 1039 1582 media
1064 1535 1187 1598 uterque
1206 1530 1313 1600 pepigit
1333 1531 1411 1601 quod
1428 1533 1464 1588 ad
1482 1535 1627 1591 exercitus
1641 1551 1717 1592 oom-

56 1627 198 1670 rerossua
211 1612 475 1671 aversionelelellit.
869 1614 1035 1670 munionem
1059 1616 1195 1683 redirent,
1212 1625 1239 1672 et
1256 1618 1419 1688 principum
1442 1620 1551 1690 judicio
1570 1636 1620 1692 pro
1641 1622 1719 1679 mili-

70 1701 132 1758 siue
155 1702 280 1759 evidenti
310 1704 358 1759 Dei
387 1704 516 1760 creditur
535 1704 680 1761 accidisse⁴
694 1705 812 1776 iudicio,
834 1674 916 1757 Btiae
930 1702 1089 1758 desertione
1112 1711 1285 1774 satagerent.
1308 1704 1479 1763 Gulllelmus
1504 1708 1604 1779 igitur,
1634 1710 1719 1776 vellet

56 1805 100 1847 ros
114 1791 263 1862 popularis
282 1791 451 1848 celebriores
465 1792 542 1849 lama
567 1793 738 1860 reddiderat,
760 1794 813 1850 de·
869 1791 967 1859 nollet,
988 1804 1116 1847 remeare
1129 1792 1318 1861 compellitur,
1339 1800 1367 1849 et
1394 1808 1444 1863 pro
1463 1795 1545 1851 ouria
1570 1797 1719 1868 magnifici

56 1892 97 1935 tos
128 1880 268 1946 omniurn,
309 1881 501 1952 laborumque
540 1881 813 1952 impatientissimos,
870 1878 1038 1947 Boomuodi,
1066 1885 1125 1935 tota
1145 1887 1227 1935 nocte
1242 1878 1347 1936 ibidem
1361 1882 1568 1951 excubaturus,
1593 1884 1717 1953 exponi-

57 1967 230 2025 aretdirina
244 1968 395 2024 sententie.
411 1969 469 2024 Nec
485 1971 515 2024 in
528 1970 617 2041 bujus
637 1970 729 2025 solum
748 1984 815 2039 per·
869 1975 926 2024 tur.
950 1966 1064 2022 Postero
1088 1980 1155 2021 vero
1178 1968 1233 2034 die,
1261 1967 1309 2022 ubi
1334 1982 1447 2024 aurorae
1465 1970 1538 2026 libra
1555 1972 1716 2042 recanduit,

61 2055 91 2111 id
115 2057 237 2126 portenti
263 2059 365 2127 patuit,
393 2071 493 2113 rerum
521 2057 555 2112 de
579 2056 652 2125 aliis,
688 2070 815 2128 quorum
869 2063 935 2109 anie
951 2054 1028 2110 illius
1043 2055 1098 2111 viri
1112 2055 1274 2125 spectabilis
1290 2071 1341 2112 ora
1362 2056 1523 2113 inducitur.
1540 2056 1593 2114 Cui
1611 2071 1644 2113 eo
1659 2071 1717 2126 quo

56 2143 155 2200 sedebo
174 2144 348 2212 nominibus,
361 2145 389 2200 id
407 2146 501 2214 ipsum
516 2145 629 2211 claritit,
647 2152 813 2214 utquorum
868 2140 1032 2197 merebatur
1050 2142 1162 2212 pudore
1180 2141 1301 2210 sulluso,
1323 2144 1362 2199 ita
1379 2145 1475 2200 senior
1497 2144 1545 2200 ille
1567 2144 1715 2215 proloqui-

60 2240 169 2289 ternos
183 2247 331 2290 armorum
347 2233 484 2301 terribilis
501 2235 656 2290 admodum
672 2233 766 2290 luerat
787 2241 814 2289 ct
870 2236 934 2285 tur:
954 2250 965 2278 ι
989 2230 1072 2298 Cum,
1096 2231 1202 2302 inquit,
1226 2232 1334 2302 ubique
1354 2233 1485 2303 genitum
1510 2233 1637 2289 Franoiae
1660 2247 1716 2288 no-

56 2320 230 2388 alerocilas,
254 2335 354 2377 eorum
377 2322 405 2376 in
430 2321 477 2376 illo
502 2321 648 2377 bominico
673 2322 813 2388 exercitu,
867 2330 933 2372 men
949 2317 1044 2388 regie,
1059 2318 1135 2374 inter
1145 2320 1241 2375 omnia
1252 2333 1352 2391 regna,
1365 2321 1512 2390 majestate
1520 2321 1713 2390 praeetnineat,

56 2422 61 2438 ·
85 2408 164 2465 lieret
184 2408 271 2465 etiam
295 2409 440 2480 leporibus
466 2409 630 2465 miseranda
647 2409 815 2478 tranquilli·
868 2404 1068 2461 cumvirtutis
1082 2415 1170 2476 atque
1193 2408 1371 2473 constantiae,
1388 2415 1451 2478 post
1475 2410 1563 2464 bourn
1582 2407 1714 2464 Genitrix

56 2497 111 2553 uod
124 2505 233 2567 quanto
249 2505 351 2553 arceto
367 2498 510 2554 diversius
534 2497 599 2564 luit,
616 2505 695 2553 tanto
722 2497 815 2568 magis
868 2491 1067 2562 integerrimos
1079 2492 1231 2563 bucusque
1247 2495 1324 2551 viros
1333 2497 1454 2562 emittat,
1472 2502 1507 2564 te,
1519 2496 1637 2567 garrule
1662 2510 1715 2551 ne-

56 2586 177 2656 optibile
193 2586 292 2642 baberi
306 2586 413 2642 debuit.
427 2586 454 2642 Si
468 2586 545 2642 enim
561 2585 607 2641 bio
624 2585 718 2655 positi,
744 2586 813 2642 dum
868 2588 1008 2653 quamsi
1030 2581 1163 2637 omnium
1182 2582 1385 2652 impurissime,
1415 2591 1441 2639 te
1455 2598 1507 2640 suo
1529 2584 1660 2640 dedecori
1682 2597 1716 2639 ae
1742 2600 1746 2607 ’

57 2683 297 2746 umpugnaseng
316 2675 385 2731 qum
408 2675 523 2731 scepeie,
547 2688 687 2745 pauperes
717 2675 814 2744 praeda
868 2666 994 2724 infamiae
1021 2666 1135 2735 tulerat,
1158 2677 1184 2725 le
1211 2672 1314 2727 amodo
1337 2672 1415 2727 acsi
1445 2680 1608 2741 portentum
1635 2677 1714 2726 dol)

56 2763 200 2828 aberent,
219 2778 277 2819 non
302 2763 442 2819 immerito
466 2762 549 2833 plane
574 2764 646 2819 inter
668 2762 732 2830 ista,
763 2777 814 2833 pro
869 2757 982 2813 babeat.
999 2757 1106 2814 0bone
1120 2772 1219 2816 rerum
1238 2762 1330 2826 Pater,
1350 2760 1436 2831 cujus
1457 2761 1533 2817 modi
1558 2761 1714 2831 Carpento-

56 2873 132 2916 trum
156 2873 276 2916 suarum
301 2859 495 2926 damnatione,
519 2859 611 2915 timidi
628 2859 757 2916 luissent.
778 2862 813 2917 At
866 2845 943 2901 llum
972 2845 1161 2915 habebamus,
1191 2847 1253 2917 issi,
1282 2848 1357 2904 sicut
1390 2848 1563 2905 architectus
1597 2847 1715 2905 dolabro

73 2948 123 3005 uhi
144 2948 308 3005 omnimoda
335 2948 437 3004 salutis
456 2955 518 3004 grai
540 2956 656 3004 aepefflae
681 2947 743 3018 [al.,
765 2948 811 3003 pn.
831 2932 990 3008 cliguum,
1008 2934 1048 2989 ila
1071 2932 1178 2989 lanceis
1199 2941 1227 2989 el
1244 2933 1362 2990 ensibus
1376 2933 1489 2990 triverit
1515 2942 1595 3006 terga
1621 2934 1714 3005 genti-

56 3033 237 3109 lgggmqus'
259 3035 299 3093 qpi
332 3036 457 3106 profecto
480 3035 535 3093 sup
562 3036 716 3092 opimium
735 3033 812 3092 fimi.
867 3019 958 3075 lium‘l
973 3020 1045 3076 Eone
1061 3021 1171 3076 ictuum
1190 3020 1358 3077 assiduitate
1380 3020 1460 3077 leber
1485 3021 1557 3076 idem
1574 3020 1651 3077 mille
1667 3020 1715 3076 in-

869 3109 963 3165 terdin
998 3108 1117 3179 spatbas
1145 3108 1308 3177 obtuderat,
1333 3117 1361 3164 et
1386 3107 1506 3178 populos
1532 3107 1714 3166 ethnicorum

56 3209 100 3283 [1,]
112 3211 216 3266 Petrei
231 3209 360 3266 simila
374 3207 405 3263 iii
419 3206 619 3280 insipientiam
637 3225 746 3278 mim,
760 3223 811 3263 ii.
867 3197 945 3253 solus
967 3196 1037 3267 ipse,
1067 3196 1173 3253 leniatis
1198 3196 1281 3252 nobis
1306 3195 1462 3253 exciderat.
1503 3198 1556 3255 Ubi
1590 3203 1632 3255 est
1666 3198 1715 3254 illa

56 3327 112 3354 .-
130 3298 172 3354 Ad
190 3299 252 3364 hoc,
270 3305 301 3354 ut
322 3299 540 3368 steitaequoque
558 3297 645 3367 juxta
669 3295 811 3368 ppocaiy.
866 3285 992 3342 fastuosa
1020 3285 1159 3356 rigiditas,
1184 3293 1211 3342 et
1237 3285 1313 3342 circa
1339 3284 1464 3357 ligerim
1489 3301 1522 3341 ac
1551 3285 1714 3357 Sequanam

62 3384 97 3443 de
118 3387 187 3442 eoeto
215 3386 316 3441 canere
342 3384 530 3441 viderentur:
563 3387 664 3441 petrus
689 3385 745 3452 inp,
775 3384 810 3439 de
866 3372 1008 3429 innutrita
1023 3373 1191 3444 loquacitas,
1209 3374 1259 3430 ubi
1273 3383 1403 3431 constare
1427 3374 1606 3446 dignoscitur
1621 3376 1714 3445 parci-

56 3487 129 3544 upra
143 3480 239 3538 actum
252 3481 303 3538 est,
324 3472 529 3528 celeberrimus
548 3473 683 3540 Eremito,
702 3468 729 3528 et
750 3472 811 3542 ipse
865 3461 1067 3526 moniaaotus,
1082 3470 1109 3518 et
1132 3463 1251 3531 crepitat
1273 3462 1437 3518 indesinens
1462 3462 1645 3532 loquacitatis
1668 3470 1714 3519 lo-

56 3561 204 3633 ,ipientiam
221 3575 333 3627 versus,
353 3560 475 3616 excessit
492 3574 498 3614 :
864 3548 978 3605 nitrus‘l
992 3548 1075 3604 Solus
1090 3548 1141 3604 iste
1157 3549 1298 3605 laboranti
1310 3557 1419 3618 poterat
1436 3563 1606 3606 succurrere
1624 3550 1712 3619 lunae,

56 3650 121 3722 reris
136 3650 207 3718 brec,
223 3650 303 3705 Petro
328 3647 465 3704 consilio?
481 3661 534 3704 cur
562 3645 686 3703 nominis
708 3646 809 3702 imme·
865 3635 938 3707 (lur.
952 3637 1010 3693 ΒΜ·
1032 3638 1060 3706 6)
1082 3650 1149 3692 01¹¹ss
1173 3645 1268 3693 lamen
1295 3636 1335 3692 ¹15¹
1350 3636 1463 3705 eslim,
1483 3637 1556 3693 ioede
1585 3645 1711 3708 torpens,

575 3737 648 3807 [mor
660 3734 774 3792 exstas?
865 3724 1022 3794 pretendat
1039 3724 1173 3793 inopere.
1189 3724 1223 3780 Et
1237 3732 1313 3781 certe
1328 3725 1504 3794 competebat
1520 3724 1560 3780 illi
1577 3734 1632 3782 tuae
1648 3735 1712 3782 tan·

59 3842 91 3885 ra
103 3834 213 3884 constat
227 3827 307 3897 origo
332 3825 417 3894 Petri,
434 3825 559 3882 solidum
584 3824 656 3895 qnid
684 3824 809 3895 denique
864 3820 900 3869 lae
913 3811 1074 3869 fortitudini
1091 3819 1121 3868 ut
1136 3812 1188 3882 qui
1202 3813 1295 3884 gentis
1317 3813 1472 3869 Dominicae
1493 3814 1626 3870 exstitisti
1650 3828 1713 3886 pro·

648 3911 774 3984 [signati
864 3902 938 3958 ditor
965 3901 994 3958 in
1021 3900 1166 3971 Hispania,
1191 3900 1266 3956 idem
1288 3901 1372 3971 empti
1391 3902 1509 3959 bononis
1531 3903 1577 3959 bic
1599 3902 1712 3960 babitu·

62 4000 179 4059 pipinis
199 4000 360 4057 meminisse
384 3999 481 4071 fugae‘t
501 3999 597 4056 {iiiios
620 4000 709 4056 neseis
730 4006 811 4069 petra
864 4005 915 4047 rus
927 3991 1088 4057 cumulum,
1109 3990 1250 4047 molireris
1274 3989 1304 4046 in
1327 3989 1418 4060 Syria.
1437 3991 1514 4047 Esto.
1543 3992 1630 4048 Plane
1653 3991 1711 4064 ptibi

657 4084 772 4159 [molus.
864 4079 1051 4136 conveniebat
1066 4077 1106 4134 nil
1122 4076 1201 4134 aliud
1212 4092 1307 4149 agere,
1319 4086 1347 4134 et
1360 4079 1422 4135 ideo
1437 4094 1525 4151 super
1538 4089 1623 4138 reatu
1641 4082 1711 4139 adeo

58 4176 205 4248 gradum:
233 4184 358 4233 veterem
387 4176 495 4232 recolas
528 4190 667 4239 eremum.
697 4176 810 4247 jejunia
865 4164 1228 4238 lurbblc'lrgissimavssssia
1243 4167 1425 4224 donabere-⁰

653 4263 771 4337 [piiscg
827 4246 850 4300 D
899 4256 960 4311 lam
990 4255 1078 4326 buius
1099 4263 1157 4311 lam
1186 4256 1322 4313 irrisoriae
1347 4256 1566 4319 declamationis
1587 4260 1712 4316 Francos

56 4351 100 4409 tris
126 4353 265 4410 hactenus
292 4366 357 4408 ossa
384 4353 454 4417 cuti,
484 4352 563 4409 tenui
592 4352 690 4408 radice
722 4367 809 4410 rueo·
864 4343 1081 4401 circumstantes
1098 4342 1205 4412 pudere
1227 4351 1361 4413 milesii,
1378 4344 1487 4414 liniue
1515 4347 1617 4402 alim
1640 4345 1710 4402 8ΰῦ-

706 4441 774 4512 [rem
864 4431 1060 4490 stomachante
1089 4432 1242 4501 impetrant
1264 4440 1296 4488 ul
1319 4432 1410 4489 sileat.
1436 4433 1561 4501 Pepereit
1582 4432 1710 4504 improbo

56 4542 91 4586 tre
130 4529 271 4586 debueras
304 4529 495 4597 stomachum,
534 4528 644 4600 pecuali
680 4529 810 4601 gramine
863 4520 983 4578 illustris
997 4520 1053 4576 viri
1069 4520 1215 4586 severitas,
1232 4534 1289 4576 non
1305 4519 1408 4590 ignara
1422 4520 1576 4588 modestiae,
1592 4534 1625 4576 eo
1641 4522 1710 4590 qui-

686 4616 774 4690 [vesci
863 4608 926 4665 dcm
940 4616 1072 4665 contenta
1088 4614 1229 4663 tenorent
1243 4607 1309 4662 dato
1325 4607 1507 4677 polliceretur
1520 4615 1709 4677 sacramento,

56 4706 135 4778 dapis
150 4707 308 4764 immodicae
323 4705 491 4763 memores?
510 4705 550 4761 nil
565 4705 620 4762 tale
636 4705 811 4762 monasticus
863 4710 1016 4767 nunquam
1046 4709 1076 4751 se
1104 4695 1140 4751 ab
1169 4693 1425 4764 Hierosolymitano
1451 4695 1561 4751 resilire
1595 4695 1709 4766 itinere,

680 4791 772 4865 [utiq
863 4785 924 4841 sive
939 4797 1076 4855 prospera
1089 4790 1283 4850 occurrerent,
1305 4783 1348 4838 vel
1364 4789 1477 4852 tempus
1499 4782 1629 4840 obviaret
1642 4783 1708 4839 ino-

56 4896 76 4940 a
92 4890 118 4940 te
138 4882 271 4954 genitura
290 4883 385 4953 docet3
408 4881 455 4939 vel
477 4889 504 4938 te
519 4887 569 4937 tua
586 4880 722 4952 dogmata
742 4879 811 4950 pul·
863 4874 927 4945 piae,
943 4871 1063 4946 spondet
1075 4879 1103 4929 et
1116 4872 1177 4942 ipse
1191 4871 1382 4938 Tanoredum,
1400 4872 1452 4941 qui
1474 4886 1541 4928 euro
1556 4887 1574 4928 a
1592 4873 1709 4929 subter-

699 4965 775 5040 [sent
864 4964 942 5035 logio
955 4962 1133 5029 coblbuerat,
1155 4961 1281 5017 amicum
1304 4960 1438 5031 deinceps
1453 4961 1520 5027 lore,
1543 4963 1567 5018 si
1583 4977 1650 5019 eum
1670 4961 1711 5018 vi·

56 5057 168 5132 populos
195 5057 233 5114 ad
256 5057 285 5114 id
308 5058 391 5130 angis
417 5057 480 5126 iter,
506 5056 568 5114 lieri
588 5069 705 5127 quoque
733 5054 812 5127 cogis
864 5052 954 5109 riliter
978 5051 1137 5108 constiterit
1166 5063 1343 5120 permanere.
1372 5049 1421 5105 liis
1449 5047 1531 5105 dictis
1556 5050 1711 5122 utrobique

648 5145 773 5216 [egenos.
864 5153 1012 5196 assensum
1040 5147 1092 5196 est.
1117 5142 1152 5195 bl
1180 5151 1238 5194 non
1265 5136 1355 5193 multo
1367 5145 1428 5207 post
1442 5145 1568 5207 ternpore
1583 5138 1710 5210 Carpen-

56 5234 148 5292 miens
163 5235 247 5292 modo
257 5235 326 5307 iura
347 5234 431 5300 ieras,
448 5248 514 5305 que
532 5247 664 5305 quosque
682 5231 810 5288 docendo
864 5229 956 5284 tarius
970 5227 1017 5284 ille
1042 5225 1190 5292 mirabilis,
1208 5225 1432 5296 quiquoniam,
1449 5225 1478 5281 in
1500 5234 1561 5282 tuto
1586 5230 1708 5311 positos,

661 5320 772 5392 [tulisti.
864 5315 1043 5372 carnificium
1072 5331 1102 5372 se
1122 5327 1257 5371 exercere
1281 5312 1448 5371 minabatur
1471 5315 1499 5370 in
1515 5314 1630 5383 Turcos,
1660 5331 1710 5374 sa-

56 5411 199 5483 liqnando
217 5410 309 5484 lugax
329 5409 450 5479 Cereris,
473 5409 564 5481 pisces
581 5422 615 5468 ao
640 5408 710 5466 nina
734 5414 811 5465 tere·
863 5402 1003 5462 crementi
1033 5402 1226 5469 incontinens,
1253 5400 1377 5473 lldeique
1411 5401 1561 5475 prodigus,
1585 5403 1712 5464 furtivus

702 5496 773 5567 [bat.
864 5491 964 5564 lugam
979 5491 1084 5549 iterare
1096 5504 1154 5548 nou
1163 5488 1285 5549 distulit.
