3818 6008
112 258 165 311 54?
556 255 586 308 V.
608 255 776 312 anteeant
796 255 942 311 sanaris
961 257 989 312 S.
1010 256 1132 312 MARIAE
1152 257 1197 311 DE
1216 258 1411 314 NOVlGENTO
1815 262 1864 317 tls

113 388 207 445 lamiae
221 387 393 444 omnimodis
408 386 553 442 incuriosa
565 385 689 442 videtur.
706 385 781 452 Quos
795 386 873 443 enim
898 388 961 443 ani·
981 393 1085 451 Arum
1102 396 1221 457 montes,
1236 389 1327 446 fuitne
1340 399 1406 446 ante
1425 392 1514 448 verba
1538 391 1632 463 angeli
1653 392 1711 448 vita
1737 393 1866 465 Virginis

114 491 175 533 mos
191 476 282 546 magis
295 476 389 530 munit
406 474 554 544 pudicitia,
571 488 604 530 eo
625 475 741 544 gravior
763 475 850 531 etiam
875 491 962 545 super
1015 481 1054 538 ita
1069 479 1160 537 divini
1176 478 1286 548 saporis
1300 493 1414 548 expers,
1432 488 1464 536 ut
1479 481 1556 550 quod
1580 481 1608 536 in
1631 482 1704 550 aliis,
1732 484 1865 539 omnium

113 579 229 621 rumore
244 564 394 620 falsissimo
409 567 496 633 atque
511 563 658 619 rarissimo
682 577 788 620 venare
813 564 961 619 consuevit
1015 570 1050 624 ad
1079 567 1318 636 comparationem
1349 566 1438 638 hujus
1467 569 1627 625 minoribus
1658 571 1781 640 negotiis
1811 586 1867 627 non

111 652 293 708 verecundia.
311 652 343 705 ln
358 664 416 722 quo
431 654 527 706 lamen
541 651 604 721 ejus
620 651 689 707 tides
705 651 749 706 vel
767 653 891 708 maxime
911 667 960 706 su-
1015 663 1110 727 negat,
1140 654 1193 711 sibi
1217 655 1269 724 ipsi
1295 662 1416 711 matrem
1446 657 1605 725 coaptando
1632 670 1688 712 non
1715 659 1867 728 praebeat?

110 753 161 808 per
173 740 225 795 hoo
244 740 430 809 approbatur,
455 754 520 809 quae
543 748 571 795 et
596 741 644 795 liei
674 741 812 810 promissa
835 753 959 812 quanm-
1015 744 1042 800 Si
1057 743 1259 814 philosophicae
1272 743 1376 798 mentis
1390 751 1432 798 est
1446 743 1475 798 in
1498 745 1599 799 mediis
1624 745 1797 815 frequentiis
1825 760 1868 801 so·

110 842 227 898 cunque
251 827 352 895 terent,
380 828 454 882 sicut
479 827 681 884 incunctanter
699 830 829 897 credidit,
857 831 897 885 sio
926 843 960 885 ca
1014 832 1164 889 litudineur
1180 831 1233 887 sibi
1249 832 1351 896 iacere,
1367 839 1504 889 ettamen
1526 848 1563 889 ex
1586 834 1725 890 comitatu
1750 835 1869 892 rationis

110 914 204 985 ipsum
219 915 359 985 ordinate,
376 917 492 973 honeste
507 930 540 972 ac
562 917 702 973 saeculum
723 932 753 973 se
767 926 960 988 competenter
1013 920 1102 977 solam
1130 936 1191 976 esse
1218 935 1275 976 non
1307 934 1396 990 posse,
1429 921 1505 991 quod
1531 930 1666 991 putamus
1696 923 1867 994 repurgium

110 1005 329 1061 moderaturum
354 1006 462 1075 pariter
483 1005 576 1060 scivit.
604 1005 739 1075 Princeps
773 1019 841 1076 ergo
873 1020 961 1076 super
1014 1007 1305 1064 Filiusnetintltlus
1330 1007 1443 1063 lemicae
1466 1008 1550 1064 corde
1575 1008 1680 1075 lecerit,
1706 1012 1866 1080 quomodo,

111 1093 165 1149 boc
180 1093 266 1149 limen
282 1095 392 1161 adorat,
413 1108 479 1150 cum
504 1093 740 1151 affectuosissime
766 1096 960 1151 venerandam
1015 1111 1050 1152 ne
1083 1096 1119 1151 ad
1146 1102 1322 1150 nnmrontum
1348 1095 1475 1165 quidem,
1503 1095 1539 1150 ab
1572 1096 1636 1167 ejus
1674 1096 1867 1155 illustratione

109 1189 196 1237 tantae
237 1182 410 1238 humilitatis
456 1182 650 1238 obedientiam
691 1183 823 1239 omnium
871 1184 959 1240 menti
1013 1186 1138 1246 recessit,
1167 1197 1255 1253 quam
1285 1182 1320 1237 ad
1347 1183 1478 1238 tutorum
1508 1199 1567 1238 suae
1588 1186 1756 1255 propriaeet
1780 1188 1867 1243 totius

107 1268 240 1327 Christus
274 1271 412 1326 insinuat.
447 1272 528 1327 Juste
555 1273 632 1327 onim
656 1271 793 1328 honorari
819 1282 957 1341 merctur,
1012 1271 1233 1328 Christianitatis
1271 1270 1406 1326 honorem
1448 1273 1638 1328 maternitatis
1672 1273 1805 1329 aseivit?
1832 1275 1867 1330 Et

108 1372 174 1429 qum
193 1366 221 1414 ει
236 1372 364 1428 superse
379 1358 508 1426 credidit,
525 1368 552 1415 et
568 1361 596 1414 in
609 1374 642 1415 eo
657 1361 735 1430 quod
757 1361 810 1417 sibi
837 1362 956 1433 promit·
1012 1359 1156 1430 quomodo
1172 1357 1214 1413 vol
1231 1358 1267 1413 ad
1285 1366 1423 1427 punctum
1436 1358 1472 1424 ei,
1490 1374 1527 1415 ex
1543 1374 1601 1430 quo
1622 1360 1719 1431 genita
1735 1369 1787 1431 est,
1815 1362 1866 1418 dc-

108 1447 223 1503 tebatur
239 1448 312 1502 nihil
337 1446 419 1503 carni
442 1448 589 1518 placitum,
616 1450 664 1504 sed
686 1463 745 1519 qrm
769 1451 958 1520 spiritualiter
1012 1446 1076 1514 luit,
1093 1447 1144 1517 qui
1159 1445 1236 1517 quod
1260 1460 1296 1500 ex
1311 1460 1344 1500 ea
1367 1454 1537 1517 sumpturus
1558 1456 1631 1517 crat,
1657 1449 1762 1519 Verbo,
1787 1452 1865 1522 quod

108 1536 203 1604 potins
217 1536 426 1605 praeemineret,
445 1537 578 1592 attendit.
1013 1535 1072 1606 ipse
1087 1543 1137 1601 est,
1155 1542 1221 1590 ante
1235 1535 1321 1590 etiam
1344 1535 1451 1590 saecula
1474 1535 1625 1590 counivit?
1652 1537 1711 1606 ipse
1736 1537 1813 1593 enim
1838 1539 1866 1594 in

1010 1622 1179 1694 Apocalypsi
1194 1622 1299 1678 dicitur
1313 1636 1320 1675 :
1336 1625 1432 1689 ,lonas
1452 1627 1555 1678 occisas
1577 1624 1612 1679 ob
1641 1628 1746 1695 origine
1767 1628 1865 1682 mundi

450 1676 564 1734 CAPUT
585 1678 619 1736 V·
977 1686 1110 1785 B(apoc.
1129 1710 1244 1781 x111,8)·

142 1804 228 1858 Recta
259 1804 342 1871 Virgo
364 1805 458 1871 gratio
481 1803 554 1857 houd
577 1803 615 1857 od
637 1809 740 1873 tempus
763 1805 810 1859 secl
832 1807 956 1860 continuo
1048 1802 1100 1859 Ubi
1115 1814 1233 1871 quoque
1249 1799 1408 1855 notandum
1421 1800 1499 1869 quod
1515 1814 1574 1855 non
1590 1800 1696 1858 dicitur
1716 1804 1776 1859 Ave
1795 1821 1859 1874 gro-

104 1892 188 1960 pleno
212 1891 374 1945 ostenditur.
399 1922 433 1932 -
457 1891 509 1948 Sed
541 1892 683 1962 quispiam
708 1892 815 1948 inildcli
835 1894 957 1951 deterior
1013 1890 1213 1960 tioimplendm
1230 1887 1278 1944 sod
1300 1888 1501 1957 pretiepleeo.
1518 1889 1575 1945 Nec
1590 1890 1687 1946 minus
1710 1893 1864 1949 attenden-

107 1978 230 2049 objicere
253 1980 356 2049 poterit
378 1981 454 2050 quod
479 1980 604 2049 puellam
630 1980 707 2036 illam
730 1996 828 2037 rerum
848 1982 958 2037 divina·
1011 1981 1091 2045 dum,
1111 1977 1187 2046 quod
1209 1976 1380 2045 priusquam
1402 1986 1572 2045 conceptum
1598 1977 1661 2047 ipsi,
1687 1989 1864 2051 partumque

106 2081 172 2123 rum
190 2082 308 2137 prorsus
321 2068 454 2136 insciam,
478 2070 547 2140 quia
571 2069 764 2139 pcriunetorie
786 2079 822 2126 ad
845 2079 957 2141 tempus
1011 2064 1169 2130 denuntiet,
1187 2066 1286 2135 gratiae
1313 2064 1337 2119 ei
1365 2063 1570 2133 plenitudinem
1598 2065 1688 2122 inesse
1710 2067 1804 2137 docet,
1829 2082 1864 2125 nc

108 2154 233 2226 Spiritus
246 2164 364 2212 sanctus
379 2156 549 2226 impleverit.
563 2157 643 2224 Quod
669 2159 693 2213 si
718 2161 756 2214 ita
780 2167 832 2224 est,
858 2174 979 2230 quaeso.
1011 2158 1074 2221 nost
1094 2151 1322 2208 enuntiationem
1349 2156 1423 2204 Μ
1451 2161 1606 2222 conceptus
1630 2156 1789 2226 quisquam
1811 2172 1863 2214 au-

109 2243 180 2314 quid
196 2252 237 2300 est
252 2245 329 2316 quod
344 2244 421 2315 apud
442 2247 533 2301 Deum
558 2246 680 2316 gratiam
708 2247 851 2303 invenisse
879 2248 956 2304 dicta
1011 2247 1146 2298 tumetea
1171 2241 1263 2310 gratia
1291 2239 1326 2295 dc
1356 2247 1469 2309 repente
1498 2241 1655 2310 prolusam,
1686 2256 1777 2313 quam
1805 2257 1862 2300 non

108 2333 281 2389 est?Plane
302 2334 324 2389 si
356 2334 501 2390 invenisse
525 2335 641 2400 dicitur,
669 2336 793 2391 inveniri
818 2335 872 2390 dici
897 2351 955 2392 non
1011 2332 1147 2388 habuerit
1173 2341 1238 2388 ante
1266 2332 1376 2388 boram.
1408 2330 1441 2386 Et
1470 2339 1545 2387 certe
1572 2333 1641 2388 tides
1669 2335 1862 2404 praeveniente

106 2427 208 2490 potest,
230 2422 285 2477 nisi
313 2436 400 2492 super
427 2437 460 2478 eo
486 2423 563 2492 quod
593 2425 748 2493 quaesitum
772 2424 954 2495 intelligitur.
1011 2422 1103 2493 gratia
1118 2435 1153 2477 ert
1173 2420 1261 2476 libero
1281 2421 1406 2476 maximo
1429 2420 1548 2476 arbitrio
1570 2429 1690 2478 constat.
1717 2423 1799 2480 Unde
1822 2439 1863 2479 er-

106 2509 182 2580 Ergo
206 2510 229 2566 si
258 2511 382 2581 gratiam
411 2510 531 2576 invenit,
557 2512 762 2581 quoquomodo
783 2512 954 2584 quaesierat;
1011 2523 1046 2580 go
1075 2508 1157 2564 beata
1195 2509 1230 2564 ab
1267 2508 1413 2564 Elisabeth
1450 2508 1520 2584 quia
1552 2510 1713 2574 crediderit,
1755 2511 1863 2568 dicitur

106 2598 388 2668 etquaeestancilla
416 2599 496 2654 toties
523 2601 551 2653 in
579 2599 706 2668 psalmis,
738 2613 772 2656 ac
797 2601 956 2672 Evangelio
1012 2598 1087 2666 ttae.
1104 2612 1122 2663 1,
1139 2598 1192 2662 45),
1211 2596 1233 2651 Si
1250 2596 1314 2651 fidel
1330 2596 1507 2653 admirandi?
1523 2599 1659 2654 menium
1679 2598 1759 2654 nnlln
1776 2601 1806 2654 in
1829 2614 1863 2655 nn

105 2683 190 2755 dicta,
205 2686 228 2741 si
245 2700 261 2741 a
276 2687 379 2756 quovis
394 2686 531 2756 obsequio
548 2687 656 2742 exstitit
671 2687 784 2743 otiosa?
802 2688 866 2744 Non
890 2704 954 2759 pos·
1007 2686 1074 2755 jure
1088 2684 1285 2753 praedicatur?
1301 2682 1374 2750 Quid
1390 2682 1470 2753 quod
1485 2684 1521 2742 ab
1544 2687 1641 2742 eodem
1667 2686 1770 2758 angelo
1796 2696 1863 2742 ante

105 2786 170 2829 eum
189 2773 350 2843 exprimere
364 2773 544 2840 ancillatum,
559 2775 609 2844 qui
625 2774 751 2845 aliquem
768 2791 821 2832 suo
836 2777 955 2834 Domino
1011 2773 1089 2829 illius
1101 2772 1348 2830 denuntiationem
1361 2784 1412 2841 pro
1427 2784 1486 2842 qua
1511 2782 1630 2830 venerat
1655 2787 1760 2842 causae,
1788 2775 1863 2830 inter

106 2861 295 2917 autdominae
311 2877 368 2917 non
394 2863 522 2932 rependit
547 2862 731 2919 famulatum.
757 2864 886 2921 Plurima
912 2873 954 2922 est
1009 2859 1145 2915 mulieres
1160 2860 1308 2916 benedictn
1323 2868 1453 2927 vnnnlnn
1471 2860 1526 2916 nisi
1551 2861 1629 2931 qnod
1654 2862 1682 2916 in
1708 2861 1762 2916 1¹0⁰
1787 2862 1860 2933 nin-³,

106 2950 208 3019 procul
222 2950 311 3006 dubio
328 2950 440 3007 anclllae
462 2951 618 3015 humilitas,
644 2965 731 3023 quam
760 2952 836 3009 neus
860 2962 955 3010 tamo.
975 2954 1044 3034 (1¹¹¹
1065 2946 1106 3002 sic
1121 2946 1225 3014 dicam,
1242 2946 1382 3003 idoneitas
1395 2948 1431 3002 ad
1447 2947 1662 3017 suscipiendum
1685 2949 1733 3005 llei
1755 2949 1860 3006 Filium

107 3051 173 3107 porc
190 3038 339 3109 dignatur,
356 3046 388 3094 ut
412 3053 475 3095 eam
502 3040 660 3110 respexisse
686 3039 808 3096 dicatur.
835 3041 862 3097 Si
888 3056 956 3114 ergo

105 3124 256 3182 humilitas
271 3127 406 3182 meritum
425 3135 476 3191 est,
500 3135 527 3183 ot
548 3141 607 3183 non
630 3127 809 3198 populariter
835 3129 954 3197 bonum,

105 3213 154 3268 sed
190 3213 426 3269 excellentissime
464 3215 547 3272 bonis
584 3213 647 3270 aliis
685 3215 874 3285 praeminens
902 3222 953 3284 est,

105 3315 194 3370 quarn
211 3303 370 3372 respexisse
394 3303 486 3358 Deum
515 3304 666 3373 probatum
689 3311 741 3372 est,
768 3303 804 3359 ad
826 3303 955 3359 subitum

104 3402 168 3446 eam
184 3393 316 3446 sanctum
341 3389 477 3461 Spiritum
499 3390 636 3447 imbuisse
659 3391 805 3462 quomodo
828 3390 955 3447 rerum?

104 3475 224 3544 Quodsi
241 3478 435 3548 temporaliter
451 3488 482 3535 ut
506 3479 535 3534 in
563 3479 677 3535 Balaam
703 3480 902 3549 prophetante,
927 3486 955 3535 et

104 3565 186 3621 asina
199 3566 343 3637 loquente,
360 3581 393 3623 ae
408 3567 544 3639 angelum
561 3569 675 3624 vidente
689 3568 779 3639 (Nam.
796 3581 869 3636 xxti,
895 3569 952 3638 23),

71 3726 73 3732 Ι
104 3655 279 3710 miraculum
301 3663 398 3711 actum
422 3664 475 3723 est,
501 3656 707 3713 insensibiliter
728 3656 858 3713 Christus
883 3670 954 3711 con-

103 3750 203 3812 ceptus
226 3750 278 3810 est,
306 3743 383 3812 quod
412 3757 527 3798 summa
555 3743 706 3800 Genitricis
734 3758 768 3799 ac
789 3743 882 3800 Geniti
906 3744 953 3798 in-

1011 3034 1164 3104 principali
1179 3034 1380 3105 singularitate
1394 3035 1536 3091 notatur?
1549 3035 1629 3102 Quod
1653 3037 1676 3092 si
1700 3038 1738 3094 ab
1754 3037 1860 3111 ignava

1010 3131 1037 3179 et
1052 3123 1162 3179 caeteris
1179 3137 1286 3179 morem
1301 3136 1416 3194 gerente
1430 3124 1594 3196 virginibus
1609 3127 1705 3196 puella
1720 3135 1861 3184 tantares

1009 3212 1146 3283 exigitur,
1164 3226 1222 3267 non
1238 3211 1355 3282 maioris
1370 3213 1469 3283 gloriae
1494 3226 1555 3268 esse
1578 3214 1694 3270 videtur
1715 3224 1862 3286 quantum

1009 3297 1045 3354 ad
1062 3298 1210 3371 Virginem
1225 3308 1343 3370 spectat,
1358 3313 1446 3370 quarn
1463 3301 1541 3371 quod
1555 3301 1632 3371 apud
1655 3301 1758 3358 isaiam
1773 3316 1863 3373 super

1009 3386 1081 3458 Cyro
1102 3387 1229 3444 tiendum
1254 3395 1454 3459 praesagatur:
1475 3389 1584 3458 quibus
1604 3389 1687 3445 dictis
1708 3390 1862 3462 subjungi-

1009 3482 1078 3531 tur:
1094 3475 1265 3543 teutonia,
1281 3481 1305 3530 et
1326 3491 1380 3530 non
1401 3479 1549 3544 ooqrtooisti
1572 3493 1613 3532 mc
1634 3478 1701 3549 (lsa.
1727 3493 1795 3547 xcv,
1823 3480 1860 3550 5).

1007 3563 1071 3620 Non
1087 3579 1204 3635 quoque
1219 3565 1369 3635 quidpiam
1386 3568 1481 3637 majus
1504 3581 1593 3636 quam
1615 3567 1692 3636 quod
1718 3567 1747 3622 in
1772 3568 1863 3639 virgis

1009 3653 1097 3723 bloysi
1112 3661 1139 3709 et
1155 3659 1247 3709 Aaron
1262 3653 1433 3723 celebratur,
1449 3667 1575 3725 quarum
1602 3655 1691 3710 ultera
1714 3655 1863 3727 effigiatur

1009 3742 1038 3796 in
1063 3742 1226 3809 colubrum,
1253 3741 1343 3797 altera
1363 3743 1503 3811 expressit
1532 3743 1729 3814 amygdalum,
1756 3747 1782 3801 si
1808 3743 1861 3802 sibi

103 3829 230 3900 dignitas
244 3837 295 3885 est.
312 3830 395 3900 hpnd
408 3830 577 3887 Suetonium
596 3832 703 3903 legitur
724 3832 800 3902 quod
827 3833 856 3887 in
877 3845 954 3888 som·
1008 3827 1069 3884 haec
1082 3829 1177 3900 gratia
1201 3829 1295 3898 erupit
1318 3827 1354 3883 ad
1378 3828 1519 3895 subitum,
1551 3830 1622 3898 quid
1642 3830 1748 3887 exinde
1772 3832 1860 3889 beati-

103 3918 200 3974 nissit
215 3918 318 3974 claudo
334 3918 460 3988 cuipiam
479 3921 663 3990 imperatum,
692 3928 724 3977 ut
748 3922 783 3977 ad
804 3921 953 3991 Vespasia·
1008 3915 1117 3971 tudinis
1138 3916 1201 3986 ejus
1228 3916 1323 3985 attigit
1349 3915 1490 3983 animum,
1521 3916 1570 3971 ubi
1598 3918 1700 3973 necin
1729 3919 1860 3976 interiori

103 4018 175 4061 num
189 4005 329 4062 Caesarcm
345 4004 416 4063 iret:
433 4007 532 4076 pollice
546 4007 639 4064 dextri
657 4009 736 4078 pedis
751 4010 815 4081 ejus
838 4009 954 4065 clunem
1007 4003 1070 4074 cius
1085 4003 1176 4075 gloria
1189 4002 1262 4060 tanti
1276 4002 1345 4059 boni
1368 4005 1481 4059 novitas
1507 4002 1607 4059 lutura
1633 4005 1805 4074 praeluscrit,
1831 4018 1858 4063 at

104 4093 205 4149 laesum
220 4093 378 4164 impeteret,
399 4096 498 4166 sicque
513 4110 667 4166 gressuum
682 4096 819 4167 aequitate
835 4098 952 4154 mattin-
1006 4093 1120 4162 expleto
1135 4093 1228 4149 oilleio
1243 4092 1272 4148 in
1288 4093 1405 4149 modum
1428 4093 1558 4149 scintille
1577 4092 1741 4151 destiterit?
1762 4096 1792 4151 Si
1815 4097 1857 4154 sic

106 4189 195 4252 geret,
210 4183 287 4252 quod
302 4190 330 4237 et
346 4181 516 4239 factumest.
534 4182 561 4239 Si
587 4184 677 4254 igitur
696 4192 762 4240 ante
784 4194 951 4254 correeptum
1007 4189 1106 4250 pectus
1128 4181 1212 4251 gessit
1238 4195 1255 4236 a
1276 4180 1413 4251 primaevo
1437 4182 1583 4253 stolidum,
1610 4185 1682 4254 quid
1707 4193 1750 4241 est
1778 4187 1855 4256 quod

107 4269 193 4340 Virgo
208 4271 242 4325 de
256 4270 312 4326 lleo
327 4279 377 4327 aut
391 4285 504 4341 parurn,
525 4280 576 4328 aut
591 4272 632 4327 nil
646 4271 752 4342 sapuit,
764 4271 834 4342 quid
846 4273 951 4343 Vespa·
969 4275 991 4329 1)
1006 4277 1065 4325 tam
1094 4269 1240 4325 moraliter
1263 4278 1360 4327 cantat
1383 4271 1486 4340 deponi
1512 4274 1592 4330 sedes
1620 4274 1790 4345 potentium,
1828 4282 1856 4330 et

102 4357 183 4414 siano
198 4367 226 4415 et
239 4359 341 4416 claudo
358 4360 422 4429 plus
437 4359 539 4416 habuit
549 4359 563 4414 ‘l
1005 4355 1127 4412 exaltari
1143 4356 1320 4413 humilium?
1336 4357 1412 4427 (lue.
1432 4375 1453 4426 ι,
1478 4360 1534 4431 52.)
1557 4363 1643 4419 Plane
1664 4364 1687 4418 si
1711 4371 1793 4420 tanta
1819 4363 1856 4420 la·

139 4444 167 4502 Si
195 4460 311 4517 parasse
334 4447 483 4504 lucernam
516 4448 623 4504 dicitur
651 4447 763 4505 christo
788 4464 840 4505 suo
868 4449 951 4521 (Psal.
1007 4444 1113 4500 cilitate
1128 4445 1297 4515 conciperet,
1314 4449 1483 4516 mysterium
1500 4464 1611 4520 eorum,
1636 4465 1702 4523 qua
1726 4453 1804 4522 apud
1825 4467 1855 4510 se

104 4548 207 4602 oxnxr,
247 4538 286 4606 17)
311 4538 396 4604 Deus,
425 4536 504 4592 illius
530 4551 587 4592 non
616 4545 738 4606 paratur
764 4538 890 4606 animus,
919 4553 954 4595 ae
1007 4532 1166 4589 secundum
1183 4535 1261 4605 quod
1276 4534 1420 4605 objicitur,
1437 4546 1494 4594 tam
1510 4538 1655 4610 inopinate
1677 4550 1853 4613 susceperat,

105 4631 215 4693 uterus,
232 4639 290 4695 quo
302 4638 331 4680 se
347 4625 517 4695 pariendum
534 4624 737 4682 universaliter
751 4627 872 4683 contulit
896 4625 954 4698 ipse
1007 4621 1130 4690 puellari
1146 4622 1263 4678 torsitan
1279 4623 1411 4681 futilitate
1421 4625 1551 4695 jactaret,
1568 4643 1635 4697 non,
1646 4631 1734 4701 juxta
1756 4634 1854 4689 Evan-

104 4711 306 4770 Christulet
320 4714 409 4784 ipsius
424 4721 499 4770 certe
513 4713 658 4769 Elisabeth
676 4715 790 4786 iustitia
814 4725 898 4773 retus
924 4716 954 4772 in
1007 4709 1126 4779 sellum,
1153 4710 1324 4768 nnnlnrnndo
1350 4723 1478 4770 servaret
1505 4716 1583 4785 (Lae.
1621 4733 1650 4783 u,
1687 4718 1743 4789 ln).
1779 4721 1854 4790 Ergo

104 4801 260 4872 Evangelio
276 4814 334 4856 non
349 4809 468 4870 tacetur,
486 4816 552 4872 quan
565 4816 631 4857 cunr
654 4804 714 4872 ipsa
739 4805 818 4874 prolo
833 4805 953 4875 prophe·
1009 4803 1102 4882 mains
1138 4795 1488 4871 S³ffl⁸0¹1lll⁰elllsdnffl
1517 4805 1656 4861 1135ῡί111ΐί
1694 4808 1854 4863 reverendi

105 4889 162 4944 tico
174 4888 279 4959 spiritu
292 4887 474 4956 adimpletur,
500 4895 529 4944 et
555 4888 601 4944 isti
629 4891 716 4945 ctiam
743 4892 863 4948 intentio
890 4900 956 4947 ante
1008 4886 1187 4942 caeremoniis
1199 4886 1344 4944 addicitur
1359 4889 1458 4960 (ludic-
1474 4908 1532 4960 xm,
1548 4896 1591 4962 ¹3,
1619 4895 1674 4965 tl),
1697 4903 1726 4952 et
1749 4897 1854 4952 Aucto·

105 4983 276 5045 conceptum
303 4975 436 5045 religiosa
460 4976 644 5034 detrahitur?
675 4977 703 5033 Si
727 4980 866 5049 propheta
889 4980 955 5034 Em·
1009 4973 1049 5027 ris
1060 4972 1190 5028 omnium
1207 4981 1296 5030 mater
1310 4976 1406 5034 subito
1423 4979 1513 5036 instar
1529 4981 1669 5037 dementis
1691 4981 1856 5055 arripitur?

105 5063 267 5119 manuelem
283 5071 375 5132 vocat,
401 5065 479 5134 (quod
500 5074 542 5121 est
566 5066 710 5122 notamen
737 5068 819 5134 Deus,
842 5080 895 5122 neo
919 5067 955 5123 ab
1045 5060 1135 5124 anre
1160 5061 1191 5115 Β·
1218 5061 1300 5132 Virgo
1321 5067 1350 5118 m
1373 5067 1537 5122 tnlninlinne
1562 5069 1684 5135 nntltll'cn
1717 5073 1854 5126 tmootnr.

105 5149 164 5204 ullo
177 5163 235 5205 non
249 5150 396 5222 creditur3
416 5150 537 5223 angelus
549 5154 599 5224 qui
615 5160 675 5223 post
689 5153 780 5209 Aeaei
793 5153 952 5223 praecinuit‘
1008 5175 1043 5187 -
1057 5146 1099 5202 hd
1114 5147 1266 5204 boeotiam
1282 5152 1521 5212 considerandum
1545 5157 1632 5227 quod,
1657 5159 1754 5230 angeli
1775 5160 1855 5217 salu-

105 5234 238 5288 Dominas
267 5240 354 5290 tecum
378 5238 454 5307 (tue.
483 5253 503 5306 1,
532 5242 590 5309 ιιι),
618 5253 688 5309 ergo
721 5238 956 5295 mentitur?.Et
1010 5234 1116 5293 tatione
1146 5240 1293 5308 praemissa
1322 5243 1498 5314 subjicitur:
1530 5246 1593 5312 Qua
1626 5264 1686 5303 eam
1724 5251 1854 5319 audisset,

106 5335 172 5392 quae
187 5320 235 5376 Dei
252 5323 359 5379 amoris
372 5324 397 5379 ei
414 5323 577 5394 ignorantia
591 5326 693 5392 iuerat,
718 5324 823 5381 sicum
847 5326 956 5384 exube-
1010 5325 1122 5379 turbata
1142 5329 1221 5382 estin
1248 5344 1367 5386 semeae
1387 5331 1455 5402 ejas,
1479 5338 1505 5387 et
1526 5337 1664 5402 cogitabat
1683 5338 1774 5405 quoles
1790 5341 1855 5394 esset

106 5409 202 5466 rantia
217 5412 317 5481 gratiae
339 5412 479 5468 Dominus
498 5414 523 5470 ei
540 5428 635 5470 comcs
654 5414 741 5469 erat?
767 5413 794 5470 Si
815 5416 957 5472 Dominus
1008 5413 1063 5466 ista
1075 5414 1207 5470 salutatio
1220 5417 1297 5486 (Lac.
1313 5433 1334 5487 r,
1351 5419 1405 5491 99).
1421 5420 1496 5477 Nota
1509 5424 1666 5481 vorborum
1685 5427 1854 5496 qualitatem

105 5496 166 5567 ipse
195 5497 274 5553 vadit
300 5513 402 5568 parare
429 5501 599 5569 mansiones,
628 5500 656 5556 id
681 5508 722 5557 est
747 5501 816 5558 locis
838 5516 956 5561 manso·
1010 5508 1116 5564 nostris
1138 5517 1166 5565 et
1186 5525 1258 5581 pone
1285 5514 1489 5573 universorum
1523 5518 1689 5577 inusitatam
1716 5506 1853 5580 moribus.
