3818 6008
551 278 584 333 v.
609 275 776 334 colebari
796 274 987 334 teetrlss
1008 274 1129 332 danim
1144 276 1191 334 bb
1213 275 1410 334 bovicuuro

602 558 746 642 vult.
778 557 1073 642 autumi
1106 556 1380 641 ΔΒΒΔἮΕ

360 744 455 854 AD
510 742 945 855 OPUSCULUM
995 741 1088 852 DE
1140 741 1421 852 VIRGINI
1397 738 1608 852 ΙΤΑΤΕ

663 948 896 1023 sererent
924 947 1314 1023 nunourlronrn

148 1301 219 1352 nn
235 1299 326 1365 Quom
334 1293 1003 1352 deseouctmlmmiiitersentiot.-EtsinosA
1050 1294 1099 1350 Est
1120 1300 1147 1349 et
1168 1229 1259 1349 altera
1280 1292 1352 1349 ratio
1368 1305 1426 1348 non
1445 1290 1601 1347 admodum
1618 1304 1709 1348 cassa.
1735 1290 1765 1348 sl
1786 1290 1861 1348 enim

112 1389 171 1440 tam
186 1383 300 1440 exinrim
314 1382 403 1454 hujus
421 1384 538 1440 virtutis
557 1392 585 1440 et
599 1383 753 1451 credimus,
774 1389 802 1439 et
817 1381 894 1438 credi
909 1394 959 1436 vo·
1013 1393 1134 1450 persona
1151 1378 1286 1451 quelibet
1308 1379 1398 1437 sacris
1415 1379 1603 1436 enuntiandis
1621 1379 1810 1451 dogmatibus
1826 1380 1861 1434 si·

112 1470 219 1538 lomus,
235 1485 305 1540 pene
327 1474 400 1526 lotos
420 1479 557 1539 exsortes,
577 1472 599 1526 si
623 1472 736 1541 copiose
758 1472 846 1540 ipsius
862 1468 960 1540 glorie
1014 1469 1102 1525 bimet
1117 1469 1215 1524 minus
1229 1477 1296 1538 apta
1315 1469 1440 1537 videtur,
1462 1475 1490 1524 et
1508 1482 1544 1523 ex
1559 1481 1658 1538 pravae
1680 1467 1861 1524 conscientia

111 1558 295 1614 eminentiam
311 1573 346 1614 ne
359 1559 548 1629 excogitando
558 1558 674 1628 quidem
688 1558 837 1629 attingere,
852 1557 958 1613 nedum
1014 1556 1125 1627 obiecta
1140 1555 1225 1612 silere
1245 1554 1394 1624 disposuit,
1418 1553 1540 1610 nimium
1564 1554 1676 1623 pudens
1691 1552 1765 1608 mibi
1780 1552 1861 1608 ride-

111 1645 265 1716 enplicare,
289 1645 422 1716 possibile
444 1653 496 1714 est,
524 1654 579 1702 tnae
602 1645 756 1713 dilectioni,
779 1645 846 1702 licet
870 1658 960 1714 supra
1014 1652 1071 1709 tur,
1086 1644 1147 1712 iste,
1166 1644 1244 1699 bunc
1258 1642 1389 1699 inutilem
1405 1655 1520 1698 necesse
1537 1647 1580 1697 est
1600 1648 1691 1698 mutet
1711 1639 1860 1706 intuitum,

112 1733 216 1789 viresa
237 1732 320 1788 nobis
340 1731 446 1803 exigat,
467 1731 539 1788 nibil
561 1733 697 1788 novimus
716 1732 793 1801 quod
814 1730 959 1802 usquead
1011 1740 1039 1790 et
1058 1733 1123 1788 licet
1146 1731 1274 1802 plenarie
1296 1731 1440 1801 corrigere
1460 1744 1517 1786 nou
1539 1729 1627 1800 possit
1658 1729 1776 1796 vitium,
1797 1736 1863 1800 agat

110 1819 281 1891 sanguinem
297 1821 332 1876 sit
353 1820 529 1891 negandum.
553 1819 712 1876 Praesertim
730 1834 798 1875 cum
818 1818 855 1875 ad
879 1818 958 1889 puri·
1012 1829 1108 1878 tamon
1136 1833 1186 1889 pro
1208 1832 1329 1889 persona
1354 1831 1441 1888 quam
1465 1824 1571 1887 portat.
1595 1817 1748 1873 Talentum
1775 1817 1862 1873 bumo

110 1908 176 1965 tatis
198 1908 326 1964 studium
353 1916 451 1963 nostra
475 1915 501 1963 te
525 1907 810 1964 orationeinbortari
828 1914 957 1977 expetas,
1012 1922 1071 1964 non
1096 1906 1228 1974 subruat,
1257 1906 1309 1961 etsi
1337 1919 1395 1961 non
1425 1904 1559 1971 doctoris,
1590 1912 1641 1962 aut
1668 1903 1862 1974 praedicatoris
1900 1926 1904 1999 Ι

110 1996 245 2066 quamvis
259 1995 430 2066 incongrue,
447 2002 474 2051 et
488 1994 606 2066 indigue
621 2009 672 2051 nos
686 1995 739 2052 bac
754 1995 833 2051 dere
848 2002 958 2051 constet
1010 1996 1116 2063 elicio,
1132 1994 1245 2056 clamet,
1272 2008 1307 2050 ne
1322 2007 1419 2050 secum
1432 1992 1482 2048 alii
1498 1991 1620 2063 pessima
1641 1991 1781 2049 sectando
1800 2005 1860 2063 per·

109 2097 170 2140 esse
185 2084 322 2151 dicturos,
348 2083 525 2139 arbitramur
547 2092 603 2139 tuae
619 2083 748 2153 petitioni
766 2097 823 2139 non
842 2083 958 2139 obedire
1011 2091 1087 2150 eant,
1104 2083 1148 2139 vel
1164 2081 1380 2152 praemunientis
1394 2089 1469 2137 voto.
1900 2060 1905 2193 1

108 2172 197 2228 netas.
221 2171 357 2227 Notitiam
380 2185 449 2226 sane
473 2171 580 2226 divinae
603 2171 726 2242 paginae,
752 2172 803 2227 etsi
821 2170 955 2240 tenuiter,
1046 2171 1239 2235 Doctosticet,
1252 2167 1626 2241 peccatisobnoxiue,debet
1640 2165 1862 2224 clioroerbt'eod
1903 2200 1905 2205 -

109 2259 268 2331 attigimus,
284 2259 370 2329 eujus
384 2266 525 2328 precepta
541 2258 613 2314 scita
628 2258 725 2323 verbo,
746 2257 795 2313 sed
810 2271 895 2328 opere
910 2257 957 2313 in·
1010 2258 1158 2314 meliorem
1169 2259 1293 2331 frugem
1312 2273 1477 2330 provocare.
1492 2288 1528 2300 -
1547 2257 1633 2315 Verbi
1653 2257 1747 2328 gratia
1767 2271 1775 2311 :
1792 2256 1861 2313 Ecce

108 2348 233 2418 cognita,
256 2347 391 2415 manime,
416 2346 514 2414 lateor,
536 2355 639 2402 nostrae
656 2345 834 2402 damnationi
853 2346 957 2401 didici·
1009 2348 1171 2419 cuiuspiam
1202 2346 1301 2403 divitis
1329 2346 1417 2413 lilius,
1450 2353 1569 2416 paterno
1590 2360 1648 2403 aere
1674 2352 1857 2416 consumpto,

106 2449 183 2503 mus,
200 2435 223 2490 si
239 2434 283 2492 vel
297 2448 340 2502 ea,
360 2448 417 2490 non
445 2434 507 2489 dieo
531 2433 577 2489 bis
597 2433 648 2504 qui
670 2441 821 2503 respuunt,
842 2433 891 2490 sed
912 2433 957 2503 pie
1010 2436 1108 2492 relicta
1122 2435 1178 2492 sibi
1193 2436 1301 2504 predia
1315 2433 1496 2505 abliguriens
1511 2441 1602 2491 totum
1618 2432 1695 2504 gulae
1711 2433 1861 2501 immersit,

107 2523 277 2593 rogantibus
292 2522 422 2593 dilargiri
437 2521 643 2578 distulerimus.
659 2520 686 2576 Si
697 2534 765 2592 ergo
776 2535 829 2576 nec
843 2521 954 2588 salutis,
1013 2534 1041 2582 et
1053 2539 1140 2596 egens
1155 2525 1192 2580 ad
1207 2523 1312 2579 inlame
1328 2523 1444 2579 vivendi
1465 2523 1579 2580 devenit
1595 2523 1774 2593 exemplum.
1797 2522 1824 2579 st
1839 2523 1861 2578 is

107 2624 202 2680 neque
215 2610 325 2680 premii
338 2623 409 2666 cura
425 2624 476 2665 nos
496 2610 627 2676 advocat,
644 2609 744 2665 saltem
764 2609 958 2680 undecunque
975 2579 1104 2684 Aigitur
1129 2612 1202 2679 talis,
1225 2611 1333 2668 erroris
1353 2611 1470 2681 quidem
1494 2611 1643 2683 poenitens,
1667 2610 1718 2667 sed
1738 2611 1862 2682 pristino

106 2697 258 2768 desperati,
279 2705 307 2754 et
326 2698 410 2768 qnasi
433 2711 484 2767 pro
505 2705 583 2753 certo
603 2696 750 2767 puniendi,
768 2696 796 2752 ld
810 2697 903 2753 solum
927 2697 958 2752 in
1011 2702 1099 2758 statui
1113 2702 1225 2756 reddire
1240 2714 1296 2755 nou
1313 2699 1481 2769 praevalens,
1496 2700 1623 2769 aliquem
1636 2707 1767 2756 moneret
1780 2698 1863 2756 locu·

103 2785 268 2842 omnimodo
288 2783 336 2841 illa
356 2799 440 2854 prena
458 2784 606 2841 lucremur
631 2791 742 2841 utnon
765 2784 957 2856 probenedi-
1011 2789 1111 2859 pletem
1143 2804 1178 2844 ne
1206 2787 1295 2844 nimia
1323 2785 1461 2843 effusione
1488 2801 1557 2843 suas
1582 2786 1755 2856 dilapidaret
1782 2801 1861 2858 opes.

105 2872 188 2929 cendi
209 2873 322 2941 inertia,
339 2886 404 2928 cum
424 2871 484 2942 'pro
508 2872 572 2928 allis
592 2871 665 2928 male
685 2872 772 2943 gestis
788 2871 955 2942 plectemur,
1011 2877 1091 2944 Vide,
1114 2876 1258 2946 inquiens,
1283 2890 1319 2931 ue
1343 2874 1437 2930 ventri
1459 2882 1509 2930 aut
1529 2875 1625 2931 inutili
1648 2875 1776 2946 largitati
1798 2882 1863 2931 stu·

105 2959 187 3016 dolor
210 2959 292 3016 uobis
317 2959 485 3031 gehennalis
504 2966 655 3015 accrescat.
673 2959 729 3015 Nec
751 2960 827 3015 enim
847 2960 958 3031 absque
1010 2965 1103 3021 dendo
1118 2963 1154 3018 ad
1170 2963 1224 3019 boc
1237 2971 1268 3020 nt
1284 2963 1338 3018 mei
1353 2962 1391 3018 sis
1407 2961 1507 3019 similis
1520 2961 1674 3032 delabaris,
1691 2962 1760 3034 quis
1774 2961 1863 3020 istum

77 3050 85 3059 '
106 3048 232 3105 remedio
247 3055 299 3117 est,
316 3048 339 3104 si
354 3047 429 3105 inter
443 3049 549 3103 mortes
562 3047 607 3104 rel
624 3048 661 3104 ab
679 3062 738 3104 uno
758 3062 811 3104 nos
825 3049 956 3105 redeme-
1009 3051 1040 3108 in
1057 3053 1110 3109 boo
1125 3051 1281 3108 ridiculum
1297 3051 1471 3107 estimaret?
1485 3050 1559 3106 Sane
1574 3050 1625 3106 iste
1639 3049 1723 3107 aliter
1739 3049 1862 3107 audieu-

108 3136 201 3194 rimus
217 3137 287 3194 ictu.
1008 3140 1064 3197 dns
1088 3153 1178 3211 quam
1205 3140 1253 3196 ille
1277 3153 1363 3210 quem
1383 3139 1530 3210 quondam
1544 3138 1734 3195 Terentianus
1754 3138 1862 3212 legitur

141 3226 203 3283 'l'ibl
220 3225 476 3299 igiturbnmiliter‚
487 3225 551 3283 licet
566 3223 631 3282 aliis
646 3225 837 3297 impudenter,
849 3225 956 3282 obtem·
1008 3228 1149 3285 Parmeno
1179 3228 1295 3283 risisse:
1321 3226 1429 3283 Scitum
1454 3227 1558 3294 bercle,
1584 3225 1674 3295 aiens,
1699 3225 1859 3296 bominem,

106 3329 208 3387 perare
225 3315 425 3385 proponimus3
442 3316 571 3385 sedate,
587 3314 860 3386 seuaquibuslibet
873 3314 956 3370 nobis
1009 3318 1060 3387 qui
1106 3317 1141 3373 de
1169 3312 1265 3373 slultis
1292 3329 1426 3385 prorsum
1457 3315 1624 3371 bominibus
1650 3315 1768 3371 insanos
1793 3316 1861 3372 lacit

106 3402 343 3474 exprobrandum
367 3417 425 3459 non
450 3410 502 3470 est,
527 3417 594 3459 cum
616 3416 651 3459 ea
678 3405 712 3459 de
738 3417 797 3474 qua
823 3403 956 3472 cupimus
1008 3405 1090 3475 (Tun.
1106 3406 1184 3460 Eun.
1205 3419 1235 3471 ιι,
1261 3406 1288 3472 t,
1315 3404 1369 3475 13).
1395 3403 1445 3460 ille
1468 3418 1528 3459 suae
1549 3403 1713 3474 gulositatis
1726 3403 1860 3460 lortunas

104 3498 229 3549 tractare
254 3490 360 3548 virtute
379 3490 464 3547 vacui
488 3491 591 3562 reperti
617 3491 767 3560 fuerimus,
787 3505 855 3548 cum
880 3491 953 3548 idern
1005 3493 1141 3564 jactando
1160 3492 1298 3549 miserum
1320 3492 1419 3548 incitat
1440 3491 1611 3560 auditorem,
1634 3491 1657 3547 is
1676 3505 1713 3548 ue
1728 3491 1767 3548 ad
1783 3493 1857 3549 cala·

107 3580 197 3637 coacti
222 3578 384 3635 fecerimus.
411 3579 444 3634 Et
467 3586 541 3635 certe
565 3580 587 3634 si
611 3581 665 3635 boc
688 3580 783 3649 ipsum
802 3593 839 3635 ex
859 3588 954 3634 nostro
1008 3581 1135 3638 mitatem
1149 3585 1225 3648 ruat,
1241 3580 1288 3635 sui
1304 3579 1492 3636 imitationem
1508 3578 1717 3636 cauteeritare
1733 3579 1858 3636 doceret.
1904 3566 1905 3625 1

92 3668 237 3737 arbitrio,
251 3667 416 3737 simpliciter
427 3675 532 3730 tamen,
545 3675 573 3724 et
587 3683 645 3724 non
657 3667 740 3738 quasi
751 3682 788 3724 ex
798 3667 955 3738 magisterii
1008 3669 1062 3726 Sed
1077 3669 1147 3740 quia
1162 3682 1215 3725 nos
1237 3667 1322 3737 nosti,
1343 3674 1371 3724 et
1388 3667 1490 3739 quales
1508 3667 1582 3724 nosti
1601 3681 1619 3723 a
1636 3666 1746 3724 talibus
1760 3667 1859 3724 admo·

106 3757 277 3814 auctoritate
292 3756 446 3813 luissemus
462 3757 600 3828 aggressi,
618 3765 808 3826 spontaneum
824 3764 954 3812 nostrum
1008 3756 1070 3821 neri
1084 3757 1177 3827 cupis,
1202 3756 1311 3826 pudore
1332 3769 1456 3824 recusso,
1479 3769 1536 3812 uon
1559 3768 1619 3827 qua
1648 3753 1790 3812 debemus
1811 3755 1860 3812 sed

106 3845 215 3902 bouum
239 3857 296 3899 non
321 3842 483 3913 supercilio,
510 3851 560 3900 aut
584 3844 736 3901 temeritati
765 3843 880 3912 ascribi,
904 3844 954 3900 sed
974 3857 1069 3930 equa
1089 3858 1251 3914 possumus,
1263 3843 1321 3901 tuis
1336 3843 1457 3900 auribus
1472 3857 1539 3900 voce
1553 3851 1715 3900 cantamus.

108 3932 295 4005 gratulatorie
308 3931 402 4001 excipi
413 3931 566 3988 debuisset.

437 4157 874 4266 censendum
907 4159 1001 4262 on
1035 4094 1513 4264 vinemmlru.

368 4337 688 4396 PRAEFAllUNCULA.
1009 4343 1081 4394 erat
1097 4336 1177 4404 Quod
1191 4337 1334 4409 quomodo
1353 4337 1539 4408 explicuerim
1560 4295 1694 4395 curiosus
1714 4339 1759 4397 sic
1773 4340 1859 4397 lector

144 4442 231 4500 Poeei
248 4442 314 4516 ptos
330 4443 410 4515 justo
421 4442 616 4500 delectabatur
625 4447 734 4499 auctor
745 4443 956 4516 -Subjectum
1009 4424 1140 4483 advertat
1164 4433 1206 4494 ut,
1222 4440 1289 4496 quae
1308 4425 1381 4483 beno
1397 4427 1545 4494 senserim,
1568 4428 1636 4496 lieo,
1656 4426 1680 4482 si
1696 4441 1759 4499 qua
1777 4441 1858 4486 secus

110 4532 211 4590 valde
204 4548 234 4590 ιιι
257 4540 356 4589 tenera
375 4531 565 4588 adolescentia
587 4531 695 4602 positus
714 4531 811 4604 peregi
831 4546 955 4602 opuscu·
1010 4526 1099 4584 quam
1114 4514 1210 4582 (1111111
1226 4514 1372 4584 pubertati
1387 4514 1500 4571 1111111

108 4621 180 4679 lum.
206 4621 279 4678 Nam
297 4635 364 4677 cum
384 4620 438 4676 arti
457 4621 593 4688 metrice,
615 4634 681 4691 quae
697 4634 792 4677 comes
806 4634 868 4677 esse
888 4635 955 4676 con·
1288 4654 1402 4714 CAPUT
1421 4654 1571 4713 PRIMUM

108 4709 202 4767 suevit
224 4709 347 4767 tumoris
370 4721 404 4765 ac
432 4709 564 4777 lasciviae,
594 4709 660 4780 plus
680 4708 759 4780 insto
782 4708 954 4776 insisterem,

108 4797 261 4870 quideme
283 4797 353 4854 meis
371 4796 637 4866 contubernalibus,
659 4798 743 4854 bomo
763 4797 825 4854 sine
845 4796 956 4854 invidia
1045 4798 1138 4864 Quom
1151 4797 1290 4853 excellens
1298 4799 1337 4852 eit
1349 4795 1502 4870 virginitas
1513 4800 1541 4852 et
1550 4796 1656 4853 ardum
1678 4797 1856 4872 Voluptuoei,

108 4884 269 4944 litterarum
296 4885 452 4954 studiosus,
473 4885 525 4956 qni
544 4893 647 4958 rogatu
673 4899 730 4943 non
754 4885 852 4957 plures
874 4900 891 4942 a
911 4899 956 4942 me
1009 4885 1146 4958 quomodo
1161 4884 1253 4958 possit
1266 4883 1418 4953 contineri,
1438 4901 1543 4957 capere
1557 4890 1716 4956 nequeunt.
1737 4916 1774 4928 —
1786 4886 1856 4955 onii

107 4975 271 5032 carminum
291 4974 401 5030 naenias
421 4982 594 5044 extruserat,
619 4974 752 5032 Salomon
770 4974 896 5041 nomine,
919 4972 956 5029 ad
1008 4974 1126 5042 mirum,
1142 4974 1166 5031 si
1181 4974 1252 5030 illud
1261 4973 1329 5030 lelix
1339 4973 1511 5045 integritatis
1523 4987 1626 5029 nomen
1639 4973 1711 5029 adeo
1720 4974 1857 5047 gloriosas

108 5063 163 5120 boc
176 5063 262 5120 etiam
277 5061 391 5134 impulit
404 5069 436 5120 nt
457 5076 545 5133 super
566 5063 733 5135 virginitate
747 5061 858 5133 aliquid
870 5061 955 5118 dicti·
1008 5061 1196 5119 inhumanis
1219 5061 1348 5119 moribus
1371 5061 1494 5132 possidet
1516 5061 1625 5129 laudes,
1650 5076 1705 5119 our
1729 5077 1781 5134 per
1806 5064 1857 5122 bo-

108 5158 211 5209 tarem.
233 5150 313 5218 Quod
335 5149 493 5221 opillcium,
520 5157 617 5221 utpote
639 5149 796 5216 insolitum,
824 5156 955 5206 metucu-
1009 5151 1101 5208 mines
1133 5165 1186 5209 sno
1217 5151 1313 5208 adbuc
1339 5149 1435 5207 cinere
1466 5150 1594 5220 amietos,
1630 5156 1659 5207 et
1691 5151 1857 5211 cadaverosi

107 5237 261 5309 losus[cl.‚
275 5238 471 5310 meticulosus]
486 5240 657 5311 aggrediens
672 5238 953 5307 bilormiterborrui,
1009 5241 1099 5312 hujus
1131 5239 1257 5310 corporis
1289 5239 1324 5296 de
1357 5239 1432 5296 lasce
1458 5247 1614 5310 gementes,
1647 5253 1748 5309 snum,
1777 5240 1856 5299 modo

108 5326 495 5385 dometiusibusversuum
511 5328 711 5395 mensdedita‚
726 5327 801 5383 seria
820 5327 955 5397 prosaicae
1009 5329 1079 5385 satis
1111 5329 1212 5397 arduo,
1245 5336 1272 5384 et
1306 5342 1377 5398 pene
1408 5327 1484 5384 vires
1516 5328 1664 5385 excedenti
1688 5328 1854 5398 imitatione,

107 5413 260 5487 gravitatis
283 5415 378 5473 minus
404 5416 548 5487 attigerat,
572 5423 600 5472 et
626 5430 679 5483 res,
710 5429 776 5486 qnae
804 5416 956 5473 tractanda
1009 5424 1156 5473 auctorem
1169 5416 1271 5473 sectari
1285 5416 1459 5474 contenderi
1482 5417 1582 5473 Arduo
1601 5416 1731 5487 quidem.
1753 5420 1787 5476 iit
1801 5432 1856 5475 nou

108 5499 334 5575 proponebatur,
349 5503 473 5560 diiiicilis
485 5505 571 5561 etiarn
584 5504 748 5575 grandaevis
766 5503 956 5563 intellectibus
972 5568 976 5576 ,
1010 5505 1173 5572 minimum,
1191 5519 1258 5561 cum
1271 5519 1329 5570 eos,
1344 5504 1396 5577 qni
1409 5505 1550 5563 diuturno
1564 5505 1689 5562 carnalis
1703 5507 1856 5578 experien-
