<?xml version="1.0" encoding="UTF-8"?>
<!DOCTYPE html PUBLIC "-//W3C//DTD XHTML 1.0 Transitional//EN"
    "http://www.w3.org/TR/xhtml1/DTD/xhtml1-transitional.dtd">
<html xmlns="http://www.w3.org/1999/xhtml" xml:lang="en" lang="en">
 <head>
  <title>
</title>
<meta http-equiv="Content-Type" content="text/html;charset=utf-8" />
  <meta name='ocr-system' content='tesseract 3.04.00' />
  <meta name='ocr-capabilities' content='ocr_page ocr_carea ocr_par ocr_line ocrx_word'/>
</head>
<body>
  <div class='ocr_page' id='page_1' title='image "./patrologiaecurs05unkngoog_0079.png"; bbox 0 0 3818 6008; ppageno 0'>
   <div class='ocr_carea' id='block_1_1' title="bbox 103 247 1851 307">
    <p class='ocr_par' dir='ltr' id='par_1_1' title="bbox 103 247 1851 307">
     <span class='ocr_line' id='line_1_1' title="bbox 103 247 1851 307; baseline 0.001 -4"><span class='ocrx_word' id='word_1_1' title='bbox 103 249 152 303; x_wconf 79' lang='lat' dir='ltr'>lit</span> <span class='ocrx_word' id='word_1_2' title='bbox 577 249 609 301; x_wconf 87' lang='lat' dir='ltr'>V.</span> <span class='ocrx_word' id='word_1_3' title='bbox 629 247 797 305; x_wconf 72' lang='lat' dir='ltr'>deludunt</span> <span class='ocrx_word' id='word_1_4' title='bbox 816 250 962 307; x_wconf 74' lang='lat' dir='ltr'>ebenus</span> <span class='ocrx_word' id='word_1_5' title='bbox 980 253 1008 307; x_wconf 89' lang='lat' dir='ltr'>S.</span> <span class='ocrx_word' id='word_1_6' title='bbox 1030 250 1149 306; x_wconf 79' lang='lat' dir='ltr'>MthAE</span> <span class='ocrx_word' id='word_1_7' title='bbox 1168 251 1213 306; x_wconf 84' lang='lat' dir='ltr'>DE</span> <span class='ocrx_word' id='word_1_8' title='bbox 1232 248 1430 306; x_wconf 82' lang='lat' dir='ltr'><strong>NOVIGENTO</strong></span> <span class='ocrx_word' id='word_1_9' title='bbox 1803 249 1851 304; x_wconf 81' lang='lat' dir='ltr'>tis</span> 
     </span>
    </p>
   </div>
   <div class='ocr_carea' id='block_1_2' title="bbox 99 378 1853 624">
    <p class='ocr_par' dir='ltr' id='par_1_2' title="bbox 99 378 1853 624">
     <span class='ocr_line' id='line_1_2' title="bbox 99 378 1850 450; baseline -0.003 -14"><span class='ocrx_word' id='word_1_10' title='bbox 99 381 181 437; x_wconf 90' lang='lat' dir='ltr'>avari</span> <span class='ocrx_word' id='word_1_11' title='bbox 201 378 332 436; x_wconf 90' lang='lat' dir='ltr'>desiderii</span> <span class='ocrx_word' id='word_1_12' title='bbox 360 380 482 450; x_wconf 78' lang='lat' dir='ltr'><strong>spirans,</strong></span> <span class='ocrx_word' id='word_1_13' title='bbox 504 379 539 434; x_wconf 90' lang='lat' dir='ltr'>ad</span> <span class='ocrx_word' id='word_1_14' title='bbox 563 379 707 450; x_wconf 88' lang='lat' dir='ltr'>ingressus</span> <span class='ocrx_word' id='word_1_15' title='bbox 728 379 946 450; x_wconf 77' lang='lat' dir='ltr'>suggestionum</span> <span class='ocrx_word' id='word_1_16' title='bbox 965 382 1039 438; x_wconf 81' lang='lat' dir='ltr'>had</span> <span class='ocrx_word' id='word_1_17' title='bbox 1062 397 1150 436; x_wconf 84' lang='lat' dir='ltr'>secem</span> <span class='ocrx_word' id='word_1_18' title='bbox 1170 383 1256 435; x_wconf 86' lang='lat' dir='ltr'>omnis</span> <span class='ocrx_word' id='word_1_19' title='bbox 1282 381 1398 449; x_wconf 82' lang='lat' dir='ltr'>populus</span> <span class='ocrx_word' id='word_1_20' title='bbox 1422 379 1515 434; x_wconf 87' lang='lat' dir='ltr'>simut.</span> <span class='ocrx_word' id='word_1_21' title='bbox 1549 381 1770 448; x_wconf 71' lang='lat' dir='ltr'>vocaveruntque</span> <span class='ocrx_word' id='word_1_22' title='bbox 1791 381 1850 444; x_wconf 82' lang='lat' dir='ltr'>Lot,</span> 
     </span>
     <span class='ocr_line' id='line_1_3' title="bbox 100 467 1853 541; baseline -0.003 -15"><span class='ocrx_word' id='word_1_23' title='bbox 100 469 206 541; x_wconf 85' lang='lat' dir='ltr'>segnis,</span> <span class='ocrx_word' id='word_1_24' title='bbox 241 476 269 525; x_wconf 95' lang='lat' dir='ltr'>et</span> <span class='ocrx_word' id='word_1_25' title='bbox 295 467 452 538; x_wconf 89' lang='lat' dir='ltr'>languidus</span> <span class='ocrx_word' id='word_1_26' title='bbox 476 471 585 537; x_wconf 87' lang='lat' dir='ltr'>torpet;</span> <span class='ocrx_word' id='word_1_27' title='bbox 612 467 751 524; x_wconf 89' lang='lat' dir='ltr'>adversus</span> <span class='ocrx_word' id='word_1_28' title='bbox 785 469 845 525; x_wconf 82' lang='lat' dir='ltr'>haec</span> <span class='ocrx_word' id='word_1_29' title='bbox 875 470 953 525; x_wconf 91' lang='lat' dir='ltr'>enim</span> <span class='ocrx_word' id='word_1_30' title='bbox 1006 469 1230 524; x_wconf 83' lang='lat' dir='ltr'>etdtceruutet:</span> <span class='ocrx_word' id='word_1_31' title='bbox 1258 469 1309 524; x_wconf 77' lang='lat' dir='ltr'>titt</span> <span class='ocrx_word' id='word_1_32' title='bbox 1335 472 1398 523; x_wconf 87' lang='lat' dir='ltr'>sunt</span> <span class='ocrx_word' id='word_1_33' title='bbox 1420 470 1484 535; x_wconf 81' lang='lat' dir='ltr'>oiri,</span> <span class='ocrx_word' id='word_1_34' title='bbox 1510 470 1558 537; x_wconf 90' lang='lat' dir='ltr'>qui</span> <span class='ocrx_word' id='word_1_35' title='bbox 1580 470 1745 522; x_wconf 81' lang='lat' dir='ltr'>introierunt</span> <span class='ocrx_word' id='word_1_36' title='bbox 1768 467 1806 521; x_wconf 88' lang='lat' dir='ltr'>od</span> <span class='ocrx_word' id='word_1_37' title='bbox 1829 473 1853 521; x_wconf 85' lang='lat' dir='ltr'>te</span> 
     </span>
     <span class='ocr_line' id='line_1_4' title="bbox 101 554 1853 624; baseline -0.004 -10"><span class='ocrx_word' id='word_1_38' title='bbox 101 557 238 614; x_wconf 91' lang='lat' dir='ltr'>standum</span> <span class='ocrx_word' id='word_1_39' title='bbox 257 564 309 624; x_wconf 93' lang='grc' dir='ltr'><strong>εει,</strong></span> <span class='ocrx_word' id='word_1_40' title='bbox 329 556 357 611; x_wconf 85' lang='grc' dir='ltr'>ιε</span> <span class='ocrx_word' id='word_1_41' title='bbox 372 563 414 611; x_wconf 87' lang='grc' dir='ltr'>εει</span> <span class='ocrx_word' id='word_1_42' title='bbox 427 555 655 613; x_wconf 90' lang='lat' dir='ltr'>decertandum:</span> <span class='ocrx_word' id='word_1_43' title='bbox 678 571 744 613; x_wconf 92' lang='lat' dir='ltr'>cum</span> <span class='ocrx_word' id='word_1_44' title='bbox 768 558 845 613; x_wconf 91' lang='lat' dir='ltr'>enirn</span> <span class='ocrx_word' id='word_1_45' title='bbox 867 558 954 614; x_wconf 88' lang='lat' dir='ltr'>dixis·</span> <span class='ocrx_word' id='word_1_46' title='bbox 1006 557 1105 612; x_wconf 80' lang='lat' dir='ltr'>nocte?</span> <span class='ocrx_word' id='word_1_47' title='bbox 1128 557 1204 612; x_wconf 80' lang='lat' dir='ltr'>Educ</span> <span class='ocrx_word' id='word_1_48' title='bbox 1221 571 1263 611; x_wconf 87' lang='lat' dir='ltr'>eos</span> <span class='ocrx_word' id='word_1_49' title='bbox 1285 556 1345 622; x_wconf 84' lang='lat' dir='ltr'>huc,</span> <span class='ocrx_word' id='word_1_50' title='bbox 1370 560 1401 609; x_wconf 89' lang='lat' dir='ltr'>ut</span> <span class='ocrx_word' id='word_1_51' title='bbox 1423 569 1612 623; x_wconf 80' lang='lat' dir='ltr'>cognoscamus</span> <span class='ocrx_word' id='word_1_52' title='bbox 1631 569 1683 608; x_wconf 91' lang='lat' dir='ltr'>eos.</span> <span class='ocrx_word' id='word_1_53' title='bbox 1706 554 1786 609; x_wconf 93' lang='lat' dir='ltr'>lmus</span> <span class='ocrx_word' id='word_1_54' title='bbox 1805 568 1853 607; x_wconf 87' lang='lat' dir='ltr'>cu-</span> 
     </span>
    </p>
   </div>
   <div class='ocr_carea' id='block_1_3' title="bbox 98 645 955 1333">
    <p class='ocr_par' dir='ltr' id='par_1_3' title="bbox 98 645 955 1333">
     <span class='ocr_line' id='line_1_5' title="bbox 100 645 954 715; baseline -0.001 -12"><span class='ocrx_word' id='word_1_55' title='bbox 100 654 143 703; x_wconf 93' lang='lat' dir='ltr'>set</span> <span class='ocrx_word' id='word_1_56' title='bbox 157 645 326 715; x_wconf 80' lang='lat' dir='ltr'><strong>Apostolus:</strong></span> <span class='ocrx_word' id='word_1_57' title='bbox 343 645 418 699; x_wconf 81' lang='lat' dir='ltr'>State</span> <span class='ocrx_word' id='word_1_58' title='bbox 433 647 460 698; x_wconf 90' lang='lat' dir='ltr'>iu</span> <span class='ocrx_word' id='word_1_59' title='bbox 476 645 546 714; x_wconf 78' lang='lat' dir='ltr'>fide,</span> <span class='ocrx_word' id='word_1_60' title='bbox 572 653 779 715; x_wconf 75' lang='lat' dir='ltr'>consequenter</span> <span class='ocrx_word' id='word_1_61' title='bbox 803 646 954 702; x_wconf 90' lang='lat' dir='ltr'>stationem</span> 
     </span>
     <span class='ocr_line' id='line_1_6' title="bbox 111 731 952 804; baseline -0.001 -14"><span class='ocrx_word' id='word_1_62' title='bbox 111 734 178 790; x_wconf 91' lang='lat' dir='ltr'>llam</span> <span class='ocrx_word' id='word_1_63' title='bbox 194 731 328 802; x_wconf 78' lang='lat' dir='ltr'>exposuit</span> <span class='ocrx_word' id='word_1_64' title='bbox 344 731 460 788; x_wconf 90' lang='lat' dir='ltr'>dicens:</span> <span class='ocrx_word' id='word_1_65' title='bbox 477 733 601 788; x_wconf 72' lang='lat' dir='ltr'>viriliter</span> <span class='ocrx_word' id='word_1_66' title='bbox 626 736 699 802; x_wconf 81' lang='lat' dir='ltr'>agite</span> <span class='ocrx_word' id='word_1_67' title='bbox 712 734 735 802; x_wconf 87' lang='lat' dir='ltr'>(l</span> <span class='ocrx_word' id='word_1_68' title='bbox 747 736 807 791; x_wconf 82' lang='lat' dir='ltr'>dor.</span> <span class='ocrx_word' id='word_1_69' title='bbox 824 750 882 802; x_wconf 89' lang='lat' dir='ltr'>xxr,</span> <span class='ocrx_word' id='word_1_70' title='bbox 900 736 952 804; x_wconf 73' lang='lat' dir='ltr'>ld).</span> 
     </span>
     <span class='ocr_line' id='line_1_7' title="bbox 106 821 954 894; baseline 0.001 -16"><span class='ocrx_word' id='word_1_71' title='bbox 106 823 157 878; x_wconf 92' lang='lat' dir='ltr'>llle</span> <span class='ocrx_word' id='word_1_72' title='bbox 179 822 276 891; x_wconf 90' lang='lat' dir='ltr'>itaque</span> <span class='ocrx_word' id='word_1_73' title='bbox 304 821 355 890; x_wconf 93' lang='lat' dir='ltr'>qui</span> <span class='ocrx_word' id='word_1_74' title='bbox 382 823 461 890; x_wconf 89' lang='lat' dir='ltr'>prius</span> <span class='ocrx_word' id='word_1_75' title='bbox 484 822 631 879; x_wconf 83' lang='lat' dir='ltr'>Abraham</span> <span class='ocrx_word' id='word_1_76' title='bbox 657 831 811 894; x_wconf 91' lang='lat' dir='ltr'>proptera</span> <span class='ocrx_word' id='word_1_77' title='bbox 837 824 894 879; x_wconf 87' lang='lat' dir='ltr'>Deo</span> <span class='ocrx_word' id='word_1_78' title='bbox 918 824 954 879; x_wconf 94' lang='lat' dir='ltr'>il-</span> 
     </span>
     <span class='ocr_line' id='line_1_8' title="bbox 112 909 955 982; baseline 0.001 -15"><span class='ocrx_word' id='word_1_79' title='bbox 112 911 240 967; x_wconf 85' lang='lat' dir='ltr'>lustratae</span> <span class='ocrx_word' id='word_1_80' title='bbox 264 909 440 966; x_wconf 81' lang='lat' dir='ltr'>discretionis</span> <span class='ocrx_word' id='word_1_81' title='bbox 463 910 680 982; x_wconf 83' lang='lat' dir='ltr'>intelligentiam</span> <span class='ocrx_word' id='word_1_82' title='bbox 704 911 798 968; x_wconf 90' lang='lat' dir='ltr'>dictus</span> <span class='ocrx_word' id='word_1_83' title='bbox 812 919 863 979; x_wconf 90' lang='lat' dir='ltr'>est,</span> <span class='ocrx_word' id='word_1_84' title='bbox 879 920 955 982; x_wconf 93' lang='lat' dir='ltr'>post-</span> 
     </span>
     <span class='ocr_line' id='line_1_9' title="bbox 111 997 954 1071; baseline 0.001 -16"><span class='ocrx_word' id='word_1_85' title='bbox 111 1012 200 1071; x_wconf 88' lang='lat' dir='ltr'>quam</span> <span class='ocrx_word' id='word_1_86' title='bbox 224 997 260 1053; x_wconf 87' lang='lat' dir='ltr'>ad</span> <span class='ocrx_word' id='word_1_87' title='bbox 279 998 374 1053; x_wconf 92' lang='lat' dir='ltr'>locum</span> <span class='ocrx_word' id='word_1_88' title='bbox 396 1011 482 1053; x_wconf 90' lang='lat' dir='ltr'>suum</span> <span class='ocrx_word' id='word_1_89' title='bbox 507 999 670 1068; x_wconf 87' lang='lat' dir='ltr'>revertitur,</span> <span class='ocrx_word' id='word_1_90' title='bbox 696 1001 745 1055; x_wconf 88' lang='lat' dir='ltr'>Lot</span> <span class='ocrx_word' id='word_1_91' title='bbox 767 1000 882 1066; x_wconf 90' lang='lat' dir='ltr'>dicitur,</span> <span class='ocrx_word' id='word_1_92' title='bbox 902 1001 954 1071; x_wconf 91' lang='lat' dir='ltr'>qui</span> 
     </span>
     <span class='ocr_line' id='line_1_10' title="bbox 98 1086 954 1158; baseline 0.001 -15"><span class='ocrx_word' id='word_1_93' title='bbox 98 1086 187 1158; x_wconf 85' lang='lat' dir='ltr'>juxta</span> <span class='ocrx_word' id='word_1_94' title='bbox 203 1087 283 1157; x_wconf 93' lang='lat' dir='ltr'>quod</span> <span class='ocrx_word' id='word_1_95' title='bbox 297 1099 387 1156; x_wconf 85' lang='lat' dir='ltr'>supra</span> <span class='ocrx_word' id='word_1_96' title='bbox 403 1087 566 1155; x_wconf 92' lang='lat' dir='ltr'>expositum</span> <span class='ocrx_word' id='word_1_97' title='bbox 586 1096 638 1156; x_wconf 92' lang='lat' dir='ltr'>est,</span> <span class='ocrx_word' id='word_1_98' title='bbox 659 1089 807 1156; x_wconf 83' lang='lat' dir='ltr'>declinans,</span> <span class='ocrx_word' id='word_1_99' title='bbox 833 1089 877 1145; x_wconf 92' lang='lat' dir='ltr'>vel</span> <span class='ocrx_word' id='word_1_100' title='bbox 889 1092 954 1144; x_wconf 88' lang='lat' dir='ltr'>oin-</span> 
     </span>
     <span class='ocr_line' id='line_1_11' title="bbox 99 1174 953 1247; baseline 0.002 -16"><span class='ocrx_word' id='word_1_101' title='bbox 99 1180 168 1242; x_wconf 82' lang='lat' dir='ltr'>ctus,</span> <span class='ocrx_word' id='word_1_102' title='bbox 182 1175 227 1232; x_wconf 93' lang='lat' dir='ltr'>vel</span> <span class='ocrx_word' id='word_1_103' title='bbox 246 1178 352 1230; x_wconf 87' lang='lat' dir='ltr'>utinam</span> <span class='ocrx_word' id='word_1_104' title='bbox 377 1174 592 1245; x_wconf 87' lang='lat' dir='ltr'>interpretatur,</span> <span class='ocrx_word' id='word_1_105' title='bbox 622 1177 650 1231; x_wconf 93' lang='lat' dir='ltr'>in</span> <span class='ocrx_word' id='word_1_106' title='bbox 677 1191 735 1247; x_wconf 92' lang='lat' dir='ltr'>quo</span> <span class='ocrx_word' id='word_1_107' title='bbox 755 1178 867 1233; x_wconf 91' lang='lat' dir='ltr'>utinam</span> <span class='ocrx_word' id='word_1_108' title='bbox 882 1177 953 1233; x_wconf 91' lang='lat' dir='ltr'>illud</span> 
     </span>
     <span class='ocr_line' id='line_1_12' title="bbox 98 1261 954 1333; baseline 0.002 -15"><span class='ocrx_word' id='word_1_109' title='bbox 98 1270 164 1333; x_wconf 84' lang='lat' dir='ltr'>apte</span> <span class='ocrx_word' id='word_1_110' title='bbox 192 1269 319 1330; x_wconf 88' lang='lat' dir='ltr'>notatur,</span> <span class='ocrx_word' id='word_1_111' title='bbox 345 1261 422 1333; x_wconf 91' lang='lat' dir='ltr'>quod</span> <span class='ocrx_word' id='word_1_112' title='bbox 446 1262 568 1333; x_wconf 89' lang='lat' dir='ltr'>legitur:</span> <span class='ocrx_word' id='word_1_113' title='bbox 586 1266 622 1318; x_wconf 89' lang='lat' dir='ltr'>In</span> <span class='ocrx_word' id='word_1_114' title='bbox 645 1265 788 1320; x_wconf 82' lang='lat' dir='ltr'>desideriis</span> <span class='ocrx_word' id='word_1_115' title='bbox 811 1269 954 1320; x_wconf 79' lang='lat' dir='ltr'>colomnis</span> 
     </span>
    </p>
   </div>
   <div class='ocr_carea' id='block_1_4' title="bbox 1007 642 1855 1331">
    <p class='ocr_par' dir='ltr' id='par_1_4' title="bbox 1007 642 1855 1331">
     <span class='ocr_line' id='line_1_13' title="bbox 1008 642 1854 715; baseline -0.004 -16"><span class='ocrx_word' id='word_1_116' title='bbox 1008 646 1102 713; x_wconf 83' lang='lat' dir='ltr'>bitum,</span> <span class='ocrx_word' id='word_1_117' title='bbox 1128 646 1244 715; x_wconf 92' lang='lat' dir='ltr'>quando</span> <span class='ocrx_word' id='word_1_118' title='bbox 1266 644 1296 700; x_wconf 93' lang='lat' dir='ltr'>in</span> <span class='ocrx_word' id='word_1_119' title='bbox 1321 644 1402 700; x_wconf 91' lang='lat' dir='ltr'>nobis</span> <span class='ocrx_word' id='word_1_120' title='bbox 1426 643 1572 714; x_wconf 83' lang='lat' dir='ltr'>quiescere</span> <span class='ocrx_word' id='word_1_121' title='bbox 1598 643 1697 713; x_wconf 93' lang='lat' dir='ltr'>incipit</span> <span class='ocrx_word' id='word_1_122' title='bbox 1720 642 1854 712; x_wconf 89' lang='lat' dir='ltr'>strepitus</span> 
     </span>
     <span class='ocr_line' id='line_1_14' title="bbox 1007 731 1854 804; baseline -0.005 -15"><span class='ocrx_word' id='word_1_123' title='bbox 1007 733 1188 804; x_wconf 88' lang='lat' dir='ltr'>negotiorum</span> <span class='ocrx_word' id='word_1_124' title='bbox 1209 733 1384 790; x_wconf 77' lang='lat' dir='ltr'>forensium:</span> <span class='ocrx_word' id='word_1_125' title='bbox 1413 732 1492 800; x_wconf 91' lang='lat' dir='ltr'>prius</span> <span class='ocrx_word' id='word_1_126' title='bbox 1518 740 1614 787; x_wconf 91' lang='lat' dir='ltr'>autem</span> <span class='ocrx_word' id='word_1_127' title='bbox 1638 745 1727 802; x_wconf 92' lang='lat' dir='ltr'>quam</span> <span class='ocrx_word' id='word_1_128' title='bbox 1749 731 1785 787; x_wconf 87' lang='lat' dir='ltr'>ab</span> <span class='ocrx_word' id='word_1_129' title='bbox 1811 731 1854 786; x_wconf 91' lang='lat' dir='ltr'>his</span> 
     </span>
     <span class='ocr_line' id='line_1_15' title="bbox 1007 819 1853 893; baseline -0.006 -15"><span class='ocrx_word' id='word_1_130' title='bbox 1007 824 1191 893; x_wconf 83' lang='lat' dir='ltr'>consopiatur</span> <span class='ocrx_word' id='word_1_131' title='bbox 1215 822 1339 888; x_wconf 86' lang='lat' dir='ltr'>animus,</span> <span class='ocrx_word' id='word_1_132' title='bbox 1368 825 1424 876; x_wconf 77' lang='lat' dir='ltr'>ott-i</span> <span class='ocrx_word' id='word_1_133' title='bbox 1455 823 1586 888; x_wconf 83' lang='lat' dir='ltr'>ciuitatis,</span> <span class='ocrx_word' id='word_1_134' title='bbox 1619 819 1724 875; x_wconf 89' lang='lat' dir='ltr'>ieroces</span> <span class='ocrx_word' id='word_1_135' title='bbox 1751 819 1853 874; x_wconf 93' lang='lat' dir='ltr'>videli-</span> 
     </span>
     <span class='ocr_line' id='line_1_16' title="bbox 1007 907 1853 981; baseline -0.007 -14"><span class='ocrx_word' id='word_1_136' title='bbox 1007 918 1050 967; x_wconf 92' lang='lat' dir='ltr'>cet</span> <span class='ocrx_word' id='word_1_137' title='bbox 1068 919 1162 968; x_wconf 93' lang='lat' dir='ltr'>motus</span> <span class='ocrx_word' id='word_1_138' title='bbox 1175 910 1302 981; x_wconf 92' lang='lat' dir='ltr'>corporis</span> <span class='ocrx_word' id='word_1_139' title='bbox 1324 910 1442 965; x_wconf 94' lang='lat' dir='ltr'>domum</span> <span class='ocrx_word' id='word_1_140' title='bbox 1465 908 1584 975; x_wconf 88' lang='lat' dir='ltr'>vallant,</span> <span class='ocrx_word' id='word_1_141' title='bbox 1603 908 1687 963; x_wconf 93' lang='lat' dir='ltr'>idest</span> <span class='ocrx_word' id='word_1_142' title='bbox 1705 907 1853 963; x_wconf 89' lang='lat' dir='ltr'>scientiam</span> 
     </span>
     <span class='ocr_line' id='line_1_17' title="bbox 1007 995 1854 1070; baseline -0.007 -14"><span class='ocrx_word' id='word_1_143' title='bbox 1007 1007 1218 1070; x_wconf 86' lang='lat' dir='ltr'>coangustant;</span> <span class='ocrx_word' id='word_1_144' title='bbox 1241 1013 1291 1069; x_wconf 90' lang='lat' dir='ltr'>per</span> <span class='ocrx_word' id='word_1_145' title='bbox 1309 1011 1391 1054; x_wconf 88' lang='lat' dir='ltr'>senes</span> <span class='ocrx_word' id='word_1_146' title='bbox 1416 1011 1568 1067; x_wconf 93' lang='lat' dir='ltr'>possumus</span> <span class='ocrx_word' id='word_1_147' title='bbox 1593 995 1749 1066; x_wconf 90' lang='lat' dir='ltr'>intelligere</span> <span class='ocrx_word' id='word_1_148' title='bbox 1770 996 1854 1066; x_wconf 91' lang='lat' dir='ltr'>origi-</span> 
     </span>
     <span class='ocr_line' id='line_1_18' title="bbox 1007 1083 1854 1159; baseline -0.006 -15"><span class='ocrx_word' id='word_1_149' title='bbox 1007 1088 1094 1156; x_wconf 89' lang='lat' dir='ltr'>nalia,</span> <span class='ocrx_word' id='word_1_150' title='bbox 1119 1102 1171 1158; x_wconf 93' lang='lat' dir='ltr'>per</span> <span class='ocrx_word' id='word_1_151' title='bbox 1199 1102 1302 1159; x_wconf 89' lang='lat' dir='ltr'>pueros</span> <span class='ocrx_word' id='word_1_152' title='bbox 1325 1085 1450 1142; x_wconf 84' lang='lat' dir='ltr'>actualia</span> <span class='ocrx_word' id='word_1_153' title='bbox 1473 1100 1539 1156; x_wconf 84' lang='lat' dir='ltr'>quae</span> <span class='ocrx_word' id='word_1_154' title='bbox 1558 1083 1808 1155; x_wconf 89' lang='lat' dir='ltr'>superaddimus,</span> <span class='ocrx_word' id='word_1_155' title='bbox 1827 1092 1854 1139; x_wconf 92' lang='lat' dir='ltr'>et</span> 
     </span>
     <span class='ocr_line' id='line_1_19' title="bbox 1007 1172 1854 1244; baseline -0.007 -12"><span class='ocrx_word' id='word_1_156' title='bbox 1007 1177 1209 1233; x_wconf 82' lang='lat' dir='ltr'>adinvenimus</span> <span class='ocrx_word' id='word_1_157' title='bbox 1231 1175 1317 1231; x_wconf 88' lang='lat' dir='ltr'>etiam</span> <span class='ocrx_word' id='word_1_158' title='bbox 1341 1174 1441 1243; x_wconf 87' lang='lat' dir='ltr'>nrala;</span> <span class='ocrx_word' id='word_1_159' title='bbox 1468 1173 1547 1229; x_wconf 90' lang='lat' dir='ltr'>verbi</span> <span class='ocrx_word' id='word_1_160' title='bbox 1571 1173 1663 1244; x_wconf 93' lang='lat' dir='ltr'>gratia</span> <span class='ocrx_word' id='word_1_161' title='bbox 1685 1187 1751 1228; x_wconf 92' lang='lat' dir='ltr'>cum</span> <span class='ocrx_word' id='word_1_162' title='bbox 1768 1172 1854 1227; x_wconf 92' lang='lat' dir='ltr'>libido</span> 
     </span>
     <span class='ocr_line' id='line_1_20' title="bbox 1007 1262 1855 1331; baseline -0.007 -10"><span class='ocrx_word' id='word_1_163' title='bbox 1007 1264 1178 1321; x_wconf 89' lang='lat' dir='ltr'>naturaliter</span> <span class='ocrx_word' id='word_1_164' title='bbox 1198 1265 1280 1320; x_wconf 92' lang='lat' dir='ltr'>nobis</span> <span class='ocrx_word' id='word_1_165' title='bbox 1308 1264 1384 1331; x_wconf 93' lang='lat' dir='ltr'>insit,</span> <span class='ocrx_word' id='word_1_166' title='bbox 1417 1270 1449 1318; x_wconf 93' lang='lat' dir='ltr'>ut</span> <span class='ocrx_word' id='word_1_167' title='bbox 1473 1262 1508 1318; x_wconf 94' lang='lat' dir='ltr'>de</span> <span class='ocrx_word' id='word_1_168' title='bbox 1528 1263 1639 1318; x_wconf 81' lang='lat' dir='ltr'>caeteris</span> <span class='ocrx_word' id='word_1_169' title='bbox 1663 1270 1784 1329; x_wconf 89' lang='lat' dir='ltr'>taceam,</span> <span class='ocrx_word' id='word_1_170' title='bbox 1808 1275 1855 1316; x_wconf 88' lang='lat' dir='ltr'>no</span> 
     </span>
    </p>
   </div>
   <div class='ocr_carea' id='block_1_5' title="bbox 100 1349 1857 1776">
    <p class='ocr_par' dir='ltr' id='par_1_5' title="bbox 100 1349 1857 1776">
     <span class='ocr_line' id='line_1_21' title="bbox 100 1349 1853 1423; baseline -0.002 -16"><span class='ocrx_word' id='word_1_171' title='bbox 100 1354 200 1407; x_wconf 82' lang='lat' dir='ltr'>otiosus</span> <span class='ocrx_word' id='word_1_172' title='bbox 225 1351 315 1420; x_wconf 83' lang='lat' dir='ltr'>(Pron.</span> <span class='ocrx_word' id='word_1_173' title='bbox 343 1365 402 1417; x_wconf 88' lang='lat' dir='ltr'>xxr,</span> <span class='ocrx_word' id='word_1_174' title='bbox 428 1353 495 1420; x_wconf 77' lang='lat'>25);</span> <span class='ocrx_word' id='word_1_175' title='bbox 524 1353 634 1408; x_wconf 92' lang='lat' dir='ltr'>utinam</span> <span class='ocrx_word' id='word_1_176' title='bbox 665 1353 742 1409; x_wconf 91' lang='lat' dir='ltr'>enim</span> <span class='ocrx_word' id='word_1_177' title='bbox 764 1354 889 1423; x_wconf 87' lang='lat' dir='ltr'>optantis</span> <span class='ocrx_word' id='word_1_178' title='bbox 912 1360 954 1410; x_wconf 90' lang='lat' dir='ltr'>est</span> <span class='ocrx_word' id='word_1_179' title='bbox 1006 1354 1109 1409; x_wconf 89' lang='lat' dir='ltr'>vilates</span> <span class='ocrx_word' id='word_1_180' title='bbox 1128 1353 1254 1423; x_wconf 92' lang='lat' dir='ltr'>quotidie</span> <span class='ocrx_word' id='word_1_181' title='bbox 1265 1351 1428 1417; x_wconf 90' lang='lat' dir='ltr'>libidinum,</span> <span class='ocrx_word' id='word_1_182' title='bbox 1439 1359 1466 1406; x_wconf 92' lang='lat' dir='ltr'>et</span> <span class='ocrx_word' id='word_1_183' title='bbox 1482 1358 1585 1420; x_wconf 85' lang='lat' dir='ltr'>praeter</span> <span class='ocrx_word' id='word_1_184' title='bbox 1598 1350 1718 1407; x_wconf 93' lang='lat' dir='ltr'>solidam</span> <span class='ocrx_word' id='word_1_185' title='bbox 1734 1349 1853 1407; x_wconf 90' lang='lat' dir='ltr'>coeundi</span> 
     </span>
     <span class='ocr_line' id='line_1_22' title="bbox 100 1437 1855 1513; baseline -0.001 -18"><span class='ocrx_word' id='word_1_186' title='bbox 100 1439 247 1495; x_wconf 89' lang='lat' dir='ltr'>verbum:</span> <span class='ocrx_word' id='word_1_187' title='bbox 273 1439 370 1494; x_wconf 87' lang='lat' dir='ltr'>sedere</span> <span class='ocrx_word' id='word_1_188' title='bbox 391 1438 476 1494; x_wconf 92' lang='lat' dir='ltr'>etiam</span> <span class='ocrx_word' id='word_1_189' title='bbox 498 1440 656 1510; x_wconf 86' lang='lat' dir='ltr'>judicantis</span> <span class='ocrx_word' id='word_1_190' title='bbox 682 1449 734 1497; x_wconf 92' lang='lat' dir='ltr'>est.</span> <span class='ocrx_word' id='word_1_191' title='bbox 762 1441 843 1497; x_wconf 88' lang='lat' dir='ltr'>Sedet</span> <span class='ocrx_word' id='word_1_192' title='bbox 865 1442 953 1512; x_wconf 88' lang='lat' dir='ltr'>igitur</span> <span class='ocrx_word' id='word_1_193' title='bbox 1007 1442 1137 1513; x_wconf 91' lang='lat' dir='ltr'>regulam</span> <span class='ocrx_word' id='word_1_194' title='bbox 1159 1448 1364 1498; x_wconf 90' lang='lat' dir='ltr'>commentatas</span> <span class='ocrx_word' id='word_1_195' title='bbox 1387 1440 1539 1507; x_wconf 90' lang='lat' dir='ltr'>miramur,</span> <span class='ocrx_word' id='word_1_196' title='bbox 1562 1447 1589 1495; x_wconf 92' lang='lat' dir='ltr'>et</span> <span class='ocrx_word' id='word_1_197' title='bbox 1620 1438 1753 1494; x_wconf 84' lang='lat' dir='ltr'>mirando</span> <span class='ocrx_word' id='word_1_198' title='bbox 1779 1437 1855 1493; x_wconf 93' lang='lat' dir='ltr'>dole·</span> 
     </span>
     <span class='ocr_line' id='line_1_23' title="bbox 100 1527 1856 1598; baseline -0.001 -15"><span class='ocrx_word' id='word_1_199' title='bbox 100 1528 152 1583; x_wconf 77' lang='lat' dir='ltr'>bot</span> <span class='ocrx_word' id='word_1_200' title='bbox 168 1531 198 1580; x_wconf 86' lang='lat' dir='ltr'>iu</span> <span class='ocrx_word' id='word_1_201' title='bbox 212 1528 318 1594; x_wconf 78' lang='lat' dir='ltr'>foribus</span> <span class='ocrx_word' id='word_1_202' title='bbox 344 1530 476 1595; x_wconf 85' lang='lat' dir='ltr'>ciuitatis,</span> <span class='ocrx_word' id='word_1_203' title='bbox 498 1528 567 1583; x_wconf 92' lang='lat' dir='ltr'>dum</span> <span class='ocrx_word' id='word_1_204' title='bbox 594 1529 720 1585; x_wconf 88' lang='lat' dir='ltr'>hunrano</span> <span class='ocrx_word' id='word_1_205' title='bbox 743 1529 816 1585; x_wconf 91' lang='lat' dir='ltr'>ratio</span> <span class='ocrx_word' id='word_1_206' title='bbox 838 1543 855 1584; x_wconf 91' lang='lat' dir='ltr'>a</span> <span class='ocrx_word' id='word_1_207' title='bbox 877 1537 953 1585; x_wconf 89' lang='lat' dir='ltr'>recto</span> <span class='ocrx_word' id='word_1_208' title='bbox 1006 1543 1081 1585; x_wconf 93' lang='lat' dir='ltr'>mus.</span> <span class='ocrx_word' id='word_1_209' title='bbox 1105 1531 1148 1584; x_wconf 79' lang='lat' dir='ltr'>Ex</span> <span class='ocrx_word' id='word_1_210' title='bbox 1170 1530 1302 1585; x_wconf 85' lang='lat' dir='ltr'>sensibus</span> <span class='ocrx_word' id='word_1_211' title='bbox 1325 1528 1406 1598; x_wconf 92' lang='lat' dir='ltr'>pueri</span> <span class='ocrx_word' id='word_1_212' title='bbox 1431 1528 1538 1583; x_wconf 89' lang='lat' dir='ltr'>indies</span> <span class='ocrx_word' id='word_1_213' title='bbox 1561 1528 1705 1595; x_wconf 91' lang='lat' dir='ltr'>oriuntur,</span> <span class='ocrx_word' id='word_1_214' title='bbox 1727 1527 1797 1597; x_wconf 90' lang='lat' dir='ltr'>quia</span> <span class='ocrx_word' id='word_1_215' title='bbox 1820 1541 1856 1581; x_wconf 91' lang='lat' dir='ltr'>ex</span> 
     </span>
     <span class='ocr_line' id='line_1_24' title="bbox 100 1614 1857 1689; baseline -0.002 -17"><span class='ocrx_word' id='word_1_216' title='bbox 100 1614 166 1673; x_wconf 88' lang='lat' dir='ltr'>licet</span> <span class='ocrx_word' id='word_1_217' title='bbox 193 1615 349 1680; x_wconf 87' lang='lat' dir='ltr'>declinans,</span> <span class='ocrx_word' id='word_1_218' title='bbox 376 1623 406 1672; x_wconf 93' lang='lat' dir='ltr'>et</span> <span class='ocrx_word' id='word_1_219' title='bbox 435 1614 558 1672; x_wconf 85' lang='lat' dir='ltr'>vinculo&#39;</span> <span class='ocrx_word' id='word_1_220' title='bbox 589 1618 826 1687; x_wconf 84' lang='lat' dir='ltr'>concupiscentiae</span> <span class='ocrx_word' id='word_1_221' title='bbox 861 1625 952 1674; x_wconf 88' lang='lat' dir='ltr'>tracta</span> <span class='ocrx_word' id='word_1_222' title='bbox 1006 1617 1135 1689; x_wconf 87' lang='lat' dir='ltr'>ingenita</span> <span class='ocrx_word' id='word_1_223' title='bbox 1154 1618 1339 1688; x_wconf 87' lang='lat' dir='ltr'>corruptione</span> <span class='ocrx_word' id='word_1_224' title='bbox 1358 1631 1453 1673; x_wconf 92' lang='lat' dir='ltr'>novus</span> <span class='ocrx_word' id='word_1_225' title='bbox 1482 1616 1676 1673; x_wconf 86' lang='lat' dir='ltr'>indesinenter</span> <span class='ocrx_word' id='word_1_226' title='bbox 1700 1615 1762 1671; x_wconf 93' lang='lat' dir='ltr'>vitii</span> <span class='ocrx_word' id='word_1_227' title='bbox 1786 1614 1857 1670; x_wconf 90' lang='lat' dir='ltr'>letor</span> 
     </span>
     <span class='ocr_line' id='line_1_25' title="bbox 101 1677 1854 1776; baseline -0.002 -15"><span class='ocrx_word' id='word_1_228' title='bbox 101 1704 262 1761; x_wconf 91' lang='lat' dir='ltr'>secundum</span> <span class='ocrx_word' id='word_1_229' title='bbox 298 1703 394 1759; x_wconf 84' lang='lat' dir='ltr'>saeculi</span> <span class='ocrx_word' id='word_1_230' title='bbox 425 1703 613 1771; x_wconf 83' lang='lat' dir='ltr'>honestatem,</span> <span class='ocrx_word' id='word_1_231' title='bbox 649 1706 771 1776; x_wconf 86' lang='lat' dir='ltr'>propriae</span> <span class='ocrx_word' id='word_1_232' title='bbox 804 1707 949 1774; x_wconf 89' lang='lat' dir='ltr'>examina,</span> <span class='ocrx_word' id='word_1_233' title='bbox 970 1677 1253 1776; x_wconf 77' lang='lat' dir='ltr'>Begreditur3sunt</span> <span class='ocrx_word' id='word_1_234' title='bbox 1278 1718 1394 1775; x_wconf 93' lang='lat' dir='ltr'>quoqne</span> <span class='ocrx_word' id='word_1_235' title='bbox 1422 1703 1504 1774; x_wconf 93' lang='lat' dir='ltr'>pueri</span> <span class='ocrx_word' id='word_1_236' title='bbox 1525 1703 1659 1773; x_wconf 88' lang='lat' dir='ltr'>quaedam</span> <span class='ocrx_word' id='word_1_237' title='bbox 1689 1718 1747 1759; x_wconf 93' lang='lat' dir='ltr'>non</span> <span class='ocrx_word' id='word_1_238' title='bbox 1770 1710 1854 1758; x_wconf 90' lang='lat' dir='ltr'>natu-</span> 
     </span>
    </p>
   </div>
   <div class='ocr_carea' id='block_1_6' title="bbox 101 1791 956 2924">
    <p class='ocr_par' dir='ltr' id='par_1_6' title="bbox 101 1791 956 2924">
     <span class='ocr_line' id='line_1_26' title="bbox 101 1791 954 1861; baseline 0.004 -13"><span class='ocrx_word' id='word_1_239' title='bbox 101 1792 253 1849; x_wconf 93' lang='lat' dir='ltr'>introitum</span> <span class='ocrx_word' id='word_1_240' title='bbox 287 1791 501 1861; x_wconf 86' lang='lat' dir='ltr'>delectationis3</span> <span class='ocrx_word' id='word_1_241' title='bbox 527 1792 597 1849; x_wconf 94' lang='lat' dir='ltr'>dum</span> <span class='ocrx_word' id='word_1_242' title='bbox 620 1794 697 1850; x_wconf 92' lang='lat' dir='ltr'>enim</span> <span class='ocrx_word' id='word_1_243' title='bbox 717 1809 819 1851; x_wconf 92' lang='lat' dir='ltr'>sensus</span> <span class='ocrx_word' id='word_1_244' title='bbox 843 1803 954 1851; x_wconf 92' lang='lat' dir='ltr'>nostros</span> 
     </span>
     <span class='ocr_line' id='line_1_27' title="bbox 101 1880 952 1952; baseline 0.002 -15"><span class='ocrx_word' id='word_1_245' title='bbox 101 1894 135 1937; x_wconf 90' lang='lat' dir='ltr'>ac</span> <span class='ocrx_word' id='word_1_246' title='bbox 158 1880 343 1952; x_wconf 86' lang='lat' dir='ltr'>cogitationes</span> <span class='ocrx_word' id='word_1_247' title='bbox 368 1880 397 1935; x_wconf 93' lang='lat' dir='ltr'>in</span> <span class='ocrx_word' id='word_1_248' title='bbox 420 1880 537 1951; x_wconf 88' lang='lat' dir='ltr'>pecuale</span> <span class='ocrx_word' id='word_1_249' title='bbox 559 1881 690 1938; x_wconf 90' lang='lat' dir='ltr'>videmus</span> <span class='ocrx_word' id='word_1_250' title='bbox 713 1882 771 1938; x_wconf 88' lang='lat' dir='ltr'>labi</span> <span class='ocrx_word' id='word_1_251' title='bbox 796 1883 952 1949; x_wconf 90' lang='lat' dir='ltr'>silentium,</span> 
     </span>
     <span class='ocr_line' id='line_1_28' title="bbox 102 1968 953 2041; baseline 0.004 -16"><span class='ocrx_word' id='word_1_252' title='bbox 102 1969 196 2026; x_wconf 91' lang='lat' dir='ltr'>necin</span> <span class='ocrx_word' id='word_1_253' title='bbox 209 1968 258 2024; x_wconf 80' lang='lat' dir='ltr'>liei</span> <span class='ocrx_word' id='word_1_254' title='bbox 270 1968 392 2026; x_wconf 87' lang='lat' dir='ltr'>auribus</span> <span class='ocrx_word' id='word_1_255' title='bbox 411 1969 528 2026; x_wconf 91' lang='lat' dir='ltr'>vitalem</span> <span class='ocrx_word' id='word_1_256' title='bbox 551 1969 706 2041; x_wconf 86' lang='lat' dir='ltr'>cujuslibet</span> <span class='ocrx_word' id='word_1_257' title='bbox 730 1972 811 2027; x_wconf 88' lang='lat' dir='ltr'>bonae</span> <span class='ocrx_word' id='word_1_258' title='bbox 834 1972 953 2028; x_wconf 89' lang='lat' dir='ltr'>actionis</span> 
     </span>
     <span class='ocr_line' id='line_1_29' title="bbox 101 2056 954 2129; baseline 0.002 -15"><span class='ocrx_word' id='word_1_259' title='bbox 101 2057 184 2114; x_wconf 89' lang='lat' dir='ltr'>edere</span> <span class='ocrx_word' id='word_1_260' title='bbox 198 2071 312 2125; x_wconf 93' lang='lat' dir='ltr'>sonum,</span> <span class='ocrx_word' id='word_1_261' title='bbox 334 2056 472 2126; x_wconf 91' lang='lat' dir='ltr'>pudorem</span> <span class='ocrx_word' id='word_1_262' title='bbox 500 2057 671 2129; x_wconf 90' lang='lat' dir='ltr'>plerumque</span> <span class='ocrx_word' id='word_1_263' title='bbox 694 2067 825 2116; x_wconf 90' lang='lat' dir='ltr'>verentes</span> <span class='ocrx_word' id='word_1_264' title='bbox 853 2060 954 2116; x_wconf 93' lang='lat' dir='ltr'>huma-</span> 
     </span>
     <span class='ocr_line' id='line_1_30' title="bbox 102 2143 953 2215; baseline 0.004 -15"><span class='ocrx_word' id='word_1_265' title='bbox 102 2158 183 2213; x_wconf 92' lang='lat' dir='ltr'>num,</span> <span class='ocrx_word' id='word_1_266' title='bbox 202 2143 405 2215; x_wconf 81' lang='lat' dir='ltr'>restringimus</span> <span class='ocrx_word' id='word_1_267' title='bbox 426 2144 592 2214; x_wconf 85' lang='lat' dir='ltr'>petulantiae</span> <span class='ocrx_word' id='word_1_268' title='bbox 616 2153 719 2201; x_wconf 78' lang='lat' dir='ltr'>nostrae</span> <span class='ocrx_word' id='word_1_269' title='bbox 738 2146 862 2215; x_wconf 89' lang='lat' dir='ltr'>lluxum,</span> <span class='ocrx_word' id='word_1_270' title='bbox 885 2162 953 2203; x_wconf 91' lang='lat' dir='ltr'>sur-</span> 
     </span>
     <span class='ocr_line' id='line_1_31' title="bbox 102 2231 954 2306; baseline 0.004 -19"><span class='ocrx_word' id='word_1_271' title='bbox 102 2232 207 2304; x_wconf 87' lang='lat' dir='ltr'>gimus,</span> <span class='ocrx_word' id='word_1_272' title='bbox 222 2233 317 2298; x_wconf 92' lang='lat' dir='ltr'>idest,</span> <span class='ocrx_word' id='word_1_273' title='bbox 333 2233 470 2303; x_wconf 77' lang='lat' dir='ltr'>erigimus</span> <span class='ocrx_word' id='word_1_274' title='bbox 489 2231 613 2289; x_wconf 92' lang='lat' dir='ltr'>desidem</span> <span class='ocrx_word' id='word_1_275' title='bbox 637 2233 673 2289; x_wconf 89' lang='lat' dir='ltr'>ad</span> <span class='ocrx_word' id='word_1_276' title='bbox 689 2234 750 2290; x_wconf 79' lang='lat' dir='ltr'>hace</span> <span class='ocrx_word' id='word_1_277' title='bbox 771 2234 954 2306; x_wconf 89' lang='lat' dir='ltr'>reprimenda</span> 
     </span>
     <span class='ocr_line' id='line_1_32' title="bbox 102 2321 954 2393; baseline 0.002 -17"><span class='ocrx_word' id='word_1_278' title='bbox 102 2322 244 2388; x_wconf 91' lang='lat' dir='ltr'>animum,</span> <span class='ocrx_word' id='word_1_279' title='bbox 268 2328 297 2377; x_wconf 90' lang='lat' dir='ltr'>et</span> <span class='ocrx_word' id='word_1_280' title='bbox 320 2321 475 2377; x_wconf 88' lang='lat' dir='ltr'>adoramus</span> <span class='ocrx_word' id='word_1_281' title='bbox 496 2324 527 2375; x_wconf 84' lang='lat' dir='ltr'>in</span> <span class='ocrx_word' id='word_1_282' title='bbox 550 2326 650 2377; x_wconf 82' lang='lat' dir='ltr'>terrum</span> <span class='ocrx_word' id='word_1_283' title='bbox 670 2323 763 2391; x_wconf 89' lang='lat' dir='ltr'>proni,</span> <span class='ocrx_word' id='word_1_284' title='bbox 787 2324 954 2393; x_wconf 88' lang='lat' dir='ltr'>superbien-</span> 
     </span>
     <span class='ocr_line' id='line_1_33' title="bbox 104 2408 953 2482; baseline 0.001 -16"><span class='ocrx_word' id='word_1_285' title='bbox 104 2409 286 2474; x_wconf 89' lang='lat' dir='ltr'>temsoilioet,</span> <span class='ocrx_word' id='word_1_286' title='bbox 307 2423 343 2465; x_wconf 92' lang='lat' dir='ltr'>ne</span> <span class='ocrx_word' id='word_1_287' title='bbox 366 2408 527 2479; x_wconf 87' lang='lat' dir='ltr'>perellluat,</span> <span class='ocrx_word' id='word_1_288' title='bbox 546 2410 815 2467; x_wconf 90' lang='lat' dir='ltr'>inconsideratione</span> <span class='ocrx_word' id='word_1_289' title='bbox 831 2413 953 2482; x_wconf 83' lang='lat' dir='ltr'>propriae</span> 
     </span>
     <span class='ocr_line' id='line_1_34' title="bbox 102 2495 952 2570; baseline 0.004 -18"><span class='ocrx_word' id='word_1_290' title='bbox 102 2497 273 2553; x_wconf 90' lang='lat' dir='ltr'>conditionis</span> <span class='ocrx_word' id='word_1_291' title='bbox 302 2497 491 2553; x_wconf 85' lang='lat' dir='ltr'>humiliamus</span> <span class='ocrx_word' id='word_1_292' title='bbox 520 2495 664 2554; x_wconf 81' lang='lat' dir='ltr'>allectum.</span> <span class='ocrx_word' id='word_1_293' title='bbox 700 2499 821 2567; x_wconf 78' lang='lat' dir='ltr'>Obsecro,</span> <span class='ocrx_word' id='word_1_294' title='bbox 847 2500 952 2570; x_wconf 91' lang='lat' dir='ltr'>inquit,</span> 
     </span>
     <span class='ocr_line' id='line_1_35' title="bbox 103 2585 954 2656; baseline 0.006 -17"><span class='ocrx_word' id='word_1_295' title='bbox 103 2585 216 2647; x_wconf 87' lang='lat' dir='ltr'>domiui,</span> <span class='ocrx_word' id='word_1_296' title='bbox 235 2585 367 2640; x_wconf 81' lang='lat' dir='ltr'>declinate</span> <span class='ocrx_word' id='word_1_297' title='bbox 384 2587 415 2639; x_wconf 88' lang='lat' dir='ltr'>in</span> <span class='ocrx_word' id='word_1_298' title='bbox 439 2585 547 2641; x_wconf 84' lang='lat' dir='ltr'>domum</span> <span class='ocrx_word' id='word_1_299' title='bbox 556 2590 638 2656; x_wconf 87' lang='lat' dir='ltr'>pueri</span> <span class='ocrx_word' id='word_1_300' title='bbox 652 2590 744 2655; x_wconf 86' lang='lat' dir='ltr'>vestri,</span> <span class='ocrx_word' id='word_1_301' title='bbox 770 2588 797 2642; x_wconf 93' lang='lat' dir='ltr'>id</span> <span class='ocrx_word' id='word_1_302' title='bbox 813 2596 864 2654; x_wconf 93' lang='lat' dir='ltr'>est,</span> <span class='ocrx_word' id='word_1_303' title='bbox 880 2588 954 2645; x_wconf 87' lang='lat' dir='ltr'>intra</span> 
     </span>
     <span class='ocr_line' id='line_1_36' title="bbox 103 2674 955 2747; baseline 0.002 -17"><span class='ocrx_word' id='word_1_304' title='bbox 103 2674 282 2730; x_wconf 86' lang='lat' dir='ltr'>conscientiae</span> <span class='ocrx_word' id='word_1_305' title='bbox 322 2681 464 2729; x_wconf 90' lang='lat' dir='ltr'>secretum</span> <span class='ocrx_word' id='word_1_306' title='bbox 495 2674 677 2731; x_wconf 87' lang='lat' dir='ltr'>alorinseca</span> <span class='ocrx_word' id='word_1_307' title='bbox 705 2690 756 2732; x_wconf 89' lang='lat' dir='ltr'>vos</span> <span class='ocrx_word' id='word_1_308' title='bbox 786 2677 955 2747; x_wconf 79' lang='lat' dir='ltr'>evagatione</span> 
     </span>
     <span class='ocr_line' id='line_1_37' title="bbox 104 2762 954 2834; baseline 0.004 -15"><span class='ocrx_word' id='word_1_309' title='bbox 104 2763 276 2834; x_wconf 87' lang='lat' dir='ltr'>restringite,</span> <span class='ocrx_word' id='word_1_310' title='bbox 314 2762 453 2831; x_wconf 91' lang='lat' dir='ltr'>vobisque</span> <span class='ocrx_word' id='word_1_311' title='bbox 490 2762 607 2819; x_wconf 91' lang='lat' dir='ltr'>rationis</span> <span class='ocrx_word' id='word_1_312' title='bbox 645 2764 794 2820; x_wconf 91' lang='lat' dir='ltr'>servitium</span> <span class='ocrx_word' id='word_1_313' title='bbox 825 2764 954 2821; x_wconf 83' lang='lat' dir='ltr'>adhiberi</span> 
     </span>
     <span class='ocr_line' id='line_1_38' title="bbox 104 2851 956 2924; baseline 0.002 -16"><span class='ocrx_word' id='word_1_314' title='bbox 104 2851 509 2922; x_wconf 85' lang='lat' dir='ltr'>permittite;ibiquemouete,</span> <span class='ocrx_word' id='word_1_315' title='bbox 535 2851 590 2906; x_wconf 91' lang='lat' dir='ltr'>sub</span> <span class='ocrx_word' id='word_1_316' title='bbox 615 2866 648 2908; x_wconf 86' lang='lat' dir='ltr'>ee</span> <span class='ocrx_word' id='word_1_317' title='bbox 669 2853 776 2909; x_wconf 90' lang='lat' dir='ltr'>scilicet</span> <span class='ocrx_word' id='word_1_318' title='bbox 792 2866 842 2909; x_wconf 90' lang='lat' dir='ltr'>vos</span> <span class='ocrx_word' id='word_1_319' title='bbox 863 2868 956 2924; x_wconf 84' lang='lat' dir='ltr'>perse</span> 
     </span>
    </p>
   </div>
   <div class='ocr_carea' id='block_1_7' title="bbox 1006 1790 1857 2922">
    <p class='ocr_par' dir='ltr' id='par_1_7' title="bbox 1006 1790 1857 2922">
     <span class='ocr_line' id='line_1_39' title="bbox 1007 1790 1856 1862; baseline -0.005 -13"><span class='ocrx_word' id='word_1_320' title='bbox 1007 1793 1080 1849; x_wconf 90' lang='lat' dir='ltr'>ralia</span> <span class='ocrx_word' id='word_1_321' title='bbox 1094 1792 1226 1857; x_wconf 88' lang='lat' dir='ltr'>crimina,</span> <span class='ocrx_word' id='word_1_322' title='bbox 1251 1792 1313 1848; x_wconf 92' lang='lat' dir='ltr'>sine</span> <span class='ocrx_word' id='word_1_323' title='bbox 1336 1791 1444 1862; x_wconf 89' lang='lat' dir='ltr'>quibus</span> <span class='ocrx_word' id='word_1_324' title='bbox 1467 1797 1494 1847; x_wconf 91' lang='lat' dir='ltr'>et</span> <span class='ocrx_word' id='word_1_325' title='bbox 1520 1805 1557 1847; x_wconf 86' lang='lat' dir='ltr'>ex</span> <span class='ocrx_word' id='word_1_326' title='bbox 1582 1799 1662 1861; x_wconf 92' lang='lat' dir='ltr'>parte</span> <span class='ocrx_word' id='word_1_327' title='bbox 1684 1790 1771 1847; x_wconf 85' lang='lat' dir='ltr'>luisse</span> <span class='ocrx_word' id='word_1_328' title='bbox 1796 1799 1856 1846; x_wconf 87' lang='lat' dir='ltr'>tra-</span> 
     </span>
     <span class='ocr_line' id='line_1_40' title="bbox 1007 1879 1853 1949; baseline -0.004 -13"><span class='ocrx_word' id='word_1_329' title='bbox 1007 1880 1118 1936; x_wconf 90' lang='lat' dir='ltr'>duntur</span> <span class='ocrx_word' id='word_1_330' title='bbox 1139 1888 1204 1936; x_wconf 92' lang='lat' dir='ltr'>ante</span> <span class='ocrx_word' id='word_1_331' title='bbox 1234 1879 1377 1936; x_wconf 93' lang='lat' dir='ltr'>diluvium</span> <span class='ocrx_word' id='word_1_332' title='bbox 1403 1887 1538 1949; x_wconf 91' lang='lat' dir='ltr'>tempora,</span> <span class='ocrx_word' id='word_1_333' title='bbox 1571 1887 1604 1937; x_wconf 94' lang='lat' dir='ltr'>ut</span> <span class='ocrx_word' id='word_1_334' title='bbox 1629 1887 1697 1935; x_wconf 93' lang='lat' dir='ltr'>sunt</span> <span class='ocrx_word' id='word_1_335' title='bbox 1721 1879 1853 1946; x_wconf 87' lang='lat' dir='ltr'>avaritia,</span> 
     </span>
     <span class='ocr_line' id='line_1_41' title="bbox 1007 1967 1855 2039; baseline -0.004 -14"><span class='ocrx_word' id='word_1_336' title='bbox 1007 1969 1173 2036; x_wconf 83' lang='lat' dir='ltr'>cenodoxia,</span> <span class='ocrx_word' id='word_1_337' title='bbox 1192 1968 1383 2037; x_wconf 83' lang='lat' dir='ltr'>cultuumque</span> <span class='ocrx_word' id='word_1_338' title='bbox 1397 1975 1583 2024; x_wconf 86' lang='lat' dir='ltr'>externorum</span> <span class='ocrx_word' id='word_1_339' title='bbox 1608 1967 1754 2037; x_wconf 88' lang='lat' dir='ltr'>superbia,</span> <span class='ocrx_word' id='word_1_340' title='bbox 1771 1967 1855 2039; x_wconf 89' lang='lat' dir='ltr'>longo</span> 
     </span>
     <span class='ocr_line' id='line_1_42' title="bbox 1007 2055 1856 2126; baseline 0 -15"><span class='ocrx_word' id='word_1_341' title='bbox 1007 2063 1103 2112; x_wconf 91' lang='lat' dir='ltr'>autom</span> <span class='ocrx_word' id='word_1_342' title='bbox 1121 2063 1182 2126; x_wconf 92' lang='lat' dir='ltr'>post</span> <span class='ocrx_word' id='word_1_343' title='bbox 1199 2064 1326 2126; x_wconf 91' lang='lat' dir='ltr'>tempore</span> <span class='ocrx_word' id='word_1_344' title='bbox 1347 2064 1470 2125; x_wconf 89' lang='lat' dir='ltr'>reperta,</span> <span class='ocrx_word' id='word_1_345' title='bbox 1494 2056 1551 2111; x_wconf 91' lang='lat' dir='ltr'>imo</span> <span class='ocrx_word' id='word_1_346' title='bbox 1573 2057 1723 2125; x_wconf 86' lang='lat' dir='ltr'>producta,</span> <span class='ocrx_word' id='word_1_347' title='bbox 1747 2055 1856 2111; x_wconf 86' lang='lat' dir='ltr'>acriore</span> 
     </span>
     <span class='ocr_line' id='line_1_43' title="bbox 1007 2143 1856 2215; baseline -0.004 -15"><span class='ocrx_word' id='word_1_348' title='bbox 1007 2159 1086 2200; x_wconf 92' lang='lat' dir='ltr'>nunc</span> <span class='ocrx_word' id='word_1_349' title='bbox 1101 2144 1211 2200; x_wconf 83' lang='lat' dir='ltr'>servent</span> <span class='ocrx_word' id='word_1_350' title='bbox 1235 2144 1365 2213; x_wconf 85' lang='lat' dir='ltr'>insania3</span> <span class='ocrx_word' id='word_1_351' title='bbox 1382 2158 1463 2199; x_wconf 90' lang='lat' dir='ltr'>senes</span> <span class='ocrx_word' id='word_1_352' title='bbox 1484 2158 1552 2200; x_wconf 93' lang='lat' dir='ltr'>vero</span> <span class='ocrx_word' id='word_1_353' title='bbox 1576 2144 1788 2215; x_wconf 87' lang='lat' dir='ltr'>gastrimargia,</span> <span class='ocrx_word' id='word_1_354' title='bbox 1803 2143 1856 2209; x_wconf 87' lang='lat' dir='ltr'>ira,</span> 
     </span>
     <span class='ocr_line' id='line_1_44' title="bbox 1006 2232 1856 2303; baseline -0.001 -15"><span class='ocrx_word' id='word_1_355' title='bbox 1006 2233 1132 2300; x_wconf 89' lang='lat' dir='ltr'>tristitia,</span> <span class='ocrx_word' id='word_1_356' title='bbox 1158 2232 1286 2288; x_wconf 91' lang='lat' dir='ltr'>luxuria.</span> <span class='ocrx_word' id='word_1_357' title='bbox 1312 2232 1346 2288; x_wconf 92' lang='lat' dir='ltr'>lli</span> <span class='ocrx_word' id='word_1_358' title='bbox 1363 2233 1462 2302; x_wconf 92' lang='lat' dir='ltr'>itaque</span> <span class='ocrx_word' id='word_1_359' title='bbox 1485 2246 1552 2288; x_wconf 93' lang='lat' dir='ltr'>cum</span> <span class='ocrx_word' id='word_1_360' title='bbox 1575 2232 1654 2288; x_wconf 95' lang='lat' dir='ltr'>omni</span> <span class='ocrx_word' id='word_1_361' title='bbox 1678 2233 1856 2303; x_wconf 88' lang='lat' dir='ltr'>cogitatuum</span> 
     </span>
     <span class='ocr_line' id='line_1_45' title="bbox 1007 2320 1856 2392; baseline -0.001 -17"><span class='ocrx_word' id='word_1_362' title='bbox 1007 2320 1167 2376; x_wconf 89' lang='lat' dir='ltr'>carnalium</span> <span class='ocrx_word' id='word_1_363' title='bbox 1192 2320 1298 2392; x_wconf 93' lang='lat' dir='ltr'>populo</span> <span class='ocrx_word' id='word_1_364' title='bbox 1322 2321 1372 2375; x_wconf 87' lang='lat' dir='ltr'>Lot</span> <span class='ocrx_word' id='word_1_365' title='bbox 1390 2327 1519 2387; x_wconf 88' lang='lat' dir='ltr'>evocant,</span> <span class='ocrx_word' id='word_1_366' title='bbox 1547 2322 1618 2390; x_wconf 92' lang='lat' dir='ltr'>quia</span> <span class='ocrx_word' id='word_1_367' title='bbox 1637 2320 1856 2376; x_wconf 89' lang='lat' dir='ltr'>delectationum</span> 
     </span>
     <span class='ocr_line' id='line_1_46' title="bbox 1007 2407 1857 2480; baseline -0.001 -16"><span class='ocrx_word' id='word_1_368' title='bbox 1007 2409 1217 2479; x_wconf 79' lang='lat' dir='ltr'>praeteritarum</span> <span class='ocrx_word' id='word_1_369' title='bbox 1235 2408 1411 2480; x_wconf 69' lang='lat' dir='ltr'>dulcedines</span> <span class='ocrx_word' id='word_1_370' title='bbox 1425 2416 1452 2464; x_wconf 92' lang='lat' dir='ltr'>et</span> <span class='ocrx_word' id='word_1_371' title='bbox 1464 2422 1565 2464; x_wconf 91' lang='lat' dir='ltr'>earum</span> <span class='ocrx_word' id='word_1_372' title='bbox 1587 2422 1693 2476; x_wconf 91' lang='lat' dir='ltr'>rerum,</span> <span class='ocrx_word' id='word_1_373' title='bbox 1711 2422 1776 2477; x_wconf 85' lang='lat' dir='ltr'>quae</span> <span class='ocrx_word' id='word_1_374' title='bbox 1800 2407 1857 2463; x_wconf 94' lang='lat' dir='ltr'>im-</span> 
     </span>
     <span class='ocr_line' id='line_1_47' title="bbox 1007 2497 1857 2569; baseline -0.002 -15"><span class='ocrx_word' id='word_1_375' title='bbox 1007 2498 1225 2569; x_wconf 78' lang='lat' dir='ltr'>praesentiarum</span> <span class='ocrx_word' id='word_1_376' title='bbox 1237 2505 1381 2565; x_wconf 89' lang='lat' dir='ltr'>tenentur,</span> <span class='ocrx_word' id='word_1_377' title='bbox 1403 2511 1515 2554; x_wconf 89' lang='lat' dir='ltr'>amores</span> <span class='ocrx_word' id='word_1_378' title='bbox 1540 2497 1645 2554; x_wconf 88' lang='lat' dir='ltr'>rationi</span> <span class='ocrx_word' id='word_1_379' title='bbox 1659 2497 1815 2568; x_wconf 88' lang='lat' dir='ltr'>objectant,</span> <span class='ocrx_word' id='word_1_380' title='bbox 1830 2506 1857 2553; x_wconf 93' lang='lat' dir='ltr'>et</span> 
     </span>
     <span class='ocr_line' id='line_1_48' title="bbox 1008 2585 1856 2656; baseline -0.005 -13"><span class='ocrx_word' id='word_1_381' title='bbox 1008 2589 1044 2644; x_wconf 87' lang='lat' dir='ltr'>ad</span> <span class='ocrx_word' id='word_1_382' title='bbox 1064 2588 1139 2643; x_wconf 91' lang='lat' dir='ltr'>bona</span> <span class='ocrx_word' id='word_1_383' title='bbox 1151 2586 1292 2642; x_wconf 87' lang='lat' dir='ltr'>exteriora</span> <span class='ocrx_word' id='word_1_384' title='bbox 1315 2585 1477 2642; x_wconf 90' lang='lat' dir='ltr'>haurienda</span> <span class='ocrx_word' id='word_1_385' title='bbox 1502 2585 1680 2656; x_wconf 86' lang='lat' dir='ltr'>compellant.</span> <span class='ocrx_word' id='word_1_386' title='bbox 1705 2585 1761 2640; x_wconf 84' lang='lat' dir='ltr'>Ubi</span> <span class='ocrx_word' id='word_1_387' title='bbox 1782 2590 1856 2651; x_wconf 86' lang='lat' dir='ltr'>sunt,</span> 
     </span>
     <span class='ocr_line' id='line_1_49' title="bbox 1008 2673 1857 2747; baseline -0.004 -17"><span class='ocrx_word' id='word_1_388' title='bbox 1008 2676 1155 2747; x_wconf 87' lang='lat' dir='ltr'>inquiunt,</span> <span class='ocrx_word' id='word_1_389' title='bbox 1171 2677 1227 2729; x_wconf 81' lang='lat' dir='ltr'>oiri</span> <span class='ocrx_word' id='word_1_390' title='bbox 1241 2678 1289 2743; x_wconf 84' lang='lat' dir='ltr'>qui</span> <span class='ocrx_word' id='word_1_391' title='bbox 1303 2677 1466 2729; x_wconf 87' lang='lat' dir='ltr'>introierunt</span> <span class='ocrx_word' id='word_1_392' title='bbox 1480 2674 1518 2728; x_wconf 86' lang='lat' dir='ltr'>od</span> <span class='ocrx_word' id='word_1_393' title='bbox 1533 2681 1556 2728; x_wconf 91' lang='lat' dir='ltr'>te</span> <span class='ocrx_word' id='word_1_394' title='bbox 1575 2681 1661 2739; x_wconf 87' lang='lat' dir='ltr'>nocte,</span> <span class='ocrx_word' id='word_1_395' title='bbox 1684 2681 1781 2729; x_wconf 87' lang='lat' dir='ltr'>tenera</span> <span class='ocrx_word' id='word_1_396' title='bbox 1800 2673 1857 2730; x_wconf 85' lang='lat' dir='ltr'>sei-</span> 
     </span>
     <span class='ocr_line' id='line_1_50' title="bbox 1008 2762 1856 2833; baseline -0.006 -12"><span class='ocrx_word' id='word_1_397' title='bbox 1008 2765 1073 2822; x_wconf 89' lang='lat' dir='ltr'>licet</span> <span class='ocrx_word' id='word_1_398' title='bbox 1095 2764 1144 2820; x_wconf 95' lang='lat' dir='ltr'>illa</span> <span class='ocrx_word' id='word_1_399' title='bbox 1168 2764 1314 2833; x_wconf 88' lang='lat' dir='ltr'>quondam</span> <span class='ocrx_word' id='word_1_400' title='bbox 1340 2763 1460 2818; x_wconf 90' lang='lat' dir='ltr'>interior</span> <span class='ocrx_word' id='word_1_401' title='bbox 1477 2763 1662 2833; x_wconf 88' lang='lat' dir='ltr'>exteriorque</span> <span class='ocrx_word' id='word_1_402' title='bbox 1684 2762 1856 2818; x_wconf 90' lang='lat' dir='ltr'>sensualitas</span> 
     </span>
     <span class='ocr_line' id='line_1_51' title="bbox 1009 2850 1856 2922; baseline -0.005 -13"><span class='ocrx_word' id='word_1_403' title='bbox 1009 2862 1069 2920; x_wconf 89' lang='lat' dir='ltr'>tua,</span> <span class='ocrx_word' id='word_1_404' title='bbox 1102 2865 1191 2922; x_wconf 88' lang='lat' dir='ltr'>quam</span> <span class='ocrx_word' id='word_1_405' title='bbox 1224 2866 1302 2907; x_wconf 93' lang='lat' dir='ltr'>nunc</span> <span class='ocrx_word' id='word_1_406' title='bbox 1330 2852 1383 2907; x_wconf 89' lang='lat' dir='ltr'>sub</span> <span class='ocrx_word' id='word_1_407' title='bbox 1412 2850 1489 2907; x_wconf 92' lang='lat' dir='ltr'>virili</span> <span class='ocrx_word' id='word_1_408' title='bbox 1515 2850 1617 2906; x_wconf 90' lang='lat' dir='ltr'>robore</span> <span class='ocrx_word' id='word_1_409' title='bbox 1640 2850 1856 2918; x_wconf 82' lang='lat' dir='ltr'>constrinxeris,</span> 
     </span>
    </p>
   </div>
   <div class='ocr_carea' id='block_1_8' title="bbox 105 2937 1858 3031">
    <p class='ocr_par' dir='ltr' id='par_1_8' title="bbox 105 2937 1858 3031">
     <span class='ocr_line' id='line_1_52' title="bbox 105 2937 1858 3031; baseline -0.002 -36"><span class='ocrx_word' id='word_1_410' title='bbox 105 2940 217 2996; x_wconf 84' lang='lat' dir='ltr'>vetanti</span> <span class='ocrx_word' id='word_1_411' title='bbox 231 2939 369 2994; x_wconf 88' lang='lat' dir='ltr'>instantia</span> <span class='ocrx_word' id='word_1_412' title='bbox 381 2937 517 3003; x_wconf 90' lang='lat' dir='ltr'>cohibete,</span> <span class='ocrx_word' id='word_1_413' title='bbox 535 2939 615 3008; x_wconf 83' lang='lat' dir='ltr'>pedes</span> <span class='ocrx_word' id='word_1_414' title='bbox 629 2943 839 3010; x_wconf 84' lang='lat' dir='ltr'>oestrosluncte,</span> <span class='ocrx_word' id='word_1_415' title='bbox 859 2942 955 2998; x_wconf 90' lang='lat' dir='ltr'>sordes</span> <span class='ocrx_word' id='word_1_416' title='bbox 974 2974 995 3031; x_wconf 69' lang='lat' dir='ltr'><strong>G</strong></span> <span class='ocrx_word' id='word_1_417' title='bbox 1011 2941 1125 2997; x_wconf 90' lang='lat' dir='ltr'>attende</span> <span class='ocrx_word' id='word_1_418' title='bbox 1140 2940 1168 2995; x_wconf 97' lang='lat' dir='ltr'>in</span> <span class='ocrx_word' id='word_1_419' title='bbox 1182 2954 1239 3010; x_wconf 93' lang='lat' dir='ltr'>quo</span> <span class='ocrx_word' id='word_1_420' title='bbox 1262 2947 1339 2994; x_wconf 91' lang='lat' dir='ltr'>statu</span> <span class='ocrx_word' id='word_1_421' title='bbox 1355 2939 1400 3005; x_wconf 87' lang='lat' dir='ltr'>sit,</span> <span class='ocrx_word' id='word_1_422' title='bbox 1428 2952 1465 2994; x_wconf 91' lang='lat' dir='ltr'>an</span> <span class='ocrx_word' id='word_1_423' title='bbox 1492 2937 1523 2993; x_wconf 94' lang='lat' dir='ltr'>in</span> <span class='ocrx_word' id='word_1_424' title='bbox 1547 2951 1580 2994; x_wconf 95' lang='lat' dir='ltr'>eo</span> <span class='ocrx_word' id='word_1_425' title='bbox 1605 2951 1788 3006; x_wconf 89' lang='lat' dir='ltr'>perseverare</span> <span class='ocrx_word' id='word_1_426' title='bbox 1807 2938 1858 2994; x_wconf 93' lang='lat' dir='ltr'>tibi</span> 
     </span>
    </p>
   </div>
   <div class='ocr_carea' id='block_1_9' title="bbox 104 3026 957 3535">
    <p class='ocr_par' dir='ltr' id='par_1_9' title="bbox 104 3026 957 3535">
     <span class='ocr_line' id='line_1_53' title="bbox 104 3026 957 3100; baseline 0.002 -16"><span class='ocrx_word' id='word_1_427' title='bbox 104 3028 230 3094; x_wconf 82' lang='lat' dir='ltr'>malitiae,</span> <span class='ocrx_word' id='word_1_428' title='bbox 255 3041 330 3097; x_wconf 92' lang='lat' dir='ltr'>quas</span> <span class='ocrx_word' id='word_1_429' title='bbox 352 3026 509 3083; x_wconf 90' lang='lat' dir='ltr'>allectando</span> <span class='ocrx_word' id='word_1_430' title='bbox 531 3035 644 3085; x_wconf 89' lang='lat' dir='ltr'>terrena</span> <span class='ocrx_word' id='word_1_431' title='bbox 662 3030 852 3097; x_wconf 83' lang='lat' dir='ltr'>contraxistis,</span> <span class='ocrx_word' id='word_1_432' title='bbox 869 3031 957 3100; x_wconf 87' lang='lat' dir='ltr'>poeni·</span> 
     </span>
     <span class='ocr_line' id='line_1_54' title="bbox 105 3115 954 3188; baseline 0.001 -16"><span class='ocrx_word' id='word_1_433' title='bbox 105 3117 189 3174; x_wconf 90' lang='lat' dir='ltr'>tendo</span> <span class='ocrx_word' id='word_1_434' title='bbox 213 3115 332 3185; x_wconf 88' lang='lat' dir='ltr'>diluite,</span> <span class='ocrx_word' id='word_1_435' title='bbox 358 3130 435 3168; x_wconf 86' lang='lat' dir='ltr'>mune</span> <span class='ocrx_word' id='word_1_436' title='bbox 458 3117 488 3169; x_wconf 85' lang='lat' dir='ltr'>iu</span> <span class='ocrx_word' id='word_1_437' title='bbox 511 3118 586 3172; x_wconf 85' lang='lat' dir='ltr'>oium</span> <span class='ocrx_word' id='word_1_438' title='bbox 600 3122 718 3173; x_wconf 84' lang='lat' dir='ltr'>oestrum</span> <span class='ocrx_word' id='word_1_439' title='bbox 737 3121 954 3188; x_wconf 71' lang='lat' dir='ltr'>proficiscemini,</span> 
     </span>
     <span class='ocr_line' id='line_1_55' title="bbox 105 3204 957 3275; baseline 0.004 -15"><span class='ocrx_word' id='word_1_440' title='bbox 105 3205 186 3261; x_wconf 88' lang='lat' dir='ltr'>radio</span> <span class='ocrx_word' id='word_1_441' title='bbox 208 3204 309 3275; x_wconf 91' lang='lat' dir='ltr'>utique</span> <span class='ocrx_word' id='word_1_442' title='bbox 338 3204 443 3259; x_wconf 84' lang='lat' dir='ltr'>divinae</span> <span class='ocrx_word' id='word_1_443' title='bbox 467 3205 615 3261; x_wconf 89' lang='lat' dir='ltr'>charitatis</span> <span class='ocrx_word' id='word_1_444' title='bbox 644 3206 746 3262; x_wconf 91' lang='lat' dir='ltr'>vestris</span> <span class='ocrx_word' id='word_1_445' title='bbox 769 3207 899 3263; x_wconf 91' lang='lat' dir='ltr'>sensibus</span> <span class='ocrx_word' id='word_1_446' title='bbox 918 3208 957 3264; x_wconf 92' lang='lat' dir='ltr'>in·</span> 
     </span>
     <span class='ocr_line' id='line_1_56' title="bbox 106 3291 954 3361; baseline 0.002 -14"><span class='ocrx_word' id='word_1_447' title='bbox 106 3291 243 3361; x_wconf 86' lang='lat' dir='ltr'>lulgente‚</span> <span class='ocrx_word' id='word_1_448' title='bbox 271 3291 428 3358; x_wconf 86' lang='lat' dir='ltr'>Christum,</span> <span class='ocrx_word' id='word_1_449' title='bbox 461 3291 512 3361; x_wconf 93' lang='lat' dir='ltr'>qui</span> <span class='ocrx_word' id='word_1_450' title='bbox 542 3293 678 3348; x_wconf 87' lang='lat' dir='ltr'>viaadse</span> <span class='ocrx_word' id='word_1_451' title='bbox 705 3293 888 3350; x_wconf 88' lang='lat' dir='ltr'>tendentibus</span> <span class='ocrx_word' id='word_1_452' title='bbox 902 3301 954 3361; x_wconf 91' lang='lat' dir='ltr'>est,</span> 
     </span>
     <span class='ocr_line' id='line_1_57' title="bbox 106 3379 955 3451; baseline 0.002 -16"><span class='ocrx_word' id='word_1_453' title='bbox 106 3379 239 3436; x_wconf 89' lang='lat' dir='ltr'>desiderii</span> <span class='ocrx_word' id='word_1_454' title='bbox 254 3379 344 3435; x_wconf 86' lang='lat' dir='ltr'>sancti</span> <span class='ocrx_word' id='word_1_455' title='bbox 357 3379 489 3449; x_wconf 88' lang='lat' dir='ltr'>passibus</span> <span class='ocrx_word' id='word_1_456' title='bbox 504 3381 722 3451; x_wconf 86' lang='lat' dir='ltr'>aggrediemini.</span> <span class='ocrx_word' id='word_1_457' title='bbox 739 3383 791 3448; x_wconf 84' lang='lat' dir='ltr'>Qui</span> <span class='ocrx_word' id='word_1_458' title='bbox 807 3382 955 3437; x_wconf 75' lang='lat' dir='ltr'>diamant:</span> 
     </span>
     <span class='ocr_line' id='line_1_58' title="bbox 108 3465 630 3535; baseline 0.004 -15"><span class='ocrx_word' id='word_1_459' title='bbox 108 3465 229 3533; x_wconf 78' lang='lat' dir='ltr'>Minime,</span> <span class='ocrx_word' id='word_1_460' title='bbox 243 3465 290 3520; x_wconf 90' lang='lat' dir='ltr'>sed</span> <span class='ocrx_word' id='word_1_461' title='bbox 305 3469 334 3520; x_wconf 86' lang='lat' dir='ltr'>ia</span> <span class='ocrx_word' id='word_1_462' title='bbox 348 3468 440 3535; x_wconf 85' lang='lat' dir='ltr'>pluteo</span> <span class='ocrx_word' id='word_1_463' title='bbox 452 3468 630 3523; x_wconf 87' lang='lat' dir='ltr'>monebimus.</span> 
     </span>
    </p>
   </div>
   <div class='ocr_carea' id='block_1_10' title="bbox 1009 3025 1861 3537">
    <p class='ocr_par' dir='ltr' id='par_1_10' title="bbox 1009 3025 1861 3537">
     <span class='ocr_line' id='line_1_59' title="bbox 1010 3025 1858 3100; baseline -0.004 -16"><span class='ocrx_word' id='word_1_464' title='bbox 1010 3028 1144 3100; x_wconf 90' lang='lat' dir='ltr'>possibile</span> <span class='ocrx_word' id='word_1_465' title='bbox 1172 3029 1218 3094; x_wconf 90' lang='lat' dir='ltr'>sit,</span> <span class='ocrx_word' id='word_1_466' title='bbox 1244 3027 1294 3097; x_wconf 93' lang='lat' dir='ltr'>qui</span> <span class='ocrx_word' id='word_1_467' title='bbox 1311 3028 1347 3083; x_wconf 92' lang='lat' dir='ltr'>ad</span> <span class='ocrx_word' id='word_1_468' title='bbox 1369 3030 1397 3083; x_wconf 91' lang='lat' dir='ltr'>te</span> <span class='ocrx_word' id='word_1_469' title='bbox 1418 3033 1515 3091; x_wconf 90' lang='lat' dir='ltr'>noctu,</span> <span class='ocrx_word' id='word_1_470' title='bbox 1539 3026 1567 3081; x_wconf 90' lang='lat' dir='ltr'>id</span> <span class='ocrx_word' id='word_1_471' title='bbox 1594 3033 1635 3081; x_wconf 92' lang='lat' dir='ltr'>est</span> <span class='ocrx_word' id='word_1_472' title='bbox 1650 3025 1804 3095; x_wconf 90' lang='lat' dir='ltr'>improvise</span> <span class='ocrx_word' id='word_1_473' title='bbox 1816 3028 1858 3081; x_wconf 89' lang='lat' dir='ltr'>in·</span> 
     </span>
     <span class='ocr_line' id='line_1_60' title="bbox 1009 3113 1857 3185; baseline -0.006 -13"><span class='ocrx_word' id='word_1_474' title='bbox 1009 3116 1160 3183; x_wconf 94' lang='lat' dir='ltr'>troierunt,</span> <span class='ocrx_word' id='word_1_475' title='bbox 1179 3115 1256 3185; x_wconf 90' lang='lat' dir='ltr'>quod</span> <span class='ocrx_word' id='word_1_476' title='bbox 1275 3121 1365 3171; x_wconf 92' lang='lat' dir='ltr'>totum</span> <span class='ocrx_word' id='word_1_477' title='bbox 1389 3121 1432 3169; x_wconf 92' lang='lat' dir='ltr'>est</span> <span class='ocrx_word' id='word_1_478' title='bbox 1446 3114 1482 3169; x_wconf 93' lang='lat' dir='ltr'>ab</span> <span class='ocrx_word' id='word_1_479' title='bbox 1506 3113 1698 3170; x_wconf 75' lang='lat' dir='ltr'>exterioribus</span> <span class='ocrx_word' id='word_1_480' title='bbox 1717 3127 1783 3183; x_wconf 79' lang='lat' dir='ltr'>quae</span> <span class='ocrx_word' id='word_1_481' title='bbox 1805 3113 1857 3168; x_wconf 91' lang='lat' dir='ltr'>sibi</span> 
     </span>
     <span class='ocr_line' id='line_1_61' title="bbox 1011 3201 1858 3276; baseline -0.004 -16"><span class='ocrx_word' id='word_1_482' title='bbox 1011 3205 1153 3276; x_wconf 91' lang='lat' dir='ltr'>pertinent</span> <span class='ocrx_word' id='word_1_483' title='bbox 1174 3204 1260 3260; x_wconf 90' lang='lat' dir='ltr'>rebus</span> <span class='ocrx_word' id='word_1_484' title='bbox 1290 3203 1436 3269; x_wconf 89' lang='lat' dir='ltr'>curandis,</span> <span class='ocrx_word' id='word_1_485' title='bbox 1469 3201 1506 3257; x_wconf 87' lang='lat' dir='ltr'>ad</span> <span class='ocrx_word' id='word_1_486' title='bbox 1539 3201 1701 3271; x_wconf 90' lang='lat' dir='ltr'>spiritualia</span> <span class='ocrx_word' id='word_1_487' title='bbox 1724 3215 1791 3271; x_wconf 78' lang='lat' dir='ltr'>qnae</span> <span class='ocrx_word' id='word_1_488' title='bbox 1813 3202 1858 3257; x_wconf 94' lang='lat' dir='ltr'>sui</span> 
     </span>
     <span class='ocr_line' id='line_1_62' title="bbox 1010 3290 1858 3359; baseline -0.004 -11"><span class='ocrx_word' id='word_1_489' title='bbox 1010 3292 1095 3348; x_wconf 88' lang='lat' dir='ltr'>oillcii</span> <span class='ocrx_word' id='word_1_490' title='bbox 1105 3307 1162 3348; x_wconf 95' lang='lat' dir='ltr'>non</span> <span class='ocrx_word' id='word_1_491' title='bbox 1173 3299 1251 3352; x_wconf 86' lang='lat' dir='ltr'>sunt,</span> <span class='ocrx_word' id='word_1_492' title='bbox 1268 3306 1321 3347; x_wconf 93' lang='lat' dir='ltr'>nec</span> <span class='ocrx_word' id='word_1_493' title='bbox 1332 3291 1397 3347; x_wconf 82' lang='lat' dir='ltr'>ferri</span> <span class='ocrx_word' id='word_1_494' title='bbox 1411 3298 1530 3359; x_wconf 90' lang='lat' dir='ltr'>possunt</span> <span class='ocrx_word' id='word_1_495' title='bbox 1547 3295 1603 3358; x_wconf 70' lang='grc' dir='ltr'>Μ,</span> <span class='ocrx_word' id='word_1_496' title='bbox 1618 3305 1648 3345; x_wconf 89' lang='grc' dir='ltr'>εε</span> <span class='ocrx_word' id='word_1_497' title='bbox 1660 3290 1841 3345; x_wconf 92' lang='lat' dir='ltr'>intruserunt</span> <span class='ocrx_word' id='word_1_498' title='bbox 1850 3305 1858 3359; x_wconf 92' lang='lat'>;</span> 
     </span>
     <span class='ocr_line' id='line_1_63' title="bbox 1010 3379 1859 3448; baseline -0.004 -12"><span class='ocrx_word' id='word_1_499' title='bbox 1010 3382 1086 3436; x_wconf 82' lang='lat' dir='ltr'>Educ</span> <span class='ocrx_word' id='word_1_500' title='bbox 1099 3395 1141 3436; x_wconf 88' lang='lat' dir='ltr'>eos</span> <span class='ocrx_word' id='word_1_501' title='bbox 1163 3382 1223 3445; x_wconf 80' lang='lat' dir='ltr'>buc,</span> <span class='ocrx_word' id='word_1_502' title='bbox 1248 3394 1368 3437; x_wconf 89' lang='lat' dir='ltr'>exerens</span> <span class='ocrx_word' id='word_1_503' title='bbox 1393 3393 1495 3435; x_wconf 90' lang='lat' dir='ltr'>sensus</span> <span class='ocrx_word' id='word_1_504' title='bbox 1518 3379 1554 3434; x_wconf 90' lang='lat' dir='ltr'>ad</span> <span class='ocrx_word' id='word_1_505' title='bbox 1575 3379 1791 3448; x_wconf 90' lang='lat' dir='ltr'>exsequendum</span> <span class='ocrx_word' id='word_1_506' title='bbox 1810 3393 1859 3434; x_wconf 93' lang='lat' dir='ltr'>or-</span> 
     </span>
     <span class='ocr_line' id='line_1_64' title="bbox 1011 3464 1861 3537; baseline 0 -15"><span class='ocrx_word' id='word_1_507' title='bbox 1011 3468 1107 3523; x_wconf 90' lang='lat' dir='ltr'>dinem</span> <span class='ocrx_word' id='word_1_508' title='bbox 1121 3481 1267 3537; x_wconf 89' lang='lat' dir='ltr'>usumque</span> <span class='ocrx_word' id='word_1_509' title='bbox 1282 3466 1482 3537; x_wconf 92' lang='lat' dir='ltr'>temporalium</span> <span class='ocrx_word' id='word_1_510' title='bbox 1505 3466 1552 3521; x_wconf 92' lang='lat' dir='ltr'>cui</span> <span class='ocrx_word' id='word_1_511' title='bbox 1573 3465 1694 3522; x_wconf 92' lang='lat' dir='ltr'>lruendo</span> <span class='ocrx_word' id='word_1_512' title='bbox 1709 3464 1776 3522; x_wconf 87' lang='lat' dir='ltr'>lacti</span> <span class='ocrx_word' id='word_1_513' title='bbox 1792 3474 1861 3522; x_wconf 92' lang='lat' dir='ltr'>sunt</span> 
     </span>
    </p>
   </div>
   <div class='ocr_carea' id='block_1_11' title="bbox 54 3553 1864 4420">
    <p class='ocr_par' dir='ltr' id='par_1_11' title="bbox 54 3553 1864 4420">
     <span class='ocr_line' id='line_1_65' title="bbox 144 3553 1859 3626; baseline -0.002 -14"><span class='ocrx_word' id='word_1_514' title='bbox 144 3554 229 3612; x_wconf 84' lang='lat' dir='ltr'>Vnus.</span> <span class='ocrx_word' id='word_1_515' title='bbox 254 3557 279 3609; x_wconf 83' lang='lat'>3.</span> <span class='ocrx_word' id='word_1_516' title='bbox 303 3555 439 3624; x_wconf 79' lang='lat' dir='ltr'>compulit</span> <span class='ocrx_word' id='word_1_517' title='bbox 458 3556 519 3610; x_wconf 86' lang='lat' dir='ltr'>ilios</span> <span class='ocrx_word' id='word_1_518' title='bbox 538 3556 648 3626; x_wconf 83' lang='lat' dir='ltr'>oppido,</span> <span class='ocrx_word' id='word_1_519' title='bbox 673 3561 704 3611; x_wconf 90' lang='lat' dir='ltr'>ut</span> <span class='ocrx_word' id='word_1_520' title='bbox 734 3557 898 3613; x_wconf 74' lang='lat' dir='ltr'>diverterent</span> <span class='ocrx_word' id='word_1_521' title='bbox 920 3558 958 3612; x_wconf 90' lang='lat' dir='ltr'>od</span> <span class='ocrx_word' id='word_1_522' title='bbox 1010 3560 1041 3610; x_wconf 88' lang='lat' dir='ltr'>ut</span> <span class='ocrx_word' id='word_1_523' title='bbox 1069 3570 1256 3625; x_wconf 85' lang='lat' dir='ltr'>cognoscamus</span> <span class='ocrx_word' id='word_1_524' title='bbox 1288 3569 1341 3620; x_wconf 90' lang='lat' dir='ltr'>eos,</span> <span class='ocrx_word' id='word_1_525' title='bbox 1377 3561 1410 3610; x_wconf 96' lang='lat' dir='ltr'>ut</span> <span class='ocrx_word' id='word_1_526' title='bbox 1447 3554 1535 3609; x_wconf 91' lang='lat' dir='ltr'>nostri</span> <span class='ocrx_word' id='word_1_527' title='bbox 1570 3553 1693 3623; x_wconf 89' lang='lat' dir='ltr'>proiecto</span> <span class='ocrx_word' id='word_1_528' title='bbox 1728 3554 1859 3610; x_wconf 92' lang='lat' dir='ltr'>notitiam</span> 
     </span>
     <span class='ocr_line' id='line_1_66' title="bbox 107 3642 1657 3714; baseline -0.001 -17"><span class='ocrx_word' id='word_1_529' title='bbox 107 3658 187 3709; x_wconf 88' lang='lat' dir='ltr'>eum;</span> <span class='ocrx_word' id='word_1_530' title='bbox 203 3644 386 3711; x_wconf 81' lang='lat' dir='ltr'>ingressisque</span> <span class='ocrx_word' id='word_1_531' title='bbox 400 3642 509 3698; x_wconf 87' lang='lat' dir='ltr'>domum</span> <span class='ocrx_word' id='word_1_532' title='bbox 531 3644 606 3698; x_wconf 87' lang='lat' dir='ltr'>itlius</span> <span class='ocrx_word' id='word_1_533' title='bbox 621 3645 688 3711; x_wconf 82' lang='lat' dir='ltr'>fecit</span> <span class='ocrx_word' id='word_1_534' title='bbox 703 3647 864 3711; x_wconf 87' lang='lat' dir='ltr'>conuicium,</span> <span class='ocrx_word' id='word_1_535' title='bbox 885 3649 958 3701; x_wconf 83' lang='lat' dir='ltr'>coait</span> <span class='ocrx_word' id='word_1_536' title='bbox 1008 3643 1073 3714; x_wconf 86' lang='lat' dir='ltr'>jugi</span> <span class='ocrx_word' id='word_1_537' title='bbox 1087 3643 1128 3700; x_wconf 91' lang='lat' dir='ltr'>eis</span> <span class='ocrx_word' id='word_1_538' title='bbox 1142 3642 1320 3713; x_wconf 89' lang='lat' dir='ltr'>experientia</span> <span class='ocrx_word' id='word_1_539' title='bbox 1337 3642 1491 3711; x_wconf 89' lang='lat' dir='ltr'>voluptatis</span> <span class='ocrx_word' id='word_1_540' title='bbox 1506 3642 1657 3698; x_wconf 81' lang='lat' dir='ltr'>addamus</span> 
     </span>
     <span class='ocr_line' id='line_1_67' title="bbox 109 3731 1861 3804; baseline 0 -20"><span class='ocrx_word' id='word_1_541' title='bbox 109 3746 215 3800; x_wconf 72' lang='lat' dir='ltr'>azymo,</span> <span class='ocrx_word' id='word_1_542' title='bbox 232 3736 257 3785; x_wconf 90' lang='lat' dir='ltr'>et</span> <span class='ocrx_word' id='word_1_543' title='bbox 271 3731 450 3785; x_wconf 85' lang='lat' dir='ltr'>comederunt.</span> <span class='ocrx_word' id='word_1_544' title='bbox 463 3732 495 3785; x_wconf 88' lang='lat' dir='ltr'>ln</span> <span class='ocrx_word' id='word_1_545' title='bbox 503 3732 595 3801; x_wconf 85' lang='lat' dir='ltr'>pluteo</span> <span class='ocrx_word' id='word_1_546' title='bbox 608 3745 724 3788; x_wconf 88' lang='lat' dir='ltr'>manere</span> <span class='ocrx_word' id='word_1_547' title='bbox 735 3733 872 3803; x_wconf 87' lang='lat' dir='ltr'>gestiunt,</span> <span class='ocrx_word' id='word_1_548' title='bbox 888 3733 958 3804; x_wconf 87' lang='lat' dir='ltr'>quia</span> <span class='ocrx_word' id='word_1_549' title='bbox 1048 3733 1132 3788; x_wconf 83' lang='lat' dir='ltr'>Vnus.</span> <span class='ocrx_word' id='word_1_550' title='bbox 1151 3735 1177 3797; x_wconf 87' lang='grc'>6,</span> <span class='ocrx_word' id='word_1_551' title='bbox 1198 3736 1224 3799; x_wconf 82' lang='lat' dir='ltr'>l,</span> <span class='ocrx_word' id='word_1_552' title='bbox 1248 3731 1275 3786; x_wconf 89' lang='lat'>8.</span> <span class='ocrx_word' id='word_1_553' title='bbox 1304 3760 1338 3771; x_wconf 96' lang='lat'>-</span> <span class='ocrx_word' id='word_1_554' title='bbox 1367 3733 1499 3799; x_wconf 80' lang='lat' dir='ltr'>Egressus</span> <span class='ocrx_word' id='word_1_555' title='bbox 1522 3731 1559 3785; x_wconf 87' lang='lat' dir='ltr'>ad</span> <span class='ocrx_word' id='word_1_556' title='bbox 1583 3745 1625 3785; x_wconf 88' lang='lat' dir='ltr'>eos</span> <span class='ocrx_word' id='word_1_557' title='bbox 1650 3731 1700 3784; x_wconf 88' lang='lat' dir='ltr'>Lot</span> <span class='ocrx_word' id='word_1_558' title='bbox 1723 3735 1785 3800; x_wconf 85' lang='lat' dir='ltr'>post</span> <span class='ocrx_word' id='word_1_559' title='bbox 1803 3735 1861 3785; x_wconf 84' lang='lat' dir='ltr'>ter-</span> 
     </span>
     <span class='ocr_line' id='line_1_68' title="bbox 109 3820 1862 3891; baseline -0.002 -15"><span class='ocrx_word' id='word_1_560' title='bbox 109 3827 217 3876; x_wconf 88' lang='lat' dir='ltr'>arctam</span> <span class='ocrx_word' id='word_1_561' title='bbox 238 3827 265 3875; x_wconf 92' lang='lat' dir='ltr'>et</span> <span class='ocrx_word' id='word_1_562' title='bbox 289 3827 443 3890; x_wconf 89' lang='lat' dir='ltr'>angustam</span> <span class='ocrx_word' id='word_1_563' title='bbox 466 3820 555 3887; x_wconf 86' lang='lat' dir='ltr'>viam,</span> <span class='ocrx_word' id='word_1_564' title='bbox 579 3834 638 3890; x_wconf 90' lang='lat' dir='ltr'>qna</span> <span class='ocrx_word' id='word_1_565' title='bbox 657 3820 693 3875; x_wconf 93' lang='lat' dir='ltr'>ad</span> <span class='ocrx_word' id='word_1_566' title='bbox 714 3820 803 3876; x_wconf 92' lang='lat' dir='ltr'>vitam</span> <span class='ocrx_word' id='word_1_567' title='bbox 820 3821 956 3891; x_wconf 92' lang='lat' dir='ltr'>tenditur,</span> <span class='ocrx_word' id='word_1_568' title='bbox 1011 3837 1075 3889; x_wconf 84' lang='lat' dir='ltr'>gum</span> <span class='ocrx_word' id='word_1_569' title='bbox 1098 3820 1240 3874; x_wconf 84' lang='lat' dir='ltr'>occludens</span> <span class='ocrx_word' id='word_1_570' title='bbox 1264 3821 1362 3873; x_wconf 86' lang='lat' dir='ltr'>ostium</span> <span class='ocrx_word' id='word_1_571' title='bbox 1385 3821 1440 3873; x_wconf 81' lang='lat' dir='ltr'>nit:</span> <span class='ocrx_word' id='word_1_572' title='bbox 1466 3820 1564 3886; x_wconf 84' lang='lat' dir='ltr'>Nolite,</span> <span class='ocrx_word' id='word_1_573' title='bbox 1589 3820 1691 3884; x_wconf 71' lang='lat' dir='ltr'>{ratres</span> <span class='ocrx_word' id='word_1_574' title='bbox 1712 3821 1775 3887; x_wconf 88' lang='lat' dir='ltr'>met,</span> <span class='ocrx_word' id='word_1_575' title='bbox 1799 3835 1862 3873; x_wconf 88' lang='lat' dir='ltr'>mo-</span> 
     </span>
     <span class='ocr_line' id='line_1_69' title="bbox 109 3907 1863 3978; baseline -0.002 -14"><span class='ocrx_word' id='word_1_576' title='bbox 109 3922 248 3965; x_wconf 86' lang='lat' dir='ltr'>sensuum</span> <span class='ocrx_word' id='word_1_577' title='bbox 268 3907 533 3978; x_wconf 89' lang='lat' dir='ltr'>cogitationumque</span> <span class='ocrx_word' id='word_1_578' title='bbox 575 3915 740 3963; x_wconf 89' lang='lat' dir='ltr'>nostrarum</span> <span class='ocrx_word' id='word_1_579' title='bbox 765 3907 958 3966; x_wconf 87' lang='lat' dir='ltr'>volubilitates</span> <span class='ocrx_word' id='word_1_580' title='bbox 1011 3911 1067 3964; x_wconf 88' lang='lat' dir='ltr'>tum</span> <span class='ocrx_word' id='word_1_581' title='bbox 1102 3910 1149 3963; x_wconf 84' lang='lat' dir='ltr'>hoc</span> <span class='ocrx_word' id='word_1_582' title='bbox 1175 3911 1274 3976; x_wconf 76' lang='lat' dir='ltr'>secere.</span> <span class='ocrx_word' id='word_1_583' title='bbox 1303 3908 1393 3962; x_wconf 85' lang='lat' dir='ltr'>Habeo</span> <span class='ocrx_word' id='word_1_584' title='bbox 1431 3907 1501 3961; x_wconf 89' lang='lat' dir='ltr'>duos</span> <span class='ocrx_word' id='word_1_585' title='bbox 1539 3908 1622 3976; x_wconf 72' lang='lat' dir='ltr'>plius,</span> <span class='ocrx_word' id='word_1_586' title='bbox 1652 3922 1711 3976; x_wconf 81' lang='lat' dir='ltr'>quac</span> <span class='ocrx_word' id='word_1_587' title='bbox 1741 3907 1863 3961; x_wconf 83' lang='lat' dir='ltr'>nondum</span> 
     </span>
     <span class='ocr_line' id='line_1_70' title="bbox 108 3994 1863 4066; baseline -0.001 -14"><span class='ocrx_word' id='word_1_588' title='bbox 108 3995 276 4066; x_wconf 89' lang='lat' dir='ltr'>reiugiunt;</span> <span class='ocrx_word' id='word_1_589' title='bbox 297 3994 354 4050; x_wconf 88' lang='lat' dir='ltr'>lata</span> <span class='ocrx_word' id='word_1_590' title='bbox 374 4008 442 4066; x_wconf 93' lang='lat' dir='ltr'>ergo</span> <span class='ocrx_word' id='word_1_591' title='bbox 467 3994 503 4050; x_wconf 91' lang='lat' dir='ltr'>ad</span> <span class='ocrx_word' id='word_1_592' title='bbox 526 3995 701 4051; x_wconf 91' lang='lat' dir='ltr'>manendum</span> <span class='ocrx_word' id='word_1_593' title='bbox 725 3994 859 4065; x_wconf 91' lang='lat' dir='ltr'>diligunt,</span> <span class='ocrx_word' id='word_1_594' title='bbox 888 3996 956 4052; x_wconf 93' lang='lat' dir='ltr'>dum</span> <span class='ocrx_word' id='word_1_595' title='bbox 1011 4003 1188 4065; x_wconf 83' lang='lat' dir='ltr'>cognoverunt</span> <span class='ocrx_word' id='word_1_596' title='bbox 1202 4000 1302 4060; x_wconf 86' lang='lat' dir='ltr'>virum,</span> <span class='ocrx_word' id='word_1_597' title='bbox 1323 3996 1435 4051; x_wconf 85' lang='lat' dir='ltr'>educam</span> <span class='ocrx_word' id='word_1_598' title='bbox 1457 4010 1502 4051; x_wconf 87' lang='lat' dir='ltr'>eos</span> <span class='ocrx_word' id='word_1_599' title='bbox 1526 3995 1564 4049; x_wconf 88' lang='lat' dir='ltr'>od</span> <span class='ocrx_word' id='word_1_600' title='bbox 1586 4011 1642 4062; x_wconf 90' lang='lat' dir='ltr'>nos,</span> <span class='ocrx_word' id='word_1_601' title='bbox 1661 4001 1686 4050; x_wconf 92' lang='lat' dir='ltr'>et</span> <span class='ocrx_word' id='word_1_602' title='bbox 1713 3997 1863 4051; x_wconf 80' lang='lat' dir='ltr'>abutimini</span> 
     </span>
     <span class='ocr_line' id='line_1_71' title="bbox 110 4081 1864 4155; baseline 0 -16"><span class='ocrx_word' id='word_1_603' title='bbox 110 4090 206 4154; x_wconf 88' lang='lat' dir='ltr'>patere</span> <span class='ocrx_word' id='word_1_604' title='bbox 220 4082 306 4154; x_wconf 90' lang='lat' dir='ltr'>nugis</span> <span class='ocrx_word' id='word_1_605' title='bbox 327 4081 504 4152; x_wconf 91' lang='lat' dir='ltr'>quibuslibet</span> <span class='ocrx_word' id='word_1_606' title='bbox 527 4089 624 4150; x_wconf 89' lang='lat' dir='ltr'>portas</span> <span class='ocrx_word' id='word_1_607' title='bbox 648 4083 751 4137; x_wconf 93' lang='lat' dir='ltr'>mentis</span> <span class='ocrx_word' id='word_1_608' title='bbox 775 4082 958 4153; x_wconf 91' lang='lat' dir='ltr'>corporisque</span> <span class='ocrx_word' id='word_1_609' title='bbox 1011 4088 1060 4150; x_wconf 85' lang='lat' dir='ltr'>eis,</span> <span class='ocrx_word' id='word_1_610' title='bbox 1083 4087 1154 4140; x_wconf 86' lang='lat' dir='ltr'>sicut</span> <span class='ocrx_word' id='word_1_611' title='bbox 1177 4085 1314 4155; x_wconf 82' lang='lat' dir='ltr'>placuerit</span> <span class='ocrx_word' id='word_1_612' title='bbox 1341 4084 1428 4152; x_wconf 87' lang='lat' dir='ltr'>nobis,</span> <span class='ocrx_word' id='word_1_613' title='bbox 1452 4084 1595 4138; x_wconf 89' lang='lat' dir='ltr'>dummodo</span> <span class='ocrx_word' id='word_1_614' title='bbox 1615 4083 1684 4138; x_wconf 69' lang='lat' dir='ltr'>nius</span> <span class='ocrx_word' id='word_1_615' title='bbox 1704 4086 1768 4139; x_wconf 83' lang='lat' dir='ltr'>istis</span> <span class='ocrx_word' id='word_1_616' title='bbox 1789 4085 1864 4139; x_wconf 83' lang='lat' dir='ltr'>nibil</span> 
     </span>
     <span class='ocr_line' id='line_1_72' title="bbox 110 4169 1862 4242; baseline 0 -15"><span class='ocrx_word' id='word_1_617' title='bbox 110 4184 162 4227; x_wconf 91' lang='lat' dir='ltr'>nos</span> <span class='ocrx_word' id='word_1_618' title='bbox 187 4176 329 4235; x_wconf 90' lang='lat' dir='ltr'>metuunt,</span> <span class='ocrx_word' id='word_1_619' title='bbox 353 4177 380 4225; x_wconf 92' lang='lat' dir='ltr'>et</span> <span class='ocrx_word' id='word_1_620' title='bbox 400 4183 452 4224; x_wconf 92' lang='lat' dir='ltr'>vas</span> <span class='ocrx_word' id='word_1_621' title='bbox 482 4182 566 4225; x_wconf 93' lang='lat' dir='ltr'>omne</span> <span class='ocrx_word' id='word_1_622' title='bbox 591 4169 652 4225; x_wconf 91' lang='lat' dir='ltr'>sine</span> <span class='ocrx_word' id='word_1_623' title='bbox 683 4169 817 4239; x_wconf 89' lang='lat' dir='ltr'>operculo</span> <span class='ocrx_word' id='word_1_624' title='bbox 838 4171 959 4228; x_wconf 96' lang='lat' dir='ltr'>immun·</span> <span class='ocrx_word' id='word_1_625' title='bbox 1011 4176 1123 4242; x_wconf 75' lang='lat' dir='ltr'>societis</span> <span class='ocrx_word' id='word_1_626' title='bbox 1137 4175 1214 4242; x_wconf 89' lang='lat' dir='ltr'>mali,</span> <span class='ocrx_word' id='word_1_627' title='bbox 1235 4175 1432 4242; x_wconf 86' lang='lat' dir='ltr'>quiuiuqressi</span> <span class='ocrx_word' id='word_1_628' title='bbox 1455 4176 1519 4227; x_wconf 86' lang='lat' dir='ltr'>suut</span> <span class='ocrx_word' id='word_1_629' title='bbox 1536 4172 1585 4227; x_wconf 87' lang='lat' dir='ltr'>sub</span> <span class='ocrx_word' id='word_1_630' title='bbox 1611 4174 1707 4226; x_wconf 87' lang='lat' dir='ltr'>umbro</span> <span class='ocrx_word' id='word_1_631' title='bbox 1732 4175 1862 4227; x_wconf 83' lang='lat' dir='ltr'>culminis</span> 
     </span>
     <span class='ocr_line' id='line_1_73' title="bbox 54 4256 1862 4331; baseline 0.001 -15"><span class='ocrx_word' id='word_1_632' title='bbox 54 4256 58 4262; x_wconf 83' lang='grc'><strong>“</strong></span> <span class='ocrx_word' id='word_1_633' title='bbox 110 4259 180 4317; x_wconf 93' lang='lat' dir='ltr'>dum</span> <span class='ocrx_word' id='word_1_634' title='bbox 199 4274 258 4315; x_wconf 89' lang='lat' dir='ltr'>esse</span> <span class='ocrx_word' id='word_1_635' title='bbox 281 4257 440 4314; x_wconf 91' lang='lat' dir='ltr'>secundum</span> <span class='ocrx_word' id='word_1_636' title='bbox 462 4256 562 4328; x_wconf 86' lang='lat' dir='ltr'>legem,</span> <span class='ocrx_word' id='word_1_637' title='bbox 582 4257 748 4328; x_wconf 87' lang='lat' dir='ltr'>suggerenti</span> <span class='ocrx_word' id='word_1_638' title='bbox 773 4258 876 4314; x_wconf 88' lang='lat' dir='ltr'>rationi</span> <span class='ocrx_word' id='word_1_639' title='bbox 899 4274 956 4315; x_wconf 93' lang='lat' dir='ltr'>non</span> <span class='ocrx_word' id='word_1_640' title='bbox 977 4265 1073 4322; x_wconf 83' lang='lat' dir='ltr'>praei.</span> <span class='ocrx_word' id='word_1_641' title='bbox 1097 4264 1147 4317; x_wconf 80' lang='lat' dir='ltr'>Lot</span> <span class='ocrx_word' id='word_1_642' title='bbox 1168 4262 1205 4315; x_wconf 88' lang='lat' dir='ltr'>cd</span> <span class='ocrx_word' id='word_1_643' title='bbox 1228 4276 1270 4316; x_wconf 87' lang='lat' dir='ltr'>eos</span> <span class='ocrx_word' id='word_1_644' title='bbox 1299 4260 1470 4331; x_wconf 87' lang='lat' dir='ltr'>ingreditur,</span> <span class='ocrx_word' id='word_1_645' title='bbox 1498 4261 1568 4316; x_wconf 95' lang='lat' dir='ltr'>dnm</span> <span class='ocrx_word' id='word_1_646' title='bbox 1600 4262 1635 4317; x_wconf 88' lang='lat' dir='ltr'>ad</span> <span class='ocrx_word' id='word_1_647' title='bbox 1652 4261 1862 4318; x_wconf 89' lang='lat' dir='ltr'>discutiendam</span> 
     </span>
     <span class='ocr_line' id='line_1_74' title="bbox 110 4346 1863 4420; baseline 0 -15"><span class='ocrx_word' id='word_1_648' title='bbox 110 4349 279 4405; x_wconf 90' lang='lat' dir='ltr'>assentiunt.</span> <span class='ocrx_word' id='word_1_649' title='bbox 295 4347 400 4416; x_wconf 85' lang='lat' dir='ltr'>Oppido</span> <span class='ocrx_word' id='word_1_650' title='bbox 415 4354 511 4402; x_wconf 91' lang='lat' dir='ltr'>autem</span> <span class='ocrx_word' id='word_1_651' title='bbox 538 4346 722 4417; x_wconf 91' lang='lat' dir='ltr'>impellimur,</span> <span class='ocrx_word' id='word_1_652' title='bbox 747 4361 814 4402; x_wconf 90' lang='lat' dir='ltr'>cnm</span> <span class='ocrx_word' id='word_1_653' title='bbox 834 4347 959 4404; x_wconf 91' lang='lat' dir='ltr'>timendo</span> <span class='ocrx_word' id='word_1_654' title='bbox 1012 4350 1147 4420; x_wconf 90' lang='lat' dir='ltr'>aquibus</span> <span class='ocrx_word' id='word_1_655' title='bbox 1170 4349 1369 4419; x_wconf 88' lang='lat' dir='ltr'>interpellatur</span> <span class='ocrx_word' id='word_1_656' title='bbox 1391 4349 1528 4405; x_wconf 88' lang='lat' dir='ltr'>vitiorum</span> <span class='ocrx_word' id='word_1_657' title='bbox 1546 4349 1716 4419; x_wconf 89' lang='lat' dir='ltr'>qualitatem</span> <span class='ocrx_word' id='word_1_658' title='bbox 1742 4349 1789 4405; x_wconf 89' lang='lat' dir='ltr'>vis</span> <span class='ocrx_word' id='word_1_659' title='bbox 1813 4364 1863 4405; x_wconf 90' lang='lat' dir='ltr'>ra-</span> 
     </span>
    </p>
   </div>
   <div class='ocr_carea' id='block_1_12' title="bbox 109 4436 960 5568">
    <p class='ocr_par' dir='ltr' id='par_1_12' title="bbox 110 4436 960 5392">
     <span class='ocr_line' id='line_1_75' title="bbox 111 4436 958 4508; baseline -0.001 -13"><span class='ocrx_word' id='word_1_660' title='bbox 111 4438 280 4496; x_wconf 88' lang='lat' dir='ltr'>hnmanitns</span> <span class='ocrx_word' id='word_1_661' title='bbox 304 4451 340 4493; x_wconf 92' lang='lat' dir='ltr'>ne</span> <span class='ocrx_word' id='word_1_662' title='bbox 366 4436 534 4507; x_wconf 91' lang='lat' dir='ltr'>pedetentim</span> <span class='ocrx_word' id='word_1_663' title='bbox 557 4436 723 4507; x_wconf 89' lang='lat' dir='ltr'>tepescendo</span> <span class='ocrx_word' id='word_1_664' title='bbox 748 4437 881 4494; x_wconf 90' lang='lat' dir='ltr'>labamur</span> <span class='ocrx_word' id='word_1_665' title='bbox 900 4453 958 4508; x_wconf 85' lang='lat' dir='ltr'>prae</span> 
     </span>
     <span class='ocr_line' id='line_1_76' title="bbox 111 4523 960 4596; baseline 0 -14"><span class='ocrx_word' id='word_1_666' title='bbox 111 4526 201 4588; x_wconf 90' lang='lat' dir='ltr'>oculis</span> <span class='ocrx_word' id='word_1_667' title='bbox 217 4525 366 4581; x_wconf 93' lang='lat' dir='ltr'>bominum</span> <span class='ocrx_word' id='word_1_668' title='bbox 388 4524 416 4579; x_wconf 93' lang='lat' dir='ltr'>in</span> <span class='ocrx_word' id='word_1_669' title='bbox 438 4523 555 4595; x_wconf 89' lang='lat' dir='ltr'>aliquod</span> <span class='ocrx_word' id='word_1_670' title='bbox 580 4538 668 4596; x_wconf 88' lang='lat' dir='ltr'>grave</span> <span class='ocrx_word' id='word_1_671' title='bbox 688 4524 842 4596; x_wconf 91' lang='lat' dir='ltr'>llagltium,</span> <span class='ocrx_word' id='word_1_672' title='bbox 864 4527 960 4583; x_wconf 90' lang='lat' dir='ltr'>carnis</span> 
     </span>
     <span class='ocr_line' id='line_1_77' title="bbox 110 4611 960 4684; baseline 0 -13"><span class='ocrx_word' id='word_1_673' title='bbox 110 4615 259 4671; x_wconf 85' lang='lat' dir='ltr'>irenamus</span> <span class='ocrx_word' id='word_1_674' title='bbox 274 4611 442 4682; x_wconf 91' lang='lat' dir='ltr'>impulsum,</span> <span class='ocrx_word' id='word_1_675' title='bbox 463 4619 513 4668; x_wconf 86' lang='lat' dir='ltr'>eut</span> <span class='ocrx_word' id='word_1_676' title='bbox 537 4612 628 4668; x_wconf 92' lang='lat' dir='ltr'>divini</span> <span class='ocrx_word' id='word_1_677' title='bbox 648 4614 733 4669; x_wconf 92' lang='lat' dir='ltr'>etiam</span> <span class='ocrx_word' id='word_1_678' title='bbox 754 4613 856 4684; x_wconf 85' lang='lat' dir='ltr'>judicii</span> <span class='ocrx_word' id='word_1_679' title='bbox 877 4615 960 4672; x_wconf 92' lang='lat' dir='ltr'>nobis</span> 
     </span>
     <span class='ocr_line' id='line_1_78' title="bbox 111 4701 959 4774; baseline 0 -14"><span class='ocrx_word' id='word_1_680' title='bbox 111 4702 281 4774; x_wconf 92' lang='lat' dir='ltr'>opponendo</span> <span class='ocrx_word' id='word_1_681' title='bbox 305 4708 423 4768; x_wconf 91' lang='lat' dir='ltr'>metum,</span> <span class='ocrx_word' id='word_1_682' title='bbox 446 4701 544 4772; x_wconf 89' lang='lat' dir='ltr'>sicque</span> <span class='ocrx_word' id='word_1_683' title='bbox 563 4701 677 4758; x_wconf 92' lang='lat' dir='ltr'>landem</span> <span class='ocrx_word' id='word_1_684' title='bbox 698 4717 715 4758; x_wconf 89' lang='lat' dir='ltr'>a</span> <span class='ocrx_word' id='word_1_685' title='bbox 740 4703 854 4772; x_wconf 90' lang='lat' dir='ltr'>publico</span> <span class='ocrx_word' id='word_1_686' title='bbox 874 4702 959 4760; x_wconf 91' lang='lat' dir='ltr'>incu-</span> 
     </span>
     <span class='ocr_line' id='line_1_79' title="bbox 111 4789 959 4861; baseline -0.002 -13"><span class='ocrx_word' id='word_1_687' title='bbox 111 4792 161 4848; x_wconf 85' lang='lat' dir='ltr'>riae</span> <span class='ocrx_word' id='word_1_688' title='bbox 174 4790 345 4847; x_wconf 91' lang='lat' dir='ltr'>divertimus</span> <span class='ocrx_word' id='word_1_689' title='bbox 359 4790 387 4844; x_wconf 94' lang='lat' dir='ltr'>in</span> <span class='ocrx_word' id='word_1_690' title='bbox 401 4789 519 4845; x_wconf 86' lang='lat' dir='ltr'>rationis</span> <span class='ocrx_word' id='word_1_691' title='bbox 533 4790 646 4859; x_wconf 88' lang='lat' dir='ltr'>asylum</span> <span class='ocrx_word' id='word_1_692' title='bbox 655 4806 664 4861; x_wconf 82' lang='lat'>3</span> <span class='ocrx_word' id='word_1_693' title='bbox 680 4791 728 4846; x_wconf 93' lang='lat' dir='ltr'>sed</span> <span class='ocrx_word' id='word_1_694' title='bbox 744 4791 789 4847; x_wconf 91' lang='lat' dir='ltr'>bis</span> <span class='ocrx_word' id='word_1_695' title='bbox 810 4791 959 4848; x_wconf 89' lang='lat' dir='ltr'>conscien-</span> 
     </span>
     <span class='ocr_line' id='line_1_80' title="bbox 111 4877 957 4948; baseline -0.001 -13"><span class='ocrx_word' id='word_1_696' title='bbox 111 4880 158 4935; x_wconf 80' lang='lat' dir='ltr'>tiae</span> <span class='ocrx_word' id='word_1_697' title='bbox 178 4878 339 4935; x_wconf 92' lang='lat' dir='ltr'>munimine</span> <span class='ocrx_word' id='word_1_698' title='bbox 371 4891 431 4933; x_wconf 91' lang='lat' dir='ltr'>sese</span> <span class='ocrx_word' id='word_1_699' title='bbox 453 4877 623 4945; x_wconf 78' lang='lat' dir='ltr'>foventibus,</span> <span class='ocrx_word' id='word_1_700' title='bbox 649 4879 795 4948; x_wconf 91' lang='lat' dir='ltr'>orationis,</span> <span class='ocrx_word' id='word_1_701' title='bbox 819 4879 957 4946; x_wconf 90' lang='lat' dir='ltr'>lectionis,</span> 
     </span>
     <span class='ocr_line' id='line_1_81' title="bbox 111 4965 960 5039; baseline -0.001 -15"><span class='ocrx_word' id='word_1_702' title='bbox 111 4966 359 5038; x_wconf 90' lang='lat' dir='ltr'>contemplationis</span> <span class='ocrx_word' id='word_1_703' title='bbox 395 4965 560 5022; x_wconf 92' lang='lat' dir='ltr'>convivium</span> <span class='ocrx_word' id='word_1_704' title='bbox 591 4969 766 5038; x_wconf 90' lang='lat' dir='ltr'>suggeritur,</span> <span class='ocrx_word' id='word_1_705' title='bbox 799 4975 960 5039; x_wconf 90' lang='lat' dir='ltr'>expurgato</span> 
     </span>
     <span class='ocr_line' id='line_1_82' title="bbox 111 5054 960 5125; baseline -0.004 -13"><span class='ocrx_word' id='word_1_706' title='bbox 111 5055 227 5112; x_wconf 77' lang='lat' dir='ltr'>malitiae</span> <span class='ocrx_word' id='word_1_707' title='bbox 255 5054 401 5119; x_wconf 84' lang='lat' dir='ltr'>termento,</span> <span class='ocrx_word' id='word_1_708' title='bbox 437 5068 537 5124; x_wconf 88' lang='lat' dir='ltr'>azyma</span> <span class='ocrx_word' id='word_1_709' title='bbox 568 5055 748 5125; x_wconf 90' lang='lat' dir='ltr'>sinceritatis,</span> <span class='ocrx_word' id='word_1_710' title='bbox 772 5063 800 5112; x_wconf 90' lang='lat' dir='ltr'>et</span> <span class='ocrx_word' id='word_1_711' title='bbox 830 5055 960 5112; x_wconf 91' lang='lat' dir='ltr'>veritatis</span> 
     </span>
     <span class='ocr_line' id='line_1_83' title="bbox 111 5141 960 5216; baseline 0 -17"><span class='ocrx_word' id='word_1_712' title='bbox 111 5144 140 5216; x_wconf 80' lang='lat' dir='ltr'>(l</span> <span class='ocrx_word' id='word_1_713' title='bbox 149 5146 214 5198; x_wconf 78' lang='lat' dir='ltr'>Cor.</span> <span class='ocrx_word' id='word_1_714' title='bbox 228 5158 256 5210; x_wconf 88' lang='lat' dir='ltr'>v,</span> <span class='ocrx_word' id='word_1_715' title='bbox 271 5145 298 5212; x_wconf 80' lang='lat'>7)</span> <span class='ocrx_word' id='word_1_716' title='bbox 320 5143 411 5199; x_wconf 91' lang='lat' dir='ltr'>sancti</span> <span class='ocrx_word' id='word_1_717' title='bbox 426 5141 462 5198; x_wconf 91' lang='lat' dir='ltr'>ad</span> <span class='ocrx_word' id='word_1_718' title='bbox 477 5157 585 5213; x_wconf 90' lang='lat' dir='ltr'>purum</span> <span class='ocrx_word' id='word_1_719' title='bbox 609 5145 728 5214; x_wconf 90' lang='lat' dir='ltr'>spiritns</span> <span class='ocrx_word' id='word_1_720' title='bbox 746 5143 813 5215; x_wconf 91' lang='lat' dir='ltr'>igne</span> <span class='ocrx_word' id='word_1_721' title='bbox 830 5158 960 5214; x_wconf 86' lang='lat' dir='ltr'>coquun-</span> 
     </span>
     <span class='ocr_line' id='line_1_84' title="bbox 110 5231 960 5303; baseline -0.005 -13"><span class='ocrx_word' id='word_1_722' title='bbox 110 5240 170 5300; x_wconf 90' lang='lat' dir='ltr'>tur,</span> <span class='ocrx_word' id='word_1_723' title='bbox 193 5239 220 5288; x_wconf 86' lang='lat' dir='ltr'>et</span> <span class='ocrx_word' id='word_1_724' title='bbox 237 5231 290 5286; x_wconf 93' lang='lat' dir='ltr'>hac</span> <span class='ocrx_word' id='word_1_725' title='bbox 305 5231 465 5287; x_wconf 91' lang='lat' dir='ltr'>relectionis</span> <span class='ocrx_word' id='word_1_726' title='bbox 488 5232 635 5303; x_wconf 90' lang='lat' dir='ltr'>voluptate</span> <span class='ocrx_word' id='word_1_727' title='bbox 658 5233 841 5299; x_wconf 91' lang='lat' dir='ltr'>intrinsecus,</span> <span class='ocrx_word' id='word_1_728' title='bbox 862 5240 890 5287; x_wconf 93' lang='lat' dir='ltr'>et</span> <span class='ocrx_word' id='word_1_729' title='bbox 911 5246 960 5288; x_wconf 87' lang='lat' dir='ltr'>ex·</span> 
     </span>
     <span class='ocr_line' id='line_1_85' title="bbox 111 5319 762 5392; baseline -0.008 -14"><span class='ocrx_word' id='word_1_730' title='bbox 111 5322 251 5378; x_wconf 91' lang='lat' dir='ltr'>trinsecus</span> <span class='ocrx_word' id='word_1_731' title='bbox 266 5319 436 5376; x_wconf 89' lang='lat' dir='ltr'>sensualitas</span> <span class='ocrx_word' id='word_1_732' title='bbox 451 5322 627 5392; x_wconf 86' lang='lat' dir='ltr'>vagabunde</span> <span class='ocrx_word' id='word_1_733' title='bbox 640 5328 762 5377; x_wconf 92' lang='lat' dir='ltr'>tenetur.</span> 
     </span>
    </p>

    <p class='ocr_par' dir='ltr' id='par_1_13' title="bbox 109 5409 959 5568">
     <span class='ocr_line' id='line_1_86' title="bbox 149 5409 957 5478; baseline -0.006 -10"><span class='ocrx_word' id='word_1_734' title='bbox 149 5410 237 5468; x_wconf 76' lang='lat' dir='ltr'>Vens.</span> <span class='ocrx_word' id='word_1_735' title='bbox 258 5409 286 5475; x_wconf 75' lang='grc' dir='ltr'><strong>ι,</strong></span> <span class='ocrx_word' id='word_1_736' title='bbox 312 5411 337 5462; x_wconf 81' lang='lat'>5.</span> <span class='ocrx_word' id='word_1_737' title='bbox 363 5437 398 5448; x_wconf 97' lang='lat'>—</span> <span class='ocrx_word' id='word_1_738' title='bbox 417 5411 497 5464; x_wconf 85' lang='lat' dir='ltr'>Prius</span> <span class='ocrx_word' id='word_1_739' title='bbox 516 5415 607 5465; x_wconf 87' lang='lat' dir='ltr'>eutem</span> <span class='ocrx_word' id='word_1_740' title='bbox 630 5424 713 5478; x_wconf 89' lang='lat' dir='ltr'>quom</span> <span class='ocrx_word' id='word_1_741' title='bbox 734 5410 804 5463; x_wconf 78' lang='lat' dir='ltr'>irent</span> <span class='ocrx_word' id='word_1_742' title='bbox 826 5409 957 5476; x_wconf 86' lang='lat' dir='ltr'>cubitum,</span> 
     </span>
     <span class='ocr_line' id='line_1_87' title="bbox 109 5497 959 5568; baseline -0.002 -14"><span class='ocrx_word' id='word_1_743' title='bbox 109 5502 166 5555; x_wconf 85' lang='lat' dir='ltr'>oiri</span> <span class='ocrx_word' id='word_1_744' title='bbox 193 5499 313 5554; x_wconf 84' lang='lat' dir='ltr'>civitatis</span> <span class='ocrx_word' id='word_1_745' title='bbox 331 5498 503 5553; x_wconf 70' lang='grc' dir='ltr'><strong>υειιευενεει</strong></span> <span class='ocrx_word' id='word_1_746' title='bbox 529 5497 638 5552; x_wconf 87' lang='lat' dir='ltr'>domum</span> <span class='ocrx_word' id='word_1_747' title='bbox 659 5497 753 5567; x_wconf 78' lang='lat' dir='ltr'>ejusd</span> <span class='ocrx_word' id='word_1_748' title='bbox 774 5512 860 5568; x_wconf 82' lang='lat' dir='ltr'>puero</span> <span class='ocrx_word' id='word_1_749' title='bbox 873 5512 959 5566; x_wconf 89' lang='lat' dir='ltr'>usque</span> 
     </span>
    </p>
   </div>
   <div class='ocr_carea' id='block_1_13' title="bbox 1012 4436 1865 5565">
    <p class='ocr_par' dir='ltr' id='par_1_14' title="bbox 1012 4436 1865 5565">
     <span class='ocr_line' id='line_1_88' title="bbox 1014 4436 1864 4509; baseline 0 -15"><span class='ocrx_word' id='word_1_750' title='bbox 1014 4438 1098 4494; x_wconf 91' lang='lat' dir='ltr'>tionis</span> <span class='ocrx_word' id='word_1_751' title='bbox 1120 4438 1268 4509; x_wconf 88' lang='lat' dir='ltr'>exeritur;</span> <span class='ocrx_word' id='word_1_752' title='bbox 1295 4441 1357 4507; x_wconf 87' lang='lat' dir='ltr'>post</span> <span class='ocrx_word' id='word_1_753' title='bbox 1376 4442 1484 4506; x_wconf 79' lang='lat' dir='ltr'>tergum</span> <span class='ocrx_word' id='word_1_754' title='bbox 1506 4440 1605 4492; x_wconf 86' lang='lat' dir='ltr'>ostium</span> <span class='ocrx_word' id='word_1_755' title='bbox 1630 4437 1764 4504; x_wconf 92' lang='lat' dir='ltr'>accludit,</span> <span class='ocrx_word' id='word_1_756' title='bbox 1790 4436 1864 4494; x_wconf 91' lang='lat' dir='ltr'>dum</span> 
     </span>
     <span class='ocr_line' id='line_1_89' title="bbox 1014 4524 1865 4596; baseline -0.002 -13"><span class='ocrx_word' id='word_1_757' title='bbox 1014 4527 1115 4584; x_wconf 91' lang='lat' dir='ltr'>mentis</span> <span class='ocrx_word' id='word_1_758' title='bbox 1128 4527 1239 4582; x_wconf 91' lang='lat' dir='ltr'>aditum</span> <span class='ocrx_word' id='word_1_759' title='bbox 1255 4526 1299 4581; x_wconf 93' lang='lat' dir='ltr'>his</span> <span class='ocrx_word' id='word_1_760' title='bbox 1319 4539 1385 4595; x_wconf 88' lang='lat' dir='ltr'>quae</span> <span class='ocrx_word' id='word_1_761' title='bbox 1402 4533 1477 4582; x_wconf 89' lang='lat' dir='ltr'>retro</span> <span class='ocrx_word' id='word_1_762' title='bbox 1497 4534 1574 4593; x_wconf 88' lang='lat' dir='ltr'>sunt,</span> <span class='ocrx_word' id='word_1_763' title='bbox 1592 4524 1799 4596; x_wconf 86' lang='lat' dir='ltr'>temporalibus</span> <span class='ocrx_word' id='word_1_764' title='bbox 1814 4527 1865 4582; x_wconf 88' lang='lat' dir='ltr'>sci·</span> 
     </span>
     <span class='ocr_line' id='line_1_90' title="bbox 1013 4613 1863 4683; baseline -0.002 -11"><span class='ocrx_word' id='word_1_765' title='bbox 1013 4617 1077 4673; x_wconf 89' lang='lat' dir='ltr'>licet</span> <span class='ocrx_word' id='word_1_766' title='bbox 1091 4615 1236 4671; x_wconf 89' lang='lat' dir='ltr'>anteriora</span> <span class='ocrx_word' id='word_1_767' title='bbox 1257 4622 1365 4683; x_wconf 90' lang='lat' dir='ltr'>petens,</span> <span class='ocrx_word' id='word_1_768' title='bbox 1383 4613 1411 4669; x_wconf 91' lang='lat' dir='ltr'>id</span> <span class='ocrx_word' id='word_1_769' title='bbox 1435 4621 1477 4670; x_wconf 91' lang='lat' dir='ltr'>est</span> <span class='ocrx_word' id='word_1_770' title='bbox 1495 4622 1611 4681; x_wconf 77' lang='lat' dir='ltr'>aterna,</span> <span class='ocrx_word' id='word_1_771' title='bbox 1628 4614 1761 4681; x_wconf 87' lang='lat' dir='ltr'>obstruit,</span> <span class='ocrx_word' id='word_1_772' title='bbox 1787 4622 1815 4670; x_wconf 89' lang='lat' dir='ltr'>et</span> <span class='ocrx_word' id='word_1_773' title='bbox 1835 4615 1863 4670; x_wconf 91' lang='lat' dir='ltr'>in</span> 
     </span>
     <span class='ocr_line' id='line_1_91' title="bbox 1014 4697 1864 4774; baseline -0.002 -14"><span class='ocrx_word' id='word_1_774' title='bbox 1014 4705 1075 4774; x_wconf 91' lang='lat' dir='ltr'>ipsa</span> <span class='ocrx_word' id='word_1_775' title='bbox 1097 4703 1273 4760; x_wconf 89' lang='lat' dir='ltr'>discussione</span> <span class='ocrx_word' id='word_1_776' title='bbox 1296 4703 1402 4772; x_wconf 88' lang='lat' dir='ltr'>peccati</span> <span class='ocrx_word' id='word_1_777' title='bbox 1426 4717 1462 4758; x_wconf 88' lang='lat' dir='ltr'>ne</span> <span class='ocrx_word' id='word_1_778' title='bbox 1483 4701 1617 4772; x_wconf 86' lang='lat' dir='ltr'>voluptas</span> <span class='ocrx_word' id='word_1_779' title='bbox 1640 4697 1746 4758; x_wconf 92' lang='lat' dir='ltr'>lurtive</span> <span class='ocrx_word' id='word_1_780' title='bbox 1772 4702 1864 4758; x_wconf 91' lang='lat' dir='ltr'>subri-</span> 
     </span>
     <span class='ocr_line' id='line_1_92' title="bbox 1013 4789 1865 4862; baseline 0 -15"><span class='ocrx_word' id='word_1_781' title='bbox 1013 4793 1082 4862; x_wconf 90' lang='lat' dir='ltr'>piat,</span> <span class='ocrx_word' id='word_1_782' title='bbox 1098 4806 1159 4848; x_wconf 92' lang='lat' dir='ltr'>sese</span> <span class='ocrx_word' id='word_1_783' title='bbox 1174 4791 1269 4847; x_wconf 89' lang='lat' dir='ltr'>munit</span> <span class='ocrx_word' id='word_1_784' title='bbox 1280 4806 1288 4861; x_wconf 82' lang='lat'>3</span> <span class='ocrx_word' id='word_1_785' title='bbox 1298 4792 1405 4857; x_wconf 75' lang='lat' dir='ltr'>tratres</span> <span class='ocrx_word' id='word_1_786' title='bbox 1426 4799 1523 4847; x_wconf 88' lang='lat' dir='ltr'>autem</span> <span class='ocrx_word' id='word_1_787' title='bbox 1540 4790 1630 4846; x_wconf 90' lang='lat' dir='ltr'>nostri</span> <span class='ocrx_word' id='word_1_788' title='bbox 1645 4789 1699 4862; x_wconf 92' lang='lat' dir='ltr'>ipsi</span> <span class='ocrx_word' id='word_1_789' title='bbox 1714 4799 1783 4847; x_wconf 93' lang='lat' dir='ltr'>sunt</span> <span class='ocrx_word' id='word_1_790' title='bbox 1806 4805 1865 4847; x_wconf 92' lang='lat' dir='ltr'>mo-</span> 
     </span>
     <span class='ocr_line' id='line_1_93' title="bbox 1015 4879 1864 4949; baseline -0.001 -12"><span class='ocrx_word' id='word_1_791' title='bbox 1015 4888 1061 4937; x_wconf 89' lang='lat' dir='ltr'>tus</span> <span class='ocrx_word' id='word_1_792' title='bbox 1088 4879 1226 4949; x_wconf 91' lang='lat' dir='ltr'>corporei,</span> <span class='ocrx_word' id='word_1_793' title='bbox 1256 4892 1292 4934; x_wconf 87' lang='lat' dir='ltr'>ex</span> <span class='ocrx_word' id='word_1_794' title='bbox 1314 4879 1414 4935; x_wconf 88' lang='lat' dir='ltr'>eadem</span> <span class='ocrx_word' id='word_1_795' title='bbox 1438 4886 1547 4949; x_wconf 87' lang='lat' dir='ltr'>quaet</span> <span class='ocrx_word' id='word_1_796' title='bbox 1575 4879 1695 4934; x_wconf 89' lang='lat' dir='ltr'>virtutes</span> <span class='ocrx_word' id='word_1_797' title='bbox 1721 4879 1864 4948; x_wconf 90' lang='lat' dir='ltr'>prodeunt</span> 
     </span>
     <span class='ocr_line' id='line_1_94' title="bbox 1012 4966 1862 5038; baseline -0.001 -15"><span class='ocrx_word' id='word_1_798' title='bbox 1012 4975 1106 5024; x_wconf 90' lang='lat' dir='ltr'>mente</span> <span class='ocrx_word' id='word_1_799' title='bbox 1131 4966 1291 5037; x_wconf 86' lang='lat' dir='ltr'>progeniti;</span> <span class='ocrx_word' id='word_1_800' title='bbox 1308 4967 1406 5022; x_wconf 91' lang='lat' dir='ltr'>eadem</span> <span class='ocrx_word' id='word_1_801' title='bbox 1436 4968 1512 5022; x_wconf 93' lang='lat' dir='ltr'>enim</span> <span class='ocrx_word' id='word_1_802' title='bbox 1544 4974 1619 5022; x_wconf 85' lang='lat' dir='ltr'>terra</span> <span class='ocrx_word' id='word_1_803' title='bbox 1651 4981 1717 5036; x_wconf 77' lang='lat' dir='ltr'>quae</span> <span class='ocrx_word' id='word_1_804' title='bbox 1738 4975 1862 5038; x_wconf 90' lang='lat' dir='ltr'>segetem</span> 
     </span>
     <span class='ocr_line' id='line_1_95' title="bbox 1013 5055 1862 5127; baseline -0.001 -15"><span class='ocrx_word' id='word_1_805' title='bbox 1013 5064 1139 5127; x_wconf 91' lang='lat' dir='ltr'>generat,</span> <span class='ocrx_word' id='word_1_806' title='bbox 1151 5056 1259 5125; x_wconf 87' lang='lat' dir='ltr'>spinas,</span> <span class='ocrx_word' id='word_1_807' title='bbox 1279 5062 1306 5112; x_wconf 91' lang='grc' dir='ltr'>ει</span> <span class='ocrx_word' id='word_1_808' title='bbox 1328 5055 1449 5112; x_wconf 90' lang='lat' dir='ltr'>tribulos</span> <span class='ocrx_word' id='word_1_809' title='bbox 1460 5056 1566 5125; x_wconf 92' lang='lat' dir='ltr'>pariter</span> <span class='ocrx_word' id='word_1_810' title='bbox 1589 5062 1737 5125; x_wconf 91' lang='lat' dir='ltr'>procreat:</span> <span class='ocrx_word' id='word_1_811' title='bbox 1763 5057 1862 5123; x_wconf 86' lang='lat' dir='ltr'>Nolite,</span> 
     </span>
     <span class='ocr_line' id='line_1_96' title="bbox 1013 5141 1862 5213; baseline -0.005 -13"><span class='ocrx_word' id='word_1_812' title='bbox 1013 5145 1061 5213; x_wconf 90' lang='lat' dir='ltr'>ait,</span> <span class='ocrx_word' id='word_1_813' title='bbox 1082 5145 1251 5199; x_wconf 84' lang='lat' dir='ltr'>boematum</span> <span class='ocrx_word' id='word_1_814' title='bbox 1274 5146 1374 5211; x_wconf 74' lang='lat' dir='ltr'>secere,</span> <span class='ocrx_word' id='word_1_815' title='bbox 1398 5143 1435 5199; x_wconf 90' lang='lat' dir='ltr'>ad</span> <span class='ocrx_word' id='word_1_816' title='bbox 1455 5143 1573 5199; x_wconf 93' lang='lat' dir='ltr'>evidens</span> <span class='ocrx_word' id='word_1_817' title='bbox 1594 5141 1725 5198; x_wconf 89' lang='lat' dir='ltr'>videlicet</span> <span class='ocrx_word' id='word_1_818' title='bbox 1748 5155 1794 5198; x_wconf 93' lang='lat' dir='ltr'>me</span> <span class='ocrx_word' id='word_1_819' title='bbox 1812 5142 1862 5197; x_wconf 88' lang='lat' dir='ltr'>lla-</span> 
     </span>
     <span class='ocr_line' id='line_1_97' title="bbox 1013 5230 1862 5305; baseline -0.004 -16"><span class='ocrx_word' id='word_1_820' title='bbox 1013 5233 1115 5305; x_wconf 90' lang='lat' dir='ltr'>gltium</span> <span class='ocrx_word' id='word_1_821' title='bbox 1145 5246 1307 5304; x_wconf 90' lang='lat' dir='ltr'>provocare.</span> <span class='ocrx_word' id='word_1_822' title='bbox 1332 5234 1401 5288; x_wconf 79' lang='lat' dir='ltr'>liuae</span> <span class='ocrx_word' id='word_1_823' title='bbox 1427 5231 1492 5287; x_wconf 77' lang='lat' dir='ltr'>filiae</span> <span class='ocrx_word' id='word_1_824' title='bbox 1518 5231 1588 5286; x_wconf 92' lang='lat' dir='ltr'>mihi</span> <span class='ocrx_word' id='word_1_825' title='bbox 1612 5230 1750 5285; x_wconf 91' lang='lat' dir='ltr'>videntur</span> <span class='ocrx_word' id='word_1_826' title='bbox 1782 5244 1862 5300; x_wconf 88' lang='lat' dir='ltr'>posse</span> 
     </span>
     <span class='ocr_line' id='line_1_98' title="bbox 1013 5317 1862 5392; baseline -0.005 -15"><span class='ocrx_word' id='word_1_827' title='bbox 1013 5321 1104 5392; x_wconf 91' lang='lat' dir='ltr'>accipi</span> <span class='ocrx_word' id='word_1_828' title='bbox 1119 5321 1177 5378; x_wconf 93' lang='lat' dir='ltr'>duo</span> <span class='ocrx_word' id='word_1_829' title='bbox 1193 5321 1337 5392; x_wconf 81' lang='lat' dir='ltr'>quedam,</span> <span class='ocrx_word' id='word_1_830' title='bbox 1348 5335 1414 5390; x_wconf 81' lang='lat' dir='ltr'>quae</span> <span class='ocrx_word' id='word_1_831' title='bbox 1429 5333 1565 5390; x_wconf 86' lang='lat' dir='ltr'>magnam</span> <span class='ocrx_word' id='word_1_832' title='bbox 1577 5319 1606 5374; x_wconf 89' lang='lat' dir='ltr'>in</span> <span class='ocrx_word' id='word_1_833' title='bbox 1623 5317 1706 5375; x_wconf 90' lang='lat' dir='ltr'>bonis</span> <span class='ocrx_word' id='word_1_834' title='bbox 1715 5318 1862 5374; x_wconf 90' lang='lat' dir='ltr'>mentibus</span> 
     </span>
     <span class='ocr_line' id='line_1_99' title="bbox 1013 5406 1860 5479; baseline -0.006 -12"><span class='ocrx_word' id='word_1_835' title='bbox 1013 5409 1233 5467; x_wconf 91' lang='lat' dir='ltr'>teneritudinem</span> <span class='ocrx_word' id='word_1_836' title='bbox 1258 5410 1384 5479; x_wconf 89' lang='lat' dir='ltr'>pariunt,</span> <span class='ocrx_word' id='word_1_837' title='bbox 1412 5407 1537 5464; x_wconf 91' lang='lat' dir='ltr'>habendi</span> <span class='ocrx_word' id='word_1_838' title='bbox 1566 5406 1719 5478; x_wconf 87' lang='lat' dir='ltr'>cupiditas,</span> <span class='ocrx_word' id='word_1_839' title='bbox 1753 5415 1782 5464; x_wconf 90' lang='lat' dir='ltr'>et</span> <span class='ocrx_word' id='word_1_840' title='bbox 1803 5407 1860 5477; x_wconf 91' lang='lat' dir='ltr'>opi·</span> 
     </span>
     <span class='ocr_line' id='line_1_100' title="bbox 1012 5493 1861 5565; baseline -0.005 -12"><span class='ocrx_word' id='word_1_841' title='bbox 1012 5497 1106 5554; x_wconf 91' lang='lat' dir='ltr'>nionis</span> <span class='ocrx_word' id='word_1_842' title='bbox 1119 5511 1210 5562; x_wconf 80' lang='lat' dir='ltr'>anaor,</span> <span class='ocrx_word' id='word_1_843' title='bbox 1234 5495 1261 5551; x_wconf 95' lang='lat' dir='ltr'>id</span> <span class='ocrx_word' id='word_1_844' title='bbox 1276 5503 1319 5552; x_wconf 87' lang='lat' dir='ltr'>est</span> <span class='ocrx_word' id='word_1_845' title='bbox 1333 5495 1512 5562; x_wconf 74' lang='lat' dir='ltr'>cenodoxia,</span> <span class='ocrx_word' id='word_1_846' title='bbox 1531 5497 1582 5551; x_wconf 91' lang='lat' dir='ltr'>vix</span> <span class='ocrx_word' id='word_1_847' title='bbox 1608 5493 1686 5550; x_wconf 91' lang='lat' dir='ltr'>enirn</span> <span class='ocrx_word' id='word_1_848' title='bbox 1708 5493 1815 5565; x_wconf 90' lang='lat' dir='ltr'>aliquis</span> <span class='ocrx_word' id='word_1_849' title='bbox 1834 5493 1861 5549; x_wconf 92' lang='lat' dir='ltr'>in</span> 
     </span>
    </p>
   </div>
   <div class='ocr_carea' id='block_1_14' title="bbox 0 0 1924 6008">
    <p class='ocr_par' dir='ltr' id='par_1_15' title="bbox 0 0 1924 6008">
     <span class='ocr_line' id='line_1_101' title="bbox 0 0 1924 6008; baseline 0 0"><span class='ocrx_word' id='word_1_850' title='bbox 0 0 1924 6008; x_wconf 95' lang='lat' dir='ltr'> </span> 
     </span>
    </p>
   </div>
  </div>
 </body>
</html>
