3818 6008
63 212 112 265 εει
675 211 885 270 oruscntnu
905 213 950 271 ou
970 213 1202 271 vvucrurruru.
1767 187 1819 279 oi

97 344 158 402 Nec
170 342 241 400 illud
258 342 409 414 impudens
424 342 593 415 genitalium
614 351 732 402 artuum
753 360 912 417 argumen-
930 349 954 401 Α
969 345 1075 402 amoris
1100 347 1269 416 promiserat
1297 361 1447 418 personam
1476 351 1616 420 incurrat,
1648 353 1820 412 admonetur

65 440 128 490 tum
142 431 179 488 ad
201 431 323 488 tutelam
347 446 408 488 suae
432 431 558 489 libidinis
573 433 705 502 advocat,
730 435 780 490 sed
799 449 865 504 quaa
885 435 916 490 li·
970 447 1055 490 asna
1070 441 1164 490 mente
1187 442 1219 491 ut
1236 437 1320 506 quasi
1346 437 1439 493 sobrie
1460 437 1521 509 jam
1548 455 1616 496 curu
1640 455 1674 496 ea
1700 448 1821 499 acturus

64 528 130 578 cent
143 527 172 577 ει
190 534 248 576 εεε
264 519 453 591 expediunta
480 534 509 577 se
533 522 691 591 prudenter
716 521 855 589 eliminat,
885 530 917 579 ut
971 535 1056 579 usum
1068 521 1267 578 collocutionis
1286 538 1344 579 nou
1364 524 1485 581 deserat.
1503 526 1584 584 Unde
1601 528 1631 583 lit
1655 535 1688 585 ut
1709 529 1821 600 absque

66 608 233 679 adeaquae
249 622 307 664 uon
320 608 406 665 licent
420 609 580 666 evincenda
595 610 739 668 robustior
752 610 915 668 liatuble-
971 608 1032 666 ulla
1059 610 1242 666 cunctatione
1266 624 1348 666 amor
1379 611 1452 668 malo
1482 614 1620 683 repetitus
1648 615 1677 670 in
1705 622 1820 673 tautum

67 697 124 753 lius
143 710 213 753 sane
228 696 438 768 nuberequam
456 697 502 754 uri
523 697 554 768 (l
567 699 628 756 Gor.
646 714 695 767 vu,
716 698 752 769 9),
774 719 789 750 s
810 698 917 756 scilieet
970 695 1115 765 efferveat,
1142 704 1174 754 ut
1196 697 1231 752 ad
1260 698 1352 755 imum
1382 699 1594 770 abruptissima
1617 702 1821 773 profunditatis

67 785 178 857 quibus
202 783 257 842 illis
279 800 375 856 noque
389 784 525 857 professio
550 786 658 855 obviat,
689 802 784 859 neque
817 796 916 844 votum
970 784 1134 841 avidissime
1157 793 1231 841 ruat.
1249 786 1293 842 Ex
1319 802 1377 857 quo
1405 788 1542 858 providus
1568 789 1657 846 lector
1688 790 1821 848 advertat

68 881 120 930 aut
138 888 227 930 suum
247 880 298 930 aut
318 875 484 945 cujuspiam
510 876 637 946 parentis
661 877 778 948 obligat.
810 877 917 935 Votum
971 881 1082 944 quauta
1098 874 1346 931 animadversione
1362 875 1446 946 primi
1463 877 1654 934 tentationum
1681 879 1818 948 assultus,

69 962 196 1033 parentis
219 961 282 1018 dico
302 963 462 1019 secundum
487 965 565 1034 quod
586 978 710 1022 canones
729 966 798 1036 (if)
826 981 918 1037 usquc
971 960 1185 1032 quantumlibet
1197 961 1361 1029 adulentur,
1378 963 1522 1019 refutandi
1537 971 1615 1020 Sillii·

67 1049 105 1105 ad
120 1049 350 1107 duodecennium
366 1050 427 1107 fieri
442 1066 523 1123 posse
546 1061 715 1110 sanxerunt.
737 1055 828 1111 llosa
854 1063 918 1112 voto
971 1053 973 1057 “
1007 1049 1199 1105 Praecavenda
1224 1050 1322 1121 itaque
1343 1050 1518 1119 daemonum,
1550 1053 1594 1109 vel
1615 1053 1705 1123 ipsius
1724 1053 1820 1110 carnis

67 1135 179 1193 resilire
192 1137 375 1210 sacrilegium
401 1141 613 1209 permaximum
637 1148 689 1197 ast.
707 1140 761 1198 Sed
780 1142 824 1199 his
852 1157 919 1213 pon·
973 1137 1136 1194 illecebrosa
1150 1145 1177 1194 ει
1191 1137 1288 1194 dolosa
1302 1139 1408 1206 suasio,
1439 1154 1475 1196 ne
1501 1154 1568 1196 cum
1589 1150 1703 1198 nostras
1736 1141 1819 1199 nobis

68 1225 194 1282 dusdiei
213 1235 300 1291 aestus
322 1227 440 1298 (Mettis.
470 1243 518 1296 xx,
549 1231 603 1300 li),
635 1229 663 1285 id
691 1236 734 1286 est
759 1232 919 1288 anxietates
972 1226 1322 1297 virtutespraetendimus,
1341 1231 1369 1282 et
1387 1241 1439 1297 per
1467 1228 1554 1298 plana
1576 1243 1628 1285 nos
1650 1230 1821 1300 campestria

67 1312 135 1371 vita
161 1313 251 1385 liuius
280 1315 472 1372 tentationum
498 1315 687 1373 tolerantibus
717 1318 836 1388 grande,
861 1319 918 1376 imo
973 1315 1067 1370 ituros
1084 1315 1266 1382 confidimus,
1287 1315 1316 1370 in
1343 1315 1450 1382 loreas,
1478 1317 1579 1373 fraude
1594 1317 1683 1373 bostis
1704 1318 1822 1388 adoper-

56 1400 190 1471 -specialo
212 1403 374 1472 praemium,
395 1404 465 1461 dum
488 1405 529 1461 eis
550 1405 696 1463 canticum
722 1420 841 1476 novum,
867 1423 917 1464 ex·
972 1411 1025 1471 tas,
1055 1402 1231 1459 miserabiles
1269 1403 1468 1460 devolvamur.
1501 1403 1679 1461 Omnimodis
1704 1419 1821 1476 quoque

67 1488 245 1559 ceptisaliis,
270 1497 387 1547 cantare
411 1492 498 1548 datur
520 1492 625 1564 (Apoc.
646 1509 703 1562 xiv,
726 1495 765 1565 3),
792 1497 820 1551 ιε
849 1510 916 1566 quo,
973 1492 1104 1563 miroque
1141 1492 1235 1548 studio
1267 1492 1473 1548 attendendum
1501 1508 1546 1560 ne,
1583 1493 1653 1548 dum
1685 1492 1822 1550 volubilis

67 1577 251 1648 precatoris
273 1577 325 1648 qui
344 1577 398 1634 boc
420 1586 519 1635 carent
541 1594 670 1649 munera,
693 1583 850 1655 singularis
871 1598 917 1640 00-
973 1578 1088 1634 animus
1112 1577 1225 1646 acriter,
1250 1586 1282 1634 ut
1305 1578 1384 1646 solet,
1415 1578 1611 1634 inaestuaverit
1636 1577 1672 1633 ad
1698 1577 1822 1633 videnda

66 1679 134 1721 rum
149 1665 184 1721 de
197 1666 293 1722 carnis
312 1665 473 1739 integritate
488 1668 587 1726 laetitia
608 1670 771 1741 denotatur,
788 1678 816 1728 et
841 1671 918 1740 Agni
937 1644 1038 1738 Bquse
1050 1666 1165 1736 appetit,
1181 1665 1310 1736 cupidini
1326 1665 1433 1722 addicti
1447 1665 1524 1722 oculi
1538 1665 1635 1721 animo
1658 1664 1821 1736 obsequan-

66 1752 195 1824 vestigiis
208 1755 751 1830 quocunquevadit‚inbaerentflbid.),
767 1758 837 1829 quia
851 1771 919 1813 cum
972 1763 1028 1823 tur,
1050 1755 1130 1826 quia,
1159 1769 1226 1810 cum
1249 1755 1349 1811 crebro
1369 1754 1397 1810 id
1421 1755 1499 1826 quod
1520 1753 1687 1824 simpliciter
1706 1752 1822 1823 respici-

67 1840 190 1911 reliquis
227 1840 385 1897 virtutibus
424 1843 597 1901 conformari
631 1845 743 1903 Christo
785 1845 917 1918 gestiant,
972 1857 1047 1913 mus,
1074 1843 1157 1901 nobis
1180 1843 1312 1900 atrociter
1346 1850 1456 1910 noceat,
1495 1842 1566 1899 illud
1600 1841 1679 1913 quod
1713 1841 1822 1913 praevia

68 1928 157 1985 etiam
172 1927 202 1983 in
224 1927 544 2001 istaacutiusejusdem
565 1933 712 2003 gressibus
745 1947 917 2005 prosequeu·
972 1931 1162 1987 montemalo
1186 1929 1226 1999 fit,
1251 1937 1394 2001 quantum
1422 1937 1559 1999 putamus
1587 1928 1728 1985 infelicem
1758 1926 1822 1982 ani-

68 2014 114 2073 dis
135 2014 299 2088 invigilant.
319 2016 373 2073 Sed
393 2018 746 2093 baecvulgatissimaejus
770 2020 834 2078 laus
865 2028 916 2077 εει.
971 2033 1049 2075 mam
1071 2017 1227 2075 eviscerati
1255 2019 1292 2074 Et
1320 2018 1460 2090 contingit
1493 2017 1655 2089 aliquoties,
1683 2026 1714 2073 ut
1755 2029 1823 2073 cum

69 2104 114 2161 Ad
125 2103 184 2161 alia
196 2117 428 2174 promoveamur.
971 2108 1033 2163 visa
1047 2107 1084 2163 ad
1101 2107 1213 2163 nullum
1231 2106 1356 2163 calorem
1371 2107 1490 2163 noxium
1503 2106 1648 2162 videntem
1676 2110 1820 2173 moveant,

388 2214 503 2272 gqup
523 2217 600 2273 χω,
971 2203 1065 2252 tactus
1093 2195 1249 2266 procaciter
1276 2203 1469 2265 praesumptus
1496 2194 1526 2250 in
1554 2202 1665 2251 tantam
1695 2191 1823 2249 libidinis

105 2315 197 2370 Caute
216 2333 247 2371 ,e
260 2321 364 2389 9,,αηί
378 2319 429 2391 qu,-
447 2321 635 2377 monasticum
649 2321 815 2379 ,mmmm
835 2325 918 2389 sum
970 2283 1125 2352 fornacem,
1154 2285 1240 2341 etiam
1270 2291 1364 2340 mente
1390 2284 1515 2340 inaniter
1541 2283 1690 2350 renitente,
1716 2280 1821 2352 praeci·

67 2403 345 2477 moseum-Ordo
369 2408 484 2466 illorum
502 2412 554 2480 qui
578 2413 617 2467 ita
641 2412 740 2469 vivant
765 2414 793 2469 in
819 2420 919 2470 sancta
971 2373 1049 2444 ΡΜ
1083 2380 1115 2430 ¹¹²

69 2494 198 2552 Ecclesia
212 2509 271 2552 non
288 2496 432 2566 plurimus
444 2504 496 2552 est.
512 2503 546 2554 Αι
559 2500 609 2569 qui
626 2502 713 2557 sunt‘l
728 2504 786 2559 Aut
800 2503 837 2558 ab
855 2501 919 2558 aliis

71 2582 184 2639 ineunti
197 2591 280 2640 aetate
303 2585 359 2641 lieo
382 2583 553 2655 oderantur,
576 2596 627 2645 aut
655 2602 684 2645 sc
707 2589 760 2660 ipsi
782 2587 917 2646 oderunt.

70 2670 161 2727 Porro
183 2672 367 2729 taliumvitre
383 2681 473 2744 empta
493 2675 635 2732 munditia
656 2676 711 2732 sub
734 2691 793 2746 qua
817 2675 919 2733 debeat
1496 2724 1526 2735 ..
1626 2724 1631 2734 .

69 2758 185 2814 cautela
200 2760 286 2816 tutari
311 2760 437 2818 breviter
460 2762 652 2820 mordeamus.
676 2764 773 2820 Primo
796 2765 825 2821 in
851 2765 919 2835 ipsis
970 2727 1214 2825 wsusaroem&
1236 2728 1330 2823 ‘ms
1346 2725 1503 2823 ⁹¹U⁸.⁰.m.⁰¹
1520 2739 1585 2796 '3¹¹⁰
1605 2723 1751 2821 minda&
1773 2721 1822 2778 md

71 2846 212 2917 puerariis
227 2847 407 2918 rudimentis,
423 2856 451 2905 et
469 2849 564 2920 inepta
579 2851 759 2909 familiaritas
787 2867 917 2923 expuen-
971 2828 1034 2885 msa
1067 2828 1206 2885 mmmm
1234 2827 1361 2871 m³¹¹¹¹³⁰
1387 2820 1521 2869 mnas
1544 2812 1740 2882 ³¹¹⁰⁰m¹⁰qu⁰
1777 2824 1824 2869 ⁰³⁸

69 2934 117 3001 da,
135 2941 162 2990 ει
172 2933 317 2992 lubricum
331 2936 585 3009 deceptoriumque
593 2940 803 3010 magisterium,
815 2954 918 3012 quam·
938 2902 1077 2999 Cvenda‘

69 3022 116 3079 vis
139 3022 210 3078 alias
237 3023 435 3093 utilissimum,
467 3024 664 3082 refutandum.
695 3028 728 3084 lu
764 3028 920 3099 primordio
1295 3006 1502 3088 CAPUTXIV·

68 3109 147 3166 enim
164 3110 259 3182 colligi
278 3111 349 3167 solet
363 3112 441 3182 quod
456 3114 506 3170 toti
522 3115 704 3184 postmodum
727 3124 826 3173 noceat
843 3118 918 3174 vitae.
1011 3114 1117 3182 Quibus
1129 3112 1223 3169 modis
1234 3113 1393 3169 maculetur
1406 3111 1567 3186 uirginitas.
1584 3144 1619 3153 -
1639 3112 1733 3179 Quaeri
1748 3125 1823 3183 pre·

70 3198 108 3254 Αι
133 3198 266 3255 introitus
287 3199 565 3270 ipseadoleseentiae‚
589 3203 612 3258 si
638 3203 766 3260 timorem
789 3206 839 3261 Dei
869 3220 920 3262 co-
976 3211 1052 3262 terca
1085 3204 1122 3261 ab
1150 3203 1296 3274 aliquibus
1320 3203 1396 3271 ,solet
1425 3202 1534 3274 quibus
1557 3200 1696 3272 peccandi
1729 3200 1822 3259 modis

70 3287 170 3343 mitem
197 3286 310 3355 habeat,
335 3288 410 3344 facili
437 3290 620 3347 tentationem
647 3293 847 3363 congressione
875 3295 921 3351 de
973 3293 1085 3364 perdita
1099 3291 1250 3364 virginitas
1264 3292 1429 3348 aestimetur.
1452 3293 1519 3356 Quae
1534 3291 1684 3363 inquisitio
1698 3289 1842 3370 nimium⁴

1142 2373 1193 2430 virt
1227 2381 1278 2429 aut
1310 2373 1482 2443 neutiquam
1511 2372 1621 2443 absque
1653 2369 1823 2441 contagione

971 2470 1121 2532 conceptos
1140 2462 1269 2534 digerere
1299 2468 1387 2532 queat
1415 2461 1503 2533 ignes.
1543 2459 1680 2527 inaniter,
1719 2459 1819 2527 fateor,

972 2557 1044 2630 tunc¹
1068 2565 1149 2606 mens
1183 2550 1318 2607 renititur
1354 2557 1386 2605 ut
1414 2550 1590 2620 exstinguat,
1620 2563 1687 2605 cum
1716 2560 1822 2603 manus

971 2645 1071 2709 sponte
1099 2639 1240 2696 emittitur
1257 2645 1289 2696 ut
1310 2637 1455 2694 incendat.
1479 2637 1541 2694 Non
1570 2637 1664 2694 solum
1697 2635 1823 2705 denique

69 3375 181 3431 turbat.
205 3375 319 3440 Quanto
345 3389 472 3448 namque
487 3377 593 3450 aliquis
605 3381 754 3450 experitur
780 3382 917 3452 carnalia,
973 3382 1096 3439 obscena
1113 3381 1236 3447 videtur,
1252 3381 1431 3452 cumtmagis
1454 3380 1554 3436 rimari
1580 3380 1738 3438 debuerant
1763 3392 1823 3450 qua

68 3478 105 3520 eo
126 3463 234 3521 leviora
256 3465 412 3535 corporalis
431 3466 576 3537 appetitus
600 3469 709 3539 patitur
731 3470 918 3527 discrimina:
972 3470 1090 3529 virtutis
1106 3469 1242 3525 instantia
1256 3468 1368 3538 plenius
1391 3469 1514 3524 obtineri
1536 3475 1638 3538 posset,
1653 3454 1742 3539 quam
1763 3480 1823 3538 qno

68 3551 231 3623 Namqnid
254 3552 532 3622 periculosiusque
547 3562 636 3626 quam
661 3557 812 3626 preterita
833 3558 921 3615 volu·
973 3557 1138 3613 discrimine
1176 3555 1266 3625 perdi.
1303 3555 1369 3610 llaec
1396 3555 1474 3610 enim
1505 3555 1625 3624 questio
1652 3553 1824 3610 remissioris

68 3639 160 3711 ptatis
174 3639 332 3696 memorial
345 3640 463 3697 talibus
485 3642 578 3711 plane,
600 3643 708 3715 quibus
728 3660 799 3702 escae
819 3646 922 3702 morti«
974 3645 1062 3702 animi
1077 3652 1128 3713 est,
1144 3643 1193 3701 illa
1208 3643 1353 3700 ferventis.
1370 3640 1423 3698 Sed
1438 3649 1532 3698 tamen
1555 3641 1626 3713 quia
1648 3642 1678 3697 in
1701 3642 1824 3698 stamine

68 3725 140 3782 ferae
154 3725 277 3783 necdum
301 3727 375 3783 male
389 3728 482 3786 dulcis
500 3743 584 3800 sapor
611 3732 734 3801 inhaesit,
751 3733 921 3791 siseducto-
974 3734 1048 3791 lineo
1084 3733 1200 3789 laneum
1233 3747 1291 3788 nou
1320 3731 1402 3787 debet
1431 3730 1602 3800 subtegmen
1639 3729 1736 3798 inseri,
1764 3729 1823 3798 {nec

68 3814 107 3871 rii
122 3813 239 3886 college
254 3816 429 3873 lenocinium
452 3827 652 3889 aspernentur,
678 3823 701 3877 si
730 3836 819 3894 vagos
839 3824 921 3881 visus
975 3823 1136 3896 grossitudo
1157 3819 1283 3891 corporis
1310 3819 1401 3876 vitiati
1423 3832 1472 3888 spe
1501 3816 1668 3874 subtilitatis
1685 3817 1823 3888 virginem

68 3909 233 3974 contegant,
250 3903 274 3959 si
286 3904 322 3960 ad
338 3905 414 3961 viam
434 3907 641 3978 cogitationum
668 3925 802 3968 revocare
828 3912 921 3971 sciant
974 3910 1090 3984 gloriari
1115 3909 1230 3977 audeat,
1247 3908 1371 3979 quisque
1399 3921 1458 3963 non
1485 3919 1640 3979 quousque
1665 3905 1819 3972 discurrat,

68 4003 193 4059 errores,
209 3991 271 4048 levo
286 3992 317 4048 ιιι
332 3994 475 4065 quidquid
488 3998 653 4055 tentationis
668 3998 818 4070 ingruerit.
974 3999 1023 4057 sed
1049 3999 1127 4071 quod
1145 3999 1236 4055 vitare
1257 3997 1369 4054 debeat.
1386 3995 1601 4067 destringenda
1627 3993 1721 4050 cordis
1739 3991 1823 4049 lasci-

107 4078 204 4136 Solent
230 4087 327 4137 tamon
353 4082 382 4137 bi
409 4097 447 4139 ex
461 4084 552 4141 nimia
575 4086 621 4142 sui
646 4087 761 4156 fiducia,
792 4090 919 4159 quadam
974 4088 1029 4144 viae
1043 4088 1178 4159 quisquis
1193 4087 1281 4158 bujus
1297 4084 1430 4157 puritatis
1440 4082 1754 4141 obtinendaestudiosus
1769 4088 1822 4150 est,

69 4167 239 4225 curiositate
252 4169 444 4228 videndarum
459 4174 627 4242 specierum,
651 4175 822 4247 plerumque
846 4179 919 4235 libe·
975 4184 1122 4247 tantopere
1138 4175 1269 4248 invigilet
1283 4182 1314 4232 ει
1325 4174 1385 4243 ιιι,
1402 4182 1452 4230 εει
1463 4188 1521 4243 quo
1535 4171 1640 4241 minus,
1660 4185 1712 4228 seu
1727 4169 1825 4227 rarius

70 4255 135 4312 rins
149 4270 233 4328 aequo
247 4257 347 4314 laxare
358 4259 506 4329 intuitum,
518 4268 545 4317 ει
560 4262 630 4318 dum
645 4263 755 4320 alienas
775 4278 920 4337 aucupan-
975 4272 1074 4336 potest,
1098 4264 1313 4321 delectationem
1338 4263 1505 4335 hujusmodi
1541 4275 1608 4318 caro
1651 4259 1823 4330 prasentiat,

70 4352 123 4401 tur
149 4344 246 4415 facies,
276 4346 346 4402 dum
384 4348 518 4419 clypeum
558 4351 763 4421 palpebrarum
799 4353 922 4411 nimium
976 4368 1010 4410 ne
1036 4354 1096 4410 ulla
1126 4354 1156 4411 vi
1184 4352 1364 4410 delectationi
1393 4364 1550 4409 consensus
1578 4350 1705 4406 accedat.
1744 4347 1824 4406 Beati

70 4439 180 4490 ιεειειε
198 4434 235 4490 ab
250 4434 341 4492 oculis
362 4445 506 4507 amovent,
531 4439 625 4495 cordis
652 4440 754 4497 lumini
778 4456 842 4513 qun
864 4443 921 4499 im·
975 4441 1104 4514 Gregorii
1117 4448 1145 4498 et
1165 4455 1224 4498 non
1244 4445 1342 4498 nostra
1364 4441 1505 4497 sententia
1526 4447 1578 4507 cst,
1600 4437 1679 4508 quod
1701 4450 1822 4494 consen·

71 4519 161 4591 probe
186 4528 360 4579 contuentur
387 4525 512 4582 crudelis
538 4526 645 4583 stimuli
667 4527 798 4598 iaculum
828 4530 923 4587 intor-
975 4541 1025 4583 sus
1057 4541 1074 4583 a
1103 4527 1195 4597 culpae
1227 4525 1330 4582 effectu
1362 4540 1422 4582 non
1455 4524 1552 4588 distat,
1586 4537 1653 4580 cum
1690 4522 1824 4579 voluntas

69 4617 174 4680 quent.
197 4609 367 4669 'l'rabuntur
392 4613 483 4685 igitur
505 4628 556 4684 per
585 4615 612 4671 id
641 4617 745 4688 saepius
770 4618 806 4674 ad
835 4619 923 4676 totius
975 4617 1080 4671 misera
1099 4615 1222 4671 interius
1245 4614 1323 4685 quod
1346 4621 1429 4670 extra
1453 4627 1510 4669 uon
1539 4617 1641 4682 potest,
1664 4611 1831 4667 ambienter

70 4696 142 4752 mali
163 4699 342 4770 voraginem.
367 4701 540 4773 contingere
554 4710 649 4760 tamen
674 4705 744 4763 solet
769 4713 800 4762 ut
827 4721 922 4777 neque
975 4711 1103 4774 peragat,
1128 4702 1152 4759 si
1193 4711 1290 4760 tamon
1329 4703 1403 4759 bens
1429 4702 1555 4758 districte
1586 4700 1666 4757 hunc
1693 4699 1825 4771 iudicare

69 4785 154 4842 visus
165 4785 322 4844 admodum
338 4787 481 4857 incendat,
497 4790 546 4847 sed
571 4792 682 4862 placide
707 4794 743 4850 ad
765 4795 921 4851 amandum
976 4798 1126 4863 proponat.

67 4874 135 4929 visa
160 4875 291 4942 suadeat,
320 4891 415 4947 neque
445 4879 649 4948 confabulatio,
676 4881 721 4938 vel
754 4882 839 4939 etiam
863 4883 922 4954 ipse
965 4877 976 4885 '
1009 4879 1079 4947 Quae
1112 4879 1201 4952 igitur
1224 4894 1288 4951 spes
1317 4879 1375 4936 illic
1400 4878 1525 4936 exsultet
1559 4875 1743 4949 virginitatis,
1774 4873 1824 4933 ubi

69 4967 165 5019 tactus
191 4976 406 5035 usquequaque
432 4966 469 5021 ad
497 4967 707 5038 turpitudinem
737 4975 865 5039 proruat,
894 4977 922 5026 et
976 4968 1119 5025 theatrum
1154 4968 1241 5024 totius
1270 4967 1420 5038 perstrepit
1448 4965 1602 5023 foeditatis?
1642 4966 1677 5020 lit
1712 4969 1824 5035 patens,

69 5048 241 5108 ideofoedus
257 5049 303 5108 ille
325 5054 420 5110 carnis
440 5062 535 5112 motus
559 5069 662 5126 parum
685 5056 842 5128 displiceat.
869 5056 922 5114 Sed
977 5056 1076 5119 fateor,
1092 5055 1179 5112 ruina
1198 5055 1305 5112 talibus
1320 5055 1391 5111 foret
1411 5054 1518 5121 utilior,
1540 5068 1606 5125 quaa
1627 5060 1655 5109 et
1676 5065 1726 5122 spe
1753 5050 1826 5108 falsa

70 5137 197 5207 animus,
214 5141 491 5211 quavisoccasione,
506 5143 663 5214 aliquando
678 5144 745 5202 facti
770 5145 921 5216 poenitens,
976 5145 1107 5202 animum
1133 5151 1243 5201 tumere
1271 5151 1390 5211 vetaret,
1425 5150 1452 5199 ει
1489 5156 1575 5199 casus
1604 5139 1826 5213 experientiaa

70 5226 108 5284 ad
131 5227 331 5299 poenitendum
360 5230 452 5301 culpa
480 5232 576 5289 dolore
607 5232 772 5291 adducitur.
800 5232 853 5291 Sed
886 5248 923 5290 ne
975 5234 1083 5290 talibus
1111 5233 1233 5290 ulterius
1267 5231 1436 5289 affectandis
1466 5231 1605 5288 acerrime
1643 5229 1825 5299 absterreret,

73 5315 203 5385 perfidiae
229 5317 366 5387 probrum
401 5320 479 5391 apud
517 5335 580 5377 eam
620 5321 667 5378 cui
703 5322 921 5393 perpetuitatem
976 5321 1048 5378 cum
1064 5323 1221 5394 argolicus
1240 5321 1310 5393 quid
1324 5321 1410 5394 inste,
1434 5319 1503 5391 quid
1523 5319 1568 5389 pie
1584 5319 1694 5391 iudicet
1717 5318 1828 5396 ignore·

108 5481 178 5551 (ιτ)
194 5479 304 5535 concil.
320 5481 406 5539 Tolet.
423 5496 461 5550 rv,
486 5497 511 5539 c.
527 5484 578 5550 4⁸3
598 5482 788 5552 triburiens,
804 5497 865 5556 cap
883 5486 909 5539 tt.
921 5482 992 5543 Vide
1007 5484 1044 5541 ad
1054 5498 1117 5556 cap.
1134 5487 1168 5542 ts
1182 5484 1311 5543 concord
1337 5485 1514 5560 Regularum
1538 5483 1678 5543 lienardi.
