3818 6008
1816 224 1868 276 aas

116 217 168 272 3911
560 213 782 272 11111111111111
806 214 951 272 ABlithS
971 218 998 272 S.
1020 215 1141 273 uasta
1162 219 1206 274 DE
1228 215 1424 274 durrachio

116 355 208 426 punit.
223 351 253 409 ld
269 353 345 409 enirn
360 350 539 422 potissimum
558 349 708 413 desiderat,
734 356 766 404 ut
795 349 961 419 resipiscant
980 353 1003 405 A
1018 350 1093 404 diem
1119 351 1263 416 metimus,
1282 365 1348 406 curu
1365 358 1539 420 peccatorem
1555 351 1591 406 ab
1609 366 1705 408 errore
1736 353 1790 408 vite
1807 367 1868 408 suae

116 456 189 513 qnos
204 440 334 512 castigat.
354 462 364 488 ι
387 438 648 509 congregabuntur
669 451 755 506 super
778 451 826 493 eos
853 439 960 508 populi,
1017 439 1143 495 converti
1174 440 1334 505 fecerimus,
1361 440 1487 494 animam
1512 440 1630 511 quidem
1649 440 1712 511 eius
1733 455 1751 496 a
1777 451 1868 497 morte

118 545 211 586 «cum
226 529 418 599 corripiemur
444 534 560 596 proptor
583 526 655 581 duas
672 526 839 595 iniquitates
854 540 930 582 suas.
949 548 959 574 »
1018 527 1184 595 liberamus,
1200 536 1226 583 et
1242 535 1421 598 peccatorum
1436 528 1513 584 hattd
1524 529 1646 585 dubium
1664 530 1734 600 quin
1753 539 1866 586 nostro-

116 613 688 686 11111111111111111111111,1111111111,
718 613 808 670 altera
828 613 961 683 impoeni-
1017 632 1081 673 rum
1114 617 1327 673 multitudinem
1353 618 1508 687 operimus.
1541 618 1663 674 lnnrrrat
1694 618 1749 676 sibi
1771 621 1867 674 aeneio

114 715 176 761 tens
194 718 242 759 cor
256 703 389 759 habendi.
409 704 522 772 Propter
536 703 588 758 has
610 703 679 756 duos
694 704 855 772 iniquitates
871 703 961 759 corri·
1016 704 1150 774 quisquis
1164 704 1251 761 vitarh
1271 704 1418 774 religionis
1433 705 1685 775 aggredienssacri
1701 704 1809 777 eloquii
1826 706 1866 760 io-

112 795 243 863 piuntur,
260 807 326 848 curn
353 805 436 847 asna
450 791 640 847 obstinatione
656 797 683 845 et
696 805 713 845 a
728 791 812 847 solita
833 790 961 861 nequitia
1015 793 1084 862 cipit
1098 800 1206 848 secreta
1222 793 1372 848 discutere.
1393 793 1424 847 ln
1440 793 1485 847 his
1500 793 1661 860 novalibus,
1678 795 1767 864 juxta
1787 793 1865 863 quod

110 882 249 937 divinitus
261 888 506 952 compunguntur.
521 880 603 935 lunc
617 894 699 948 super
717 895 759 935 eos
779 881 875 950 popuii
888 893 960 935 cou-
1015 882 1084 938 aiibi
1103 882 1219 948 dicitnr,
1245 881 1328 937 multi
1342 881 1397 937 cibi
1410 888 1487 948 sunt,
1515 883 1550 937 ad
1573 896 1672 938 omnes
1696 885 1785 951 (Pron.
1801 897 1863 948 11111,

111 980 279 1042 gregantur,
296 983 363 1025 cum
377 969 476 1024 inolita
489 969 600 1024 dudum
617 968 688 1023 vitia
717 968 887 1024 insolentius
912 982 960 1023 so·
1014 971 1059 1042 23)
1090 971 1220 1027 videlicet
1241 971 1406 1027 animorum
1436 971 1747 1041 conversationumque
1764 970 1864 1027 modos

111 1059 159 1114 lito
181 1060 312 1114 animum
346 1058 551 1128 insequuntur.
585 1057 619 1112 lli
645 1064 713 1112 sunt
748 1057 875 1128 Egyptii
907 1056 957 1127 qui
1013 1062 1186 1117 documenta
1214 1060 1284 1116 inibi
1307 1074 1436 1131 congrua
1465 1061 1540 1116 acsi
1566 1059 1766 1117 ferculasunt.
1788 1059 1862 1126 Quo-

109 1161 238 1218 egressos
250 1161 268 1202 a
282 1162 311 1202 se
325 1146 467 1202 israelitas
491 1145 632 1215 usquead
647 1145 735 1200 maris
750 1144 840 1201 Rubri
865 1152 959 1201 trans·
1014 1161 1130 1218 cunque
1144 1148 1221 1204 enirn
1236 1148 1257 1203 it
1270 1148 1397 1217 spiritus,
1413 1157 1484 1206 eunt
1499 1148 1606 1218 rariter
1620 1155 1647 1203 et
1662 1155 1740 1204 rotae.
1761 1147 1862 1202 ‹Tem-

112 1237 184 1292 itum
201 1234 459 1306 urgerevidentur.
1016 1257 1026 1284 ι
1050 1251 1104 1306 pus
1127 1244 1223 1292 autern
1237 1237 1403 1306 requirendi
1416 1239 1581 1300 Dominum,
1596 1252 1664 1293 curn
1683 1236 1794 1292 venerit
1812 1236 1860 1307 qui

146 1324 232 1380 Vnus.
249 1327 291 1378 11.
308 1351 342 1362 -
370 1322 534 1392 «Ephraim
561 1321 653 1377 vitula
671 1322 754 1377 docta
770 1320 889 1391 diligere
904 1320 958 1375 111-
1016 1346 1026 1374 a
1049 1325 1160 1381 docebit
1181 1339 1231 1380 vos
1253 1325 1429 1395 justitiam.»
1457 1326 1488 1380 in
1512 1325 1565 1392 his,
1591 1325 1695 1395 inquit,
1711 1324 1862 1395 quaediota

113 1418 244 1475 tiniam,
272 1417 364 1480 116110
378 1408 498 1465 transivi
525 1423 615 1479 sititet
637 1407 957 1479 pulchritudinemcolli
1012 1421 1081 1470 sunt
1108 1415 1233 1469 exerceri
1257 1413 1375 1480 debetis,
1405 1414 1475 1484 quia
1503 1415 1640 1483 temporis
1659 1412 1861 1483 opportunitas

113 1522 123 1548 »
144 1501 217 1571 ejus.
237 1521 246 1547 ι
267 1498 370 1555 Vitulae
386 1498 547 1554 triturantis
560 1507 664 1553 natura
688 1501 731 1553 est
745 1497 914 1553 libenterad
931 1495 956 1551 id
1013 1503 1130 1569 arridet,
1147 1502 1217 1558 duni
1243 1502 1386 1569 adrionis,
1410 1503 1574 1573 requirendi
1600 1503 1764 1569 hominum,
1786 1516 1861 1572 pro-

109 1586 195 1644 oflicii
221 1601 368 1645 recurrere
384 1587 412 1641 iu
426 1601 484 1656 qno
509 1586 614 1656 raptim
638 1586 788 1656 aliquoties
809 1583 959 1642 consuevit
1013 1593 1185 1648 serenorum
1198 1592 1317 1662 spiritus
1333 1592 1414 1648 vohis
1429 1591 1534 1647 oirioae
1546 1592 1606 1661 jam
1633 1591 1861 1660 compunctionis

111 1677 245 1733 1111111113
270 1683 454 1748 1118151111·
483 1675 609 1731 Vllsslaffi
639 1675 684 1730 ¹15⁰
708 1690 765 1730 ¹¹0ss
793 1675 885 1730 ⁸0¹1¹¹11
908 1687 957 1743 1110
978 1656 1171 1748 ss'adrenorft,
1190 1679 1240 1750 qui
1257 1694 1306 1735 vos
1321 1680 1382 1734 sinc
1397 1679 1544 1749 magistro,
1562 1680 1623 1734 siue
1650 1678 1798 1734 volumine
1811 1693 1861 1734 ros

110 1766 237 1831 lascivia,
256 1765 303 1819 sed
332 1771 427 1833 cipro
453 1763 626 1818 fecunditate
659 1762 778 1833 positam
810 1770 955 1833 putamus.
1013 1769 1181 1826 induratio
1211 1783 1324 1824 onrnorn
1351 1768 1559 1836 certioremur
1579 1768 1805 1837 aiiasseriptnm
1821 1776 1861 1824 est

108 1855 242 1923 Ephraim
257 1868 324 1922 ergo
339 1853 427 1906 oitoio
442 1852 519 1906 docto
535 1851 649 1917 diripere
664 1853 791 1905 trituram
809 1857 860 1917 est,
891 1864 955 1906 cum
1012 1858 1107 1929 (douo.
1123 1872 1181 1923 xvh
1202 1859 1255 1924 13),
1283 1857 1360 1927 (11106
1373 1856 1419 1911 1111
1432 1855 1556 1926 appellat
1572 1856 1725 1927 justiliam·
1744 1857 1824 1912 Unde
1835 1864 1861 1912 ‘³¹

108 1943 245 1999 voluntas
260 1951 356 1997 nostra
382 1955 433 2010 per
447 1940 576 1995 divinam
598 1939 802 1995 correctionem
824 1939 957 2006 fecunda,
1012 1952 1071 2002 est:
1091 1967 1101 1994 ‹
1121 1943 1221 2002 Unctio
1235 1946 1298 2015 ejus
1326 1945 1407 1999 docet
1422 1958 1471 1999 vos
1486 1944 1520 1999 de
1534 1944 1668 1999 omnibus
1684 1942 1712 2012 (Ι
1730 1946 1816 1999 Joort.
1832 1961 1859 2012 11,

109 2032 183 2088 bona
199 2030 314 2086 amalis
327 2039 467 2100 tanquam
488 2041 580 2098 grana
595 2027 714 2098 apaleis
739 2027 885 2096 disparare
897 2028 957 2098 jaru
1012 2035 1069 2103 17).
1091 2054 1101 2081 1
1120 2032 1154 2087 Et
1169 2032 1205 2087 ab
1229 2031 1362 2102 apostolo
1375 2045 1492 2100 quoque
1506 2031 1580 2086 hano
1596 2045 1730 2100 snpernae
1747 2031 1860 2088 infusio

107 2134 197 2190 prona
220 2127 272 2175 est.
296 2117 455 2174 Primordia
482 2116 558 2172 enirn
586 2123 693 2178 nostra,
729 2115 815 2185 juata
841 2115 958 2171 beatum
1013 2121 1058 2177 nis
1085 2121 1206 2192 gratiam
1236 2134 1294 2175 non
1326 2119 1354 2174 in
1390 2132 1516 2173 vacuum
1548 2120 1687 2188 recepisse
1710 2132 1860 2176 monemur

108 2208 288 2280 drogonum,
316 2206 400 2262 mista
422 2214 490 2261 sunt
510 2203 603 2260 malis.
623 2206 714 2273 Super
724 2204 958 2273 pulchritudinem
1013 2209 1053 2280 (11
1067 2211 1126 2266 Gor.
1141 2224 1179 2276 rr,
1197 2210 1233 2276 1).
1255 2206 1337 2274 Quod
1364 2213 1454 2262 totum
1472 2215 1515 2262 cst
1531 2212 1633 2276 tempos
1654 2208 1804 2262 Dominum
1819 2223 1859 2264 re·

107 2299 169 2353 colii
189 2297 247 2366 ejus
263 2297 340 2351 Deus
366 2294 468 2350 transit
488 2308 554 2349 cum
577 2294 734 2349 novitatem
761 2292 871 2347 consilii
883 2293 955 2363 ejus,
1013 2297 1137 2368 quirere,
1156 2310 1221 2353 curn
1238 2295 1297 2365 ipse
1313 2302 1415 2364 praesto
1429 2300 1471 2349 est
1486 2294 1623 2364 aspirare.

107 2382 482 2453 quae,utitadicarn,jarn
501 2396 538 2437 ex
560 2381 746 2437 conversione
767 2380 957 2436 recensfacta
1048 2385 1133 2440 Vens.
1173 2385 1215 2438 13.
1247 2405 1257 2431 ι
1296 2383 1407 2438 arastis
1445 2381 1629 2451 impietatem,
1676 2382 1858 2454 iniquitatem

107 2470 289 2541 pulchrescit,
328 2470 386 2526 alta
426 2469 653 2526 consideratione
693 2481 744 2538 per
789 2468 958 2523 tentationes
1015 2471 1221 2538 »messuistis;
1251 2470 1413 2527 comedistis
1451 2469 1563 2540 frugem
1608 2470 1760 2537 mendacii,
1792 2473 1860 2542 quia

46 2602 49 2607 .
107 2561 220 2630 aliquas
233 2558 397 2615 conculcari
411 2558 487 2613 sinit.
503 2557 660 2627 scriptura
678 2571 748 2612 usus
762 2564 814 2622 est,
831 2564 863 2612 ut
879 2556 956 2611 dica·
1015 2559 1172 2616 »confisus
1201 2574 1231 2615 cs
1253 2559 1281 2614 in
1307 2559 1363 2614 niis
1387 2559 1452 2625 tuis,
1475 2560 1504 2613 in
1530 2559 1715 2616 multitudine
1744 2559 1859 2617 fortium

107 2656 156 2706 tur
187 2649 263 2703 Deus
288 2648 380 2703 facere
404 2647 481 2718 quod
501 2645 561 2702 fieri
587 2645 735 2715 permittit.
762 2651 837 2699 m
866 2644 958 2700 Potest
1015 2654 1175 2702 ainornm.
1204 2667 1215 2694 ι
1243 2647 1408 2715 impietatem
1436 2647 1529 2702 aravit
1563 2645 1614 2715 qui
1643 2646 1789 2716 quondam
1812 2662 1860 2718 per

107 2751 225 2807 quoqne
252 2744 279 2792 et
295 2749 346 2805 per
370 2734 474 2790 collum
490 2749 547 2789 non
563 2736 654 2790 solum
672 2733 857 2799 consilinum,
873 2734 958 2803 cujns
1013 2734 1198 2805 hypocrisim,
1225 2734 1301 2804 quod
1324 2748 1375 2803 pro
1396 2734 1455 2790 solo
1470 2734 1526 2789 ileo
1544 2734 1604 2790 frcri
1628 2734 1777 2802 debuerat,
1802 2752 1860 2792 cor·

108 2825 204 2882 fistula
227 2832 278 2890 est,
302 2824 453 2880 consilium
487 2837 555 2878 vcro
581 2823 725 2894 justorum
753 2822 824 2878 hene
854 2822 957 2893 agendi
1012 2837 1068 2893 pus
1089 2822 1425 2879 suumexcarnillcationi
1444 2822 1565 2878 addixit.
1589 2823 1706 2893 thuid
1729 2830 1787 2879 tam
1813 2825 1858 2880 im·

107 2914 352 2986 propositumest,
383 2912 532 2968 sedetiam
547 2911 794 2968 cervixelationis
815 2925 881 2980 quae
910 2925 957 2967 no
977 2910 1104 2990 epium,
1135 2910 1205 2980 quid
1232 2918 1288 2966 tarn
1319 2910 1381 2967 sine
1408 2912 1473 2972 Deo,
1499 2925 1587 2982 quam
1610 2911 1739 2982 proprias
1760 2927 1861 2970 carnes

107 3005 182 3061 viter
219 3001 364 3059 conversis
392 3002 543 3072 aliquoties
578 3002 734 3071 subrepere
762 3000 841 3056 solet.
868 3001 959 3071 Super
1015 3008 1139 3055 mactare
1155 3014 1212 3055 non
1228 3000 1351 3057 beoiet
1366 3001 1538 3070 quismagis
1558 3013 1640 3055 nemo
1659 3000 1797 3069 appellari
1818 3002 1863 3057 de·

108 3091 182 3148 hanc
224 3091 368 3146 cervicem·
390 3090 473 3159 ,Dens
508 3097 535 3145 et
571 3088 681 3144 consilii
714 3088 958 3158 pulchritudinem
1013 3086 1069 3154 bet,
1092 3100 1180 3157 quarn
1200 3088 1251 3158 qui
1272 3102 1388 3144 carnem
1408 3101 1492 3143 suam
1520 3087 1574 3143 sub
1593 3087 1772 3144 taliobtentu
1797 3091 1860 3145 odio

108 3180 221 3245 transit,
245 3193 312 3234 curn
339 3186 496 3248 utrumque
523 3177 623 3233 tentari
650 3177 769 3232 sinendo
794 3177 956 3246 prosternit.

109 3289 120 3317 1
142 3267 298 3324 ascendam
311 3279 398 3334 super
415 3264 562 3334 Ephraim.
587 3262 705 3333 »Super
727 3264 865 3333 Ephraim
883 3264 958 3320 Deus

107 3356 244 3421 ascendit,
270 3367 337 3410 curn
360 3354 511 3421 rationem,
528 3367 594 3422 qua
613 3352 662 3407 liei
679 3352 794 3422 propria
810 3352 889 3408 sedes
903 3359 955 3420 est,

106 3446 324 3516 superequitare
362 3442 457 3511 eflicit,
489 3442 549 3512 jnm
578 3442 691 3497 taudem
721 3456 787 3497 vore
812 3441 957 3513 frugifera

106 3532 286 3590 voluntati«
313 3530 413 3586 hrahit
427 3528 526 3595 ludas,
548 3537 574 3585 et
595 3529 756 3601 confringet
781 3529 835 3585 sibi
862 3530 957 3587 sulcos

109 3647 119 3672 »
140 3620 369 3679 tenebrandos
392 3626 464 3685 arat,
476 3632 543 3674 cum
558 3619 675 3674 sincerae
698 3617 836 3674 consessio
862 3621 956 3689 poeni-

67 3766 70 3775 ,
106 3711 214 3769 tudinis
244 3708 426 3780 superficiem
455 3708 621 3778 corporiset
646 3705 734 3761 animi
761 3707 901 3764 convertit
928 3717 955 3764 ot

105 3799 215 3870 fatigat.
245 3798 326 3852 Jacob
366 3797 420 3850 sthi
442 3797 528 3850 seiros
554 3795 719 3867 confringit,
749 3810 814 3853 cunr
841 3804 956 3867 peccata

105 3887 318 3957 supplantando
339 3898 502 3955 aequoream
541 3884 698 3954 quamdam
733 3885 810 3954 pacis
837 3887 955 3942 internae

1013 3175 1120 3231 habeti
1134 3178 1309 3245 iniquitatem
1334 3176 1461 3241 messuit,
1482 3176 1533 3245 qui
1550 3175 1650 3230 laudes
1672 3175 1729 3231 Deo
1749 3175 1860 3232 dandas

1011 3264 1116 3321 exinde
1130 3266 1183 3322 sibi
1198 3265 1335 3336 sacrilege
1354 3263 1498 3320 adhibuit.
1514 3264 1589 3320 Nihil
1608 3264 1686 3319 eninr
1703 3271 1745 3321 est
1763 3264 1860 3320 minus

1011 3367 1139 3423 aequum,
1162 3367 1312 3423 quamsuo
1328 3353 1427 3409 honori
1451 3360 1618 3422 postponere
1636 3353 1736 3407 iteum.
1758 3353 1860 3423 inique

1010 3456 1077 3513 ergo
1093 3442 1278 3512 messuit,qui
1300 3442 1426 3512 primum
1448 3442 1502 3498 sihi
1518 3450 1576 3498 tarn
1601 3440 1727 3511 profane
1752 3455 1859 3497 merre-

1011 3530 1054 3586 dis
1069 3531 1210 3594 attribuit,
1233 3533 1350 3600 Frupem
1379 3531 1517 3586 mordacia·
1542 3531 1672 3597 comedit,
1699 3531 1750 3599 qni
1770 3544 1858 3587 accu-

1010 3627 1092 3675 sante
1116 3633 1146 3675 se
1175 3619 1348 3675 conscientia
1372 3619 1466 3674 fallaci
1494 3618 1659 3675 adulatione
1691 3617 1857 3687 vulgarium

1010 3707 1088 3778 pasci
1114 3705 1260 3762 addidicit.
1281 3705 1351 3771 Quia
1364 3704 1480 3775 confisos
1490 3720 1531 3770 es;
1547 3703 1652 3775 inquit,
1668 3705 1773 3777 iniciis
1793 3710 1857 3774 tois,

1009 3795 1116 3850 scilicet
1155 3808 1213 3849 uon
1252 3792 1406 3862 respiciens
1442 3793 1477 3847 ad
1507 3792 1649 3848 internam
1681 3793 1857 3850 vacuilatem

1010 3889 1100 3949 tuam,
1126 3883 1162 3938 ad
1176 3896 1210 3937 ea
1231 3889 1344 3938 tanturn
1358 3881 1474 3936 oculum
1505 3880 1658 3952 dirigebas,
1675 3895 1741 3950 quae
1756 3882 1791 3938 do
1809 3889 1858 3938 tuo

105 3975 252 4046 planitiem
282 3988 399 4044 aequare
428 3988 484 4028 non
508 3972 810 4029 desinitsibiautern
826 3973 956 4029 confrin-
1008 3971 1204 4041 superstitioso
1218 3984 1303 4040 opere
1326 3968 1450 4025 inaniter
1465 3969 1699 4039 procreabantur
1719 3970 1797 4025 foris.
1815 3970 1856 4025 Si-

105 4077 172 4135 gere
184 4062 299 4123 dicitur,
316 4061 387 4131 quia
399 4061 542 4131 quidquid
566 4061 656 4130 pietas
672 4060 844 4131 poenitentiae
864 4061 953 4117 sancti
1008 4067 1058 4114 cut
1076 4057 1152 4113 enim
1168 4064 1251 4113 extra
1273 4057 1417 4112 hominem
1436 4056 1494 4124 via,
1507 4058 1547 4111 sic
1574 4064 1657 4112 extra
1678 4057 1856 4127 hypocritam

105 4149 210 4207 laboris
233 4157 358 4212 exercet,
388 4164 440 4204 suo
469 4148 597 4205 interiori
627 4149 776 4205 commodo
800 4149 953 4221 nonnulgi
1007 4145 1105 4200 suain
1130 4143 1366 4215 quibusoonlidit
1382 4158 1480 4214 opera.
1497 4148 1528 4199 111
1542 4145 1720 4200 multitudine
1739 4162 1855 4219 quoque

104 4237 254 4295 favoribus
279 4247 426 4307 operatur.
451 4236 536 4293 iacob
559 4244 655 4292 autent
671 4237 863 4306 supptomotor
886 4236 953 4293 dici·
974 4250 994 4304 p
1007 4235 1122 4301 fortium
1144 4247 1264 4290 suorum
1284 4232 1417 4302 conlidit;
1432 4247 1500 4289 curn
1526 4233 1556 4288 iu
1579 4234 1680 4290 ardue
1703 4249 1856 4292 conversa-

103 4336 159 4385 tur.
189 4327 265 4383 Nihil
291 4326 368 4382 enim
395 4325 485 4382 iudas
510 4333 573 4381 arat
592 4324 616 4382 si
643 4325 730 4381 Jacob
760 4324 906 4381 remissius
926 4325 953 4381 in
1009 4321 1093 4378 tionis
1107 4335 1173 4392 quae
1188 4322 1239 4377 rix
1258 4320 1364 4376 sanctis
1384 4320 1453 4376 viris
1471 4321 1625 4378 tolerabilis
1639 4331 1721 4389 1111111,
1752 4338 1855 4395 propo·

102 4417 196 4474 sulcos
221 4415 438 4486 confringendo,
466 4421 493 4470 et
510 4413 666 4485 prasertim
690 4413 719 4469 in
741 4412 954 4483 supplantando
1006 4411 1061 4467 sito
1086 4425 1164 4481 spero
1191 4411 1314 4480 reponit,
1330 4424 1389 4467 non
1414 4410 1555 4480 aspiciens
1570 4424 1629 4480 quo
1651 4411 1792 4481 intendat,
1808 4414 1855 4469 sed

102 4506 233 4562 desudat.

139 4595 347 4651 Vnnsra.—‹
378 4591 521 4648 Seminate
553 4590 633 4648 vobis
653 4590 683 4646 in
722 4590 840 4647 veritate
865 4589 953 4661 iusti-

104 4701 114 4730 »
138 4682 216 4749 tiam,
234 4681 329 4736 metite
342 4679 370 4734 in
393 4692 442 4735 ore
466 4678 702 4749 misericordiam,
718 4678 854 4735 innovate
874 4677 954 4734 robis

103 4790 114 4818 r
136 4770 247 4825 novale.
265 4790 275 4817 ‹
296 4771 333 4823 Io
353 4770 465 4822 1111111111
490 4766 545 4823 sibi
555 4768 695 4837 justitiam
718 4768 849 4834 seminat,
872 4766 953 4838 quis·

101 4859 165 4928 quis
181 4859 237 4914 lieo
250 4866 278 4914 ct
292 4856 422 4927 proximo
437 4856 596 4912 secuudum
616 4857 694 4927 quod
711 4858 817 4927 ruique
844 4869 954 4925 compe

100 4949 143 5014 tit,
183 4953 297 5002 servata
324 4944 459 5015 equitate
490 4946 637 5001 communi
665 4946 783 5001 reddere
810 4943 888 5015 quod
915 4943 955 5000 di.

100 5051 190 5106 gnum
216 5042 266 5102 est,
290 5034 422 5090 destinat.
447 5033 586 5089 8111111111
607 5041 704 5090 autem
732 5047 880 5103 proponere
899 5039 950 5088 est.

100 5124 136 5180 111
154 5137 222 5180 vcro
235 5122 265 5176 in
278 5121 393 5177 veritate
403 5130 431 5179 et
441 5122 496 5178 sibi
511 5122 642 5190 seminat,
659 5122 792 5193 quisquis
813 5123 873 5177 sine
894 5120 952 5179 avi.

98 5213 187 5269 ditate
210 5213 342 5269 fastorum
366 5212 421 5268 sibi
445 5212 497 5268 soli
528 5212 556 5268 in
580 5227 633 5269 suo
663 5212 737 5268 bono
769 5211 900 5267 conscius
924 5210 951 5265 id

98 5302 216 5358 actitare
241 5300 389 5358 deliberat.
415 5304 446 5357 111
470 5317 515 5356 ore
533 5300 749 5356 misericordiam
777 5299 866 5368 motii,
884 5313 952 5355 cum

1007 4514 1074 4570 qna
1088 4499 1189 4557 stolide
1203 4500 1326 4570 peragit.

1043 4587 1128 4644 Vnus.
1148 4590 1189 4643 14.
1206 4618 1239 4627 -
1257 4610 1266 4636 ι
1286 4587 1443 4658 consurget
1467 4588 1610 4645 tumultus
1625 4589 1655 4644 in
1673 4591 1780 4660 populo
1796 4599 1854 4657 tuo,

1009 4698 1019 4726 1
1037 4684 1065 4732 et
1080 4691 1179 4733 omues
1191 4676 1364 4733 munitiones
1388 4684 1445 4733 tuae
1457 4677 1661 4744 vastabuntur,
1678 4679 1753 4735 sicut
1767 4688 1856 4736 rasta-

1007 4786 1021 4815 »
1039 4772 1086 4821 tus
1099 4773 1141 4821 est
1157 4764 1272 4821 Salman
1288 4766 1399 4821 adorno
1420 4766 1492 4836 eius,
1510 4765 1560 4836 qui
1573 4765 1715 4837 judicavit
1730 4768 1800 4824 Baal
1826 4769 1854 4823 in

1008 4877 1020 4906 1
1042 4856 1088 4912 die
1103 4855 1202 4925 praetii,
1220 4863 1309 4912 matre
1323 4855 1419 4927 [super
1444 4856 1516 4911 friios
1533 4856 1624 4912 allisa.
1643 4879 1653 4905 ι
1674 4859 1815 4914 Tumultus
1827 4862 1856 4912 111

1005 4946 1104 5015 popolo
1119 4943 1279 5015 consurgit,
1314 4958 1381 5001 curn
1398 4945 1427 4999 in
1442 4944 1578 5000 cordibus
1589 4959 1684 5015 nuper
1708 4960 1857 5004 converso

1006 5050 1071 5092 rum
1100 5034 1205 5091 veteris
1245 5034 1367 5090 licentiae
1401 5035 1554 5092 insolentia
1595 5037 1780 5093 recrudescit.
1806 5037 1856 5096 Vel

1005 5123 1092 5179 ctiam
1115 5125 1246 5178 tumuitus
1267 5124 1427 5194 consurgit,
1453 5138 1520 5179 curn
1536 5122 1635 5194 gravis
1646 5123 1676 5178 in
1702 5125 1856 5195 cogitatio-

1005 5213 1093 5269 nibus
1114 5211 1289 5282 poenitentia
1314 5220 1407 5269 motus
1426 5212 1555 5282 emergit.
1584 5212 1679 5270 Omnes
1694 5217 1855 5269 munitiones

1004 5302 1235 5375 ejusgastaotur
1259 5314 1327 5356 curu
1344 5300 1445 5356 mentis
1463 5301 1599 5356 universa
1619 5301 1768 5372 repagula,
1790 5317 1855 5374 quae

97 5390 268 5462 quodcordo
284 5390 426 5460 proponit,
440 5405 490 5460 spe
512 5389 651 5446 metendae
673 5388 873 5444 urisericordiae
889 5388 953 5444 aliis
1005 5390 1060 5445 sub
1072 5390 1272 5446 suislatibulis
1295 5389 1471 5460 flagitiorum
1500 5389 1610 5459 pridem
1628 5389 1781 5447 occuluere
1801 5391 1854 5448 tri-

96 5477 286 5550 pronuutiare
313 5493 367 5534 non
403 5479 515 5534 desinit.
552 5481 585 5534 111
610 5493 660 5533 ore
679 5477 764 5533 etiam
794 5481 951 5533 misericor·
1005 5485 1093 5549 stega,
1108 5478 1162 5547 pire
1179 5478 1362 5533 confessionis
1389 5485 1534 5534 eruuntur
1552 5477 1589 5533 ad
1610 5478 1713 5534 lucent.
1740 5480 1853 5538 Saimau
