3794 6008
348 317 469 375 TRACT.
490 318 536 374 DE
556 315 822 374 incensatione
843 316 981 382 CONTRA
995 317 1144 375 JUDAEOS.
1162 348 1196 356 —
1211 316 1277 373 LlB.
1298 317 1348 372 tlt.

63 449 178 506 eredere
202 449 282 504 nelas
299 449 435 506 creditur.
460 451 577 506 losuea
600 449 818 506 civitatensibus
837 453 948 505 Aaou
964 449 986 505 si
1001 444 1107 518 justus,
1124 450 1188 520 pius
1209 459 1238 506 et
1264 450 1380 520 sapiens
1405 449 1472 521 quis
1486 448 1547 506 sit:
1568 449 1648 506 alind
1661 449 1723 508 haee

52 538 184 595 israelem
226 538 405 607 conspiciens
443 538 610 608 lugientem,
646 545 674 594 ct
700 537 817 604 caesum,
872 537 1204 609 sunt,aliudborno;et
1227 538 1288 594 sine
1309 537 1344 593 iis
1372 537 1448 592 enirn
1472 543 1514 593 est
1533 536 1640 593 homo:
1662 538 1723 595 haec

52 640 148 682 narca
162 625 274 681 Domini
290 640 397 695 pronus
411 625 610 681 decumbendo
622 627 694 697 (des.
711 640 761 694 vn,
778 628 818 695 6),
873 637 940 680 vero
962 639 1029 683 eum
1056 625 1085 681 in
1113 625 1169 683 beo
1195 640 1254 682 csse
1269 625 1417 694 dicuntur,
1435 639 1491 681 non
1516 625 1719 696 accidentaria,

61 714 166 771 dicitur
180 714 210 770 in
236 715 306 770 libro
327 714 461 770 iudicum
490 715 674 770 continuasse
701 714 815 785 vigiliis.
871 712 919 768 sed
935 713 1162 770 substantialiter
1179 712 1460 783 Densaecipinntur.

52 802 107 873 quid
131 816 198 858 arca
223 803 281 859 bea
308 811 380 864 erat,
403 809 454 859 aut
478 802 564 870 Dens,
592 801 651 858 sive
673 802 721 858 bei
752 817 819 873 pars
912 801 1041 856 Voluntas
1056 804 1146 856 Petris
1165 803 1263 871 Filius,
1283 804 1372 856 uirtus
1398 804 1518 872 Spiritus
1538 807 1659 860 sanctur.
1686 833 1721 845 -·

52 891 103 947 ,bet
131 891 160 945 in
187 904 221 947 ea
247 891 422 947 delituerat‘t
438 890 549 956 Daniel,
574 889 717 946 celebrato
743 890 819 961 regis
871 888 979 960 Siergo
998 889 1101 946 Filium
1117 890 1255 961 accipitis,
1272 906 1329 946 non
1358 891 1441 961 qnasi
1463 905 1549 961 quern
1577 900 1660 947 extra
1674 906 1721 962 ge-

52 995 57 1033 t
78 979 200 1049 nequis
226 978 345 1034 deorum
368 987 511 1049 peteretur
525 993 542 1034 a
555 993 714 1050 quoquam,
736 979 818 1035 iene—
870 978 966 1032 nnerit
982 976 1142 1049 intelligite,
1163 979 1211 1034 sed
1236 979 1314 1049 qnod
1327 978 1459 1050 gignitur
1474 979 1503 1034 in
1524 980 1585 1049 ipso
1605 981 1721 1050 conspi-

62 1066 93 1123 in
120 1066 269 1122 coenaculo
297 1081 350 1122 suo
379 1066 556 1136 patentibus,
592 1066 686 1122 tribus
718 1075 818 1121 contra
869 1066 933 1120 cite.
950 1065 1076 1136 Accipite
1090 1068 1178 1137 igitur
1192 1066 1295 1123 Filium
1322 1082 1356 1122 ac
1370 1068 1393 1123 si
1411 1069 1589 1125 voluntatem
1604 1069 1717 1139 Patris;

52 1154 169 1225 ›lymam
192 1154 379 1224 temporibus,
409 1168 505 1226 genua
530 1153 661 1210 flectebat
679 1154 816 1220 interdiu,
869 1153 1083 1224 queveluntas
1112 1155 1196 1226 quasi
1224 1156 1260 1212 ad
1289 1155 1406 1212 ellectns
1434 1156 1608 1213 evidentiam
1629 1157 1718 1222 venit,

52 1243 154 1312 trabat,
177 1251 204 1300 et
225 1243 416 1299 conlitcbatur
439 1243 496 1298 Deo
523 1258 575 1299 suo
590 1242 674 1312 (hicn.
700 1259 737 1310 vi,
761 1242 814 1314 ll).
868 1255 935 1297 cum
949 1241 1029 1298 carni
1059 1242 1105 1298 ille
1130 1257 1160 1299 se
1176 1243 1286 1299 indidit.
1304 1244 1357 1300 Sed
1375 1245 1435 1300 baee
1459 1244 1603 1310 voluntas,
1621 1259 1720 1316 quiea

54 1332 104 1388 uid
128 1331 288 1388 Jerusalem
303 1339 354 1388 aut
370 1332 520 1402 templum,
536 1331 622 1402 cujus
633 1332 754 1388 obtentu
767 1330 816 1387 illa
869 1330 926 1385 beo
940 1330 975 1386 ad
994 1345 1046 1387 nos
1069 1330 1240 1398 intenditur,
1257 1331 1393 1388 virtutem
1416 1347 1529 1389 necesse
1546 1340 1588 1389 est
1602 1333 1717 1402 babeat,

75 1419 200 1485 inflexio,
228 1420 305 1475 Dens
330 1420 434 1486 luerat,
462 1421 530 1490 qma
553 1420 681 1477 illorsum
705 1419 746 1475 sic
760 1419 816 1474 ad·
869 1431 920 1487 per
931 1432 1019 1489 qnam
1040 1433 1106 1488 quae
1121 1419 1188 1475 velit
1215 1428 1312 1490 queat,
1328 1428 1355 1474 et
1371 1420 1431 1475 haee
1457 1421 1493 1476 sit
1510 1419 1633 1490 Spiritus
1648 1435 1719 1477 san-

58 1507 811 1579 deereverat‘annquidomnia‚quaeadorataapnd
868 1506 1007 1576 ctns‚qni
1036 1508 1128 1563 eidem
1155 1523 1260 1578 eerpns
1290 1509 1317 1563 in
1334 1507 1451 1578 Virgine
1475 1516 1561 1564 creat.
1578 1507 1720 1565 Voluntas

52 1596 216 1665 uterentur,
245 1596 352 1653 divinis
377 1596 505 1652 cultibus
538 1596 658 1667 dignata
686 1597 813 1652 eredun-
867 1594 1275 1663 enimbominumotiosaest,
1307 1595 1361 1650 nisi
1389 1610 1470 1666 posse
1494 1597 1637 1652 succedat.
1662 1597 1717 1654 Ve-

831 1683 1087 1782 Aluntatemergo
1105 1685 1198 1740 Patris
1219 1683 1390 1755 possibilitas
1409 1684 1573 1741 comitatur.
1595 1685 1628 1740 lu
1647 1684 1720 1741 Scri-

1674 320 1724 374 ste

52 1789 62 1826 r
88 1775 194 1828 ratione
215 1774 350 1841 imagines
371 1773 490 1827 ederant
508 1746 677 1829 'christiani
699 1803 730 1812 —
755 1773 812 1828 Ad·
869 1771 963 1840 pruris
977 1776 1080 1843 nempe
1096 1773 1171 1829 sicut
1196 1786 1286 1840 amor,
1316 1772 1355 1829 ita
1375 1781 1402 1829 et
1417 1774 1511 1829 virtus
1540 1772 1616 1828 idem
1633 1772 1719 1843 Spiri·

52 1860 187 1931 astraque
198 1861 228 1916 in
240 1861 402 1917 visibilibus
411 1860 509 1932 signis,
522 1874 588 1931 quae
599 1860 812 1932 significantur,
870 1867 916 1916 tus
930 1860 1102 1931 appellatur,
1117 1863 1157 1933 lut
1183 1867 1226 1916 est
1241 1877 1247 1914 :
1276 1862 1367 1916 Virtus
1382 1861 1523 1915 altissimi
1546 1861 1721 1916 obumbrabit

52 1945 130 2017 bilia,
161 1947 217 2002 imo
246 1946 455 2017 vagabundum
479 1947 608 2002 animum
634 1947 813 2016 picturarum
868 1949 1007 2017 titillare.
1024 1965 1043 2017 t,
1061 1949 1115 2019 32).
1132 1949 1190 2004 Et:
1222 1950 1316 2003 Virtus
1342 1952 1389 2003 liei
1413 1956 1543 2018 operatur
1570 1951 1644 2003 omni
1662 1964 1719 2004 cre·

54 2033 113 2089 tino
129 2037 270 2102 contuitu,
294 2039 376 2104 quasi
392 2036 520 2106 quodam
542 2036 756 2092 commonitorie
778 2035 814 2091 ad

52 2136 79 2179 ra
99 2123 276 2179 cohibemus.
294 2124 388 2190 Quare
415 2124 496 2180 vobis
524 2139 622 2181 aeneus
649 2124 696 2180 ille
710 2124 815 2196 anguis

52 2212 194 2279 nitescet,
211 2227 297 2283 quem
319 2220 416 2283 postea
439 2212 577 2281 coluistis,
604 2213 659 2269 nisi
687 2221 718 2270 ut
743 2214 814 2284 qnid

55 2300 140 2357 vellet
177 2301 318 2371 eiusmodi
348 2302 510 2373 prodigium
543 2302 734 2373 querereris?
758 2303 815 2360 Nee

52 2387 119 2444 ibim
134 2387 225 2444 otiosa
254 2388 414 2459 intemplo,
435 2398 462 2446 et
477 2391 505 2445 in
532 2389 717 2446 tabernaculo
743 2390 813 2445 emi-

52 2476 255 2533 tclaruerunt.
274 2479 362 2534 Boves
378 2493 495 2549 quoquc
516 2486 544 2534 et
572 2478 666 2534 leones
681 2492 738 2534 non
753 2478 814 2534 sine

52 2563 80 2621 bi
91 2564 279 2635 singulariter
291 2566 421 2636 exsculpi
433 2575 602 2622 meruerunt
614 2581 621 2635 ;
632 2566 681 2622 sed
698 2566 814 2622 idoneas

52 2653 188 2709 sitionum
214 2653 297 2709 vobis
323 2654 484 2711 occasiones
510 2655 660 2711 dederunt.
703 2655 812 2723 Ridete,

52 2746 99 2808 tet,
116 2755 168 2796 nos
180 2741 352 2797 dissolutum
379 2751 406 2798 et
426 2756 603 2813 exsanguem
626 2743 709 2813 qnasi
726 2742 814 2799 honri-

52 2828 140 2885 lesum
169 2829 197 2884 in
226 2829 364 2899 patibulis
387 2832 517 2897 adorare,
543 2830 672 2886 videlicet
688 2832 814 2902 quisquc

52 2916 124 2987 apii,
148 2931 238 2987 quam
266 2919 357 2988 magis
388 2918 442 2973 lide
471 2919 587 2975 ridiculi
618 2920 705 2975 vestrl
735 2919 813 2976 luere

868 2037 944 2090 denti
963 2040 992 2091 in
1015 2039 1130 2091 satutem
1146 2038 1232 2106 (Rem.
1250 2050 1269 2104 v,
1292 2037 1345 2105 lbi.
1363 2036 1454 2092 Patris
1470 2037 1559 2107 igitur
1583 2035 1719 2092 voluntas

869 2138 919 2195 per
934 2125 1069 2181 virtutem
1082 2125 1136 2180 hoo
1161 2125 1244 2180 modo
1267 2124 1450 2194 mancipatur
1464 2123 1589 2191 elicetui,
1609 2132 1637 2180 ει
1652 2123 1719 2180 ιιιιιε

869 2213 920 2283 qui
932 2212 1049 2269 ellectus
1061 2220 1113 2281 est,
1130 2204 1234 2269 nostrie
1247 2212 1370 2268 traditus
1385 2220 1427 2269 est
1442 2212 1608 2283 cognitioni.

904 2303 942 2357 lle
958 2302 1013 2358 ileo
1029 2303 1166 2372 cuiquam
1192 2300 1340 2371 disputare
1369 2300 1412 2356 las
1438 2315 1495 2356 oon
1510 2309 1562 2356 εει.
1577 2300 1632 2356 Sed
1647 2313 1713 2356 cum

868 2390 903 2445 de
918 2389 963 2446 his
985 2405 1051 2462 quae
1071 2391 1148 2446 circa
1172 2405 1224 2446 nos
1249 2398 1318 2445 sunt
1341 2388 1472 2458 exempla
1487 2390 1662 2460 praebentur,
1680 2389 1717 2445 ad

868 2479 922 2534 hoc
938 2479 1015 2535 litut
1031 2478 1085 2534 tria
1099 2477 1199 2548 aliqua
1229 2477 1472 2547 indisparabiliter
1496 2478 1639 2534 coherere
1662 2478 1717 2534 sibi

868 2580 950 2636 posse
965 2574 1170 2623 monstrentur.
1187 2565 1268 2633 Quod
1282 2582 1349 2622 cnm
1367 2566 1406 2634 dt,
1426 2589 1436 2615 ι
1455 2565 1533 2634 tides,
1555 2575 1587 2622 ut
1599 2565 1716 2637 legitur,

864 2654 926 2726 jam
940 2669 998 2711 nen
1013 2654 1098 2711 babet
1111 2656 1255 2721 meritum,
1267 2655 1313 2710 cni
1325 2654 1454 2710 bumana
1466 2654 1538 2709 ratio
1548 2653 1655 2723 prebet
1667 2667 1717 2710 ex·

866 2745 1056 2815 perimentum
1086 2743 1434 2813 (S.Gn1ceen.hom.26).
1454 2765 1464 2791 ι
1488 2742 1554 2798 liaec
1574 2742 1716 2813 siquidem

867 2832 993 2888 Trinitas
1010 2831 1138 2887 vocative
1152 2831 1248 2901 potins
1263 2844 1353 2901 quam
1375 2830 1604 2887 substantialiter
1618 2831 1645 2885 in
1661 2829 1717 2887 hoe

867 2920 981 2976 anobis
995 2919 1100 2975 saeculo
1112 2918 1270 2986 dictitatur,
1288 2919 1319 2974 in
1346 2933 1405 2990 quo
1428 2917 1587 2975 necessario
1610 2918 1646 2975 ad
1661 2933 1714 2975 no·

54 3011 105 3073 tes,
124 3006 174 3076 qni
189 3006 373 3076 Beelphegor,
390 3005 499 3062 idolum
523 3007 629 3063 scilicet
654 3007 811 3078 tentiginis,
833 3016 956 3082 cetram
979 3007 1198 3079 intelligentiam
1228 3008 1263 3064 de
1282 3008 1410 3077 personis
1435 3006 1635 3063 instruendam
1662 3021 1718 3080 per

57 3101 101 3150 εει
115 3094 248 3163 Priapus,
274 3095 441 3151 adoravere.
468 3095 600 3162 Ridendi,
616 3097 672 3152 imo
687 3096 772 3152 llendi
786 3104 813 3153 ct

52 3181 122 3252 qued
150 3181 280 3252 plerique
309 3191 438 3239 vestrum
477 3183 619 3255 dogmatis
658 3183 813 3241 Christiani

52 3277 112 3325 ‚tem
139 3269 220 3340 plene
248 3269 424 3342 intelligunt,
444 3286 498 3328 nec
527 3281 623 3327 tamen
653 3273 689 3327 ab
716 3285 813 3329 errore

51 3363 113 3413 unt.
136 3356 237 3413 Sciatis
264 3365 360 3413 tamen
384 3358 454 3428 quia
485 3358 577 3424 nobis,
605 3359 712 3430 quibus
737 3358 813 3416 Deus

52 3458 179 3501 ,unarum
215 3445 347 3502 notitiam
378 3446 491 3506 indidit,
521 3454 558 3515 et,
590 3455 699 3503 remota
725 3447 812 3505 etiam

53 3534 178 3602 natione,
196 3533 259 3590 lrdei
274 3542 301 3590 ct
316 3535 564 3605 contemplationis
586 3535 708 3593 eontulit
725 3537 810 3603 alam,

52 3635 67 3677 s
91 3621 309 3690 sculpturarum
335 3622 498 3679 necessaria
527 3638 585 3679 non
613 3623 659 3691 sit,
687 3624 735 3680 sed
768 3623 813 3680 bis

52 3709 97 3780 qui
120 3709 215 3765 idiote
229 3719 256 3766 et
272 3710 396 3778 hebetes,
420 3710 497 3780 quod
522 3711 624 3766 litteris
648 3726 705 3767 non
721 3712 812 3767 attin-

53 3796 230 3867 juvamentis
246 3798 413 3869 huiusmodi
436 3800 590 3856 addiscunt
610 3801 688 3871 qued
715 3799 811 3856 scieu-

52 3887 94 3944 sit.

299 3957 416 4015 CAPUT
436 3959 472 4014 Χ.
704 4019 708 4027 ,

52 4067 100 4117 :ter
115 4067 167 4118 tres
194 4067 291 4120 θεοεα
320 4065 485 4121 Christianis
507 4065 624 4120 ostendit
646 4065 721 4120 baud
748 4064 810 4120 celi.

52 4156 67 4206 tt
83 4154 112 4205 in
138 4155 190 4207 Deo
207 4155 367 4208 trinitatem.
398 4183 420 4193 -
435 4153 531 4209 Restat
556 4152 658 4211 ultima
677 4154 810 4224 quaetio,

52 4240 158 4296 tvebis
184 4241 354 4311 proponitur
383 4241 560 4297 ventilanda.
591 4241 659 4297 Tres
678 4241 745 4297 deos
759 4255 811 4296 nos

867 3105 1011 3154 momenta
1037 3104 1065 3153 ει
1089 3095 1224 3166 syllabas,
1258 3097 1330 3167 qnia
1360 3095 1442 3152 aliter
1469 3110 1526 3151 non
1552 3109 1715 3165 possumne,

866 3199 969 3241 earum
996 3184 1137 3240 vocabula
1163 3185 1364 3255 conjugamus.
1390 3185 1507 3239 hicum
1528 3183 1593 3238 vitae
1609 3183 1715 3239 lentem
1764 3241 1768 3247 ,

867 3272 1060 3340 hauserimus,
1076 3280 1104 3329 et
1119 3272 1148 3327 in
1164 3271 1272 3328 lumine
1287 3271 1395 3340 lumen,
1409 3272 1499 3327 Deum
1516 3270 1546 3326 in
1561 3271 1618 3328 Deo
1633 3270 1716 3328 vido-

866 3361 972 3429 bimns,
985 3361 1066 3417 nulla
1081 3361 1110 3415 in
1134 3359 1178 3416 bis
1203 3360 1387 3416 nominandis
1413 3358 1582 3430 gradatione
1603 3373 1715 3416 sermo-

865 3449 911 3505 nis
923 3449 1082 3520 egebimus.
1096 3449 1125 3504 Si
1140 3463 1170 3504 os
1199 3456 1340 3514 nostrum,
1357 3447 1469 3518 lingna,
1494 3455 1522 3504 et
1542 3448 1659 3518 spiritus
1684 3446 1716 3504 in

866 3551 952 3594 usum
967 3536 1119 3593 locutionis
1143 3536 1250 3606 pariter
1279 3535 1358 3590 nullo
1375 3535 1480 3590 berum
1506 3543 1638 3604 vacante,
1664 3544 1716 3593 ant

867 3633 1029 3696 praestante,
1057 3632 1220 3693 moventur,
1247 3625 1383 3680 maximae
1410 3624 1528 3679 insaniae
1543 3630 1585 3679 εει
1600 3620 1715 3678 dilstteri

865 3712 980 3770 Patrem
1004 3720 1033 3770 et
1063 3712 1169 3769 Filium
1196 3721 1224 3770 et
1255 3712 1394 3782 Spiritum
1421 3719 1551 3767 sanctum
1585 3725 1657 3778 esse,
1687 3715 1716 3767 et

866 3816 956 3872 posse,
983 3815 1016 3857 ac
1042 3800 1255 3857 indivisibiliter
1283 3801 1403 3869 operari.
1425 3798 1453 3854 Si
1478 3799 1555 3854 enirn
1572 3806 1628 3854 tres
1644 3801 1715 3855 bees

865 3891 1036 3957 diceremus,
1061 3904 1162 3945 eorum
1191 3890 1274 3960 plane
1301 3888 1406 3959 cuique
1434 3896 1543 3958 partem
1573 3885 1715 3943 mundani

864 3977 1012 4050 regiminis
1038 3978 1228 4046 traderemus,
1256 3992 1308 4033 nec
1323 3990 1455 4033 summus
1470 3976 1594 4046 quisque
1612 3989 1714 4031 eorum

864 4080 925 4123 esse
941 4073 1043 4136 posset,
1064 4067 1116 4136 qui
1135 4079 1219 4135 pares
1230 4073 1297 4121 actu
1312 4079 1346 4119 ae
1362 4063 1477 4120 nornine
1492 4077 1611 4134 quoquo
1633 4071 1714 4133 pacto

863 4153 993 4210 haberet.
1010 4154 1045 4210 lit
1061 4153 1131 4210 dnm
1158 4153 1242 4210 modo
1257 4153 1334 4222 hnic,
1359 4167 1439 4208 nunc
1464 4151 1505 4206 illi
1521 4165 1573 4221 pro
1589 4152 1714 4221 partium

865 4242 1105 4298 alternationibus
1120 4242 1292 4308 lavaremus,
1312 4240 1470 4311 quemlibet
1497 4238 1615 4296 lorsitan
1630 4238 1715 4308 cujus

52 4327 169 4395 dicitis,
196 4330 266 4399 quia
293 4332 416 4397 Patrem,
432 4336 460 4385 et
483 4329 597 4396 Filium,
625 4337 652 4385 et
672 4329 811 4399 Spiritum
830 4320 988 4401 Dregnum
1005 4329 1102 4385 minus
1130 4338 1283 4400 putaretur
1297 4328 1526 4393 accommodum,
1549 4327 1714 4383 autminus

52 4430 105 4484 rm,
132 4415 383 4473 subdistinctione
408 4432 459 4473 nos
481 4417 595 4487 triplici,
623 4416 811 4486 pronuntiare

52 4504 143 4560 scitis.
175 4506 220 4561 Ex
251 4505 392 4576 superiori
423 4506 649 4563 testimoniorum
679 4505 811 4576 congerie

52 4592 198 4663 ¹erobatum
225 4603 267 4651 est
293 4595 370 4665 qnod
392 4596 468 4651 Dens
483 4595 587 4651 Filium
603 4594 717 4661 babeat,
734 4594 812 4650 hune

54 4689 155 4737 natum
171 4690 288 4738 constet.
313 4682 452 4753 Spiritum
467 4698 534 4739 vero
546 4690 679 4739 sanctum
704 4682 812 4753 ubique

52 4780 138 4825 arum
162 4777 326 4826 vestrarum
354 4769 408 4825 dici
439 4770 468 4825 in
496 4776 632 4841 promptu
653 4776 706 4825 εει.
734 4769 812 4840 Ergo

63 4871 115 4912 nos
131 4864 189 4913 tres
215 4871 351 4928 personas
380 4857 563 4927 proterimus,
582 4859 621 4913 ita
636 4857 670 4913 de
697 4857 813 4913 cultura

66 4945 216 5001 deorumn
244 4946 325 5001 vobis
352 4952 482 5015 patenter
496 4946 659 5017 arguimur.
683 4946 812 5002 Deumne

52 5033 246 5103 umscriptnm
272 5033 649 5104 incomprehensibilemque
675 5034 812 5090 creditis?

55 5119 80 5177 si
95 5120 222 5187 lorsitan,
238 5121 309 5192 quid
329 5123 417 5178 trium
442 5123 592 5179 cathedras
611 5137 810 5192 personarum,

62 5211 192 5266 membra
221 5210 407 5281 imaginando
434 5210 632 5281 conpinguisi
661 5211 689 5267 Si
720 5212 812 5266 Deum

52 5312 97 5354 um
126 5299 282 5368 pensitatis.
309 5307 337 5355 et
363 5297 463 5368 Filius,
493 5306 524 5354 ut
540 5299 693 5368 credimus,
717 5299 811 5370 elest,

55 5399 116 5443 esse
130 5402 188 5443 non
202 5395 302 5459 potest,
329 5386 384 5442 nisi
410 5387 488 5458 qnod
513 5395 592 5457 pater
605 5395 664 5458 est3
682 5387 813 5458 alioquin

67 5488 126 5532 non
149 5484 200 5532 est.
227 5477 320 5532 Potest
342 5474 370 5531 in
392 5477 505 5532 bomine
527 5477 680 5546 essequod
701 5483 813 5533 nonest

53 5603 62 5631 ,
91 5563 121 5621 in
143 5565 200 5621 Dee
224 5579 294 5621 vero
320 5563 393 5620 nibil
408 5565 485 5636 quod
509 5565 617 5621 nonsit
636 5564 812 5622 bensium

865 4417 1102 4489 appretiaremur,
1126 4426 1177 4474 aut
1206 4417 1312 4489 apertis
1335 4415 1569 4487 derogationibus
1593 4428 1714 4485 urgere-

866 4521 940 4562 mus.
957 4506 1003 4563 Nil
1026 4515 1123 4563 tamcn
1147 4506 1224 4576 apud
1251 4513 1350 4561 nostra
1373 4505 1508 4575 dogmata
1522 4503 1647 4572 experiri
1663 4516 1714 4557 vos

865 4595 993 4666 contigit,
1015 4609 1067 4651 nee
1086 4594 1138 4650 diu
1159 4594 1308 4650 vobiscum
1324 4606 1411 4661 snper
1437 4592 1489 4646 isto
1514 4588 1712 4656 tractabimus,

866 4685 935 4754 quia
961 4683 1031 4739 dum
1059 4683 1094 4739 de
1122 4683 1157 4738 iis
1182 4683 1306 4753 agimus,
1335 4678 1484 4735 obduratis
1508 4676 1612 4734 animis
1640 4676 1714 4732 risus

864 4771 1014 4828 elfieimus.
1031 4769 1261 4827 Deliberantibus
1279 4767 1356 4824 enirn
1380 4767 1494 4822 credere
1507 4771 1639 4821 auctores
1655 4778 1713 4818 non

865 4861 986 4917 deerunt
998 4859 1048 4930 qui
1058 4865 1213 4929 potuerunt
1227 4856 1351 4913 erudire.

905 4951 971 5005 Vere
996 4951 1147 5002 resurreeit
1161 4947 1300 5002 Dominus.
1317 4973 1351 4983 -
1377 4943 1461 5009 lllud,
1478 4942 1581 5007 velitis,
1605 4938 1711 5006 nolitis,

866 5036 973 5105 audite,
1002 5035 1072 5105 quia
1103 5034 1273 5102 Redemptor
1310 5038 1415 5097 noster,
1445 5044 1532 5100 quern
1568 5028 1714 5098 putruisse

867 5122 1037 5190 mentimini,
1053 5121 1134 5190 vivit,
1151 5130 1178 5178 et
1200 5122 1230 5176 in
1257 5119 1412 5177 novissimo
1436 5116 1491 5184 die,
1509 5117 1586 5188 quod
1614 5123 1641 5172 et
1663 5128 1715 5172 vos

866 5213 991 5281 creditis,
1007 5212 1042 5267 de
1068 5218 1144 5267 terra
1160 5209 1318 5266 surrecturi
1343 5220 1453 5263 sumus.
1479 5206 1512 5261 ln
1539 5218 1625 5261 carne
1645 5217 1716 5274 qno·

867 5316 924 5372 qne
938 5307 1037 5357 nostra
1052 5300 1142 5355 Deum
1157 5296 1331 5365 videbimus,
1349 5297 1446 5351 lesum
1467 5293 1609 5362 videlicet,
1627 5306 1713 5364 quem

868 5387 1094 5458 interpretamini
1109 5387 1296 5443 salvatorem.
1326 5385 1370 5440 An
1394 5383 1424 5439 iu
1440 5397 1527 5439 carne
1541 5382 1716 5439 constitutus

868 5476 934 5548 quis
961 5477 1051 5532 Deum
1079 5474 1177 5531 videre
1207 5473 1319 5544 poterit,
1342 5472 1406 5528 licet
1426 5472 1488 5539 jam
1502 5468 1716 5539 corruptionem

867 5564 1031 5633 excesserit,
1046 5564 1124 5635 quod
1140 5561 1188 5620 vix
1202 5560 1341 5632 angelicis
1363 5558 1511 5631 spiritibus
1535 5555 1717 5615 scintillando
