3818 6008
467 197 470 204 ’
518 222 549 277 v.
570 223 738 280 cutcanrt
762 222 909 278 nonius
928 224 955 279 s.
978 224 1099 279 unnrra
1119 184 1164 280 on
1185 224 1381 279 uovtaauro

70 360 219 416 individue
243 360 366 429 copulat.
403 355 590 412 beasculatur
614 355 683 425 quia
716 369 773 410 non
804 355 914 423 timore,
935 358 1071 425 htat3et
1097 356 1173 426 quod
1198 355 1347 411 sinistrum
1375 363 1498 422 aeternae,
1526 355 1659 424 praesenti
1686 355 1822 411 dextrum

70 449 119 504 scd
133 449 237 504 amoris
251 446 353 503 interni
375 444 557 501 charitudine
585 445 612 497 in
631 445 674 498 liis
701 443 835 499 allicitur.
855 443 919 498 Cir·
975 444 1072 513 abjicit
1086 452 1113 499 et
1126 445 1241 499 refutat.

70 538 279 606 cumplectitur‚
316 549 381 590 cum
423 532 582 602 spiritualis
618 531 770 601 vigilantia
812 537 918 586 statum
1010 532 1155 597 Vnusltt,
1183 537 1222 587 tlt.
1246 532 1491 600 -Beaediaitpuo
1515 533 1614 600 ioseph
1641 533 1822 598 attestare,

70 640 156 683 suum
185 625 378 692 undecunque
402 620 559 676 muniendo
587 626 749 674 contuetur.
778 621 838 674 Non
861 634 920 672 sum
974 622 1041 674 ait:
1066 623 1144 686 boas,
1174 622 1203 671 in
1229 621 1307 688 criptis
1333 625 1473 687 conspecta
1496 620 1701 673 ambulaverunt
1729 623 1824 687 patres

62 713 176 783 inquit,
206 712 353 778 fraudatus
384 715 493 778 aspectu
528 714 582 766 luo.
613 708 682 777 quia
726 707 919 777 intelligentiae
974 709 1332 770 meiAdrahametIsaac,
1354 710 1593 776 ltcas,paipascit
1613 724 1652 761 me
1677 703 1711 760 ab
1736 708 1825 761 adole·

72 800 228 866 lumine,et
255 799 355 854 notitia
380 811 437 852 non
466 810 590 860 caream,
618 795 647 849 in
671 801 815 864 quantum
839 793 920 848 bouis
973 801 1076 852 scentia
1101 813 1159 850 meo
1183 813 1266 865 usque
1289 799 1319 850 in
1343 802 1501 864 presentem
1525 796 1606 856 diem,
1629 796 1752 862 capetus,
1776 798 1825 864 pai

71 886 276 942 intentionibus
306 886 409 941 haereo.
446 888 559 952 iusuper
594 884 710 937 ostendit
744 884 812 936 milii
852 885 920 936 litus
974 885 1292 954 eripuitmcdecaactis
1314 886 1403 948 mulis,
1431 883 1569 943 benedicat
1590 886 1681 951 pueris
1702 884 1773 946 istis,
1799 887 1825 934 et

69 981 254 1038 sementuum,
279 974 364 1029 idest
389 972 545 1043 perspicuae
570 971 647 1027 iilius
672 971 800 1026 veritalis
831 985 920 1040 quam
974 979 1264 1042 inuocetursuperaos
1283 990 1377 1027 aoruca
1405 979 1489 1040 taum,
1512 975 1620 1025 aomina
1642 987 1747 1039 quoque
1775 986 1825 1038 pa-

69 1062 99 1116 in
124 1071 149 1117 tc
171 1062 299 1117 contines
318 1061 454 1127 fructum,
481 1061 649 1115 intentiones
675 1059 847 1114 intendendo
871 1074 918 1114 us·
975 1070 1048 1118 tram
1062 1079 1178 1117 meorum
1198 1063 1476 1122 Adrahametlsaac,
1493 1066 1517 1114 et
1541 1065 1660 1114 crescant
1678 1061 1707 1112 iu
1729 1059 1824 1111 martti·

71 1164 128 1220 que
143 1151 178 1205 ad
194 1149 385 1205 exhibitiones
399 1163 529 1218 operum.
976 1152 1069 1205 tudine
1082 1166 1163 1219 super
1183 1156 1291 1204 terram.
1316 1151 1487 1216 Benedictio,
1515 1147 1760 1217 multiplicationis
1783 1154 1826 1200 εει

105 1239 187 1293 Vens.
211 1241 252 1304 lt,
283 1240 323 1291 13.
345 1268 379 1277 —
413 1240 534 1304 Cumque
558 1238 662 1289 tulisset
690 1250 733 1288 tus
759 1236 857 1303 ioseph
888 1235 921 1288 de
976 1240 1148 1309 imprecatio.
1174 1240 1276 1307 loseph
1310 1246 1415 1305 autem,
1444 1239 1471 1292 id
1497 1245 1539 1292 εει
1572 1220 1755 1301 intellectuin,
1785 1247 1826 1289 ra-

69 1329 170 1394 premio
192 1329 293 1393 patris,
318 1327 444 1380 adorauit
468 1341 569 1394 pronas
594 1329 622 1378 in
645 1331 756 1379 terram.
779 1325 818 1377 m
828 1327 920 1392 posuit
976 1327 1060 1382 tionis
1075 1327 1197 1382 dicimus
1212 1326 1313 1393 filiurn,
1328 1327 1397 1396 quia
1420 1341 1477 1380 nim
1501 1340 1537 1380 ex
1560 1324 1706 1379 intellectu
1737 1321 1824 1378 ratic-

72 1416 203 1482 Ephraim
226 1415 262 1468 ad
277 1415 416 1469 doctarum
441 1413 575 1478 scaraio
594 1417 632 1466 est
655 1413 692 1466 ad
714 1415 857 1466 sinistram
880 1415 919 1466 ls-
976 1428 1050 1481 nent,
1066 1415 1113 1469 sed
1135 1429 1171 1469 cx
1192 1415 1301 1469 ratione
1319 1414 1469 1483 procedere
1484 1413 1617 1467 novimus
1638 1410 1823 1465 intellectum.

71 1503 128 1556 rael
155 1519 161 1557 :
187 1504 339 1557 hlauasscm
364 1517 426 1555 aero
448 1503 478 1554 ia
503 1502 617 1554 sinistro
643 1499 921 1567 enumeratorum
979 1503 1060 1562 Deus,
1087 1502 1190 1571 inquit,
1216 1503 1246 1555 in
1266 1502 1351 1572 cuius
1378 1501 1480 1569 placito
1507 1499 1692 1570 (quodecim
1721 1498 1823 1567 placet,

71 1592 170 1645 scilieet
193 1592 294 1658 patris,
323 1595 348 1643 ει
371 1590 505 1658 applicuit
528 1588 618 1642 ambos
646 1587 683 1641 ad
717 1603 784 1642 eum.
817 1587 919 1656 loseph
975 1604 1035 1661 prae
1057 1589 1148 1644 oattlis
1173 1589 1279 1645 habere
1304 1589 1450 1657 volumus)
1480 1588 1615 1657 prolicere
1647 1587 1825 1642 studuerunt

71 1678 104 1732 dc
130 1679 231 1742 premio
258 1679 346 1745 patris
377 1676 448 1731 tilios
479 1675 560 1741 tollit,
591 1689 657 1730 cum
687 1675 848 1730 intellectus
883 1676 919 1731 ab
942 1648 1254 1748 Bpaternainterioris
1277 1677 1399 1760 hominis
1423 1677 1552 1747 gentium
1578 1675 1717 1741 custodia,
1745 1673 1824 1743 quod

72 1765 178 1820 intimis
201 1764 400 1820 voluntatibus
432 1763 631 1832 operationum
657 1762 841 1818 intentionem
868 1765 921 1818 eri·
975 1767 1169 1822 estdlrraham
1192 1773 1217 1819 et
1242 1768 1328 1831 Isaac,
1357 1780 1421 1834 spes
1446 1764 1552 1820 scilicet
1579 1763 1678 1834 gaudii
1704 1762 1826 1817 ctrlestis

72 1855 122 1925 git.
147 1853 292 1909 Grcmium
315 1866 442 1922 namque
470 1851 553 1920 longe
578 1850 698 1906 interius
723 1851 778 1905 sub
810 1858 921 1920 pectore
976 1863 1063 1923 atque
1078 1854 1184 1908 laetitia.
1201 1855 1281 1919 lmus,
1294 1854 1371 1923 auia
1387 1860 1523 1922 provectu
1536 1851 1723 1908 exolescentis
1735 1850 1825 1904 animi

72 1939 197 2008 corporis
219 1940 298 1995 locus
318 1946 368 1994 est.
389 1944 454 1993 m
488 1938 579 1994 Patris
601 1953 669 2009 ergo
695 1939 838 2009 gremium
866 1940 920 1996 hu·
976 1942 1142 1998 constantiae
1168 1955 1221 1997 sua
1249 1940 1442 1997 consolatione
1467 1953 1511 1994 me
1537 1941 1638 2005 nutrit,
1668 1953 1763 2007 usaue
1797 1937 1825 1992 in

72 2040 165 2082 manaa
193 2027 349 2096 accipimus
374 2025 493 2081 rationis
520 2033 640 2081 motum.
675 2026 809 2081 Humana
844 2028 921 2083 enirn
976 2030 1439 2100 itliusquisemperprasensest
1460 2028 1576 2083 dicimo
1600 2026 1730 2081 ducendo
1754 2040 1826 2081 con-

70 2122 113 2170 est
140 2115 223 2180 ratio,
238 2121 316 2169 estet
329 2114 437 2169 dit'ina.
467 2114 517 2168 llis
541 2113 661 2169 sublatis
685 2116 715 2167 ia
742 2118 920 2184 terrampro-
976 2118 1336 2188 temptationetn.Aapetas
1358 2116 1448 2171 divini
1468 2115 1586 2184 eloquii,
1615 2115 1700 2184 cujus
1723 2112 1827 2168 nuntio

71 2202 453 2273 attsadornt,quiaqaanto
482 2202 574 2272 magis
598 2216 615 2256 a
643 2202 739 2257 carnis
768 2203 922 2272 prudentia
976 2205 1375 2274 decunctispeccatieripior
1394 2203 1590 2268 incommodis
1607 2217 1657 2272 pcr
1674 2202 1719 2257 sui
1737 2201 1826 2270 ipsius

71 2290 199 2363 studium
221 2289 331 2356 eximit,
359 2297 437 2344 tanto
467 2289 559 2358 magis
582 2286 800 2358 contemplando
829 2290 923 2346 subli—
975 2293 1166 2359 efficientiam,
1192 2301 1220 2347 et
1243 2291 1473 2361 adimpletionem
1498 2290 1666 2359 multiplicet
1689 2288 1825 2358 propositi

72 2377 130 2432 mia
156 2391 252 2433 coram
269 2377 482 2433 [leohumilius
503 2376 537 2432 de
560 2392 590 2432 se
613 2377 707 2432 sentit.
734 2378 870 2446 Ephraim
885 2377 921 2431 ad
975 2382 1141 2444 novitatem,
1169 2381 1336 2436 instantium
1360 2380 1491 2434 videlicet
1516 2378 1699 2444 oblivionem,
1729 2384 1756 2431 et
1785 2377 1826 2431 iu-

71 2466 212 2520 deateram
235 2482 312 2521 suam
338 2467 428 2536 ponit,
452 2466 521 2535 quia
550 2464 616 2519 boni
630 2465 724 2534 operis
747 2465 859 2536 frugem
884 2466 921 2520 ad
975 2477 1049 2526 turae
1059 2470 1116 2538 spei
1131 2469 1380 2525 fructificationem
1393 2476 1419 2523 ει
1440 2466 1568 2536 perpetui
1590 2465 1714 2520 sentiant
1739 2464 1825 2519 intel·

71 2568 149 2622 spem
164 2553 341 2609 Sibiffllflsssffl
357 2553 544 2608 bealiilldlssis
556 2552 713 2607 ⁰0ssslilllil·
976 2557 1157 2614 lectualitatis
1194 2557 1335 2627 augendae
1373 2556 1506 2611 desiderii
1543 2553 1769 2622 invocationem;
1799 2559 1826 2607 ει

108 2640 160 2695 Stil
175 2640 293 2695 dextera
307 2640 410 2708 Ioseph
427 2639 461 2692 ud
477 2639 626 2694 ‘texturam
653 2639 765 2695 Israelis
784 2647 825 2695 est
851 2641 921 2710 quia
976 2653 1106 2702 crescant
1119 2645 1282 2700 devotiones
1298 2646 1417 2699 internae
1439 2644 1468 2698 in
1493 2642 1592 2698 multis
1617 2641 1765 2697 ellectibus
1789 2641 1823 2695 ad

73 2727 121 2783 illa
145 2726 400 2782 intellectualitatis
412 2725 591 2795 :supremitas
615 2726 725 2781 intenta
748 2727 919 2796 celestibus,
976 2733 1131 2801 corporalis
1143 2733 1270 2789 exercitii
1288 2732 1478 2803 superficiem.

71 2814 229 2880 sinistrum,
246 2813 327 2869 idest
342 2813 479 2869 saeculare
494 2813 677 2880 etinhmum
699 2814 821 2869 aestimat
836 2817 919 2886 quid·
1012 2820 1096 2875 Vens.
1121 2824 1161 2873 tt.
1179 2850 1213 2860 -
1240 2820 1340 2875 Videas
1367 2823 1456 2872 autem
1481 2819 1578 2886 ioseph
1598 2816 1670 2885 quod
1691 2817 1826 2886 posuisset

74 230 126 282 atu
1770 228 1822 279 320

73 2903 143 2974 quid
170 2901 365 2968 inhumanis,
392 2902 504 2960 etiamsi
532 2890 720 2970 spiritualiter
755 2917 854 2970 sapere
878 2904 919 2959 vi·
939 2913 1053 2978 epater
1071 2922 1135 2962 saus
1160 2909 1300 2962 dextoram
1322 2923 1432 2962 manum
1456 2922 1537 2974 super
1568 2909 1649 2974 caput
1675 2905 1823 2973 Ephraim,

73 2990 205 3055 deantur,
236 2997 369 3044 versatur
409 2989 683 3044 ratiocinationibus
720 2990 814 3059 Ipsam
845 2992 922 3047 enim
976 2996 1466 3063 praeitoraccepit,ctapprehensom
1491 3009 1600 3046 manaim
1621 2995 1711 3062 patris
1736 2992 1826 3046 leuare

72 3078 320 3147 contemplationis
351 3077 532 3133 dulcedinem
562 3092 627 3132 curn
653 3078 735 3149 gravi
760 3078 921 3134 vanitatum
976 3087 1087 3135 conatus
1111 3086 1150 3136 est
1174 3082 1206 3137 de
1232 3086 1320 3152 capite
1348 3083 1492 3151 Ephraim,
1514 3087 1540 3135 et
1569 3081 1720 3146 transferre
1744 3094 1828 3148 super

70 3168 201 3223 molestia
225 3175 446 3237 praegustamus.
474 3167 636 3237 ditteuuam
659 3168 735 3224 euim
765 3167 923 3224 intellectus
976 3176 1058 3239 caput
1083 3173 1219 3226 iterasse.
1251 3170 1415 3226 intellectus
1439 3170 1508 3224 dum
1533 3168 1653 3224 attendit
1675 3167 1827 3238 aliquoties

72 3256 212 3321 comedat,
227 3256 346 3324 spiritus
364 3256 499 3324 suspirat.
527 3258 584 3324 lpsi
606 3270 716 3325 nempe,
741 3256 780 3311 ait
801 3261 922 3326 aposto·
977 3258 1115 3313 rationem
1133 3260 1173 3314 sic
1188 3258 1281 3328 potius
1300 3258 1429 3314 studium
1444 3271 1529 3311 suam
1547 3256 1630 3311 bonis
1654 3270 1720 3325 qttae
1743 3269 1824 3310 erer-

31 3352 35 3358 '
71 3343 129 3406 lus,
153 3346 292 3413 primitius
320 3343 436 3413 spiritus
461 3344 586 3398 habentes
615 3346 690 3397 intra
719 3360 766 3398 aas
786 3347 922 3411 laemimas
976 3347 1143 3403 cetaetibus
1162 3347 1336 3416 impendere,
1357 3353 1389 3401 ut
1405 3345 1439 3399 ad
1462 3343 1710 3412 contemplationis
1733 3342 1826 3397 subti-

72 3431 157 3503 (ltom.
177 3446 238 3496 virt,
256 3434 313 3503 aa).
334 3433 476 3487 llanasses
492 3431 520 3486 in
540 3432 657 3487 sinistra
678 3432 846 3499 intellectus,
874 3432 922 3488 sed
977 3433 1095 3501 litatem,
1123 3435 1199 3504 quod
1223 3442 1264 3490 εει
1289 3433 1525 3502 corporalitatum
1556 3432 1672 3498 oblivio,
1699 3429 1827 3501 negligat

71 3521 107 3575 ad
136 3519 285 3576 dexteram
314 3519 443 3584 rationis,
478 3521 548 3590 quia
581 3520 773 3576 materialium
805 3520 920 3586 oblivio,
976 3535 1140 3592 assurgere;
1158 3537 1233 3593 aegre
1249 3522 1356 3592 patitur
1372 3520 1577 3576 hebetudinem
1600 3519 1729 3584 rationis,
1749 3518 1827 3573 unde

71 3608 132 3664 siue
147 3622 207 3679 qua
224 3609 317 3663 virtus
333 3621 391 3663 non
416 3607 522 3663 eminet
542 3608 754 3677 speculationis,
769 3623 858 3664 causa
881 3616 923 3664 εει
976 3616 1003 3664 ει
1018 3609 1108 3678 ipsam
1131 3610 1288 3677 dexteram,
1307 3609 1392 3664 idest
1411 3608 1555 3664 interioris
1578 3606 1703 3661 hominis
1721 3614 1827 3675 poten-

72 3697 149 3765 apud
161 3696 242 3752 illum
265 3695 411 3751 durissimi
433 3695 554 3765 laboris3
579 3696 631 3766 qui
656 3703 749 3751 tatncn
771 3697 853 3753 labor
874 3711 923 3752 ra·
977 3696 1057 3762 tiam,
1083 3697 1119 3751 ab
1144 3697 1306 3752 extrinseca
1336 3709 1407 3751 cura
1431 3694 1617 3764 restringens,
1647 3693 1682 3747 de
1710 3692 1827 3762 capitali

72 3783 143 3839 tioni
171 3784 281 3840 occasio
306 3792 348 3838 est
377 3784 631 3853 perspicacissimae
665 3785 695 3839 in
733 3785 923 3841 discernendo
976 3784 1151 3840 actualitatis
1165 3783 1322 3839 intentione
1337 3783 1448 3838 elevare
1468 3780 1570 3837 nititur
1593 3780 1628 3835 ad
1654 3780 1741 3836 totius
1762 3794 1827 3835 ma-

72 3871 233 3942 spiritualia
248 3871 403 3941 dignitatis.
420 3871 526 3927 Ambos
539 3886 607 3942 ergo
638 3874 674 3928 ad
697 3888 764 3929 eunt
789 3874 922 3943 applicat,
977 3871 1397 3927 terialitatisoblitterationem.
1421 3869 1519 3939 Capita
1540 3882 1664 3937 namque
1681 3867 1827 3937 principa·

72 3960 189 4030 quando
212 3966 348 4028 utraque,
369 3959 430 4014 sine
452 3959 559 4028 quibus
588 3959 628 4014 nil
653 3960 923 4031 cltlcitur,}intelli-
976 3959 1085 4014 litatem
1122 3960 1234 4026 mentis,
1274 3966 1409 4029 quaeest
1442 3957 1621 4023 intentiones
1652 3955 1825 4026 significant.

72 4048 174 4119 gentiae
192 4047 232 4101 vis
246 4046 385 4101 desiderio
412 4047 530 4102 rationis
547 4047 676 4102 associat.
978 4048 1073 4116 (Vens.
1091 4047 1142 4117 ts).
1170 4050 1227 4102 uon
1242 4050 1293 4112 ita,
1310 4046 1416 4116 inquit,
1437 4047 1567 4108 conuenit,
1584 4049 1672 4113 pater,
1694 4047 1760 4113 puta
1784 4044 1828 4098 hic

108 4137 188 4190 Vsns.
219 4135 260 4188 ll.
284 4162 319 4173 -
334 4135 386 4199 Qui
399 4134 544 4187 extendeus
567 4151 677 4188 thartam
693 4135 842 4201 doctorum,
871 4154 924 4205 po·
977 4141 1016 4188 est
1034 4138 1241 4203 primogenitus,
1271 4149 1340 4201 poue
1368 4133 1508 4186 deuterum
1538 4137 1613 4185 tuam
1646 4147 1728 4200 super
1745 4138 1828 4200 caput

72 4225 129 4279 suit
143 4227 315 4292 supercuput
334 4222 471 4290 Epio-aim
493 4222 615 4290 junioris
640 4225 754 4290 fratris,
779 4227 921 4280 sinistram
936 4203 962 4261 Ῑ)
977 4221 1044 4290 ejus.
1062 4221 1287 4291 Pritnogenitum
1306 4228 1398 4286 vocat,
1419 4219 1463 4274 vel
1479 4218 1548 4289 quia
1564 4219 1650 4274 homo
1676 4233 1734 4273 non
1756 4217 1828 4272 lora-

73 4316 162 4366 autem
192 4325 275 4378 super
301 4316 383 4378 caput
408 4301 542 4376 Manassc,
573 4313 621 4379 qui
643 4312 732 4379 major
755 4317 822 4366 aeta
853 4318 921 4379 erut,
977 4311 1054 4365 sticae
1070 4301 1323 4376 administrationi,
1341 4309 1390 4363 sed
1404 4307 1508 4362 divinae
1524 4307 1619 4376 potius
1638 4306 1743 4361 visioni
1758 4319 1826 4361 con-

73 4403 238 4455 commutans
267 4413 374 4451 mortus.
403 4398 541 4453 Extendit
562 4415 681 4464 marium,
706 4414 773 4455 cum
805 4400 924 4470 spiritns
977 4398 1054 4454 ditus
1084 4406 1135 4464 est,
1168 4398 1302 4466 velocia
1326 4396 1441 4466 dignior
1463 4402 1504 4450 est
1536 4394 1703 4464 speculatio,
1737 4388 1827 4463 quam

72 4487 192 4543 internae
229 4485 406 4541 tortitudinis
452 4487 583 4556 provehit
617 4488 796 4543 exercitium.
838 4491 925 4558 Caput

73 4577 215 4645 Ephraim,
244 4575 291 4630 cui
318 4575 420 4630 dextra
450 4575 665 4644 superponitur,
695 4577 756 4645 ipsa
786 4576 925 4632 Divinitas

73 4672 125 4730 est,
138 4677 154 4719 a
169 4678 228 4733 qua
243 4677 276 4717 ac
288 4662 310 4716 si
326 4662 360 4716 dc
376 4662 467 4731 capite
485 4662 586 4732 pendet
606 4665 693 4720 totius
715 4673 818 4720 nostrae
843 4665 924 4720 barrae

74 4751 192 4807 actionis
216 4750 347 4818 effeetus3
376 4764 463 4819 super
491 4765 549 4820 oua
574 4753 660 4807 etiarn
686 4752 805 4821 spiritus
835 4753 924 4807 nostri

75 4854 139 4908 spes
168 4848 196 4894 et
229 4838 377 4895 beatitudo
403 4839 553 4894 tundatur.
584 4839 705 4895 Sinistra
730 4856 812 4910 super
843 4847 925 4909 caput

75 4930 209 4994 Manrisse,
232 4927 373 4997 epulatota
388 4927 578 4982 tentationum
609 4928 777 4996 adversitas,
803 4928 925 4984 caelestis

74 5013 172 5084 gloriae
189 5014 345 5074 altitudini,
363 5028 428 5082 tpuae
442 5013 595 5070 oblivionis
609 5017 794 5085 presentiam
812 5030 925 5072 summa

74 5110 102 5156 et
116 5102 245 5171 capitalis
266 5101 386 5157 intentio
405 5109 457 5167 est,
484 5101 626 5158 innititur.
656 5103 793 5171 Ephraim
815 5104 924 5172 junior,

74 5190 220 5248 Manasses
247 5190 339 5259 major
352 5197 423 5245 natu
446 5189 562 5258 dicitur,
576 5191 646 5261 quia
676 5191 757 5259 prius
780 5191 926 5246 saecularis

75 5274 214 5332 memoria
256 5275 394 5345 rejicitur.
437 5284 468 5332 ut
506 5278 620 5333 aeternts
656 5278 926 5335 fructificationibus

977 4486 1140 4543 communis
1165 4485 1216 4540 etsi
1239 4484 1312 4540 bona
1337 4484 1419 4538 aetio.
1452 4484 1517 4538 llaec
1538 4490 1581 4539 εει
1603 4482 1712 4552 optima
1729 4482 1827 4538 Mariae

979 4575 1069 4644 portio
1084 4571 1160 4640 (Luc.
1188 4590 1214 4639 x,
1236 4574 1293 4639 tt).
1317 4571 1390 4627 Huic
1408 4585 1486 4641 ergo,
1503 4569 1608 4641 inquit,
1632 4569 1753 4625 admove
1778 4583 1827 4639 po·

978 4664 1119 4719 tissimum
1135 4669 1192 4718 tuae
1204 4661 1324 4730 lvirtutis
1338 4659 1523 4730 diligentiam.
1608 4687 1611 4690 <

1013 4751 1098 4806 Vsus.
1117 4752 1158 4817 to,
1189 4751 1232 4803 20.
1258 4777 1294 4789 —
1322 4750 1374 4814 Qui
1402 4762 1526 4814 corruens,
1545 4748 1696 4811 ait:Scio,
1720 4748 1763 4814 pli
1778 4749 1826 4812 mi,

977 4843 1040 4900 scio,
1056 4842 1082 4893 et
1095 4841 1146 4893 iste
1168 4838 1277 4907 quidem
1291 4838 1344 4891 erit
1358 4840 1387 4890 io
1400 4837 1524 4905 populos,
1546 4841 1571 4889 rt
1581 4835 1825 4902 multiplicabitur,

977 4927 1024 4982 sed
1040 4929 1135 4993 'trater
1163 4941 1221 4994 epus
1242 4925 1350 4995 junior,
1377 4925 1467 4992 major
1491 4929 1553 4990 erit,
1583 4929 1608 4976 et
1636 4938 1724 4977 semen
1750 4924 1827 4978 illius

978 5016 1124 5071 aeserta
1151 5020 1250 5082 peotes.
1275 5012 1469 5079 benedicitque
1498 5014 1535 5065 eis
1560 5013 1590 5064 ia
1616 5013 1676 5079 ipso
1700 5015 1828 5080 tempore,

978 5105 1068 5159 diceus
1089 5119 1095 5155 z
1120 5105 1151 5156 lu
1179 5108 1204 5156 te
1233 5102 1403 5155 benedicetur
1431 5101 1526 5154 lsrael.
1558 5099 1673 5161 haunit,
1701 5105 1729 5154 et
1757 5100 1830 5154 scite

979 5190 1096 5261 quidem
1109 5189 1172 5260 eius
1187 5190 1344 5258 primatum
1359 5202 1388 5243 se
1408 5186 1520 5254 asserit,
1533 5195 1560 5242 ct
1573 5185 1734 5256 quamdam
1755 5186 1832 5242 inter

980 5280 1111 5335 inanium
1130 5279 1335 5349 cogitationum
1349 5277 1470 5346 populos
1494 5273 1699 5345 speculationis
1729 5274 1830 5345 singu·

77 5362 179 5420 deinde
196 5362 354 5417 insistatur.
367 5365 464 5418 Manus
485 5379 554 5434 crgo
569 5374 736 5434 commutat,
762 5368 830 5423 daut
849 5368 927 5438 quod
980 5368 1067 5424 larem
1086 5367 1206 5423 attendit
1226 5366 1390 5428 essentiam,
1413 5365 1615 5432 virtutumque
1641 5362 1705 5433 eius
1727 5362 1833 5419 exube-

77 5452 213 5508 dextrum
228 5451 363 5520 presenti
384 5454 645 5516 estaternaevitae
661 5455 811 5512 sinistrum
832 5456 926 5526 depu·
980 5454 1115 5523 tantiam,
1146 5454 1195 5510 sed
1227 5454 1318 5510 active
1349 5453 1488 5524 majorem
1524 5451 1647 5508 aestimat
1672 5449 1832 5521 aliquando
