3818 6008
346 228 472 288 TRACT.
493 233 539 289 ott
560 231 981 291 14444411141144041114
1001 233 1149 292 leoffius.
1162 234 1271 290 -4111,
1292 234 1340 289 ill.
1674 238 1726 292 514

56 368 182 427 abscisus
206 367 240 424 de
268 375 363 425 moute
388 368 449 425 4144
474 368 620 434 manibus,
654 369 705 440 441
736 376 821 426 terrae
840 374 933 440 aptes
952 387 1004 436 me,
1030 372 1079 440 ait,
1104 373 1136 426 de
1161 373 1421 428 contradictionibus
1446 374 1553 444 popuii,
1579 377 1725 429 constitues

56 471 181 528 tregua
203 456 394 513 comminuit?
412 456 492 528 (Duo.
513 475 542 526 u,
575 459 618 524 34,
645 459 701 528 35.)
726 473 821 515 444114
877 476 918 514 me
932 462 962 514 iu
977 466 1059 530 caput
1075 463 1204 529 44411444.
1231 461 1349 531 Populus
1363 478 1441 531 quem
1466 478 1519 517 nou
1542 465 1724 530 4444441444-

56 545 221 618 tquentibus
247 560 313 601 oum
340 545 517 616 explanaret,
552 546 705 616 adjungit?
730 547 820 602 Susoi-
875 547 944 603 41411
955 551 1026 604 mibi
1038 557 1066 605 et
1080 549 1193 620 reliqua
1213 550 1722 620 4444441411114141444111441444,

80 634 153 687 Deus
187 634 247 687 4411
279 650 392 702 regnum
429 636 502 705 quod
539 638 568 690 14
607 641 737 690 aternum
767 651 822 689 uon
876 637 920 705 44,
955 637 1020 708 lbi:
1052 645 1176 694 4411441
1205 639 1226 694 si
1257 638 1496 695 contradictiones
1521 639 1634 706 habuit,
1665 653 1723 696 nen

56 722 165 788 nubitur,
182 726 208 778 41
228 737 341 790 regnum
356 725 415 792 ejus
435 725 536 794 populo
559 725 641 780 alteri
659 724 821 779 444144414-
876 726 970 796 populi
999 727 1046 783 sed
1071 727 1120 783 lllii
1150 727 1274 783 4444144
1303 742 1348 784 res
1373 742 1463 784 novas
1490 727 1642 784 molientis.
1670 728 1722 785 Sed

56 808 219 866 bomminuot
241 814 266 865 41
287 811 440 878 confringet
461 813 589 866 uniuersa
609 811 776 880 144444444,
796 816 822 864 41
875 813 998 871 4414441
1021 815 1194 871 constitutus
1208 821 1251 871 est
1266 814 1295 870 in
1316 823 1402 884 caput
1418 815 1568 887 gentium?
1592 815 1654 872 Non
1680 815 1723 872 di·

56 898 161 953 rotabit
176 900 205 952 iu
220 903 350 953 aternum
366 897 466 968 (1114,
487 901 542 968 44).
564 899 592 955 Si
612 913 711 955 omnes
730 898 820 955 botui-
875 915 939 958 cam
953 914 1022 957 saue
1042 902 1180 973 gentium,
1202 901 1249 958 sed
1266 915 1317 957 nec
1337 901 1425 956 nnius
1444 903 1546 972 gentis.
1566 902 1608 957 44
1624 901 1724 958 dicetis

56 986 185 1043 mortales
218 1001 276 1042 non
303 1001 403 1058 negas,
432 996 460 1043 et
489 988 586 1044 omnia
619 1002 685 1059 444
717 1001 822 1057 corpus
875 988 954 1059 quod
968 1003 1034 1044 oum
1050 989 1085 1044 44
1103 989 1265 1046 abimelech
1287 987 1523 1044 philisthinorum
1538 1002 1634 1059 regem
1647 987 1722 1051 Sau-

56 1082 79 1132 rt
97 1072 262 1131 transitoria
284 1075 384 1142 credis,
405 1090 471 1146 444
489 1077 542 1133 erit
563 1075 614 1132 ulli
634 1075 715 1147 regni
736 1083 821 1131 aeter-
875 1076 909 1132 lis
935 1074 1054 1134 timidus
1074 1076 1266 1144 concessisset,
1294 1075 1330 1132 sit
1358 1082 1445 1146 caput
1460 1075 1589 1147 gentium
1611 1075 1723 1133 institu-

56 1160 66 1216 i
95 1160 219 1218 illumne
253 1161 376 1232 lapidem
406 1162 542 1219 stolidum
576 1162 687 1234 aliquid
717 1160 821 1232 putas?
875 1164 941 1223 tusi
956 1164 1008 1222 Sed
1024 1178 1187 1221 neccarum
1210 1163 1327 1221 decimae
1349 1163 1446 1234 partis.
1467 1163 1538 1231 Quis
1554 1163 1609 1220 luit
1629 1177 1722 1235 popu-

67 1248 93 1306 sl
113 1262 196 1306 mons
215 1263 340 1321 magnus
365 1250 458 1307 144144
477 1257 528 1317 441,
555 1251 626 1307 4444
645 1258 677 1307 41
693 1248 821 1320 impleret
875 1254 920 1311 lus
932 1267 1017 1325 quern
1033 1267 1090 1310 nou
1108 1253 1261 1325 cognovit?
1276 1253 1356 1311 Certe
1375 1251 1563 1321 Philistbaeos,
1583 1260 1611 1308 et
1625 1256 1722 1310 omnia

56 1350 139 1394 traam
162 1344 281 1404 terram,
305 1337 355 1394 441
378 1351 448 1410 ergo
476 1339 701 1395 commanebunt
731 1338 821 1395 homi·
875 1355 974 1398 eorum
995 1339 1056 1412 ipse
1079 1348 1262 1411 cognoverat.
1284 1342 1316 1396 Et
1335 1341 1412 1397 unde
1433 1347 1514 1396 tauta
1534 1354 1635 1397 eorum
1657 1340 1724 1399 ohe-

61 1425 141 1482 vides
164 1433 191 1482 41
209 1425 288 1496 rejici
313 1427 349 1482 ab
371 1426 500 1501 historia,
524 1435 552 1483 et
576 1434 676 1498 typum
696 1428 820 1497 apertis·
875 1429 982 1485 4144114
1002 1429 1231 1493 commendatur,
1252 1427 1333 1484 utin
1354 1427 1455 1483 auditu
1477 1427 1557 1484 auris
1580 1429 1723 1499 obtempe-

56 1513 435 1586 444144141444144114444
455 1515 524 1584 4414
544 1514 619 1571 141144
638 1529 696 1570 444
716 1516 821 1584 poteris
876 1531 953 1574 rasse
973 1516 1126 1573 dicantur?
1152 1530 1249 1573 nonne
1273 1516 1437 1572 Abimeleeb
1464 1525 1564 1571 contra
1585 1517 1721 1579 lsraelem

56 1603 77 1660 ti
114 1617 229 1668 nomeu,
273 1603 343 1674 4414
374 1605 468 1673 ipsum
504 1612 555 1671 441,
594 1603 672 1674 4444
707 1605 819 1673 penitus
877 1613 1041 1676 pugnaturo
1064 1605 1344 1674 4144144144144444
1370 1605 1432 1674 ojus
1457 1603 1494 1658 44
1516 1604 1634 1672 ipsum:
1659 1604 1722 1661 Non

57 1691 117 1748 rari
132 1706 189 1747 444
205 1690 312 1748 4414411
334 1706 385 1763 per
397 1700 546 1747 externam
563 1692 740 1763 religionem.
757 1692 820 1762 lpse
839 1661 1038 1764 Begredietur
1058 1693 1147 1748 David
1167 1692 1329 1760 uobiscum,
1354 1706 1412 1748 444
1435 1692 1511 1747 enim
1532 1691 1636 1748 melius
1658 1691 1722 1760 pla-

60 1779 198 1836 mauibos
230 1778 370 1845 abscisus,
404 1779 492 1835 n'ullis
525 1780 655 1836 venereis
686 1779 821 1849 operibus
874 1796 940 1839 care
962 1785 1062 1853 poterit
1083 1785 1225 1837 Dominum
1251 1797 1339 1849 suum,
1363 1797 1444 1851 quom
1468 1785 1497 1835 iu
1518 1782 1654 1852 capitibus
1670 1796 1724 1837 'no

57 1875 149 1925 44144.
166 1868 266 1940 Regna
281 1868 460 1936 comminuit,
482 1868 619 1938 44441414
640 1869 698 1938 ipse
711 1875 753 1923 est
768 1868 821 1938 441
874 1870 1007 1939 41414111
1028 1874 1092 1939 1144.
1108 1886 1186 1937 xxix,
1210 1871 1247 1942 4).
1267 1870 1329 1927 1144
1349 1875 1419 1927 4441
1439 1871 1500 1927 lraec
1517 1872 1606 1927 verba
1629 1884 1723 1927 mom-

56 1956 168 2013 mnibus
206 1956 341 2027 gentibus
376 1956 564 2013 hereditavit.
599 1956 730 2027 Regnum
762 1970 819 2012 444
874 1959 993 2015 brorum
1009 1958 1158 2029 decapite.
1178 1959 1617 2012 Filiiolienimentitisuntmibi
1636 1958 1721 2029 (Psoi.

56 2052 138 2114 tatur,
154 2059 207 2101 uec
220 2044 302 2100 alteri
325 2045 430 2116 populo
452 2045 586 2111 traditur,
609 2045 818 2116 441414411114,
872 2062 943 2115 444,
961 2047 1016 2119 ib).
1042 2047 1180 2117 Nunquid
1202 2046 1253 2102 lilii
1279 2046 1365 2101 alieni
1386 2047 1512 2102 4444444
1533 2046 1720 2115 replicantur,

63 2146 115 2204 per
138 2132 275 2189 Sanctum
296 2140 463 2189 sanctorum
485 2132 618 2199 infertur,
639 2133 819 2204 sempiterni·
874 2134 1025 2191 inveterati
1040 2142 1068 2191 et
1083 2134 1566 2205 41444144414444441144141,4414
1580 2148 1721 2200 ossuum,

56 2219 195 2276 firmatur.
218 2219 276 2276 Nec
301 2219 394 2276 aliena
413 2219 521 2276 scilicet
540 2221 679 2276 hereseos
697 2220 821 2292 alicujus
871 2231 899 2279 et
927 2235 993 2279 caro
1017 2236 1071 2279 sua
1092 2230 1205 2279 mortuo
1230 2221 1365 2290 4444144,
1393 2222 1428 2277 44
1456 2223 1514 2292 ipso
1536 2221 1702 2278 vocantur?

56 2307 125 2364 ione
141 2308 347 2378 corrumpitur,
372 2307 450 2379 4444
466 2309 546 2364 411441
570 2309 675 2379 populo
694 2309 820 2365 tradere·
910 2311 1033 2376 Dellcite,
1061 2325 1169 2381 queso,
1200 2310 1270 2380 4414
1298 2311 1371 2366 ratio
1402 2309 1484 2366 vobis
1514 2310 1617 2366 444411.
1652 2309 1722 2375 Quis

56 2397 99 2468 441
120 2396 341 2468 superveniente
360 2396 481 2467 pertidia
505 2404 677 2453 contaretur.
708 2399 820 2452 Domum
873 2413 942 2471 ergo
969 2406 1057 2469 caput
1082 2389 1230 2471 gentium?
1258 2398 1390 2455 Christus
1415 2398 1561 2468 proiecto:
1583 2401 1642 2455 Non
1667 2414 1719 2453 ou·

63 2487 173 2541 11414141
186 2485 260 2541 decet
279 2485 435 2541 sanctitudo
449 2487 478 2539 in
498 2485 695 2554 longitudinem
714 2486 820 2540 dietum
872 2491 977 2556 foretur
1001 2493 1136 2558 sceptrum
1164 2488 1197 2542 de
1225 2488 1308 2553 tudo,
1335 2492 1361 2542 ct
1384 2488 1443 2542 dua
1469 2486 1502 2541 do
1524 2490 1626 2554 fenore
1650 2487 1720 2556 ejus,

70 2587 137 2642 444,
155 2574 192 2645 11),
874 2578 955 2642 donec
968 2578 1060 2631 444141
1073 2580 1122 2647 441
1136 2576 1283 2631 mittendus
1300 2581 1349 2645 est,
1365 2578 1463 2646 etipse
1483 2577 1534 2631 erit
1553 2578 1720 2646 exspectatio

58 2660 120 2731 etis,
140 2675 157 2716 4
178 2660 295 2733 ingenia
310 2661 389 2717 omni
410 2661 531 2718 tortiora
550 2660 630 2730 laice,
649 2661 694 2718 his
720 2661 820 2733 laucis
875 2667 999 2722 Gentium
1019 2665 1096 2735 (beu.
1120 2679 1196 2733 xcvi,
1221 2667 1274 2735 10).
1300 2667 1363 2734 ispe
1381 2669 1420 2718 est
1436 2666 1485 2734 441
1499 2667 1555 2719 4141
1568 2667 1598 2718 iu
1612 2667 1722 2731 siguum

56 2750 139 2805 144114
162 2749 336 2806 evidentiam
365 2749 430 2806 4441
455 2750 634 2817 Christianae,
667 2765 733 2820 4444
761 2765 818 2806 444
871 2755 1044 2825 populorum,
1068 2752 1493 2823 444444414441444444444144
1517 2754 1583 2824 (iso.
1612 2768 1640 2816 u,
1666 2752 1721 2822 10).

56 2844 294 2908 compensant
319 2838 346 2894 14
368 2839 470 2894 vestris
484 2837 682 2895 voluminibus
697 2839 820 2895 babean·
874 2843 947 2913 Lege
966 2842 1080 2910 isaiam,
1104 2842 1194 2898 recole
1216 2840 1352 2907 psalmos,
1367 2841 1438 2913 4414
1454 2841 1533 2898 aliud
1559 2855 1648 2911 quam
1673 2854 1723 2897 44

56 2939 126 2995 ara,
161 2926 210 2982 sed
236 2932 295 2982 tam
320 2926 501 2999 multiplicia,
533 2934 566 2982 ut
593 2925 628 2982 114
657 2928 820 2996 retexendis
839 2931 1012 3008 Contionem
1032 2931 1160 3002 gentium
1182 2929 1305 2987 sonant‘l
1327 2930 1356 2984 in
1376 2931 1491 2985 nomine
1508 2929 1723 3002 Christigentes

56 3014 95 3071 iat
119 3014 229 3071 nullius
248 3015 376 3082 seientia,
398 3015 528 3071 omnium
546 3015 742 3071 retundantur
760 3015 817 3072 414
874 3019 1061 3090 speraturas?
1086 3019 1242 3075 Dicendum
1263 3019 1292 3073 14
1312 3017 1477 3074 4411441444
1497 3019 1569 3090 4414
1583 3018 1723 3075 Dominus
1755 3006 1757 3010 ’

73 3102 203 3160 Siillum
226 3103 386 3174 44144444
409 3103 821 3160 interramrectamdeducit
872 3107 1027 3179 regnavit:
1052 3112 1076 3163 a
1100 3106 1166 3164 solis
1193 3113 1258 3163 ortu
1283 3120 1376 3177 44444
1400 3106 1435 3160 44
1459 3119 1593 3162 occasum
1617 3119 1722 3162 nomen

59 3205 110 3249 444
133 3191 285 3259 haberetis,
312 3199 389 3248 certe
412 3205 456 3260 ea,
484 3205 550 3263 quae
573 3192 645 3248 idem
676 3207 727 3262 per
752 3206 819 3248 suos
874 3195 988 3252 Domini
1010 3195 1142 3251 tutorum
1164 3193 1318 3262 laudabile,
1343 3194 1496 3264 ipsumque
1517 3206 1606 3264 super
1625 3199 1723 3265 gentes

56 3282 123 3336 letas
144 3279 259 3337 locutus
276 3287 328 3348 441,
345 3280 474 3351 eiusdem
496 3281 677 3337 condimento
702 3280 818 3337 indubie
872 3283 1018 3338 excelsum
1043 3283 1128 3348 (Psoi.
1156 3295 1225 3350 444,
1253 3283 1279 3348 3,
1309 3281 1346 3352 4).
1377 3281 1413 3336 111
1441 3279 1640 3337 444414411444
1660 3280 1722 3352 jam

56 3368 117 3425 etis.
142 3369 178 3424 41
193 3369 264 3439 4414
285 3368 357 3424 41411
372 3369 463 3439 {plane
483 3369 562 3425 aliud
583 3384 672 3440 quam
688 3369 774 3436 turta,
791 3376 819 3427 41
872 3371 902 3426 14
937 3369 1040 3440 templo
1073 3378 1168 3426 vestro
1195 3370 1340 3426 sacerdote
1369 3377 1396 3426 et
1423 3368 1527 3438 hostia,
1565 3368 1723 3426 1141444144

56 3456 239 3529 4444114114,
266 3456 338 3513 nibil
364 3456 450 3526 plane
468 3457 503 3512 ad
534 3456 609 3527 piam
631 3457 817 3513 subtilitatem
872 3458 957 3515 inlert
973 3472 979 3513 :
997 3459 1042 3514 Ab
1061 3463 1124 3514 ortu
1142 3460 1208 3513 sotis
1229 3473 1315 3527 usque
1334 3457 1372 3512 od
1389 3472 1513 3512 occasum
1534 3472 1663 3526 magnum
1680 3463 1723 3514 est

55 3559 116 3601 teus
137 3544 284 3601 aiicotatis.
305 3545 333 3601 Si
351 3559 451 3602 veruru
476 3553 527 3612 441,
553 3545 622 3615 4414
641 3546 714 3614 guod
732 3547 818 3600 uoluit
871 3563 966 3602 nomeu
981 3562 1068 3602 meum
1088 3547 1270 3614 ingentibus,
1289 3552 1315 3601 et
1334 3549 1365 3601 in
1385 3548 1458 3601 omni
1474 3547 1529 3601 loco
1549 3548 1722 3615 sncmpcotur

56 3648 99 3689 sus
113 3637 179 3701 fecit
198 3636 228 3688 iu
251 3635 313 3690 coelo
336 3639 362 3689 41
381 3637 411 3688 in
430 3640 506 3689 terra
527 3634 612 3705 (Psoi.
635 3648 752 3702 cxxxiv,
776 3633 815 3704 4),
871 3641 897 3690 41
920 3634 1036 3704 offertur
1062 3637 1166 3689 nomint
1182 3649 1238 3690 meo
1250 3635 1353 3689 oblatio
1376 3634 1489 3701 muodo,
1506 3636 1573 3702 quia
1591 3649 1721 3703 magnum

58 3722 136 3789 teris,
159 3723 209 3794 441
232 3724 308 3779 Deus
327 3722 514 3793 probabiliter
530 3725 656 3780 existens
672 3725 817 3781 bominem
871 3728 911 3779 441
928 3738 1024 3778 mmcu
1039 3738 1124 3776 mcum
1145 3726 1174 3777 in
1194 3722 1318 3790 gentibus
1343 3723 1418 3791 (1141.
1437 3739 1455 3790 1,
1479 3722 1531 3792 tl).
1551 3721 1721 3778 vosautem

56 3809 137 3880 apsit,
169 3810 240 3881 4414
267 3810 395 3880 scrupuli
422 3810 516 3880 babet,
542 3826 650 3882 44444,
680 3820 708 3868 41
740 3813 817 3883 4444
871 3827 937 3869 cunt
954 3810 1301 3882 anobisinterrogamini
1318 3809 1539 3881 uuaretempto,
1561 3809 1720 3881 pontificio,

56 3912 114 3954 tem
140 3913 196 3953 nou
226 3899 336 3969 absque
361 3899 472 3956 salubri
502 3901 638 3970 mysterio
670 3900 817 3958 humiliari
871 3908 899 3957 et
920 3914 972 3957 ara
992 3898 1123 3966 careatis,
1146 3898 1223 3956 illico
1242 3899 1372 3955 deterre
1392 3898 1721 3970 14444444114114144-

57 3994 208 4058 4444444
222 3987 346 4043 44144411
362 3988 543 4058 postmodnm
560 3989 742 4060 provexerit?
872 3988 980 4045 munda
1001 3987 1174 4057 causamini,
1204 3988 1254 4044 sed
1273 3987 1428 4058 praedictus
1449 3985 1477 4043 in
1503 3988 1557 4044 444
1583 3987 1722 4059 propheta

56 4075 148 4147 ponite
173 4076 250 4147 4444
278 4078 523 4148 contemporaneis
550 4080 633 4135 lesus
659 4083 734 4134 era
763 4080 817 4135 Do·
871 4091 929 4133 444
942 4077 1020 4134 14441
1031 4077 1120 4134 nobis.

56 4178 67 4221 4
93 4165 151 4235 ipse
177 4166 330 4236 proposuit.
355 4169 432 4221 Dicit
458 4167 590 4222 Dominus
616 4171 727 4223 Domino
749 4184 815 4236 meo,
907 4165 981 4233 Quid
996 4172 1134 4237 praeterea
1151 4165 1265 4222 Balaam
1281 4164 1327 4222 ille
1341 4164 1599 4232 arioluszometun
1614 4166 1719 4237 144411,

56 4270 60 4307 t
77 4253 183 4310 deutris
206 4258 272 4310 meis
292 4255 375 4326 (Psoi.
397 4271 454 4320 444,
479 4254 514 4326 1),
535 4264 563 4313 41
585 4264 687 4313 catera
703 4258 816 4328 psalmi,
837 4256 952 4316 nstclto
967 4270 1001 4309 44
1012 4255 1111 4322 Jacob,
1124 4259 1149 4308 41
1161 4260 1301 4323 consurget
1313 4254 1436 4323 41441444
1449 4255 1543 4323 lsrael,
1557 4259 1583 4308 41
1597 4256 1719 4322 consciu-

56 4342 134 4400 ralde
155 4350 248 4401 vestro
266 4352 334 4401 sunt
354 4344 445 4401 errori
469 4346 623 4402 contraria.
642 4345 815 4415 Perspieaci-
870 4347 914 4411 get
929 4356 1018 4397 omnes
1031 4343 1110 4397 duces
1125 4340 1217 4409 uoco,
1233 4342 1406 4412 vastabitque
1421 4357 1511 4397 omnies
1526 4344 1596 4411 titios
1611 4343 1681 4409 ittb3
1695 4347 1721 4398 41

57 4431 112 4486 iam
128 4439 224 4488 nestra
240 4441 291 4490 aut
310 4433 395 4501 41441,
417 4441 466 4489 441
485 4433 575 4490 414441
598 4433 667 4504 4414
690 4433 744 4489 4141
763 4448 816 4490 44-
871 4433 923 4485 4411
936 4429 1047 4485 idumea
1056 4431 1188 4500 possessio
1198 4432 1266 4500 ejus.
1277 4430 1437 4486 Hereditas
1448 4430 1591 4487 8414444141
1600 4433 1720 4486 inimicis

56 4519 197 4577 141414414
225 4520 295 4577 11144
312 4537 318 4577 ;
346 4524 475 4576 Dominus
496 4522 571 4576 dimit
589 4522 628 4576 ud
651 4538 692 4576 mc
705 4539 715 4576 .·
730 4523 816 4578 Filius
871 4522 938 4574 suis.
955 4519 1042 4575 lsruol
1057 4534 1118 4573 nero
1132 4520 1243 4586 sortiter
1257 4523 1319 4588 eget
1332 4518 1424 4588 (Num.
1436 4533 1515 4584 xxiv,
1526 4519 1570 4587 17,
1585 4518 1638 4590 te).
1649 4519 1719 4584 Quat

69 4613 160 4677 estu,
190 4625 238 4680 epo
263 4610 341 4664 bodie
363 4611 445 4677 genui
462 4614 496 4665 14.
525 4611 635 4665 Postulo
661 4626 678 4664 o
711 4627 762 4679 me,
791 4616 817 4666 et
870 4606 1136 4664 eststellaillaria
1159 4620 1176 4662 a
1199 4621 1267 4663 vero
1287 4606 1537 4675 44141114414414,
1560 4607 1719 4677 4144444

65 4697 117 4752 tibi
144 4703 235 4766 gentes
260 4697 445 4752 hereditatem
464 4703 549 4765 tunm,
573 4704 598 4753 41
625 4702 817 4768 possessionem
870 4704 971 4753 exorta
985 4702 1028 4752 eat
1042 4696 1071 4751 in
1085 4695 1210 4753 tenebris
1223 4694 1320 4752 lumen
1331 4695 1416 4751 rectis
1428 4695 1522 4761 corde,
1535 4694 1719 4752 miseratores

63 4786 192 4841 terminos
212 4793 288 4841 terra
309 4787 390 4857 (Psoi.
413 4803 443 4854 u,
461 4790 487 4853 7,
513 4785 551 4855 8).
574 4788 608 4843 itt
628 4786 816 4843 4144144114-
870 4782 1032 4841 misericors
1046 4791 1073 4839 et
1084 4784 1182 4855 justus
1200 4783 1287 4854 (Psoi.
1305 4799 1344 4850 ru,
1360 4781 1399 4853 4).
1422 4782 1534 4838 Exinde
1548 4783 1630 4854 virga
1646 4796 1719 4839 444-

55 4873 549 4944 4444444111144114111344144114
570 4877 653 4942 genui
668 4880 702 4943 14,
728 4888 815 4945 quem
870 4873 975 4944 surgit,
996 4871 1084 4929 141144
1103 4871 1235 4928 videlicet
1257 4870 1438 4927 rectitudinis
1453 4869 1639 4940 singularitas
1660 4867 1720 4938 ipse

58 4972 85 5014 m
104 4972 122 5014 a
139 4959 352 5030 44414444441,
380 4975 459 5034 rogo.
482 4961 585 5019 Gentes
611 4976 727 5034 444444
746 4975 784 5017 44
799 4975 816 5017 4
870 4960 1000 5018 Christus
1023 4959 1153 5032 emergit.
1171 4960 1242 5017 Vide
1257 4959 1286 5015 14
1302 4959 1347 5015 414
1365 4957 1504 5030 exemplis
1522 4972 1589 5031 quae
1611 4957 1720 5015 deluis

71 5054 172 5104 utrum
194 5063 211 5105 a
235 5056 327 5106 matre
348 5051 499 5106 hareditas
518 5050 582 5122 ejus
602 5057 815 5121 4444441444-
871 5056 1019 5120 assumpta
1031 5056 1073 5106 441
1097 5048 1187 5117 libris,
1204 5062 1292 5120 quam
1315 5061 1386 5118 pure
1406 5048 1467 5104 sine
1485 5046 1544 5103 ullo
1562 5047 1652 5117 patris
1667 5053 1719 5104 aut

72 5135 189 5192 termini
208 5142 291 5193 terrae
313 5137 405 5194 multa
428 5151 445 5193 a
465 5138 547 5195 vobis
562 5146 657 5196 mente
672 5139 813 5210 disquiro.
869 5138 985 5194 seminis
1015 5137 1153 5194 memoria
1177 5137 1345 5194 enuntietur
1377 5135 1468 5207 origo.
1498 5135 1573 5192 4441
1606 5134 1718 5192 stellam

64 5222 203 5293 contigua
226 5222 310 5293 plane
338 5222 393 5280 sibi
426 5223 488 5280 loca
515 5223 732 5283 Palestinorum
763 5232 816 5282 aut
870 5239 936 5296 qua
958 5225 1020 5282 siue
1039 5225 1084 5282 sui
1106 5224 1276 5283 detrimento
1304 5225 1401 5281 lumen
1426 5223 1497 5280 illud
1520 5222 1655 5280 emiserit.
1681 5224 1719 5282 bt

56 5310 199 5367 tuitarum
215 5311 370 5368 tributaria
393 5310 500 5381 lecerit,
524 5313 659 5371 abhorret
686 5321 816 5371 tamena
869 5313 941 5384 4414
967 5313 1064 5370 lumen
1091 5312 1183 5371 444114
1203 5326 1262 5369 444
1285 5312 1439 5369 ridebatur
1462 5311 1594 5380 inilrmis,
1617 5318 1719 5382 partus

67 5397 149 5471 quod
168 5397 329 5456 hereditati
348 5406 447 5472 gentes
464 5409 491 5456 et
508 5401 665 5471 possessive
684 5414 741 5457 444
760 5400 815 5457 tri·
869 5400 957 5458 stelle
978 5408 1111 5459 mutatur
1135 5401 1165 5458 14
1181 5402 1306 5473 virgam,
1329 5415 1395 5471 444
1413 5401 1512 5459 444144
1528 5399 1644 5473 dirigat,
1667 5412 1719 5456 su·

56 5484 80 5543 14
94 5484 232 5543 14441444
246 5494 331 5544 terrea
344 5488 478 5545 tenuerit.
499 5488 574 5545 11144
589 5501 706 5559 444444
723 5501 731 5542 :
748 5488 816 5544 Eri-
869 5488 972 5561 perbos
996 5488 1146 5572 deprimat,
1174 5486 1365 5547 imbecillibus
1396 5488 1626 5549 sustentaculum
1655 5486 1718 5545 441.
