3818 6008
296 105 527 168 anneotoolm
544 105 583 169 itt
600 111 702 179 0888,
723 113 815 172 elios
833 113 877 170 ET
895 113 975 172 tait.
988 147 1023 158 -
1043 117 1107 175 lla.
1127 117 1175 178 ll.
1195 121 1229 178 lll
1247 120 1352 180 nuos,

1647 130 1700 186 lla

53 236 83 293 in
99 236 500 310 virtutibuspromoreamur,
518 248 569 297 aut
592 241 676 298 tinem
699 243 793 313 perie—
812 245 990 316 Atanouam
1016 249 1186 307 naturaliter
1213 252 1249 308 ad
1272 253 1349 310 mala
1368 253 1512 325 teruntur,
1538 258 1567 314 in
1592 259 1699 318 eisdem

71 325 260 397 attingamus,
278 343 345 399 ouae
364 328 422 385 duo
447 344 514 385 cum
538 330 648 402 integre
669 331 799 388 animum

53 414 231 471 obtinuerint
255 426 397 483 nostrum,
423 425 529 474 terram
554 429 680 475 nostram
707 422 800 478 idest

53 517 65 560 1
80 518 98 560 a
112 518 165 560 suo
180 505 305 575 pondere
319 506 475 573 dimovent,
493 507 529 562 ad
550 508 602 563 boc
620 516 651 564 ut
665 523 731 565 cum
746 524 799 566 suo

53 593 176 650 exultare
190 607 253 650 eam
270 593 377 650 iaciant
396 594 426 649 iu
442 595 533 651 Deum
550 596 659 652 vivum.
684 598 716 652 ln
730 596 800 668 lipsa

53 690 140 738 rostra
152 683 278 738 novitate
293 683 439 752 consopito
460 684 669 755 aliquantisper
678 687 799 755 strepitu

54 785 97 840 m,
125 771 160 827 ad
185 771 429 828 examinationem
454 773 499 829 sni
527 773 655 843 ipsorum
684 776 801 832 aeuitur

54 873 74 916 ts
90 859 264 916 animorum.

54 963 70 1004 r.
99 951 126 1002 a.
153 977 190 990 -
220 948 285 1004 «Et
309 947 405 1004 dixit:
431 949 571 1006 Dominus
592 950 627 1007 de
652 950 721 1007 Sion
750 966 799 1008 ru·

54 1035 110 1093 lde
125 1036 282 1093 Jerusalem
303 1036 383 1092 dabit
402 1051 500 1093 vocem
520 1051 647 1094 suam.»
671 1041 800 1095 Dominus

54 1139 79 1178 m
107 1124 195 1195 rugit,
228 1139 295 1180 curn
324 1123 353 1180 iu
384 1124 446 1195 ipso
475 1133 579 1182 nostrae
605 1127 801 1184 conversionis

54 1227 78 1282 o,
104 1220 258 1284 postquam
279 1220 386 1270 statum
408 1222 538 1271 nostrum
561 1216 654 1272 metiri
669 1224 696 1273 et
715 1215 800 1287 quasi

853 334 1093 405 concupiscentiis
1107 338 1314 397 absorbentur.

889 420 974 477 Vnus.
989 424 1021 490 ι5.
1046 444 1110 476 -u
1133 425 1168 481 Et
1195 436 1341 485 conteram
1367 439 1474 487 vectem
1505 433 1650 502 Danaasei,
1673 442 1701 491 et

854 507 1045 579 ‹dirperdam
1065 513 1252 573 habitatorem
1274 519 1308 574 de
1323 534 1423 590 eampo
1447 521 1525 588 idoli,
1551 533 1578 580 et
1600 533 1701 580 tenen-

854 619 867 645 »
894 605 951 653 tem
977 609 1106 672 seeptum
1133 604 1167 659 de
1194 605 1277 661 domo
1305 608 1469 678 voluptatis.
1491 611 1612 668 ·vectls
1640 613 1701 668 Da-

854 687 942 741 masci
966 690 1124 748 conteritur
1143 707 1209 749 curn
1236 695 1290 750 lico
1316 697 1387 752 iacto
1415 699 1536 768 propilio
1561 700 1700 757 mentium

853 772 1010 843 obstacula,
1033 777 1158 834 admissa
1179 781 1367 850 pmrritndine,
1388 785 1584 841 resoluuntur.
1610 786 1701 842 liabi-

855 868 959 918 tntores
988 864 1021 918 tte
1043 880 1138 935 compo
1165 869 1233 923 idoli
1256 870 1475 940 disperduntur,
1503 888 1570 930 cum
1595 876 1700 932 mentis

854 947 986 1020 licentiae,
1002 965 1068 1021 quan
1089 953 1143 1007 bac
1164 955 1286 1026 illacque
1307 972 1356 1026 per
1383 959 1527 1028 appetitus
1545 961 1700 1018 criminum

854 1034 1047 1107 vagabantur,
1076 1047 1103 1095 et
1125 1040 1258 1098 familiari
1287 1045 1406 1101 cuilibet
1429 1047 1499 1103 vilio
1524 1062 1558 1104 ac
1579 1049 1601 1104 si
1627 1049 1701 1106 idolo

855 1123 994 1180 inservire
1007 1125 1190 1196 videbantur,
1207 1131 1243 1186 ab
1261 1130 1313 1188 bae
1329 1134 1476 1190 mansione
1494 1135 1621 1193 indebita
1634 1151 1700 1194 suc·

854 1210 1000 1268 ciduntur.
1017 1212 1127 1270 Totiens
1142 1222 1277 1287 sceptrum
1291 1219 1413 1275 dedomo
1428 1224 1576 1292 uoluptatis
1590 1225 1701 1295 disper-

54 1301 320 1372 oriooeporImus‚a
344 1303 453 1374 gemitu
473 1303 567 1359 oordis
587 1304 673 1360 nostri
694 1304 801 1374 inipso
854 1296 942 1367 ditur,
963 1312 1028 1355 illim
1051 1301 1248 1373 principalitas
1272 1305 1449 1373 intentionis,
1478 1310 1564 1380 cujus
1586 1325 1702 1368 suintila

54 1390 181 1460 ipsorum
196 1389 422 1447 consideratione
436 1391 579 1463 rugimus.
598 1395 632 1448 ile
647 1392 800 1463 {Jerusalem
854 1394 915 1442 erat
929 1388 1069 1458 voluptati
1087 1391 1292 1449 conscientiam
1308 1396 1448 1466 addicere,
1468 1406 1495 1454 et
1514 1401 1597 1469 quasi
1615 1414 1700 1456 man-

68 1493 148 1534 suum
176 1481 305 1534 pominus
335 1479 395 1547 oar,
432 1494 499 1536 com
526 1495 562 1536 ox
588 1481 800 1551 perseverantia
854 1473 1262 1549 sinnariamiacere,omnino
1288 1483 1494 1541 destituitur.»
1520 1487 1556 1542 dr
1582 1488 1700 1545 transie-

70 1565 176 1623 interni
199 1569 388 1638 experientia,
415 1569 498 1639 quasi
522 1569 632 1626 visione
658 1570 736 1640 pacis
759 1572 797 1625 in·
820 1554 966 1619 B‹relur
988 1565 1113 1635 bubulus
1142 1566 1230 1639 Syriae
1255 1568 1395 1640 Cl'rssllesst
1426 1574 1494 1630 dicit
1520 1576 1700 1633 Balbinus.»

57 1655 113 1726 lull
133 1655 194 1727 jam
223 1655 340 1712 bestiale
367 1671 401 1713 ac
429 1672 549 1725 saevum,
579 1660 658 1728 quod
684 1658 799 1730 rugitus
854 1647 936 1719 Syria
951 1651 1156 1724 interpretatur
1181 1659 1321 1726 sublimis;
1336 1661 1444 1730 Cyrene
1459 1663 1589 1717 heredem
1602 1667 1699 1730 isonat.

55 1751 102 1813 ης,
128 1743 176 1800 sed
200 1743 363 1800 humanum
386 1760 470 1802 omne
492 1761 526 1801 ag
549 1760 680 1802 801*ssssssOE
711 1749 797 1804 senti.
854 1736 983 1808 Popilius
997 1755 1065 1812 81'80
1086 1741 1174 1812 sysiae
1193 1745 1332 1815 cyrenem
1356 1750 1623 1817 transistrianorum
1640 1753 1702 1808 vui·

55 1831 106 1889 lod
119 1846 175 1888 vox
189 1841 282 1888 sonat,
300 1833 375 1889 Deus
390 1835 467 1890 enim
484 1834 513 1889 in
529 1835 612 1891 nobis
627 1836 715 1906 rugit,
732 1851 798 1892 cum
854 1827 968 1896 galium
984 1836 1115 1885 motuum
1130 1833 1354 1900 SUpel'GiiiOSiiaS
1375 1837 1402 1891 in
1418 1838 1515 1894 animo
1538 1841 1574 1895 ali
1587 1848 1701 1897 &101¹ssae

54 1921 125 1977 aissa
139 1921 217 1976 cordi
233 1929 330 1977 nostro
350 1923 530 1992 paenitudine
554 1923 705 1995 rugituum
726 1939 799 1981 cau-

55 2009 141 2080 gerit.
175 2011 236 2066 «Et
267 2010 405 2067 luxerunt
432 2010 560 2081 speciosa
579 2019 736 2081 pastorum,
771 2022 799 2069 et

55 2105 111 2155 ltus
138 2105 179 2154 est
209 2107 308 2155 vertex
335 2098 467 2155 Carmeli.
500 2100 630 2170 Speciosa
656 2105 799 2170 pastorum

55 2228 60 2251 ,
76 2200 143 2243 curu
158 2200 194 2243 ex
210 2186 316 2243 divinae
326 2186 403 2243 vocis
417 2187 618 2244 auditusacrae
632 2187 797 2259 Scripturas,

55 2291 58 2325 r
78 2274 236 2346 speciosius
257 2274 293 2330 ad
320 2275 485 2332 interiorem
510 2284 624 2346 pastum
648 2277 718 2333 nibil
745 2286 797 2345 est,

68 2363 152 2419 nobis
172 2363 335 2421 occasiones
359 2363 519 2420 insinuant.
546 2365 605 2422 Nisi
625 2366 702 2422 onim
725 2367 799 2423 Deus

854 1911 1027 1970 baereditatis
1039 1915 1107 1986 jura
1123 1921 1281 1988 quaerenda
1294 1923 1446 1994 redigitur.

889 2001 974 2059 Vens.
1000 2006 1026 2060 6.
1052 2028 1115 2055 -»
1142 2008 1209 2065 llaec
1226 2009 1294 2065 dicit
1316 2011 1478 2070 Dominus:
1495 2014 1586 2086 Super
1608 2017 1701 2073 tribus

856 2108 866 2134 ι
884 2087 1039 2145 sceleribus
1060 2091 1140 2147 Gazae
1158 2101 1186 2148 et
1208 2106 1295 2162 super
1308 2104 1435 2166 quatuor
1453 2114 1510 2155 nnn
1534 2105 1700 2157 convertam

856 2201 866 2227 ι
884 2192 957 2248 eam,
975 2181 1101 2251 eoquod
1123 2183 1302 2240 transtulerit
1320 2187 1513 2254 captiuitatem
1535 2189 1699 2258 perlectam,

855 2277 915 2325 «ut
943 2268 1124 2326 concluderet
1152 2284 1215 2327 eam
1243 2271 1271 2326 in
1298 2273 1435 2329 idumaea.
1451 2296 1464 2325 n
1496 2278 1568 2332 Gaza
1595 2278 1701 2335 dicitur

852 2355 987 2422 fortitudo
1006 2356 1074 2427 ejus.
1095 2357 1123 2413 Si
1138 2358 1304 2427 Damascus,
1328 2375 1363 2416 cx
1379 2363 1462 2419 oculo
1477 2365 1638 2435 sanguinis,
1657 2366 1701 2422 in·

854 2444 994 2516 telligitur
1007 2446 1125 2502 intentio
1146 2462 1245 2519 prava,
1266 2449 1349 2517 Gaza,
1369 2466 1418 2521 per
1432 2453 1477 2508 sui
1494 2453 1698 2523 tortitudinem,

855 2534 932 2590 baud
947 2534 1069 2591 dubium
1084 2535 1156 2606 quin
1172 2538 1346 2595 contrariam
1357 2540 1455 2596 eadem
1476 2539 1595 2597 intentio
1607 2543 1700 2613 signi-

55 2452 141 2508 menti
165 2452 335 2519 insonuerit,
357 2452 469 2508 tructus
493 2453 649 2524 legentium
669 2454 698 2510 in
718 2467 799 2510 sacra

56 2582 57 2589 .
81 2540 181 2596 nullus
199 2541 263 2596 erit.
289 2542 384 2594 Vertere
405 2541 522 2596 Carmeti
540 2540 711 2607 exsiccatur,
732 2555 798 2597 cum

56 2627 290 2685 ›sitasintestinae
311 2628 448 2696 mollitiei,
472 2642 532 2698 oua
552 2628 626 2684 inter
646 2628 716 2684 vilia
735 2629 797 2684 len·
854 2621 986 2678 beabitur
1014 2621 1166 2679 obdurata.
1197 2625 1285 2694 Super
1311 2628 1578 2698 enumerarentur,
1609 2631 1636 2687 id
1658 2639 1701 2688 est

55 2717 82 2774 lo
104 2717 250 2788 quondam
274 2725 374 2773 contra
391 2718 481 2773 Deum
505 2725 662 2786 tumuerat,
685 2724 800 2786 sumpta
854 2709 973 2781 ingenii,
1004 2711 1158 2777 memoriae,
1184 2720 1212 2768 et
1235 2728 1306 2771 usus
1329 2718 1603 2788 transgressionibus
1626 2720 1720 2777 Deus-

56 2814 146 2862 ·nntra
178 2819 293 2862 carnem
323 2806 470 2877 propriam
495 2805 612 2875 spiritus
645 2805 798 2862 rebellione
853 2798 1042 2864 convertitur,
1061 2800 1131 2870 ouia
1154 2800 1349 2872 interioribus,
1363 2815 1390 2862 et
1406 2807 1476 2877 [sup.
1498 2807 1552 2878 his]
1575 2822 1640 2876 onae
1664 2808 1701 2864 ad

59 2893 345 2965 r;Carmelusenim
359 2893 681 2962 moltisinterpretatur.
853 2886 1026 2955 operationis
1052 2887 1259 2945 oxiribitionem
1293 2906 1351 2948 nou
1381 2896 1593 2965 pertrabuntur
1614 2895 1700 2951 citius

56 2998 70 3039 t.
95 2987 197 3039 3,-.
218 2983 284 3039 flaeo
307 2982 376 3038 dicit
401 2982 562 3038 Dominus:
590 2981 681 3052 Sopor
705 2983 799 3040 astons
853 2975 929 3030 Deus
950 2975 1121 3045 propitiatur
1139 2990 1227 3047 quam
1252 2978 1297 3034 bis
1312 2994 1376 3050 quae
1401 2981 1436 3036 ad
1460 2981 1581 3038 aliorum
1597 2995 1700 3038 corru-

56 3073 136 3130 ribus
161 3071 302 3138 Damasci,
332 3079 360 3127 et
384 3085 472 3141 super
499 3079 626 3141 quatuor
650 3085 707 3126 nun
730 3087 798 3127 eun·
853 3066 978 3133 ptionem
994 3077 1044 3133 per
1062 3068 1194 3136 exempla
1209 3068 1367 3123 ducuntur.
1391 3070 1479 3139 super
1494 3077 1611 3140 quotuor
1632 3084 1699 3127 roro

56 3175 90 3217 ‚m
112 3175 191 3229 oum,
215 3175 248 3216 90
277 3159 355 3231 quod
379 3159 580 3216 trituraverint
605 3159 633 3214 ln
663 3160 798 3229 plausoris
851 3166 905 3205 nou
920 3151 1110 3222 convertitur,
1126 3153 1196 3223 quia
1212 3154 1281 3210 dum
1297 3154 1334 3209 ad
1352 3157 1521 3212 exercitium
1541 3157 1698 3228 corporale,

56 3250 85 3306 is
112 3249 229 3305 Galaad.
250 3271 263 3298 n
307 3248 466 3304 Damascos
499 3247 606 3305 dieitur
638 3251 799 3317 sangumem
852 3240 930 3310 quod
951 3248 1078 3312 quatuor
1095 3241 1241 3297 elementis
1263 3242 1490 3313 administratur,
1521 3247 1633 3303 trinitas
1651 3245 1700 3301 illa

78 3337 123 3394 vel
146 3338 237 3392 oculus
258 3339 410 3404 sauguinis.
426 3337 478 3392 Per
502 3336 619 3392 oculum
635 3338 797 3408 sanguinis,
853 3328 1016 3397 intrinseca,
1039 3343 1128 3399 ronam
1148 3329 1285 3397 diximus,
1311 3331 1371 3386 sive
1396 3332 1478 3399 ratio,
1504 3334 1648 3402 voluntas,
1672 3342 1700 3390 et

56 3433 152 3482 catum
172 3439 264 3496 prona
289 3425 459 3497 designatur
483 3425 613 3493 intentio,
637 3440 703 3496 ipram
729 3434 799 3482 tuno
852 3416 972 3474 allectus
993 3418 1165 3488 pervenerit,
1185 3415 1278 3474 facilis
1296 3421 1444 3474 conversio
1468 3421 1504 3475 ad
1528 3421 1700 3492 integritatis

57 3528 121 3570 nem
136 3514 218 3581 bibit,
233 3528 299 3570 cum
320 3528 349 3570 se
373 3514 479 3585 peccati
501 3514 662 3586 ingurgitat
685 3515 794 3571 deside.
853 3506 983 3563 habitum
999 3505 1242 3563 nullatenuserit.
1265 3505 1318 3573 Qui
1340 3507 1417 3563 enim
1443 3508 1510 3564 tacit
1538 3517 1697 3578 peccatum,

57 3601 95 3658 ,ὴ
119 3602 226 3659 seelera
254 3603 412 3660 Damascus
437 3602 533 3669 habeo,
554 3616 620 3659 oum
646 3610 709 3672 poso
732 3617 798 3674 sug.
852 3608 954 3651 servus
967 3602 1009 3650 est
1024 3594 1131 3665 peccati
1152 3595 1241 3663 (loon.
1259 3609 1317 3661 urar,
1338 3596 1393 3664 34),
1416 3595 1502 3665 cujns
1520 3596 1698 3666 experientia

61 3705 105 3748 om
139 3691 318 3748 delectationi
353 3699 441 3762 arque
472 3692 624 3748 consensui
656 3691 795 3762 subjaceo,
853 3682 1002 3753 preteritae
1025 3697 1085 3740 suae
1119 3697 1229 3739 veuosae
1261 3682 1421 3740 dulcedinis
1454 3685 1604 3741 immemor
1637 3698 1697 3742 esse

57 3785 167 3850 ,mom
192 3794 258 3837 voro
274 3781 419 3835 crebribus
444 3796 497 3835 „022
521 3781 711 3848 conver-oms,
728 3781 797 3852 quta
852 3784 909 3826 non
933 3769 1043 3840 poterit.
1066 3770 1157 3826 Aliter
1182 3770 1258 3826 enirn
1281 3771 1425 3826 raemoriae
1452 3780 1555 3828 nostrae
1581 3783 1695 3830 contre-

57 3875 166 3926 muere
191 3868 284 3925 redire
307 3868 700 3937 aretamarrlranumurnea,
718 3877 797 3940 post·
851 3865 1090 3926 lunaelunae,
1115 3859 1334 3930 arrrercognara
1358 3861 1517 3917 referimus·
1549 3863 1618 3930 nou,
1648 3862 1698 3918 in-

68 3957 99 4013 iu
121 3965 270 4027 peecatum
297 3957 391 4028 operia
413 3957 595 4014 exsecutione
622 3958 795 4026 proceditur.
851 3946 923 4017 quit,
937 3950 1090 4000 convertam
1107 3961 1175 4013 enm,
1189 3961 1218 4002 eo
1232 3946 1306 4015 quod
1319 3949 1491 4002 transtulerit
1512 3950 1700 4018 captiuitatem

57 4046 357 4116 aimroluutateouis
380 4046 482 4113 ruerit,
524 4045 554 4101 in
572 4059 657 4102 usum
677 4046 738 4116 jam
759 4060 796 4102 ex
847 4036 1007 4103 perfectam,
1034 4033 1062 4089 id
1091 4040 1132 4089 0⁵⁸
1158 4033 1302 4104 quidquid
1331 4033 1457 4101 virtutis,
1489 4035 1635 4106 quidquid
1668 4036 1697 4092 5¹¹

58 4140 114 4191 oo,
133 4134 319 4204 pertrahitur.
342 4133 449 4189 calago
471 4133 577 4189 orooro
591 4149 703 4188 memus
718 4138 796 4189 resto.
815 4123 949 4200 „animo
972 4121 1155 4194 professionis
1183 4121 1264 4178 bonae
1291 4123 1445 4184 resisteret.
1474 4122 1503 4178 in
1528 4124 1699 4182 diabolicam

66 4223 103 4280 Iu
124 4223 259 4292 plaustris
287 4225 386 4290 [erreis
413 4222 521 4279 dolend
548 4221 705 4291 trituravit,
728 4238 794 4280 cum

58 4310 99 4367 sis
126 4311 334 4381 cogitationum
355 4309 590 4380 lrevolutionibus
618 4310 699 4367 bonae
726 4326 795 4368 con·

58 4398 116 4456 ein
137 4413 167 4455 se
186 4399 393 4465 testimonium,
407 4398 496 4470 quod,
515 4398 601 4469 juxta
616 4399 794 4471 Apostolum,

75 4485 130 4543 sibi
161 4499 222 4543 esse
254 4487 401 4554 debuerat,
436 4486 591 4545 destruunt
617 4496 645 4544 et
677 4488 795 4544 concul-

58 4577 152 4634 icor.
169 4593 188 4644 1,
216 4581 269 4645 la).
288 4579 399 4632 Ferrum
421 4576 498 4635 enim
527 4590 579 4649 pro
604 4577 712 4632 mulitia
728 4578 795 4649 poni

58 4768 71 4806 t.
86 4751 113 4806 l.
129 4781 164 4791 -
180 4772 191 4800 ι
210 4752 245 4808 Et
260 4751 372 4808 mittam
394 4752 490 4824 ignem
511 4751 540 4807 in
561 4751 679 4809 domum
700 4752 794 4822 azael,

57 4840 189 4898 erorabit
218 4841 316 4898 dornos
339 4841 485 4898 benadab.
515 4841 626 4897 »azael
652 4841 795 4911 interpra-

58 4930 124 4985 mua
147 4932 208 4996 beo,
233 4929 368 4986 Beuadab
394 4932 469 5000 itlius
492 4943 665 5000 spontaneus.
686 4931 717 4983 ln
745 4929 797 4984 do-

58 5017 123 5072 anet
141 5016 215 5088 ignis
239 5018 375 5085 mittitur,
398 5033 465 5075 cum
486 5018 548 5089 ipsa
568 5017 640 5074 ratio
658 5017 798 5074 vitiorum

58 5105 97 5163 iis
112 5105 266 5164 inaestuare
281 5107 468 5178 permittitur,
489 5121 555 5178 que
575 5106 733 5178 aliquando
748 5108 798 5164 Dei

59 5193 220 5267 itinsigniri
244 5195 405 5252 videbatur.
431 5198 538 5253 boman
559 5195 686 5250 dumont
710 5195 799 5252 devo

850 4212 1045 4283 vitiorumque
1066 4211 1226 4268 traduxerit
1248 4211 1425 4268 seruitutem.
1456 4213 1492 4268 Et
1511 4213 1566 4269 boc
1589 4214 1696 4283 iecerit,

849 4307 880 4357 ut
894 4301 1063 4357 concluderet
1076 4316 1134 4355 eom
1156 4303 1184 4355 iu
1217 4302 1349 4369 idumaea,
1382 4301 1411 4356 id
1437 4309 1531 4358 estut
1561 4301 1621 4358 sine
1638 4301 1698 4359 ulla

850 4391 1050 4448 retractatione
1075 4395 1150 4444 m
1172 4389 1301 4460 spiritus,
1326 4397 1468 4446 coerceret
1487 4391 1613 4446 animam
1642 4391 1697 4448 sub

849 4479 1068 4551 morigeratione
1099 4485 1235 4534 terrena:
1267 4480 1386 4535 ldumea
1418 4479 1494 4536 oraim
1528 4485 1635 4534 terreno
1655 4479 1698 4536 di·

848 4569 934 4628 citur.

887 4661 971 4717 Vens.
984 4657 1011 4725 7,
1028 4659 1055 4713 8.
1072 4685 1106 4699 -
1124 4679 1133 4704 ι
1150 4658 1186 4714 Ει
1200 4659 1311 4715 mittam
1326 4658 1418 4730 ignem
1434 4656 1462 4713 in
1475 4671 1591 4714 murum
1604 4655 1697 4727 Gaze,

852 4770 865 4798 α
879 4757 907 4803 et
922 4745 1071 4803 devorabit
1084 4745 1159 4802 aedes
1172 4745 1245 4817 ejus.
1264 4747 1299 4802 Et
1317 4746 1479 4817 disperdam
1506 4747 1697 4805 habitatorem

853 4836 916 4892 nde
942 4835 1037 4904 azoto,
1062 4843 1089 4894 et
1111 4843 1253 4892 tenentem
1281 4843 1427 4905 sceptrum
1452 4836 1486 4892 de
1511 4836 1693 4914 escalona«

850 4925 930 4997 lgnis
946 4925 1069 4983 mittitur
1083 4928 1112 4981 in
1126 4941 1234 4980 murum
1253 4925 1342 4990 daza,
1371 4938 1438 4980 cum
1462 4926 1699 4995 concupiscentia

852 5013 967 5071 immitti
987 5015 1141 5086 permittur
1161 5015 1190 5071 in
1213 5014 1347 5071 exteriori
1371 5013 1509 5080 custodia,
1540 5028 1606 5084 onae
1629 5027 1699 5085 pro-

851 5104 983 5161 saeculari
999 5104 1145 5161 honestate
1164 5103 1320 5160 adhibetur
1342 5103 1378 5159 ad
1397 5103 1593 5174 palliationem
1616 5103 1699 5161 lorti-

853 5192 962 5249 tndinis
975 5207 1124 5264 perversae.
1143 5193 1169 5248 ls
1181 5193 1301 5249 devorat
1315 5191 1384 5246 ader
1396 5193 1465 5260 eiua,
1481 5205 1547 5247 cum
1558 5191 1700 5252 subvertit

58 5323 63 5346 .
84 5296 153 5340 cum
171 5282 289 5339 babitus
307 5283 471 5340 carnalium
485 5281 651 5352 allectuum,
667 5283 720 5354 qui
734 5291 799 5340 tan·
852 5287 880 5335 et
894 5287 990 5337 vastat
1003 5280 1143 5351 quidquid
1161 5279 1322 5350 speciosum
1343 5286 1371 5335 el
1386 5278 1491 5335 decens
1510 5280 1595 5336 estin
1618 5280 1697 5337 iura·

59 5369 106 5427 ilii
121 5383 159 5426 ex
169 5377 305 5440 corrupta
315 5369 425 5427 ratione
435 5377 580 5438 creantur,
590 5376 619 5426 ot
632 5369 684 5441 oui
699 5377 800 5442 sponte
853 5371 924 5426 stica
936 5369 1104 5427 habitudine
1120 5368 1194 5439 ejus.
1213 5369 1354 5440 bisperdit
1374 5369 1449 5426 Deus
1464 5369 1643 5424 debitotorem
1666 5368 1700 5423 de
