3818 6008
507 237 618 295 dissui
637 238 699 294 biii·
713 238 783 296 PER
803 237 971 317 ruaudus
993 270 1028 280 —
1041 239 1106 296 hiis.
1129 240 1159 296 V.
1654 246 1708 302 754

56 369 159 438 *haram
185 369 257 427 nibil
286 369 405 426 forsitan
435 371 558 428 vestium
583 372 736 442 qualitates
760 372 842 428 di-A
1194 373 1367 433 chebrii.

56 473 98 527 re,
116 460 188 516 nihil
202 460 371 527 barbarum,
385 462 559 518 incrementa
569 463 768 532 permiserant.
898 458 1707 538 lviii]corbaranPereajmiiitieprtacepseoairamao-

56 546 102 606 tris
125 556 223 606 autem
251 549 280 604 iu
310 549 426 606 assiduo
450 550 548 620 positis
568 552 715 619 procinctu
738 551 805 608 lati·
858 563 906 604 cos
918 550 1176 622 progrediturcum
1191 553 1317 606 mueimo
1328 552 1464 608 exarcum
1478 582 1514 596 -
1527 555 1622 626 igitur
1636 556 1706 614 Cur-

56 650 98 694 am
120 651 261 707 genarum
284 639 403 694 maciem
419 638 566 695 horribilis
582 640 708 709 primum
731 640 805 696 situs
860 637 950 693 haran
964 639 1083 709 quidam
1098 639 1202 708 dictus,
1218 639 1294 712 regis
1322 641 1484 710 Persarum,
1510 656 1595 714 quem
1616 645 1705 702 veteri

56 731 108 791 rat,
130 732 158 781 et
181 725 318 782 Francico
341 739 429 794 more,
446 725 558 782 incuria
583 727 702 783 diutinae
722 741 805 798 pere-
860 724 1041 796 Sogdeanum
1069 727 1195 796 nomine,
1227 735 1259 784 ut
1288 729 1406 785 Romani
1438 729 1572 798 cesares,
1602 744 1706 789 vocare

55 813 129 870 iouis
150 814 264 881 omisso,
281 814 433 870 barbulam
449 815 574 885 quisque
598 816 718 873 rasitare
743 816 805 872 dis·
858 813 959 883 solent,
985 815 1078 886 major
1105 816 1218 884 domus,
1247 817 1292 872 vel
1315 817 1409 887 potius
1432 817 1540 875 militiae
1560 819 1704 890 princeps,

56 909 72 957 i.
93 901 175 969 Quod
200 901 344 959 Podiensis
359 903 511 972 episcopus
538 903 696 968 attendens,
711 911 739 960 et
769 917 805 960 ne
859 915 925 958 cum
945 903 1042 960 adhuc
1055 903 1132 960 inira
1146 918 1268 975 regnum
1285 904 1416 973 Persidis,
1432 906 1459 961 in
1476 906 1525 962 illa
1547 921 1635 978 quam
1651 908 1704 965 Co·

56 996 118 1045 tuas
128 997 246 1045 ruerent
257 990 356 1056 eudes,
373 990 395 1045 si
412 990 529 1060 quando
545 991 658 1060 uspiam
679 990 804 1061 praeiiari
860 992 1005 1049 ruzauiam
1018 1001 1125 1050 vocant
1138 993 1286 1063 provincia
1309 1001 1471 1051 moraretur
1483 994 1594 1065 (dicunt
1608 1003 1704 1053 autem

56 1076 204 1149 utingerat,
233 1091 284 1148 pro
310 1078 466 1134 barbarum
490 1079 679 1136 similitudine
696 1081 805 1136 'lurcos
858 1078 977 1148 qnidam
996 1087 1103 1136 terram
1125 1080 1202 1137 circa
1226 1081 1387 1139 Caucasum
1415 1082 1611 1152 corozaniam,
1639 1098 1706 1140 eor-

56 1171 130 1222 irum
146 1179 176 1221 se
194 1172 335 1235 putantes,
361 1179 475 1232 verens,
491 1173 518 1222 et
542 1167 642 1222 erebro
655 1182 703 1224 eos
730 1168 802 1236 radi,
859 1170 944 1236 rupto
958 1179 976 1222 a
988 1168 1111 1225 rudibus
1139 1170 1264 1237 nomine,
1294 1171 1441 1243 appellari)
1460 1172 1610 1242 apraelato
1633 1172 1706 1229 Gas-

55 1267 111 1310 ices
137 1262 296 1325 argenteas,
323 1254 368 1309 vel
394 1254 547 1325 cujuslibet
572 1256 699 1311 materiei
722 1257 802 1326 alias,
857 1254 948 1321 siano,
977 1255 1162 1313 Antiochenae
1187 1257 1270 1314 urbis
1293 1257 1431 1328 principe,
1458 1258 1566 1316 crebris
1579 1259 1705 1329 compel-

56 1354 100 1412 tue
122 1340 194 1397 collo
212 1340 346 1411 praecepit
369 1341 503 1412 appendi,
524 1356 560 1398 ne
574 1342 647 1398 alter
662 1342 698 1398 ab
714 1343 803 1400 altero
858 1339 975 1398 labatur
994 1344 1201 1400 mundtiis
1222 1359 1281 1416 quo
1300 1345 1354 1401 sihi
1379 1344 1434 1403 sub
1454 1353 1535 1402 tanta
1548 1345 1706 1402 obsidionis

56 1428 217 1499 alienigena
229 1430 317 1498 possit
344 1429 485 1500 intercipi.
503 1429 539 1485 At
555 1429 595 1498 hi,
620 1430 670 1500 qui
687 1430 716 1485 in
738 1438 803 1487 ten·
857 1429 994 1501 angustia
1012 1429 1102 1498 posito
1117 1438 1311 1497 concurreret,
1328 1431 1465 1501 pollicens
1479 1433 1558 1502 quia,
1574 1432 1598 1488 si
1611 1434 1705 1489 Fran-

63 1516 237 1584 resederaut,
266 1518 335 1574 dnm
365 1530 448 1573 mane
471 1517 653 1573 civitatenses
679 1518 804 1575 audiant
857 1523 905 1566 cos
919 1518 1068 1579 averteret,
1089 1519 1141 1568 aut
1160 1513 1261 1569 urbem
1291 1512 1440 1570 liberatam
1467 1512 1557 1582 ipsius
1580 1512 1705 1570 dominio

58 1604 205 1661 entissime
229 1604 454 1662 tumultuatione
479 1606 597 1672 moveri,
621 1620 637 1661 e
656 1606 804 1676 papilioni-
823 1598 1047 1698 sscontraderet,
1069 1607 1121 1656 aut
1137 1600 1336 1657 subventionis
1356 1601 1480 1658 lahorem
1500 1601 1628 1657 maxima
1648 1602 1705 1658 ini·

56 1693 199 1751 irodcunt.
240 1695 398 1751 Boemundi
426 1696 564 1751 vexillum
595 1704 662 1752 ante
696 1697 803 1754 munia
857 1687 993 1756 P01¹⁵l⁰¹10
1018 1701 1173 1745 munerum
1201 1696 1376 1760 elie(lumi-
1399 1689 1529 1760 Cumque
1548 1689 1705 1746 ²d111⁰d¹1m

56 1782 74 1850 r,
92 1782 220 1839 nonium
244 1782 332 1853 oanis
356 1783 429 1839 oeiso
455 1784 484 1838 io
510 1790 605 1840 monte
631 1798 804 1855 moenere
858 1775 1069 1848 grandensem
1087 1776 1160 1833 soen
1175 1778 1284 1834 militis
1303 1778 1447 1848 princeos,
1465 1777 1554 1849 huius
1577 1792 1627 1848 soe
1642 1777 1705 1848 noi-

56 1884 117 1926 um.
151 1868 281 1927 Gnnrnnt
312 1885 440 1941 propere,
481 1879 638 1942 portasque
680 1871 804 1929 civitatis
857 1861 1022 1920 licitationis
1064 1863 1184 1933 illectus,
1221 1866 1372 1923 conflasset
1412 1867 1584 1936 exercitum,
1626 1873 1654 1925 et
1687 1880 1705 1922 a

56 1966 133 2030 punt,
160 1959 270 2016 Torone
304 1959 535 2031 sarracenosque
570 1975 643 2032 qnos
671 1974 803 2030 reperere
857 1963 970 2007 summo
1000 1951 1045 2007 sui
1069 1952 1177 2009 erroris
1200 1953 1335 2023 poniiiire
1365 1953 1485 2020 (hahent
1508 1953 1585 2009 enim
1600 1959 1628 2009 et
1650 1967 1705 2022 pa-

57 2045 133 2111 iuni,
149 2046 204 2102 illis
223 2053 318 2102 tamen
332 2060 349 2102 a
363 2047 440 2103 caede
454 2047 572 2103 salvatis
588 2047 638 2118 qui
653 2047 802 2105 subintrat.
858 2051 923 2109 pam
949 2053 1046 2108 suum,
1071 2040 1108 2097 ad
1132 2040 1224 2097 instar
1251 2041 1349 2109 nostri)
1365 2041 1508 2098 licentiam
1528 2040 1705 2097 Christianos

56 2133 211 2189 castellum.
248 2134 408 2189 Tuscorum
440 2147 508 2188 vero
544 2134 645 2204 aliqui,
678 2135 803 2191 Francos
857 2127 1014 2197 perimendi
1038 2128 1209 2199 P0P⁰S⁰iSSPt
1234 2143 1267 2185 ὅθ
1293 2129 1457 2198 ambisset,
1482 2129 1519 2185 ad
1546 2128 1705 2185 eruendam

56 2226 148 2291 neuim
161 2219 277 2275 civitate
296 2220 407 2288 potitos,
436 2233 487 2288 per
510 2219 582 2274 alias
611 2221 691 2276 urhis
706 2227 803 2290 portas
856 2215 1038 2272 Antiochiam
1054 2231 1217 2287 properare,
1234 2218 1345 2274 intluito
1366 2218 1482 2290 agmine
1503 2217 1705 2274 succenturia-

61 2314 140 2365 suni.
162 2307 243 2363 lutra
267 2307 366 2364 urbem
393 2315 488 2363 autem
509 2321 633 2363 sexuum
653 2309 805 2366 diversitas
857 2310 904 2361 tus
932 2304 1062 2361 intendit.
1088 2305 1349 2375 Hierosolymorum
1365 2305 1516 2375 prefectus
1537 2307 1622 2377 (quos
1637 2307 1703 2362 bar-

56 2402 109 2452 rete
137 2395 297 2467 perimitur,
337 2395 451 2466 exiguae
484 2408 547 2464 spes
573 2395 665 2451 aetatis
698 2396 803 2453 excidi·
857 2392 1127 2464 haricaillilingua
1149 2393 1476 2465 Admiravisosvocaui)
1496 2393 1703 2463 plurimccon·

56 2491 81 2550 i,
108 2483 177 2540 dum
205 2482 309 2538 seniori
337 2481 420 2538 elicto
449 2495 505 2536 mm
518 2480 657 2550 parcitur,
692 2483 801 2553 ambigi
857 2478 948 2535 lentim
990 2480 1130 2547 exercitu,
1159 2481 1250 2550 ipsius
1277 2481 1462 2537 adventantis
1486 2481 1583 2551 copias
1608 2481 1702 2538 auxit.

56 2577 129 2639 otest
150 2577 259 2640 quanta
287 2568 433 2625 lerocitaie
457 2569 597 2638 juventus
627 2567 707 2625 bellis
734 2577 802 2639 apta
856 2567 957 2623 ltidem
984 2567 1195 2625 Damasccuum
1222 2583 1330 2641 regem,
1355 2583 1421 2626 cum
1449 2568 1632 2640 expeditione
1645 2584 1704 2625 uon

56 2658 119 2715 ,itur
856 2646 985 2723 minima,
1003 2657 1065 2712 suis
1090 2657 1234 2713 contraxit
1248 2657 1378 2714 auxiliis.
1393 2658 1497 2714 Gentes
1517 2665 1614 2714 autem
1637 2657 1702 2726 iiie,

56 2743 78 2819 .]
103 2745 215 2801 Interea
237 2744 402 2808 Cassianus,
422 2743 473 2813 oui
489 2743 674 2800 Antiochense
694 2759 801 2814 praese-
855 2756 930 2813 quas
954 2744 1092 2814 prolanus
1115 2753 1285 2801 evocaverat
1304 2746 1435 2815 princeps
1460 2753 1563 2816 prater
1583 2745 1702 2815 Porcus,

56 2833 128 2901 urbi,
143 2833 212 2889 dum
241 2832 418 2887 Franmrum
447 2832 548 2888 metuit
578 2846 683 2889 manus
709 2833 803 2888 incur·
855 2831 1036 2900 Sarracenos,
1053 2834 1160 2890 hahes
1175 2848 1208 2889 ac
1223 2834 1333 2902 Persas,
1349 2834 1456 2906 cogniti
1471 2834 1603 2890 videlicet
1624 2834 1703 2904 apud

56 2926 121 2993 ugae
146 2920 274 2977 subsidio
303 2920 390 2977 vitam
413 2921 466 2978 sibi
487 2920 595 2977 lucrari
622 2920 799 2987 desiderans,
820 2918 1103 2991 chistoriographos
1131 2921 1256 2978 nominis
1280 2921 1420 2989 homines,
1452 2922 1568 2979 novitiis
1600 2937 1702 2980 musc-

56 3007 172 3067 lurimis
195 3008 357 3076 comitibus,
390 3008 467 3066 haud
481 3009 580 3079 procul
595 3009 632 3066 ab
649 3009 802 3069 Antiochia
855 3008 964 3064 bantur
978 3007 1138 3076 vocabulis,
1155 3009 1304 3065 Publiceni
1318 3009 1433 3077 scilicet,
1447 3009 1540 3077 Curti,
1565 3009 1702 3078 Azimitae,

56 3096 139 3153 icredi
153 3096 278 3154 conlinia
301 3097 425 3152 devenit.
442 3097 515 3153 Saue
533 3096 603 3153 dum
620 3096 720 3168 lugere
732 3111 802 3168 prae-
853 3101 881 3151 et
909 3093 1047 3166 Agulani,
1064 3109 1130 3152 cum
1146 3095 1210 3151 aliis
1235 3095 1495 3153 innumerabilibus
1514 3110 1703 3168 nequaqnam

56 3192 121 3253 aut,
137 3199 227 3256 equos
250 3198 318 3242 suos
336 3183 645 3242 omnimodisdelectos
670 3185 802 3242 reddide-
855 3182 1002 3252 gentihus,
1044 3183 1092 3238 sed
1124 3185 1270 3253 portentis.
1310 3183 1418 3240 Eorum
1448 3183 1591 3254 siquidem
1622 3183 1703 3256 lqucs

56 3273 168 3344 lamque
187 3286 374 3343 nequaquam
389 3273 567 3344 progressius
593 3272 634 3329 ire
662 3273 800 3337 valentes,
855 3270 1004 3341 Agulanos
1032 3271 1179 3342 appellant
1203 3270 1259 3328 tria
1292 3285 1414 3328 numero
1442 3272 1532 3328 millia
1558 3273 1702 3330 exstitisse

56 3360 187 3419 nleilium
214 3360 360 3432 quoddam
385 3362 561 3417 diverterant
585 3371 799 3418 montanorum.
856 3357 999 3415 ierumur.
1029 3357 1084 3424 Oui
1108 3373 1203 3430 neque
1227 3359 1347 3430 gladios,
1376 3373 1472 3430 neque
1497 3358 1620 3427 lanceas,
1651 3367 1703 3416 ant

56 3472 59 3497 ι
82 3446 266 3515 habitatores,
296 3449 424 3504 Armenii
453 3448 583 3504 videlicet
608 3455 697 3520 atque
726 3447 801 3518 Syri,
855 3445 982 3516 sagittas,
999 3447 1079 3503 nulla
1094 3448 1209 3518 penitus
1238 3459 1320 3503 arma
1347 3446 1513 3515 lormidant‚
1538 3448 1701 3517 quiaomni

56 3548 104 3592 um
120 3535 362 3594 immanissimum
381 3537 489 3593 hostem
503 3550 631 3606 paupere
656 3535 802 3592 delituisse
855 3546 892 3588 ex
921 3540 1002 3603 parte
1023 3549 1089 3591 cum
1105 3534 1168 3605 ipsi,
1195 3542 1256 3591 tum
1284 3534 1352 3604 equi
1381 3547 1481 3591 eorum
1504 3533 1578 3589 lerro
1593 3533 1702 3603 adope-

57 3637 84 3692 o,
100 3624 217 3681 lortuna
239 3638 306 3682 eum
327 3627 387 3696 jam
407 3624 587 3690 adversante,
613 3631 800 3696 cognoscunt,
855 3621 983 3678 riuntur.
1000 3621 1035 3677 iii
1049 3621 1122 3678 nihil
1137 3635 1287 3678 armorum
1303 3634 1422 3691 prorsus
1447 3620 1577 3677 inbellis
1599 3629 1703 3691 praeter

56 3711 195 3769 aheneum
220 3714 312 3783 eapite
337 3719 496 3769 truncant:
519 3713 720 3782 succisamque
744 3726 802 3769 eer-
854 3709 1139 3767 ensesnsnihahent.

83 3797 120 3853 ad
154 3796 312 3853 boemundi
354 3796 536 3866 presentiam
575 3797 734 3866 deportant,
769 3803 802 3855 ut
890 3795 1040 3853 Curbaran
1068 3797 1160 3869 igitur
1185 3811 1251 3854 cnm
1280 3803 1360 3853 tanto
1392 3795 1521 3867 gentium
1552 3794 1629 3852 lastu
1663 3795 1701 3853 ad

56 3902 61 3939 i
84 3898 170 3956 penes
198 3898 274 3952 eum,
302 3898 356 3954 pro
373 3883 477 3941 insoliti
505 3884 648 3940 oblatione
663 3885 800 3955 muneris,
857 3884 981 3940 Francos
996 3884 1033 3940 ah
1047 3884 1198 3941 Antiochia
1209 3883 1391 3941 divertendos
1400 3883 1598 3940 contendebat.
1616 3884 1702 3940 Cum·

56 3971 234 4044 ‚tisgratiam
263 3972 420 4029 obtineant.
446 3971 537 4041 Cuius
561 3971 655 4028 balteo
681 3971 801 4044 vagina·
857 3985 914 4043 que
934 3971 995 4042 jam
1022 3971 1103 4029 lieret
1131 3973 1196 4030 urbi
1211 3972 1375 4043 contiguus,
1401 3985 1467 4028 ecce
1496 3970 1625 4029 Cassiani
1652 3973 1701 4031 de·

56 4059 138 4117 uitelli
153 4058 284 4126 sublatis,
314 4059 463 4132 sexaginta
489 4061 692 4129 byzanteorum
712 4060 802 4130 pretio
856 4059 948 4116 iuneti
980 4058 1067 4128 iilius,
1102 4059 1276 4118 sensadolus
1301 4059 1453 4127 vocabulo,
1481 4059 1585 4118 obvius
1608 4060 1700 4118 eidem

56 4147 108 4205 ida
127 4154 277 4204 taxarunt.
303 4147 386 4205 Gesta
414 4155 482 4205 sunt
502 4147 564 4204 bac
590 4147 688 4205 Nonas
712 4149 800 4219 lunii,
857 4146 979 4218 principi
994 4147 1095 4214 adluit,
1119 4154 1147 4204 et
1170 4161 1238 4203 cum
1258 4147 1349 4204 mulia
1375 4146 1493 4203 adeum
1508 4146 1702 4203 moestitudine

55 4236 138 4293 uinta
152 4236 308 4293 haberetur
331 4236 411 4293 leria.
429 4237 564 4292 Cerneres
578 4235 722 4294 civitatem
739 4253 800 4294 ose·
817 4222 950 4291 1Jdixit:
969 4256 981 4284 ι
1001 4234 1073 4291 Cum
1090 4248 1195 4306 magna
1211 4241 1268 4291 tna
1291 4233 1468 4291 lortitudinis
1492 4234 1634 4292 habeatur
1653 4249 1702 4292 ce-

71 4324 225 4394 explicitis,
257 4324 444 4381 intolerandis
470 4325 620 4380 exundare
644 4325 800 4398 letorihus3
855 4320 982 4392 lebritas,
1011 4332 1039 4379 et
1066 4330 1184 4380 tuarum
1216 4322 1404 4380 victoriarum
1433 4323 1542 4394 ubique
1570 4323 1700 4395 gentium

56 4411 164 4479 tineas,
188 4413 272 4479 atria,
293 4411 495 4482 vestibulaque
515 4412 633 4479 edium,
649 4428 715 4484 qua
739 4415 802 4484 pri·
855 4409 1088 4481 incomparabilis
1103 4411 1241 4482 procedat
1263 4411 1372 4482 opinio,
1399 4410 1434 4466 de
1457 4409 1524 4478 tuis,
1552 4417 1584 4468 ut
1606 4425 1699 4481 spero,

56 4498 140 4557 nulia
150 4499 276 4569 aeqnoris
286 4498 471 4570 gratitudine,
484 4511 651 4556 marmorea
665 4502 802 4558 crustulae
855 4497 995 4568 presidiis
1021 4501 1202 4571 neutiquam,
1219 4500 1264 4556 vir
1284 4498 1479 4566 invictissime,
1501 4497 1574 4553 mihi
1597 4497 1700 4568 despe-

56 4595 159 4653 rerant,
175 4586 319 4643 teterrimo
332 4587 393 4658 jam
408 4586 589 4643 uuilormiter
611 4601 713 4644 cruore
740 4603 801 4646 sor·
855 4599 920 4643 rare
935 4585 1039 4644 licebit.
1055 4588 1132 4644 Dum
1146 4590 1224 4645 enim
1239 4596 1289 4646 tua
1305 4587 1413 4644 nemini
1427 4585 1540 4643 videam
1567 4599 1625 4642 non
1650 4599 1701 4641 va·

56 4673 324 4746 iinllnitorumque
355 4675 531 4732 cadaverum
563 4676 668 4745 passim
688 4677 803 4733 decum—
854 4672 1069 4747 lcresnllragia,
1087 4685 1197 4748 tuaque
1212 4678 1317 4748 passim
1340 4683 1448 4732 constet
1472 4674 1510 4731 ob
1537 4673 1700 4731 laciuornm

61 4764 205 4834 congerie,
221 4763 571 4834 truculentaspectacula‚
601 4776 802 4836 aurarumque
854 4761 1014 4819 claritatem
1027 4765 1187 4821 reverenda
1211 4765 1348 4835 potentia,
1371 4777 1430 4819 nou
1456 4763 1510 4820 nisi
1539 4761 1642 4833 pudori
1658 4770 1701 4820 est

56 4858 159 4909 iterum
175 4850 312 4914 feralitas.
328 4852 478 4908 oculorum
492 4864 526 4906 ac
541 4851 658 4907 narium
683 4853 800 4909 misera·
854 4863 950 4906 eoram
973 4856 1000 4906 te
1027 4863 1092 4907 mea
1120 4851 1268 4922 deplorare
1297 4850 1466 4918 intortunia,
1491 4864 1571 4907 cum¹
1586 4857 1699 4907 certum

79 4952 181 4996 sensus
215 4936 383 4996 iniecerant.
422 4939 629 4996 Stemehantur
671 4940 801 4997 virerum
855 4939 977 5002 lentiam,
1004 4948 1039 4991 ea
1063 4949 1130 5006 (1ssae
1155 4949 1314 4993 exoravero
1327 4935 1357 4991 in
1374 4947 1488 4991 vassum
1514 4931 1596 4997 millo
1616 4934 1700 4991 modo

56 5027 97 5085 tie
111 5040 267 5099 corporum
285 5035 381 5099 strage
395 5027 568 5097 putentium,
596 5034 624 5083 et
655 5027 725 5084 duni
749 5042 802 5085 nec
854 5037 976 5093 prorsus
1005 5024 1093 5081 itura.
1125 5023 1254 5081 lleminit
1275 5024 1368 5096 gloria
1398 5030 1450 5080 tua
1477 5031 1549 5094 quot
1574 5037 1592 5080 a
1618 5029 1700 5093 patre

56 5114 90 5171 dl
118 5122 159 5171 tot
186 5113 288 5173 lunera
316 5115 439 5172 laculias
467 5115 568 5186 aliqua
592 5115 732 5185 subjacet,
748 5130 802 5174 nec
852 5110 1000 5182 Cassiano,
1012 5112 1082 5169 dum
1096 5112 1126 5168 in
1140 5110 1294 5170 Antiochia
1320 5111 1511 5181 obsideretur,
1541 5113 1699 5185 legationes

64 5203 235 5262 uiatoribus
248 5202 453 5260 diverticulum
474 5216 600 5274 usquam
613 5211 701 5273 patet,
728 5206 801 5262 assi-
854 5199 1002 5269 habueris,
1028 5201 1156 5271 etquod,
1173 5201 1243 5257 dnm
1258 5199 1282 5256 ei
1309 5200 1465 5256 subvenire
1484 5199 1633 5269 deliberas,
1650 5215 1698 5258 ca·

65 5291 185 5348 visionis
208 5305 242 5348 ac
265 5290 394 5362 spiritus,
412 5304 470 5361 prae
494 5291 627 5347 sensibus
655 5291 801 5347 constitu·
855 5296 933 5359 ptam
951 5302 969 5345 a
986 5290 1103 5346 Francis
1129 5290 1232 5346 urbem
1260 5287 1398 5356 audieris,
1425 5301 1505 5344 nunc
1530 5287 1700 5360 interempto

56 5377 193 5435 sentiebat
215 5379 372 5435 horrorem.
391 5377 472 5435 Unde
494 5377 556 5449 jam
573 5391 624 5447 per
635 5376 697 5447 ipsa
712 5378 801 5435 cada·
854 5385 972 5446 parente
986 5377 1062 5436 intra
1083 5377 1248 5449 presidium
1262 5375 1392 5447 ejusdem
1410 5376 1536 5434 civitatis
1555 5376 1696 5446 obsideor,

56 5463 159 5537 auibus
183 5473 280 5524 strate
304 5472 388 5522 eraut
411 5465 528 5532 semita,
547 5478 641 5532 nenio,
657 5479 713 5522 usu
729 5477 801 5535 pra·
853 5463 953 5520 eadem
966 5465 1068 5533 procul
1091 5464 1180 5523 dnbio
1202 5464 1273 5520 mihi
1295 5462 1349 5534 ipsi
1365 5465 1535 5534 praestolans
1547 5470 1698 5532 eventura,

55 5552 219 5620 audaciam,
233 5553 389 5611 verebatur
401 5552 541 5609 incedere.
854 5566 920 5622 qnae
934 5551 1006 5622 patri
1019 5553 1201 5624 cognoverim
1226 5553 1309 5609 lacta.
1335 5552 1363 5610 Si
1386 5554 1568 5613 Antiochiam
1593 5568 1699 5624 perva-
