3818 6008
103 247 166 302 loll
575 242 876 301 teremuthim.
898 243 935 298 lli
953 243 1119 298 chiantim
1138 243 1186 300 DE
1207 243 1287 299 vira
1307 242 1389 302 stit.

100 381 206 454 gravit,
232 382 350 439 forsitan
377 403 387 431 ι
414 380 455 438 Νι
478 380 588 438 malitia
614 387 739 437 mutaret
769 379 945 435 intellectum
965 378 1077 435 Aditus
1104 387 1156 446 est,
1182 392 1248 435 cum
1272 378 1335 435 aliis
1365 380 1541 449 custodibus,
1562 379 1701 450 quoniam
1733 379 1857 449 antiqua

101 471 188 540 illius,
213 478 264 527 aut
289 485 325 526 ne
353 469 427 526 iictio
453 469 594 540 deciperet
622 469 753 525 animum
778 469 842 538 ejus
865 469 946 539 (Sap.
999 467 1177 524 consuetudo
1193 474 1235 524 est
1256 467 1386 540 ejusdcm
1407 467 1534 524 ecclesia
1565 475 1595 524 ut
1629 476 1736 537 septem
1764 474 1858 523 custc

101 573 140 625 rr,
156 560 212 630 ll).
227 581 240 608 ι
269 559 321 615 Cui
342 565 450 614 tantam
479 557 703 614 miscricordiam
731 556 864 627 precibus
887 570 947 612 suae
999 555 1084 611 dibus
1100 556 1159 625 ipsc
1176 556 1329 612 thesaurus
1351 557 1558 622 committatur,
1586 570 1712 627 qnorum
1727 563 1859 627 quatuor

1790 244 1857 298 leti

100 647 199 704 llatris
213 636 381 716 prestiterat
397 646 578 715 omnipotens
588 647 672 713 Deus,
689 654 834 718 quatenus
849 659 948 701 omnes

100 732 153 804 qui
168 732 221 788 hoc
236 731 379 800 audirent,
392 732 519 789 dicerent
539 740 600 802 post
619 747 716 790 veram
740 730 946 788 confessionem

101 820 130 876 in
155 819 265 876 auxilio
294 828 400 876 sanclae
424 820 522 877 blartae
540 836 618 891 spem
653 836 736 877 suam
774 820 948 876 conlidenter

82 977 85 983 .
100 922 222 979 ponere;
234 917 261 964 et
274 909 308 964 de
323 909 517 964 misericordia
531 910 594 982 ejus
607 924 757 980 nunquam
774 909 946 980 desperaret.

101 996 160 1052 lloc
181 995 355 1052 miraculum
384 1005 508 1067 tempore
532 998 629 1054 domni
648 998 799 1054 llelinandi
823 998 947 1068 episcopi

101 1092 213 1156 gestum
229 1085 363 1141 Lauduni
387 1100 444 1141 non
470 1101 556 1154 unus,
585 1095 635 1143 aut
655 1088 723 1148 duo,
740 1086 783 1142 vel
800 1095 856 1142 tres
870 1086 949 1141 vide-

101 1182 180 1241 runt,
202 1174 250 1230 sed
268 1181 326 1230 tota
350 1188 422 1244 pene
441 1175 644 1231 Laudunensis
673 1175 774 1231 civitas
788 1175 946 1245 conspexit.

138 1261 296 1318 lleliuando
314 1263 447 1333 episcopo
470 1265 605 1319 successit
627 1264 829 1334 Ingelrannus,
855 1263 946 1334 lugel-

100 1363 192 1406 ranno
220 1349 399 1412 Gualdricus,
429 1352 479 1421 qui
514 1353 668 1408 creduliter
693 1352 747 1408 luit
773 1352 948 1421 interiectus,

100 1438 252 1495 Gualdrico
277 1441 369 1508 llngo,
396 1438 511 1509 liugoni
539 1439 776 1506 llartholomaeus,
810 1441 838 1495 in
865 1441 951 1510 cujus

101 1527 203 1583 diebus
216 1527 367 1594 miracula,
384 1529 593 1599 quaesuperlus
608 1529 747 1598 descripta
762 1536 839 1596 sunt,
852 1535 951 1584 sancta

104 1613 192 1670 blaria
216 1628 266 1684 per
291 1615 441 1670 Franciam
463 1623 490 1671 et
512 1615 645 1686 angliam
667 1623 784 1685 operata
807 1624 858 1671 ιιι.
878 1615 951 1682 Quia

999 643 1105 710 clerici,
1122 651 1179 700 tres
1199 659 1266 701 vero
1283 653 1350 698 ιιιιιι
1368 644 1443 699 laici.
1461 644 1569 701 videns
1584 645 1681 714 itaque
1702 644 1858 701 Anselmns

1001 730 1124 787 multum
1146 732 1200 787 sibi
1216 732 1252 787 ab
1267 748 1312 788 om
1328 733 1364 787 iil»
1379 748 1401 785 is
1424 732 1501 788 erodi
1516 746 1552 788 ex
1573 747 1645 788 auro
1664 741 1692 788 ot
1710 733 1860 803 lapidibus

1002 820 1142 890 pretiosis,
1172 820 1279 890 quibus
1298 834 1397 876 cruces
1417 820 1494 875 iestis
1518 819 1620 877 diebus
1643 835 1732 890 super
1767 821 1860 877 altare

1002 909 1139 979 ponendae
1150 910 1264 965 luerent
1274 918 1388 979 opertae,
1406 923 1463 964 non
1478 908 1614 980 exiguam
1631 917 1741 978 partem
1756 906 1859 962 furtim

1001 997 1164 1067 discerpens
1184 997 1297 1053 aurifici
1317 998 1432 1053 cuidam
1458 997 1598 1053 vendendi
1615 1011 1705 1052 causa
1727 996 1859 1061 tradidit,

1002 1088 1083 1156 prius
1106 1086 1142 1142 ab
1171 1101 1203 1142 eo
1230 1094 1346 1156 accepta
1374 1085 1438 1142 lldei
1466 1087 1618 1156 sponsione
1643 1085 1720 1155 quod
1738 1084 1814 1140 uuili
1832 1100 1862 1140 se

1003 1175 1092 1245 hujus
1108 1175 1148 1230 rei
1165 1176 1251 1231 luisse
1267 1183 1411 1231 auctorem
1436 1174 1609 1245 propalaret.
1626 1175 1680 1230 Sed
1696 1187 1764 1229 curn
1785 1173 1861 1227 idem

1002 1261 1115 1317 aurilex
1132 1276 1239 1318 aurum
1256 1262 1326 1318 illud
1339 1263 1399 1318 sive
1413 1262 1521 1333 lapides
1533 1263 1693 1318 suessionis
1709 1261 1860 1326 venderet,

1004 1359 1076 1406 nutu
1092 1350 1140 1404 llei
1168 1350 1298 1405 canonici
1315 1350 1520 1406 laudunenses
1534 1353 1774 1420 supervenientes
1796 1351 1860 1405 auri

1003 1437 1165 1507 sculpturas
1205 1447 1443 1509 recognoverunt,
1475 1448 1503 1495 et
1536 1441 1632 1495 statim
1675 1439 1861 1509 querimonia

1003 1527 1078 1583 lacta
1099 1526 1247 1596 prelatum
1271 1528 1419 1584 aurilicem
1438 1527 1565 1598 ajudicc
1594 1527 1802 1598 comprehendi
1820 1528 1862 1584 le-

1004 1613 1115 1661 cerunt.
1140 1605 1191 1661 llle
1223 1606 1458 1675 comprehensus,
1491 1617 1577 1677 atque
1608 1606 1792 1676 perterritus,
1824 1607 1859 1661 ab

85 1715 172 1779 ¹vero
195 1702 317 1758 relatum
343 1710 385 1759 est
407 1703 580 1760 miraculum
603 1703 680 1774 quod
706 1711 830 1771 tempore
850 1703 949 1759 domni
970 1684 1138 1750 Bilnselmo
1152 1694 1206 1749 sibi
1225 1708 1257 1751 ea
1283 1693 1388 1749 tradita
1415 1694 1501 1750 luisse
1525 1695 1673 1751 conlessus
1701 1701 1755 1750 est.
1781 1695 1859 1750 Unde

101 1789 253 1846 halinanoi
277 1800 375 1847 sancta
397 1793 487 1847 traria
511 1791 815 1862 misericorditerque
839 1790 867 1846 tn
882 1805 950 1847 mu·
1003 1781 1179 1837 cacconem
1204 1782 1349 1848 reduetus,
1373 1790 1400 1837 ot
1420 1791 1519 1838 contra
1543 1782 1715 1838 anselmum
1740 1782 1803 1838 uae
1818 1797 1853 1837 ne

100 1877 179 1946 llere,
203 1893 269 1948 tinae
292 1881 460 1949 suppliciter
489 1893 553 1935 eam
573 1880 727 1948 invocavit,
763 1893 841 1936 nunc
863 1880 949 1935 etiam
1004 1877 1129 1942 gamem,
1145 1870 1232 1926 dsssslli
1247 1873 1403 1926 certamin&
1422 1886 1602 1942 wintine-isus·
1619 1870 1756 1940 emlinus
1771 1885 1858 1940 sude·

101 1966 244 2022 reteratur
271 1967 412 2023 mirabitis
437 1968 574 2034 vindicta,
599 1981 688 2037 quam
712 1969 841 2023 exercuti
864 1981 951 2037 supu-
1004 1966 1085 2015 ratus
1099 1966 1126 2014 el
1146 1959 1240 2014 victus
1260 1967 1311 2025 esi,
1330 1959 1447 2015 forsitan
1464 1968 1494 2014 ut
1520 1959 1601 2015 multi
1625 1966 1781 2028 putarunt,
1811 1973 1858 2029 nro

100 2054 255 2125 quemdam
275 2055 380 2118 iurem,
413 2056 464 2127 qui
490 2069 609 2111 manum
637 2057 672 2111 ad
692 2056 755 2127 ejus
781 2057 949 2112 thesaurum
1004 2046 1069 2103 fidei
1094 2047 1206 2104 Vinialae
1226 2056 1306 2104 reatu
1322 2049 1388 2116 (60),
1414 2062 1473 2117 qua
1497 2049 1665 2116 ιιθῐῦῑθθιιῑ
1688 2047 1786 2103 eidem
1800 2047 1856 2102 An·

97 2142 251 2198 extendero
268 2144 460 2214 presumpsit.
1003 2136 1092 2192 selmo
1106 2137 1183 2207 quod
1199 2150 1265 2192 eum
1280 2151 1336 2192 non
1352 2137 1503 2202 deterreret.

241 2231 308 2288 Car.
320 2232 451 2289 xxviii.
469 2261 503 2273 -
515 2233 649 2302 Deserto
664 2231 806 2287 anselmi.
1040 2223 1093 2279 Pro
1108 2223 1162 2279 hac
1174 2237 1243 2294 ergo
1258 2224 1376 2281 victoria
1400 2223 1553 2279 Auselmus
1567 2223 1654 2279 nimis
1664 2223 1770 2291 elatus,
1791 2224 1856 2294 quia

136 2317 276 2375 Praelatus
306 2319 429 2375 domnus
453 2319 680 2375 Bartholomaeus
710 2318 869 2389 episcopus,
892 2332 949 2374 non
1003 2311 1058 2367 sibi
1074 2313 1207 2367 conscius
1229 2319 1301 2380 erat,
1333 2320 1361 2368 et
1387 2325 1416 2369 se
1438 2312 1548 2368 lurtum
1575 2312 1684 2378 iecisse,
1709 2322 1739 2368 et
1764 2321 1855 2368 tamen

102 2405 193 2462 multo
229 2414 292 2475 post
322 2407 565 2463 consecrationem
589 2420 670 2462 suam
701 2407 772 2463 vidit
792 2408 820 2461 in
845 2408 951 2462 somnis
1004 2399 1204 2457 adversarium
1226 2414 1387 2470 superasse,
1404 2400 1585 2470 multamque
1610 2401 1728 2456 laudem
1751 2401 1789 2457 ab
1805 2401 1856 2455 ho-

100 2494 178 2563 quod
194 2501 281 2550 staret
296 2508 381 2564 super
393 2495 537 2564 pulpitum
549 2495 578 2549 in
589 2495 691 2565 inajori
705 2495 824 2551 ecclesia
839 2495 949 2551 Sanctae
1003 2488 1140 2555 minibus,
1157 2490 1207 2559 lini
1223 2504 1252 2545 se
1278 2488 1455 2546 innocentem
1479 2503 1539 2544 esse
1561 2490 1739 2556 clamabant,
1761 2491 1857 2560 acqui·

101 2582 199 2640 llariae
214 2597 278 2639 cum
296 2583 471 2653 quibusdam
498 2583 608 2639 clericis
629 2582 698 2649 suis,
722 2597 860 2654 versaque
879 2583 950 2639 lacie
1003 2577 1081 2643 sisse,
1096 2578 1132 2633 ad
1146 2578 1254 2648 majora
1271 2579 1402 2634 securius
1429 2577 1568 2648 patranda
1593 2586 1780 2647 provocatur,
1800 2578 1857 2648 plu·

100 2671 137 2727 ad
160 2673 267 2742 januas
293 2672 448 2741 aspiciebat
479 2673 507 2726 in
538 2672 630 2727 medio
651 2672 786 2740 contestu,
810 2672 894 2742 quasi
913 2686 949 2727 ex
1003 2665 1142 2735 rimisque
1172 2666 1254 2721 terris
1282 2679 1316 2722 ac
1343 2665 1435 2721 vineis
1460 2666 1578 2722 ditatur.
1604 2667 1738 2722 Domnus
1763 2675 1857 2722 tamen
1902 2676 1906 2791 Ι

101 2759 228 2830 quodam
244 2767 327 2815 terrae
339 2760 420 2816 hiatu
444 2759 542 2816 lumen
561 2759 824 2829 splendidissimum
849 2774 949 2831 proec-
1003 2752 1106 2820 Guido,
1126 2755 1176 2824 qui
1198 2755 1398 2811 laudunensis
1410 2755 1535 2811 ecclesiae
1551 2756 1755 2811 thesaurarius
1772 2755 1855 2812 simul
1903 2814 1906 2827 .

90 2848 179 2914 ιιοιι,
204 2855 351 2918 totamque
377 2849 535 2914 ecclesiam,
570 2849 639 2919 quia
658 2864 715 2904 nox
740 2856 811 2916 erat,
835 2848 949 2905 mirabi·
1003 2850 1031 2898 et
1060 2842 1283 2899 archidiaconus
1309 2851 1380 2908 erat,
1401 2844 1565 2913 suspicione
1593 2844 1722 2914 quadam
1758 2853 1857 2900 contra

102 2934 167 2991 liter
177 2935 325 2990 irradiare.
351 2935 415 2991 Post
434 2935 532 2992 lumen
553 2939 639 2993 etiam
669 2937 900 3008 subsequebatur
913 2951 949 2992 ex

101 3023 201 3080 eodem
215 3031 297 3079 terrae
313 3023 404 3093 hiatu,
428 3024 508 3080 velut
521 3025 591 3081 odor
605 3025 725 3081 balsami
750 3025 949 3091 suavissimus,

103 3126 162 3183 quo
179 3120 235 3167 tam
252 3113 321 3182 ipse,
338 3127 426 3184 quain
448 3122 669 3171 circumstantes
695 3115 900 3171 incredibiliter
926 3119 953 3170 ιι

105 3199 274 3256 mirabiliter
289 3201 503 3259 recreabantur.
516 3204 588 3258 Cum
605 3216 671 3258 vero
684 3203 836 3272 episcopus
854 3216 951 3258 secum

104 3287 210 3358 positos
230 3290 403 3356 hortaretur,
419 3292 454 3346 ad
472 3292 605 3348 eumdem
627 3300 709 3346 terrae
738 3291 849 3347 hiatum
873 3304 953 3346 acce·

105 3376 183 3445 dere,
212 3378 333 3449 etquid
356 3387 430 3434 esset
462 3380 611 3449 inspicere,
643 3380 690 3434 sed
722 3378 822 3435 nullus
853 3393 954 3436 eorum

104 3478 193 3534 super
207 3463 260 3520 hoc
273 3465 300 3520 ei
314 3464 399 3521 vellet
412 3467 620 3536 obtemperare,
633 3467 691 3538 ipse
706 3467 784 3523 solus
802 3469 856 3525 sibi
877 3469 954 3524 vide·

105 3551 193 3608 batur
218 3553 253 3608 de
283 3552 393 3623 pulpito
417 3554 596 3621 descendere,
623 3563 710 3626 atque
736 3555 804 3612 illuc
828 3557 952 3612 tendere.

106 3638 160 3696 Sed
189 3655 256 3697 cum
278 3642 338 3712 jani
362 3655 449 3712 prope
468 3651 549 3710 esset,
571 3643 644 3698 sicut
658 3643 745 3713 lloysi
760 3645 906 3714 quondam
919 3645 955 3700 ad

107 3728 216 3784 rubum
231 3729 438 3799 inspiciendum
464 3731 627 3800 properanti
644 3732 756 3788 dixerat
772 3733 866 3788 Deus:
886 3752 899 3784 ι
915 3733 955 3789 Νι

108 3817 322 3887 appropinques
359 3817 426 3884 huc,
456 3817 536 3874 locus
559 3819 636 3874 enim
663 3821 690 3874 iu
720 3835 779 3891 quo
799 3829 857 3876 stas
881 3829 957 3876 terra

109 3912 271 3976 sanctaqest
283 3905 388 3975 (Ecod.
415 3907 511 3974 u1,5).
530 3928 541 3955 ι
558 3907 601 3963 lta
620 3917 646 3964 et
662 3910 813 3979 episcopus
826 3910 861 3965 de
887 3920 956 3967 inte

108 3994 233 4050 rioribus
249 3993 385 4050 audiebat
399 4008 496 4050 vocem
522 3994 575 4051 sibi
591 3995 728 4052 dicentem
743 4012 749 4050 :
768 3998 828 4053 Nou
858 3998 957 4069 ingre-

108 4082 198 4139 diaris
212 4082 279 4150 huc,
301 4083 438 4152 quoniam
463 4084 539 4140 Deus
561 4086 743 4155 omnipotens
758 4086 786 4141 in
797 4087 856 4156 ipsa
870 4102 957 4145 carne

108 4177 203 4226 suaet
217 4170 331 4226 ossibus
356 4170 402 4226 hic
417 4184 543 4241 presens
557 4177 609 4237 est,
630 4182 657 4229 et
673 4174 780 4242 nullus,
799 4175 849 4246 qui
865 4176 955 4232 Deum

1003 2944 1070 2986 eum
1096 2932 1236 3000 pulsatus,
1271 2933 1328 2988 imo
1353 2931 1497 2988 furtorum
1520 2933 1584 3004 ejus
1605 2940 1712 2999 certus,
1738 2933 1858 2990 removit

1006 3033 1072 3075 eum
1086 3019 1122 3074 ab
1137 3020 1229 3076 obicio
1244 3035 1306 3088 suo,
1323 3021 1351 3076 id
1367 3029 1409 3077 est
1424 3034 1441 3076 a
1455 3022 1584 3077 custodia
1600 3022 1741 3078 thesauri.
1755 3022 1857 3089 Quam·

1006 3107 1105 3164 obrem
1142 3108 1295 3165 anselmus
1334 3109 1423 3165 nimia
1454 3119 1614 3165 commotus
1649 3112 1703 3171 ira,
1728 3118 1756 3167 et
1788 3125 1856 3181 pene

1008 3196 1163 3265 insaniens,
1185 3197 1279 3254 locum
1293 3205 1321 3254 et
1330 3205 1444 3268 tempus
1463 3211 1492 3254 se
1507 3198 1541 3254 de
1552 3212 1586 3254 ιο
1601 3198 1772 3256 vindicandi
1787 3214 1856 3270 que·

1008 3283 1097 3340 rebel.

1043 3376 1114 3427 55⁸
1139 3373 1250 3430 accidit
1280 3375 1389 3431 interea
1422 3381 1454 3431 ut
1492 3374 1580 3430 Sibila
1602 3374 1760 3441 comitissa,
1786 3388 1857 3431 uror

1008 3462 1173 3532 ingelranni
1194 3463 1365 3520 nobilissimi
1390 3462 1525 3533 principis
1548 3464 1583 3520 de
1606 3465 1679 3519 Feta
1695 3464 1809 3535 (vulgo,
1829 3464 1857 3517 lo

1009 3548 1103 3618 Fere),
1133 3550 1217 3620 plura
1245 3566 1313 3608 vasa
1343 3567 1431 3609 aurea
1456 3559 1484 3608 et
1511 3561 1646 3623 argentea
1667 3552 1698 3608 in
1728 3553 1859 3609 thesauro

1009 3638 1120 3696 Sanctae
1154 3639 1251 3696 llariae
1287 3648 1445 3710 reponeret,
1474 3649 1588 3709 propter
1617 3640 1669 3695 loci
1698 3641 1860 3696 tirmitatem

1010 3728 1141 3784 securius
1162 3729 1313 3784 servanda.
1340 3729 1406 3784 lude
1436 3743 1503 3800 ergo
1534 3729 1689 3784 anselmus
1713 3730 1861 3786 occasione

1010 3825 1135 3888 sumpta,
1151 3819 1397 3889 cogitaviteadem
1417 3832 1487 3874 vasa
1510 3818 1613 3884 iurari,
1636 3827 1789 3889 quatenus
1817 3818 1863 3874 sci·

1011 3905 1075 3962 licet
1098 3905 1241 3962 comitissa
1262 3906 1413 3976 prelatum
1433 3905 1603 3971 Guidonem,
1628 3907 1683 3962 sub
1707 3908 1798 3978 cujus
1821 3922 1864 3963 eu·

1010 3995 1102 4050 stodla
1112 3995 1267 4051 thesaurus
1281 3994 1462 4062 serrabatur,
1482 3995 1517 4050 de
1535 3995 1581 4049 tali
1604 3994 1683 4050 lurto
1698 3995 1862 4062 inlamaret,

1011 4096 1139 4153 vasaque
1153 4096 1207 4138 sua
1228 4083 1264 4138 ab
1285 4097 1318 4138 eo
1339 4092 1486 4153 repeteret.
1503 4083 1589 4140 Nocte
1617 4083 1708 4155 igitur
1735 4086 1863 4155 quadam

1011 4171 1086 4227 circa
1104 4171 1293 4241 Epiphaniam
1312 4173 1424 4228 ltomini
1439 4180 1518 4228 tanta
1532 4173 1575 4228 vis
1586 4172 1742 4243 grandinis
1761 4182 1790 4230 ct
1807 4174 1864 4245 plu·

109 4256 205 4314 videat
219 4259 412 4328 corporaliter,
439 4262 489 4318 diu
508 4264 605 4319 vivere
627 4272 727 4334 potest.
753 4266 816 4334 ipsa
840 4279 958 4336 quoque
979 4258 1066 4316 [tviae
1080 4267 1167 4329 atque
1182 4268 1335 4317 ventorum
1357 4259 1501 4318 inhorruit
1525 4268 1556 4316 nt
1579 4261 1720 4318 dedomo
1744 4276 1803 4319 sua
1817 4265 1864 4318 vix

109 4353 209 4402 sancta
225 4348 313 4403 llaria
336 4358 426 4406 mater
450 4351 514 4421 ejus
537 4352 584 4408 hic
608 4367 733 4423 praesens
752 4361 872 4410 estcum
888 4354 956 4423 Deo,

108 4443 136 4491 οι
152 4436 269 4493 mandat
284 4437 333 4494 tibi
348 4439 425 4509 quod
441 4438 512 4496 latro
527 4454 598 4497 suus
611 4441 754 4511 capiatur,
772 4442 957 4514 praecipitque

109 4523 161 4579 tihi
186 4533 217 4580 ut
244 4539 302 4581 non
323 4541 390 4582 eum
412 4527 491 4583 abire
520 4528 677 4598 permittas,
694 4529 742 4584 sed
761 4530 903 4600 jnstitiam
921 4531 957 4587 de

108 4627 142 4669 eo
166 4612 264 4669 iacias.
294 4614 446 4671 Conlestlm
474 4615 625 4686 episeopus
646 4617 803 4688 evigilavit,
831 4627 858 4674 et
885 4619 956 4689 quid

109 4701 162 4757 sibi
197 4702 364 4774 hujusmodi
399 4702 471 4758 visio
509 4703 651 4772 innueret,
685 4706 828 4763 multoties
858 4722 956 4764 secum

109 4790 278 4846 admirando
294 4791 397 4847 tacitus
411 4790 583 4847 revolvebat.

145 4878 214 4934 Erat
237 4886 306 4935 tunc
325 4879 461 4949 temporis
484 4879 513 4935 in
529 4879 601 4936 urbe
626 4881 810 4939 laudunensi
835 4884 955 4953 quidam

108 4966 272 5034 anselmus,
295 4974 484 5038 cognomento
511 4968 640 5036 Beessus,
674 4970 725 5040 qui
747 4985 776 5027 sc
793 4971 956 5027 simulando

109 5055 274 5126 religiosum
301 5069 357 5110 non
387 5068 490 5125 parum
519 5056 555 5113 ab
578 5058 713 5115 omnibus
741 5059 915 5115 laudabatur
928 5066 956 5115 et

108 5143 315 5209 honorabatur,
337 5143 394 5212 sed,
411 5151 443 5200 ut
454 5158 491 5201 ex
506 5145 562 5202 line
584 5147 687 5216 patuit,
703 5146 787 5218 longe
801 5146 878 5202 aliud
894 5154 956 5203 erat

108 5230 138 5286 in
150 5231 233 5287 corde
248 5244 337 5301 quam
351 5231 480 5288 homines
491 5233 619 5290 viderent
634 5235 664 5289 in
686 5234 766 5290 iacie.
791 5235 865 5291 lluic
886 5248 955 5305 ergo

108 5332 157 5388 pro
173 5319 310 5389 religione
328 5334 382 5376 sua
396 5321 550 5378 thesaurus
571 5323 695 5379 ecelesia
723 5322 885 5378 servandus
899 5331 955 5379 tra-

1013 4347 1118 4419 aliquis
1132 4355 1225 4418 posset
1248 4349 1356 4419 egredi.
1386 4350 1466 4405 lllam
1487 4358 1598 4405 noctem
1614 4359 1698 4405 ratus
1709 4351 1865 4408 Auselmus

1009 4444 1200 4507 opportunam
1228 4437 1288 4494 lore
1309 4437 1458 4508 explenda
1473 4439 1610 4508 nequitiae
1625 4437 1678 4494 diu
1707 4441 1863 4504 meditata,

1011 4526 1122 4582 cunctis
1154 4527 1259 4583 scilicet
1284 4527 1359 4582 intra
1381 4528 1480 4583 domos
1504 4527 1621 4593 clausis,
1657 4541 1711 4584 nec
1737 4529 1864 4600 aliquem
1904 4492 1907 4569 i

1010 4617 1134 4671 sonitum
1149 4614 1202 4670 nisi
1217 4615 1306 4671 solius
1317 4617 1392 4671 venti
1407 4616 1507 4671 audire
1519 4614 1694 4682 valentibus,
1707 4619 1866 4688 assumptis

1009 4704 1138 4760 celeriter
1152 4704 1236 4760 scalis
1250 4713 1277 4761 ct
1293 4705 1443 4771 machinis,
1464 4706 1524 4775 jam
1551 4703 1635 4775 longe
1651 4704 1739 4775 prius
1756 4721 1864 4777 prapa-

1010 4795 1090 4860 ratis,
1102 4801 1210 4849 turrem
1226 4793 1255 4849 in
1271 4807 1330 4864 qna
1342 4793 1496 4849 thesaurus
1520 4793 1627 4862 positus
1641 4801 1706 4850 erat
1723 4797 1865 4854 ¹velociter

1009 4880 1183 4949 conscendit,
1202 4889 1229 4936 et
1253 4889 1314 4937 arte
1334 4881 1439 4937 callida
1464 4880 1641 4951 perforatum
1673 4883 1787 4939 ostium
1822 4884 1862 4939 in·

1010 4969 1149 5040 graditur,
1169 4971 1267 5026 omnia
1293 4969 1412 5040 prelata
1449 4983 1519 5025 vasa
1547 4970 1701 5027 comitissae
1728 4986 1822 5029 aurea
1838 4980 1864 5028 et

1010 5065 1146 5129 argentea
1175 5057 1297 5115 iuratur.
1321 5058 1447 5115 Cernens
1466 5064 1562 5114 autem
1577 5071 1696 5114 saccum
1722 5061 1863 5118 suumin

1009 5161 1068 5217 quo
1091 5160 1125 5202 ea
1148 5155 1291 5216 posuerat,
1312 5146 1435 5203 necdum
1459 5147 1518 5203 loro
1547 5146 1678 5216 plenum,
1704 5149 1864 5220 nolensque

1010 5234 1091 5291 illum
1116 5250 1152 5291 ex
1182 5235 1281 5306 aliqua
1313 5245 1393 5307 parte
1428 5249 1575 5292 remanere
1611 5249 1755 5307 vacuum,
1781 5241 1862 5296 mittit

1009 5337 1128 5380 manum
1158 5325 1194 5380 ad
1224 5324 1350 5382 ecclesia
1377 5325 1555 5381 thesaurum.
1580 5325 1690 5382 'fertus
1727 5329 1864 5399 pretiosos

142 5477 199 5549 (60)
227 5474 360 5533 Violatur
388 5477 507 5535 minimo
526 5479 597 5536 roes
619 5480 689 5538 dum
713 5479 843 5537 criminis
862 5480 958 5538 socius
976 5482 1131 5539 revelatur.
