3818 6008
87 116 139 169 ott
495 115 684 173 accusarit
702 117 749 174 DE
769 116 890 172 HIRAC.
910 120 938 175 S.
961 118 1081 175 111111ιῦ
1100 119 1251 178 inuuunt.
1267 120 1380 178 -L1B.
1401 121 1437 176 tl.
1785 126 1839 184 978

85 259 174 316 quam
201 245 253 315 ipsi
271 244 371 302 timore
394 246 494 302 mortis
516 245 642 302 ltominaa
663 253 768 302 uostrae
792 246 932 304 donantes
951 249 1057 318 rigati,
1072 254 1100 305 et
1118 262 1167 319 pro
1182 248 1321 306 relatione
1335 249 1494 321 presbyteri
1509 251 1545 308 de
1558 250 1658 310 lutura
1676 252 1739 324 ejus
1752 254 1841 325 sospi-

85 344 173 403 super
186 330 249 401 ejus
267 331 404 388 teretrum
426 339 589 402 posuerant,
606 331 664 388 imo
678 333 787 388 turbati
805 333 935 403 projece-
989 341 1044 391 tate
1060 337 1215 403 eertilleati‚
1232 350 1298 394 cum
1315 338 1446 409 reliquiis
1469 339 1505 395 ad
1522 339 1627 396 lecture
1642 341 1840 399 decumbentis

85 428 161 476 rant.
177 418 229 477 Sed
253 419 292 475 illi
313 434 380 475 mox
400 426 432 476 ut
455 420 535 476 littus
549 421 722 492 attingentes
746 420 881 478 viderunt
904 435 934 478 se
989 422 1130 492 venimus,
1146 439 1254 495 easque
1268 440 1364 482 eoram
1387 428 1448 496 ipsa
1464 427 1602 497 lavantes,
1619 434 1647 485 et
1668 442 1776 499 aquam
1793 430 1838 486 la-

84 508 162 564 nceis
185 509 310 564 evasisse
335 508 505 578 periculum,
533 509 646 579 pristini
662 516 755 565 metus
768 509 858 571 obliti,
873 509 934 565 sine
988 511 1111 567 rationis
1131 513 1155 568 ei
1182 514 1336 583 potandam
1362 515 1516 582 tradentes,
1546 517 1683 572 continuo
1706 516 1837 574 discessi-

84 604 182 651 uostra
197 595 312 651 lieentia
328 595 531 666 unusquisque
548 596 696 652 sacculum
711 609 798 651 suum
817 604 845 652 et
859 609 935 652 mar·
987 612 1062 655 mus.
1085 600 1120 656 Et
1141 616 1204 658 ecce
1228 603 1399 672 priusquam
1423 603 1458 658 ad
1478 601 1623 659 ecelesiam
1640 603 1747 660 reversi
1761 618 1839 662 esse·

83 684 201 754 supium
228 684 396 754 assumpsit,
422 685 608 754 bominaeque
638 692 742 740 nostrae
763 683 824 741 solo
846 685 934 741 verbo
987 702 1062 756 mus,
1078 688 1201 745 nuntius
1224 698 1284 758 post
1310 705 1363 747 uos
1380 704 1545 758 accurrens,
1571 706 1633 748 eam
1651 692 1790 762 peperisse
1810 701 1838 751 et

83 773 192 844 gratias
206 782 332 844 agentes,
347 773 418 829 nibil
436 772 461 829 ei
478 772 666 843 reliquerunt.
987 784 1118 832 sanatam
1133 791 1194 833 esse
1217 779 1325 834 retulit.
1351 779 1431 836 Unde
1458 787 1514 834 tam
1538 781 1599 850 ipsa
1613 795 1701 851 quam
1718 781 1839 838 maritus

84 878 151 935 cap.
169 879 303 935 v.-1)e
316 877 542 949 medictasuper
555 880 745 952 nepottetores
756 878 842 945 saeta
855 879 935 952 apud
986 865 1050 935 eius
1067 865 1254 934 exsultantes,
1279 867 1370 922 multa
1395 881 1516 924 munera
1540 868 1566 924 ei
1588 876 1757 925 ornamenta
1779 871 1838 926 lio-

448 950 569 1004 Dodrea.
988 953 1073 1008 minae
1087 963 1192 1010 nostrae
1216 955 1416 1024 contulerunt;
1445 963 1508 1025 post
1531 955 1654 1012 reditum
1678 957 1764 1013 etiam
1786 971 1836 1013 no·

120 1035 210 1103 Quam
228 1044 323 1093 tamen
345 1035 450 1091 exinde
474 1035 630 1090 vindictam
654 1035 736 1091 llatri
760 1049 820 1092 suas
842 1035 934 1106 judex
986 1046 1079 1096 strum
1105 1041 1272 1097 vestimenta
1296 1042 1419 1111 pretiosa
1442 1043 1629 1099 sacerdotalia
1653 1045 1837 1102 laudunensi

81 1125 180 1194 justus
195 1124 292 1180 lecerit
317 1124 406 1181 Filius
429 1137 510 1188 suus,
534 1123 654 1180 audiant
677 1137 776 1180 omnes
799 1123 860 1194 qui,
880 1136 934 1180 sua
986 1128 1111 1185 ecclesie
1126 1129 1189 1200 ipsa
1207 1130 1375 1186 transmisit.

83 1214 140 1269 lieo
164 1213 274 1280 dantes,
304 1227 408 1269 rursus
434 1226 468 1268 ea
491 1211 639 1267 aulerunt.
669 1211 740 1268 Cum
770 1212 846 1268 enim
876 1219 933 1270 tota
1023 1217 1082 1274 lloc
1096 1226 1192 1274 autem
1208 1219 1442 1288 probatissimum
1458 1220 1535 1290 apud
1560 1235 1612 1276 nos
1635 1229 1697 1278 erat
1721 1220 1836 1278 nullum

83 1314 154 1371 pene
166 1299 271 1371 nnglta
286 1300 417 1367 circuita,
435 1301 576 1356 maximos
592 1300 665 1355 lanae
683 1313 800 1356 acervos
813 1299 933 1356 emendo
986 1306 1104 1361 omnino
1121 1320 1202 1377 posse
1224 1307 1334 1372 sanari,
1358 1307 1412 1362 nisi
1434 1317 1507 1365 esset
1528 1309 1563 1365 de
1588 1309 1649 1378 ipso
1670 1309 1838 1380 episcopatu

84 1389 234 1459 pecuniam
251 1403 333 1446 suam
352 1388 566 1458 expendissent,
590 1389 712 1457 ipsaque
735 1387 803 1442 lana
826 1401 933 1458 quam·
987 1393 1016 1449 in
1040 1409 1098 1465 quo
1117 1408 1245 1464 eramus,
1261 1395 1438 1465 providente,
1456 1396 1530 1452 sicut
1545 1396 1698 1464 credimus,
1717 1397 1838 1454 Domina

82 1475 148 1533 dam
165 1491 300 1548 magnam
320 1478 437 1534 domum
459 1490 547 1546 super
567 1476 647 1533 littus
662 1476 760 1544 ruaris,
777 1475 854 1546 quod
878 1475 932 1533 llo·
986 1488 1135 1538 nostrane
1150 1481 1387 1553 aliquisiguotus
1405 1496 1482 1554 aeger
1503 1482 1537 1539 de
1560 1482 1727 1554 longinquis
1749 1483 1838 1554 parti·

81 1565 150 1621 bras
172 1565 317 1635 (maures)
340 1566 456 1631 dicitur,
480 1565 564 1621 sitam
581 1564 745 1634 replessent,
768 1577 833 1620 eece
852 1570 933 1621 nocte
951 1543 972 1598 Β
987 1568 1042 1625 bus
1057 1570 1213 1626 adveniens
1227 1569 1371 1627 diceretur
1388 1584 1437 1640 spe
1459 1579 1589 1643 quaestus
1612 1586 1630 1626 a
1652 1571 1734 1629 uobis
1747 1571 1839 1642 pretio

83 1654 221 1710 transitus
242 1654 287 1709 sui
312 1654 386 1710 diem
412 1653 587 1722 precedente
611 1653 706 1708 subito
729 1651 860 1708 incendio
879 1651 933 1707 do·
986 1656 1146 1713 conductus
1159 1670 1230 1723 esse,
1254 1656 1300 1713 vel
1317 1658 1377 1727 ipse
1391 1671 1441 1727 pro
1463 1658 1630 1729 accipienda
1649 1658 1773 1729 pecunia
1786 1659 1836 1715 ad·

82 1741 258 1797 museadem
280 1756 345 1797 cum
372 1750 429 1796 tota
452 1741 518 1796 lans
535 1749 661 1796 cremata
676 1748 733 1806 est3
758 1739 858 1810 sicque
880 1739 930 1807 illi,
985 1744 1108 1810 venisse,
1132 1743 1232 1814 sicque
1258 1745 1440 1802 sermonibus
1468 1745 1592 1816 imperiti
1618 1746 1699 1818 vulgi
1724 1747 1839 1804 viliores

81 1830 217 1886 omuibus
240 1831 352 1886 arrrissis
381 1843 520 1900 pauperes
546 1826 648 1894 eiieeti,
676 1842 739 1884 sero
762 1828 933 1897 poenitentes
985 1832 1183 1890 redderentur.
1200 1833 1239 1888 lle
1254 1832 1309 1888 illis
1321 1833 1417 1897 etiam,
1435 1835 1486 1904 qui
1503 1842 1584 1891 erant
1603 1848 1637 1891 ex
1655 1835 1714 1904 ipso
1726 1836 1835 1905 episco-

81 1917 238 1974 doluerunt
257 1933 286 1974 se
302 1917 440 1989 iniuriam
456 1917 553 1973 iecisse
568 1917 684 1988 lieginae
699 1916 772 1972 celi.
985 1927 1066 1990 patu,
1082 1934 1165 1976 nemo
1179 1920 1348 1988 curabatur,
1366 1921 1419 1977 uisi
1431 1922 1513 1991 prius
1524 1931 1639 1992 peccata
1652 1936 1706 1978 sua
1722 1923 1838 1993 presby-

80 2021 147 2079 ω,
165 2023 211 2079 pp,
238 2052 273 2063 ..
300 2024 343 2077 p,
368 2022 490 2077 muger,
509 2022 690 2093 parturiente
713 2021 836 2076 piperata
860 2022 932 2077 ean.
985 2017 1046 2065 tero
1060 2023 1114 2065 suo
1137 2009 1331 2077 confiteretur,
1356 2010 1381 2065 si
1400 2018 1495 2066 tamen
1518 2011 1697 2067 etatisesset
1717 2011 1834 2068 idonee.

456 2092 563 2148 leuda.
986 2097 1102 2163 Quodsi
1118 2097 1279 2154 inlautulus
1292 2105 1364 2165 erat,
1381 2099 1613 2156 admonebantur
1631 2107 1763 2170 parentes
1777 2100 1838 2157 vice

116 2199 174 2255 Nos
199 2199 297 2270 itaque
320 2214 378 2256 nou
402 2214 439 2256 ex
468 2201 572 2256 umbra
598 2199 706 2265 mortis,
731 2198 778 2254 sed
803 2211 840 2253 er
865 2196 932 2267 ipsis
985 2200 1140 2256 puerorum
1154 2185 1246 2242 facete
1263 2186 1480 2243 contessionem.

81 2287 215 2343 laucibus
229 2289 302 2358 eius,
321 2298 352 2344 ut
362 2288 445 2344 nobis
461 2289 554 2344 visum
567 2296 618 2354 est,
631 2286 752 2354 liberati,
770 2285 930 2357 gratiarum
1002 2275 1069 2333 CAP-
1085 2276 1146 2332 Vll·
1165 2306 1200 2315 -
1215 2277 1258 2330 De
1272 2290 1342 2331 ⁶8⁰⁰
1352 2275 1518 2331 illuminato
1533 2275 1612 2348 atiud
1631 2275 1817 2332 Winiottittm·

80 2375 181 2432 lauces
211 2377 336 2432 uorntnae
365 2384 470 2432 nostra
500 2376 663 2441 referentes,
695 2376 932 2445 assumptoque
1023 2364 1207 2420 Postmodum
1223 2364 1258 2419 an
1274 2364 1374 2420 urbem
1393 2364 1621 2421 wintoniensem
1635 2366 1793 2434 venientes,
1809 2372 1837 2421 et

81 2464 185 2521 ieretro
218 2473 306 2536 atque
339 2467 468 2536 reliquiis
498 2467 685 2522 cantuariam
711 2466 854 2529 venimus,
881 2463 930 2519 ubi
987 2452 1141 2508 h0110iifl⁰0
1164 2452 1200 2509 ab
1228 2451 1309 2508 Hibis
1336 2451 1427 2523 ipsius
1454 2453 1587 2522 09¹SG⁰ll⁰
1616 2455 1751 2524 iusoevib
1787 2469 1836 2524 per

80 2561 151 2610 tuno
173 2561 235 2610 erar
258 2554 491 2624 arcnrepsoopus
512 2555 636 2610 nonnus
658 2552 829 2609 eurttetmus
845 2552 927 2609 nouo
984 2550 1047 2597 octo
1062 2540 1122 2597 dies
1138 2540 1175 2596 ibt
1190 2540 1360 2608 mansimus.
1376 2540 1404 2595 in
1419 2540 1662 2611 quinusptursma
1675 2541 1735 2598 fleri
1750 2541 1835 2599 mira·

80 2642 257 2708 notissimus‚
273 2643 410 2712 quoniam
435 2643 495 2713 jam
511 2642 622 2698 dudum
646 2656 697 2711 pro
716 2642 863 2696 audientia
887 2640 930 2696 te.
984 2629 1051 2686 cula
1065 2628 1201 2685 vidimus.
1227 2628 1298 2684 Erat
1322 2627 1350 2683 in
1365 2628 1464 2684 eadem
1479 2627 1594 2685 civitate
1620 2628 1700 2686 miles
1715 2630 1835 2700 quidam

78 2730 172 2786 ctione
195 2731 326 2801 magistri
347 2733 473 2788 anselmi
498 2730 673 2786 baudunum
697 2738 805 2799 petens,
832 2729 931 2785 multis
984 2716 1170 2783 h0ss⁰i³bl¹t82
1186 2716 1302 2772 nomine
1324 2715 1476 2782 occultus,
1496 2724 1685 2787 ⁰⁰itss⁰ffl⁰¹¹i⁰
1701 2717 1834 2784 Bussfllss,

80 2818 182 2874 diebus
213 2818 243 2874 iu
272 2819 392 2889 episcopi
425 2819 508 2874 domo
542 2827 697 2883 manserat,
728 2817 825 2887 ibique
858 2805 1122 2887 mmscpincerua
1145 2805 1221 2876 1θὲῑὸ
1245 2802 1507 2874 *1181011110Ᾱῦ
1537 2804 1589 2875 qui
1609 2805 1671 2875 lim
1697 2818 1748 2875 per
1767 2813 1831 2863 0⁰¹0

79 2906 224 2976 iladnpni
243 2907 406 2963 cancellarii
429 2907 504 2978 regis
525 2906 685 2977 anglorum
707 2905 851 2961 docuerat.
878 2903 931 2959 llic
984 2907 1076 2950 atinOS
1090 2893 1241 2950 Oculorum
1259 2892 1358 2948 ¹¹1⁰]ssss
1373 2892 1517 2960 3101813131,
1535 2893 1612 2949 unde
1626 2901 1684 2949 ⁰⁸³
1701 2906 1768 2965 1'080
1784 2907 1835 2964 lis⁰

77 3008 146 3065 ergo
170 3010 237 3052 oum
252 2995 360 3067 ingenti
385 2995 491 3066 gaudio
508 2995 590 3050 nobis
609 3007 774 3061 occurrens,
790 2991 930 3050 bononu-

79 3085 241 3141 centissime
272 3099 325 3141 uos
360 3098 426 3140 cum
464 3084 612 3139 monacbis
644 3083 741 3140 Sancti
774 3081 930 3154 Augustini

79 3173 214 3242 suscepit,
239 3180 267 3229 et
280 3172 412 3243 quandiu
437 3171 584 3229 voluimus
603 3171 727 3242 benigne
751 3171 878 3228 retinuit.
894 3172 930 3229 let

79 3275 145 3318 eece
159 3269 291 3317 matrona
309 3261 442 3332 quedam
465 3261 593 3331 ejusdem
610 3260 691 3316 urbis
705 3259 854 3328 ditissima,
868 3259 929 3331 jam

80 3358 204 3421 perocto
226 3349 285 3406 dies
301 3350 389 3407 nimio
413 3357 514 3420 partus
533 3349 629 3405 dolore
651 3348 789 3416 cruciata,
811 3347 929 3405 ornnino

78 3439 172 3495 iuerat
194 3437 353 3508 desperata,
371 3437 410 3494 ita
435 3446 467 3494 ut
488 3438 523 3494 de
545 3438 605 3494 solo
629 3435 693 3509 ejus
709 3436 809 3493 iuuere
824 3443 927 3493 tracta·

77 3535 168 3583 retur.
193 3527 260 3583 lice
291 3526 412 3583 audiens
441 3527 599 3583 adventum
633 3533 764 3582 nostrum
793 3523 868 3582 misit
890 3525 928 3581 ad

77 3629 130 3670 nos
144 3615 239 3670 virum
256 3628 351 3676 suum,
374 3622 551 3686 querentem
566 3614 589 3670 si
606 3614 673 3684 quis
694 3620 824 3670 riostrum
844 3613 928 3668 sciret

76 3703 204 3772 aliquam
230 3703 358 3772 pariendi
384 3703 564 3759 medicinam.
580 3703 662 3758 Tunc
683 3703 753 3757 Beso
770 3701 926 3771 presbyter,

76 3792 125 3849 cui
151 3791 293 3861 precipue
312 3805 383 3848 eura
406 3790 596 3862 reliquiarum
620 3789 829 3847 servandarum
850 3803 927 3844 com·

77 3877 165 3934 missa
188 3878 292 3947 tuerat,
320 3878 467 3936 consuluit
489 3879 516 3935 ei
539 3886 578 3949 ‚ut
605 3879 758 3948 conjugem
773 3889 856 3933 suam
876 3889 927 3932 ex-

77 3967 244 4023 hortaretur
266 3979 398 4023 veracem
427 3973 608 4036 peccatorum
631 3979 751 4023 suorum
774 3964 926 4022 contessio-

77 4073 142 4116 nem
164 4059 328 4130 presbytero
351 4074 405 4116 suo
427 4058 530 4124 iacere,
550 4058 652 4116 deinde
670 4071 707 4114 ex
728 4056 847 4129 lympha
869 4072 928 4128 qua

984 2982 1046 3052 ipsa
1060 2982 1187 3039 cecitate
1202 2981 1268 3037 liliis
1281 2981 1341 3036 suis
1355 2980 1481 3036 olllcium
1498 2994 1585 3036 suum
1598 2981 1677 3038 reddi
1695 2981 1833 3052 impetra·

983 3078 1074 3128 verat.
1098 3070 1150 3126 llic
1164 3083 1232 3140 ergo
1254 3069 1282 3124 iu
1300 3068 1346 3124 die
1366 3068 1550 3124 Armnsioms
1574 3069 1730 3125 Dominicae
1753 3083 1834 3127 coru-

985 3157 1071 3230 pertis
1090 3156 1238 3214 miraculis
1263 3170 1330 3227 que
1352 3155 1470 3224 fiebant,
1495 3156 1531 3212 ad
1555 3157 1691 3215 teretrum
1714 3171 1743 3214 se
1767 3157 1833 3214 lecit

983 3243 1097 3309 adduci,
1123 3249 1365 3312 peccatorumque
1388 3241 1565 3299 confessione
1593 3243 1757 3314 presbytero
1780 3259 1833 3301 suo

983 3332 1058 3388 lacta
1080 3331 1147 3402 (55),
1165 3331 1288 3387 lotarum
1309 3329 1501 3400 reliquiarum
1520 3345 1626 3402 aquam
1650 3332 1770 3389 iideliter
1794 3333 1833 3388 bi·

982 3420 1033 3488 bit,
1048 3428 1076 3477 et
1088 3419 1186 3476 oculos
1197 3433 1264 3475 suos
1277 3433 1315 3475 ex
1330 3433 1365 3475 ea
1386 3419 1450 3474 lecit
1464 3418 1565 3474 lavari.
1583 3420 1719 3491 Episcopo
1735 3421 1833 3491 itaque

983 3509 1120 3579 majorem
1144 3506 1261 3561 missam
1283 3507 1312 3560 iu
1337 3505 1456 3562 ecclesia
1477 3519 1528 3575 pro
1551 3513 1629 3562 tanta
1655 3507 1832 3564 solemnitate

982 3597 1151 3662 celebrante,
1185 3609 1253 3650 curn
1291 3601 1353 3664 post
1389 3593 1572 3665 evangelium
1613 3607 1706 3650 sermo
1735 3594 1834 3652 linitus

982 3685 1092 3751 luisset,
1125 3690 1245 3754 rogante
1272 3682 1388 3753 populo,
1410 3695 1476 3738 cum
1503 3680 1632 3750 reliquiis
1655 3681 1690 3738 de
1713 3683 1832 3740 ecclesia

981 3773 1137 3839 exivimus,
1163 3786 1199 3827 ne
1222 3771 1379 3827 molestiam
1408 3770 1541 3840 episcopo
1564 3770 1733 3827 laceremus.
1758 3772 1831 3829 Cum

982 3876 1050 3919 vero
1073 3861 1103 3917 in
1120 3860 1214 3931 platea
1237 3872 1334 3916 coram
1350 3859 1477 3916 ecclesie
1497 3858 1590 3930 janua
1605 3872 1722 3915 rursum
1738 3873 1831 3917 sermo

983 3949 1062 4006 tieret
1080 3956 1108 4005 et
1130 3949 1281 4018 episcopus
1302 3961 1440 4004 canonem
1465 3947 1613 4017 inciperet,
1638 3946 1733 4003 subito
1758 3948 1832 4006 idem

982 4036 1123 4094 liedulfus
1143 4037 1178 4093 ad
1203 4036 1340 4107 reliquias
1370 4050 1423 4107 pro
1447 4036 1556 4093 loribus
1578 4035 1703 4093 ecclesiae
1726 4035 1833 4107 positas

77 4148 208 4218 reliquia
233 4148 295 4206 lotas
316 4149 409 4205 {orent
434 4147 554 4204 lideliter
568 4147 675 4204 bibere.
701 4144 821 4202 Rediens
838 4147 926 4203 mari·
946 4126 1083 4187 ⁰¹¹111101¹
1105 4126 1221 4196 issoelilb
1251 4125 1401 4195 Dium‘l110
1422 4132 1449 4181 ⁰⁸
1472 4131 1601 4181 ⁸²fl⁰¹³ffl
1624 4124 1688 4195 01⁰⁵
1713 4125 1831 4183 Mallem

77 4243 125 4292 tus
157 4250 223 4306 quae
254 4235 403 4293 invenerat
434 4235 551 4307 conjugi
575 4234 681 4291 retulit.
707 4233 760 4288 Sed
780 4233 837 4300 illa,
864 4248 930 4304 quae

75 4323 137 4394 jam
155 4323 269 4402 penitus
284 4338 340 4380 non
362 4324 455 4380 solum
474 4323 627 4394 loquelam,
652 4322 855 4378 verumetiam
871 4335 928 4377 me-

79 4412 200 4468 moriam
221 4426 272 4483 pro
295 4412 400 4469 doloris
421 4411 566 4468 nimietate
582 4410 752 4481 perdiderat,
769 4409 930 4466 auxiliante

78 4502 138 4557 Deo
158 4501 289 4571 protinus
303 4515 340 4556 ex
365 4501 425 4570 ipso
440 4500 535 4556 calore
560 4499 622 4556 ildei
646 4498 861 4568 aliquantulum
883 4510 929 4553 ro·

79 4588 180 4644 borata
193 4595 221 4645 et
244 4595 381 4656 recreata,
398 4586 523 4644 venienti
548 4586 715 4656 presbytero
738 4595 854 4656 peecata
876 4599 931 4642 sua

79 4675 209 4732 conliteri
232 4677 356 4743 curavit,
382 4676 485 4731 deinde
505 4674 659 4743 subjunxit
690 4673 819 4730 eamdem
848 4682 931 4730 nocte

80 4763 135 4821 sibi
149 4764 178 4820 in
193 4765 257 4821 visu
282 4762 438 4834 quamdam
460 4760 696 4831 speciosissimam
722 4761 872 4819 Dominam
895 4763 931 4819 de

81 4853 203 4911 Francia
216 4851 378 4910 venientem
398 4849 574 4922 apparuisse,
589 4856 617 4905 et
632 4856 664 4906 ut
680 4857 795 4920 peccata
808 4864 862 4906 sua
882 4866 930 4908 ve·

80 4942 185 4999 reciter
203 4940 388 4998 confiteretur
411 4939 578 5010 precepisse
599 4938 699 5009 sicque
719 4951 748 4995 se
771 4939 930 4997 sanandam

80 5029 331 5100 lorepmmisisse.

118 5117 189 5174 Cum
206 5118 266 5174 haec
282 5118 429 5187 presbyter
448 5124 512 5187 post
528 5115 734 5172 conicssioncm
751 5114 879 5172 auditam
895 5117 931 5174 ad

81 5219 135 5261 nos
149 5205 268 5261 veniens
291 5203 443 5270 retulisset,
465 5202 540 5260 illico
555 5204 657 5260 nesab
679 5203 743 5274 eius
766 5203 869 5258 marito
884 5218 930 5260 ro·

983 4229 1049 4271 cum
1074 4215 1197 4271 elamore
1220 4213 1340 4270 laudare
1366 4212 1459 4283 coepit.
1486 4213 1567 4278 Quod
1597 4213 1770 4269 miraculum
1803 4214 1831 4269 in

983 4310 1064 4361 tanta
1079 4304 1263 4359 veneratione
1276 4309 1317 4358 est
1332 4301 1465 4359 habitum
1489 4309 1520 4357 ut
1535 4300 1690 4371 quinquies
1705 4301 1767 4372 ipsa
1787 4300 1833 4356 die

984 4397 1176 4448 reverteretur
1187 4390 1311 4462 populns
1328 4390 1364 4448 ad
1380 4389 1556 4446 audiendum
1572 4388 1705 4457 verbum,
1727 4395 1756 4445 et
1777 4388 1832 4445 bo-

984 4481 1130 4537 norandas
1143 4480 1281 4551 reliquias
1298 4479 1514 4548 oblationesque
1528 4477 1705 4547 repetendas.

1054 4586 1121 4644 Can.
1140 4587 1215 4643 lllll.
1229 4617 1263 4627 -
1277 4589 1318 4642 be
1329 4584 1390 4640 clio
1400 4583 1516 4653 infimo
1525 4582 1636 4639 ibidem
1647 4586 1758 4638 curete.

1019 4676 1090 4731 Erat
1105 4676 1134 4730 iu
1148 4674 1247 4731 eadem
1269 4672 1343 4730 urbe
1358 4672 1478 4744 quidam
1497 4671 1654 4728 ditissimus
1667 4669 1829 4735 eustratus,

984 4770 1172 4835 cognomento
1193 4761 1309 4830 Kiburs‚
1335 4759 1386 4831 qui
1407 4759 1468 4830 jam
1492 4769 1543 4815 sex
1567 4758 1652 4813 aunis
1667 4756 1832 4814 infirmitate

985 4850 1156 4923 gravissima
1185 4849 1226 4907 sic
1258 4850 1411 4920 depressus
1440 4847 1534 4904 luerat
1566 4853 1599 4903 ut
1621 4859 1773 4916 nunquam
1797 4847 1833 4903 de

985 4940 1056 4998 lecto
1079 4953 1199 5011 surgere
1223 4937 1355 5009 potuerit.
1376 4936 1490 4994 Auditis
1513 4949 1582 5007 ergo
1606 4933 1755 4991 miraculis
1777 4935 1832 4991 llo·

986 5028 1071 5085 minse
1099 5034 1212 5096 uestrae,
1242 5040 1293 5099 per
1319 5024 1511 5082 internuntios
1542 5037 1560 5080 a
1591 5021 1674 5079 nobis
1707 5022 1833 5090 poposcit

985 5115 1140 5173 auxilium.
1151 5117 1214 5186 lpse
1227 5115 1304 5172 enim
1318 5127 1385 5170 oum
1400 5115 1457 5170 alia
1472 5112 1733 5168 intirmitateetiam
1747 5107 1833 5165 tiurtu

985 5206 1094 5261 ventris
1108 5205 1179 5262 adeo
1195 5203 1343 5284 laborabat
1365 5209 1398 5259 ut
1413 5216 1466 5259 nec
1487 5200 1573 5256 etiam
1593 5203 1786 5269 competenter
1805 5197 1832 5252 in

118 5364 176 5434 (55)
190 5363 262 5420 Nota
275 5361 397 5419 diversis
409 5360 437 5417 in
453 5360 522 5418 locis
534 5341 648 5432 semper¹
655 5361 821 5434 presbytero
831 5360 970 5419 dicuntur
983 5370 1100 5433 peccata
1113 5362 1252 5420 coniessa.
