3818 6008
7 304 10 311 Ι
74 218 130 274 tat
530 219 561 276 V.
581 216 746 274 GUIBERTl
765 217 912 274 assatis
930 218 958 274 S.
980 216 1100 273 llhlllAE
1118 216 1165 272 DE
1184 215 1377 274 nomenato
1776 217 1824 272 tte

70 347 256 406 eeclesiarum
275 347 447 418 diripiebant
461 355 590 415 ornatus,
613 347 797 417 publicarum
813 348 920 405 aedium
938 348 963 404 h
978 348 1174 421 indignatione
1189 348 1305 418 refutat,
1316 347 1387 404 dum
1401 346 1455 404 sibi
1467 354 1495 404 et
1509 346 1634 404 civitatis
1654 344 1822 411 dominium,

71 436 232 509 spoliabant
247 437 351 507 copias,
368 450 474 492 aurum
498 443 722 507 argentumque,
749 436 855 492 diversi
870 451 921 508 ge·
975 444 1003 493 et
1019 437 1146 493 victoriae
1161 436 1286 509 insignia
1300 449 1437 509 arrogare
1452 436 1605 493 desiderat.

71 526 150 582 neris
174 525 321 591 animalia,
340 531 368 580 et
391 524 489 594 siqua
516 532 711 595 suppeterent,
732 524 842 595 eripere
858 539 921 581 mo-
1010 525 1073 581 Nox
1096 525 1194 597 itaque
1222 525 1399 596 supervenit,
1424 533 1452 582 et
1465 527 1606 582 Turcorm
1630 524 1750 596 vulgus,
1774 523 1824 581 ob·

70 611 217 670 liebantur
230 611 323 667 utilia.
342 611 384 667 Ad
414 611 468 668 hor.
482 613 568 668 etiam
594 626 726 682 quosque
741 611 921 668 Christiano·
975 613 1093 669 sidionis
1111 613 1275 683 impatiens,
1305 628 1358 671 nee
1380 614 1511 685 ejusqui
1533 612 1683 669 obsederat
1698 612 1825 683 pertina-

70 713 137 757 rnm
169 698 241 754 lilios
269 712 320 769 pro
344 700 495 768 mancipiis
515 698 706 767 abducebant,
732 709 835 756 caetera
856 714 922 770 quae
975 701 1026 757 clae
1038 709 1066 757 et
1078 702 1194 757 virtutis
1217 701 1363 772 ignarum,
1381 701 1550 758 universum
1565 714 1681 771 prorsus
1700 699 1824 771 aufugit.

70 786 168 842 minus
189 784 294 855 prede
321 786 467 856 patebant,
487 785 628 842 incendiis
652 787 847 854 absumentes,
868 785 922 842 ad·
975 786 1086 855 Quibus
1102 788 1143 844 ita
1161 791 1293 856 extrusis,
1313 790 1349 844 lui
1368 788 1417 859 qui
1447 789 1476 844 in
1502 789 1573 846 urbe
1593 787 1824 855 commanebant,

70 879 189 929 ventum
213 873 386 930 nostratium
404 887 515 943 semper
536 873 691 944 praeeundo
710 880 849 929 verentes.
866 873 923 929 ilos
977 876 1067 947 ipsius
1092 875 1217 946 profecto
1244 883 1328 932 terrae
1362 876 1491 948 gentiles,
1522 875 1693 932 Christiane
1719 874 1826 931 scilicet

70 960 197 1031 denique
220 959 355 1030 profanos
379 974 428 1030 per
454 960 643 1017 solitudinum
660 960 750 1016 nostri
775 960 840 1015 avia
861 959 922 1016 dis·
975 962 1100 1019 hominis
1122 963 1302 1030 conditionis,
1320 964 1347 1019 in
1360 964 1419 1035 ipsa
1434 963 1540 1035 egressi
1561 964 1720 1020 adnostros
1734 970 1825 1029 nocte,
1866 1022 1869 1037 ‚

71 1049 228 1120 quireutes,
259 1055 364 1105 terram
393 1049 533 1105 desertam
564 1048 672 1104 inviam
695 1057 724 1105 et
751 1049 921 1120 inaquosam
975 1051 1176 1107 conclamant:
1196 1073 1207 1102 ‹
1230 1051 1344 1118 Franci,
1367 1052 1514 1121 inquiunt,
1542 1056 1688 1105 maturate
1714 1049 1826 1120 ingredi
1866 1048 1869 1053 '

71 1137 255 1193 intraverunt
273 1136 367 1206 (Psoi.
400 1152 466 1205 extr,
495 1136 531 1208 3),
559 1137 593 1192 de
615 1150 674 1208 qua
696 1137 746 1191 vix
768 1136 922 1192 miserandi
974 1138 1130 1204 civitatem,
1160 1139 1230 1209 quia
1260 1139 1428 1209 alienigenae
1456 1137 1623 1209 dillugiunt.
1653 1138 1686 1192 ln
1714 1144 1827 1192 tanturn
1867 1108 1871 1167 ¹

71 1233 259 1282 emerserunt.
299 1225 371 1280 ilinc
405 1225 498 1291 famis,
537 1225 603 1281 inde
641 1225 703 1281 sitis
735 1225 922 1295 agitabantur
975 1237 1076 1284 vestrae
1100 1227 1275 1283 fortitudinis
1303 1240 1457 1296 concepere
1490 1224 1666 1281 timoremt·
1701 1228 1753 1281 Ast
1778 1224 1828 1282 nbi
1868 1200 1871 1291 l

71 1313 180 1385 inopia,
204 1313 335 1384 nihilque
364 1313 509 1384 pertinens
522 1314 583 1369 esui
601 1319 711 1383 poterat
725 1311 852 1382 reperiri,
868 1311 922 1367 nisi
975 1315 1076 1383 eluxit,
1094 1314 1146 1371 loci
1162 1314 1254 1385 ipsius
1279 1315 1418 1383 primores
1444 1313 1546 1369 urbem
1566 1311 1641 1369 ultro
1664 1313 1788 1380 dedunt,
1803 1320 1829 1368 et

72 1400 150 1470 quod
181 1401 329 1471 spicarum
356 1401 560 1457 confricatione
592 1401 746 1471 aliquoties
769 1400 923 1455 videbatur
976 1403 1031 1471 his,
1060 1417 1133 1473 quos
1153 1416 1241 1473 super
1260 1402 1324 1472 eius
1355 1402 1480 1458 dominio
1502 1402 1601 1473 jurgia
1625 1410 1736 1458 motare
1758 1415 1828 1457 com·

72 1487 197 1544 crudelis
221 1488 315 1543 inedia
345 1489 509 1557 temperari.
539 1487 644 1543 lbidem
666 1487 762 1556 plures
782 1487 923 1557 equestris
976 1490 1240 1561 perorantaiuut:
1261 1489 1374 1546 «illum
1394 1490 1643 1560 nobispraesidere
1663 1489 1827 1561 deligimus,

72 1575 151 1632 viros
172 1576 320 1647 dignitatis
344 1583 454 1631 constat
478 1576 578 1641 obisse,
596 1575 665 1630 dum
686 1575 862 1630 desertorum
877 1575 921 1631 ln·
977 1590 1063 1646 quem
1078 1591 1144 1633 eum
1160 1578 1261 1633 iureis
1276 1577 1346 1633 adeo
1360 1578 1464 1634 acriter
1478 1579 1609 1635 hesterno
1622 1579 1715 1650 egisse
1723 1591 1827 1649 eogno-

74 1663 193 1719 solantia
213 1664 301 1718 vitam
328 1664 413 1733 equis
442 1663 590 1731 adimeret,
616 1663 809 1732 itinerumque
828 1662 923 1733 impa-
942 1639 1084 1720 Bvimus.
1102 1685 1117 1712 »
1140 1664 1248 1721 Verum
1275 1664 1444 1731 Baldulnus,
1469 1664 1615 1721 Tancredo
1640 1664 1826 1735 pervicaciter

74 1748 173 1804 tieutia
200 1747 335 1806 delicatos
368 1749 529 1820 perimeret.
567 1749 645 1805 Unde
678 1749 776 1814 boves,
813 1762 943 1818 capros„
979 1749 1099 1817 instans,
1125 1750 1269 1807 civitatem
1304 1765 1401 1808 seeum
1423 1752 1530 1821 pariter
1554 1751 1765 1809 cohortabatur
1786 1750 1827 1806 in·

74 1837 185 1905 arietes,
201 1845 239 1904 et,
254 1836 332 1907 quod
354 1839 461 1895 mirum
485 1837 577 1908 magis
601 1845 651 1903 est,
668 1851 753 1893 canes
767 1837 926 1909 sagmarios
979 1841 1065 1901 trare,
1080 1843 1108 1891 et
1132 1846 1218 1906 prout
1237 1838 1343 1908 cuique
1365 1837 1487 1894 facultas
1509 1838 1620 1906 inesset,
1648 1838 1749 1908 spoliis
1762 1837 1828 1894 diri·

74 1932 144 1981 tunc
159 1924 231 1991 fieri,
246 1939 388 1995 equorum
418 1926 678 1996 vehiculorumque
696 1925 814 1996 grandis
835 1925 926 1996 coegit
980 1923 1090 1992 piendis
1117 1924 1308 1981 insisterent
1329 1925 1495 1982 lancredus
1522 1939 1580 1981 non
1596 1926 1760 1983 inconsulte
1786 1940 1827 1982 re·

74 2019 185 2082 egestas
195 2027 204 2083 ;
234 2012 280 2069 his
303 2014 379 2070 enim
405 2014 540 2069 omnibus
564 2027 614 2083 pro
641 2013 757 2070 modulo
781 2013 924 2084 impertie-
980 2010 1055 2066 fert:
1076 2034 1086 2062 ι
1104 2013 1135 2068 ld
1162 2027 1191 2070 se
1218 2013 1323 2070 habere
1354 2014 1499 2084 propositi,
1525 2013 1700 2085 impugnare
1728 2015 1828 2086 ntique

75 2101 184 2158 bantur
198 2101 242 2158 vel
258 2102 476 2173 qualescunque
494 2101 663 2157 sarcinulas.
979 2098 1095 2163 Turres,
1113 2112 1171 2155 non
1190 2100 1313 2169 spoliare
1327 2100 1512 2168 Christianos,
1529 2100 1689 2169 presertim
1712 2115 1783 2157 curn
1801 2115 1829 2158 se

112 2188 212 2244 Terris
233 2188 360 2261 expulsis
387 2188 519 2244 Iconium
543 2187 743 2261 ingredientur
759 2187 876 2244 Franci.
890 2217 927 2230 -
979 2187 1079 2255 sponte
1098 2185 1244 2258 elegerint,
1261 2203 1313 2245 nee
1325 2189 1447 2244 alterum
1470 2201 1559 2257 quam
1575 2202 1605 2244 se
1624 2188 1725 2245 velint.
1746 2211 1757 2237 ι
1782 2189 1829 2246 ut-

76 2276 189 2333 Exinde
217 2277 384 2348 opulentam
408 2291 444 2333 ex
472 2277 517 2332 his
536 2291 602 2347 quae
631 2277 696 2333 usui
722 2284 852 2345 prosunt,
879 2290 927 2332 eos
979 2280 1023 2328 cet
1044 2273 1104 2329 haec
1129 2273 1244 2340 diceret,
1272 2275 1456 2331 considerans
1482 2282 1578 2330 tamen
1607 2289 1675 2331 eum
1704 2277 1829 2345 potentia

75 2365 196 2437 contigit
211 2365 329 2422 introire
340 2365 535 2436 provinciam
559 2364 775 2435 attigeruntque
797 2364 926 2420 iconium
980 2373 1167 2429 praeeminere
1185 2362 1350 2432 copiosioris
1363 2362 1517 2429 exereitus,
1534 2362 1618 2418 vellet
1642 2360 1744 2428 nollet,
1772 2362 1829 2418 viro

76 2453 230 2522 civitatem,
265 2454 347 2510 Pauli
372 2452 490 2523 apostoli
519 2449 670 2507 tolerantia
691 2460 719 2507 et
746 2453 859 2522 seriptis
886 2453 928 2508 in·
980 2448 1085 2519 illipro
1103 2456 1228 2519 tempore
1250 2449 1343 2505 cessit.
1364 2448 1417 2505 Gui
1437 2449 1503 2505 inde
1530 2449 1672 2505 recedenti
1693 2448 1761 2505 duae
1783 2462 1831 2519 per

75 2541 199 2613 signem.
221 2544 270 2597 Ast
290 2540 479 2611 provinciales
502 2538 696 2596 admonebant
711 2540 927 2609 praemuniendo
980 2534 1152 2590 deditionem
1187 2535 1301 2604 optime
1331 2549 1360 2591 se
1393 2534 1418 2591 ei
1460 2535 1653 2593 subdiderunt
1689 2535 1828 2601 civitates,

76 2635 199 2697 nostros,
226 2635 258 2684 ut
282 2641 375 2698 aquas
393 2627 508 2684 utribus
533 2627 681 2697 impositas
711 2640 808 2684 secum
836 2627 927 2685 defer·
980 2623 1094 2679 Athena
1123 2623 1264 2690 videlieet,
1293 2630 1321 2679 et
1349 2623 1507 2692 blamistra,
1537 2631 1565 2680 ot
1586 2622 1704 2680 castella
1729 2636 1830 2694 quam-

77 2723 150 2782 rent,
165 2714 235 2785 quia
256 2715 314 2771 dici
329 2715 416 2771 unius
439 2715 549 2783 itinere,
563 2714 637 2771 nihil
653 2729 797 2786 aquarum
813 2716 928 2786 penitus
981 2709 1116 2780 plutima·

77 2802 261 2872 reperiretur.
297 2802 341 2858 lta
366 2816 435 2874 ergo
462 2802 561 2872 fecere,
593 2804 682 2860 donec
712 2803 747 2860 ad
775 2803 927 2875 cuiusdam
1016 2798 1109 2850 Actus
1146 2796 1269 2852 breviter
1297 2797 1533 2870 perstringuntur
1564 2794 1713 2854 Baldut'nt'.
1742 2827 1778 2837 -
1798 2799 1830 2852 ht

77 2904 158 2946 oram
183 2890 314 2946 fluminis
336 2890 485 2946 devenere.
510 2891 612 2962 ibique
629 2906 679 2962 per
691 2892 812 2949 biduum
830 2892 926 2963 bospi-
947 2883 1119 2986 Cquoniam
1135 2884 1169 2940 de
1186 2886 1238 2941 hoc
1254 2885 1314 2954 ipso
1331 2885 1470 2943 balduino
1489 2885 1590 2942 nullus
1609 2885 1731 2941 forsitan
1751 2884 1831 2940 dein·

78 2979 119 3034 tia
148 2992 302 3046 sumpsere.
336 2978 498 3035 Praeeuntcs
520 2979 618 3049 itaquo
642 2979 692 3049 qui
716 2993 929 3050 precursorum
983 2985 1049 3040 ceps
1076 2971 1216 3028 referendi
1242 2986 1302 3028 sese
1329 2973 1435 3042 aperiet
1453 2973 1541 3041 locuS,
1564 2973 1664 3041 paucis
1685 2972 1831 3028 insinuate

78 3064 171 3122 officio
184 3065 392 3138 fungebantur,
408 3081 563 3138 pervenere
580 3067 742 3136 Erachiam,
756 3068 806 3124 ubi
819 3069 930 3125 'lurco-
983 3064 1068 3120 velim
1089 3078 1177 3134 quam
1202 3065 1378 3122 fortuniosus
1405 3066 1469 3137 ejus
1497 3065 1583 3122 fuerit
1610 3066 1721 3122 exitus.
1752 3064 1829 3136 Apud

79 3166 144 3207 rum
164 3152 288 3222 plurima
308 3153 434 3223 phalanx
450 3155 646 3225 agglomerata
660 3155 776 3224 coierat,
794 3155 821 3211 id
836 3155 930 3211 solum
984 3153 1119 3208 Edessam
1135 3153 1345 3224 Mesopotamia
1375 3155 1486 3223 urbem,
1515 3155 1641 3211 sicutab
1656 3155 1769 3226 hisqui
1787 3154 1831 3210 ibi·

80 3239 258 3310 praestolans,
292 3241 435 3312 quomodo
465 3242 570 3298 Christi
603 3243 732 3299 valerent
761 3243 930 3313 perturbare
984 3240 1048 3296 dem
1069 3241 1174 3296 versati
1203 3248 1280 3310 sunt,
1306 3242 1479 3313 accepimus,
1503 3245 1550 3299 vir
1568 3243 1688 3314 quidam
1711 3243 1830 3300 ducatus

81 3327 227 3398 militiam3
250 3342 322 3398 quos
353 3329 443 3384 nostri
475 3328 620 3398 invenere,
649 3338 677 3387 et
702 3330 786 3388 solita
809 3330 953 3387 andacia.
985 3328 1093 3384 honore
1123 3329 1287 3398 prefuerat,
1325 3332 1376 3401 qni
1408 3330 1600 3388 Christianam
1643 3330 1829 3401 pmvinciam,

81 3415 217 3486 intrepidi
253 3429 414 3486 pervasere.
437 3418 536 3474 Hostes
563 3432 632 3475 voro
662 3418 747 3475 celeri
774 3418 932 3477 elabuntur
985 3429 1073 3486 quarn
1088 3416 1455 3486 regebat,noutam'armis
1469 3433 1486 3475 a
1501 3418 1650 3490 gentilium
1667 3417 1831 3474 incursibus

81 3501 162 3575 fuga.
985 3517 1073 3575 quam
1102 3504 1270 3573 pecuniaria
1294 3505 1486 3576 redemptione
1511 3512 1685 3577 protexerat.
1703 3505 1733 3561 ls
1758 3502 1832 3560 senio

117 3592 179 3648 Non
196 3606 278 3648 secus
293 3606 327 3648 ac
343 3592 428 3649 missa
440 3593 522 3664 jactu
537 3592 654 3649 Balearc
668 3594 782 3665 sagitta.
986 3597 1170 3661 gravescente
1196 3591 1255 3662 jam
1280 3592 1441 3662 squalidus,
1462 3608 1528 3649 cunr
1555 3600 1627 3649 esset
1641 3593 1669 3647 ei
1683 3604 1764 3648 uxor
1775 3590 1833 3646 sine

118 3679 220 3753 Lepsia
238 3681 269 3735 ie
279 3681 387 3753 sepem
408 3681 508 3736 Turris
531 3680 653 3735 Tarsum
666 3682 743 3737 ultro
758 3681 832 3737 cives
856 3683 932 3738 Ton-
985 3676 1093 3745 liberis,
1126 3677 1278 3734 identidem
1306 3694 1389 3747 anus,
1418 3681 1489 3737 dum
1524 3681 1649 3737 Francos
1671 3679 1835 3752 agnovisset

81 3769 165 3825 eredo
192 3769 308 3825 mount.
331 3771 407 3824 Item
435 3770 576 3824 Athonem
597 3775 625 3824 et
640 3770 835 3825 Momistrom.
851 3801 885 3810 -
900 3773 932 3827 ln
985 3765 1195 3837 Mesopotamiae
1222 3767 1373 3835 contiguos
1392 3766 1510 3837 linibus,
1530 3768 1621 3825 multo
1637 3776 1711 3824 aestu
1727 3766 1833 3825 deside·

83 3859 185 3914 urbem
199 3872 278 3932 ergo,
291 3858 351 3929 jam
367 3858 456 3915 libero
471 3864 584 3928 patente
599 3859 690 3927 aditu,
707 3860 795 3914 nostri
812 3859 930 3927 intrant,
986 3857 1069 3912 rabat
1098 3853 1272 3925 quempiam,
1288 3870 1376 3926 quem
1402 3857 1456 3912 sibi
1474 3857 1633 3926 adoptaret,
1649 3868 1687 3912 ex
1708 3856 1836 3913 Franco-

84 3955 269 4018 quatuorque
293 3960 422 4003 mansere
446 3946 548 4003 diebus
569 3947 682 4003 ibidem.
708 3947 752 4004 tbi
766 3948 932 4004 'l'ancradus
987 3958 1053 4000 rum
1080 3942 1187 4000 habere
1212 3943 1365 4010 nobilibus,
1388 3944 1449 4016 qui,
1476 3945 1553 4014 quod
1577 3944 1636 4014 ipse
1659 3945 1763 4014 pretio,
1786 3943 1837 3999 hoc

85 4034 243 4092 boemundi
266 4049 364 4104 nepos,
388 4041 416 4090 et
435 4035 594 4091 balduinus
619 4035 933 4092 dueisGodefridilra-
987 4031 1034 4088 ille
1067 4030 1226 4087 defensaret
1252 4033 1342 4087 armis
1367 4046 1401 4087 ao
1426 4032 1546 4088 viribus.
1574 4031 1699 4103 Contigit
1730 4032 1838 4088 interea

85 4131 137 4192 ter,
161 4138 220 4180 nou
240 4121 360 4194 diffugio
389 4123 507 4190 militiae,
528 4123 577 4180 sed
602 4125 767 4180 animorum
789 4123 932 4194 acredine,
988 4121 1141 4192 quemdam
1159 4121 1330 4178 familiarem
1349 4121 1390 4177 illi
1406 4121 1534 4190 militem,
1551 4121 1702 4192 huiusque
1725 4120 1771 4178 sui
1791 4120 1835 4177 de

85 4212 123 4268 ab
137 4211 281 4268 exereitus
297 4211 486 4268 contubernio
499 4211 629 4282 digressi,
642 4210 747 4268 vallem
764 4211 932 4282 quamdam,
954 4199 1085 4266 Dsiderii
1110 4210 1266 4275 conscium,
1299 4224 1365 4266 cum
1390 4210 1444 4266 hoc
1475 4210 1536 4279 ipso
1560 4208 1705 4266 Balduino
1732 4208 1837 4265 habere

42 4326 48 4332 ·
87 4314 175 4372 quam
200 4300 352 4356 Botentroh
380 4301 507 4356 vocitant
529 4314 563 4356 ea
578 4299 688 4372 lingua,
706 4309 773 4356 sunt
803 4299 932 4371 ingressi.
988 4302 1174 4372 colloquium.
1199 4300 1251 4358 Cui
1270 4316 1336 4358 eum
1353 4301 1399 4357 ille
1423 4300 1595 4372 adipiscendi
1617 4301 1746 4358 ducatus
1759 4314 1837 4373 spem

86 4389 251 4445 Tancredus
274 4388 389 4458 itaque,
419 4387 461 4444 nti
485 4395 546 4444 erat
569 4388 708 4445 consortis
731 4389 893 4459 impatiens,
917 4402 935 4446 a
990 4387 1146 4457 indidisset,
1175 4387 1230 4443 sia
1252 4388 1370 4458 praefato
1385 4388 1496 4445 seniore
1519 4403 1549 4445 se
1570 4388 1703 4459 adoptari
1718 4389 1837 4461 permit-

87 4478 205 4547 praefato
236 4475 323 4533 etiam
356 4476 438 4533 ducis
461 4477 550 4533 fratre
578 4476 728 4545 dividitur,
754 4478 934 4548 Tarsumque
988 4483 1068 4544 teret,
1094 4469 1186 4532 comes
1209 4475 1339 4543 eredidit,
1365 4484 1393 4532 et
1418 4477 1506 4533 milite
1525 4476 1679 4533 comitante
1702 4477 1838 4533 Edessam

85 4565 216 4637 specialis
246 4564 364 4634 apostoli
392 4564 481 4622 nostri
509 4564 655 4620 adoranda
681 4565 830 4622 nativitate
863 4580 934 4636 prae·
989 4563 1068 4620 adiit.
1085 4565 1107 4617 h
1123 4577 1180 4633 quo
1203 4560 1306 4618 affeetu
1330 4562 1429 4632 nimio,
1455 4571 1646 4634 praeterquam
1667 4564 1839 4634 sperabatur

87 4654 191 4722 ciuem,
207 4668 273 4710 cum
297 4659 371 4709 aed
389 4654 450 4710 suis
466 4652 645 4725 aggreditur.
655 4654 741 4711 Turci
754 4668 791 4710 ex
804 4654 876 4710 urbe
888 4656 936 4711 ob
988 4658 1135 4721 exceptus,
1151 4649 1325 4720 abutrisque
1336 4658 1378 4707 est
1389 4651 1417 4706 in
1434 4651 1526 4707 filium
1541 4650 1707 4722 adoptatus.
1717 4651 1839 4721 Adopta-

86 4742 126 4801 vii
142 4742 367 4799 adventantibus
382 4743 417 4798 ad
431 4741 506 4798 bella
520 4741 687 4812 prosiliunt;
705 4743 752 4799 sed
768 4742 936 4799 imminente
990 4738 1074 4795 tionis
1098 4746 1194 4794 autern
1220 4738 1287 4793 talis
1311 4752 1363 4808 pro
1393 4739 1486 4810 gentis
1506 4739 1718 4796 consuetudins
1736 4738 1839 4793 dicitur

87 4845 242 4901 concursu,
270 4831 306 4887 ad
336 4830 418 4888 urbis
443 4832 478 4887 de
492 4845 552 4902 qua
575 4832 740 4901 prodierant
756 4832 936 4887 munimenta
990 4826 1076 4883 fuisse
1099 4825 1211 4882 modus.
1239 4826 1319 4881 intra
1342 4825 1448 4882 lineam
1479 4826 1645 4895 interulam,
1670 4840 1764 4897 quam
1788 4835 1837 4880 nos

88 4920 248 4990 refugiunt.
286 4918 452 4975 Tancredus
483 4933 561 4988 vero,
601 4919 724 4976 admisso
752 4927 815 4990 post
842 4920 936 4976 hostes
990 4929 1129 4972 vocamus
1150 4914 1307 4983 camisiam,
1342 4915 1455 4971 nudum
1482 4916 1589 4973 intrare
1622 4930 1692 4972 eum
1721 4915 1838 4981 faciens,

88 5022 174 5079 equo,
204 5014 316 5078 portam
341 5007 421 5063 urbis
453 5016 612 5064 castrorum
642 5022 765 5064 suorum
798 5007 937 5078 positione
990 5005 1044 5062 sibi
1064 5004 1213 5069 astrinxit,
1236 5011 1264 5061 et
1280 5005 1341 5060 heo
1363 5006 1461 5060 omnia
1484 5004 1582 5061 osculo
1595 5003 1685 5060 libato
1702 5002 1839 5068 firmavit,

89 5092 239 5153 conclusit.
261 5096 318 5151 Neo
345 5107 436 5160 mora,
461 5094 621 5151 Balduiuus
646 5094 812 5162 adveniens,
836 5094 937 5151 adob·
991 5092 1065 5148 idem
1089 5098 1117 5148 et
1136 5090 1241 5148 mulier
1272 5098 1335 5162 post
1364 5092 1482 5149 modum
1507 5090 1582 5149 fecit.
1610 5091 1660 5147 llis
1685 5088 1839 5162 explicitis,

89 5181 227 5238 sidionem
250 5182 374 5239 civitatis
400 5182 490 5254 ipsius
518 5183 687 5240 altrinsecus
711 5190 739 5240 et
766 5183 825 5254 ipse
837 5195 937 5239 conso-
989 5195 1058 5251 curn
1081 5180 1263 5236 civitatenses
1278 5194 1345 5236 eum
1368 5180 1405 5236 ab
1432 5180 1550 5237 honoris
1570 5180 1682 5251 pristini
1715 5178 1841 5237 culmine

90 5270 146 5337 dit;
162 5270 381 5328 ctTaneredum
406 5271 569 5342 expostulat
594 5279 626 5327 ut
648 5270 793 5341 capiendae
813 5269 937 5326 civitatis
990 5267 1162 5337 expositum,
1187 5266 1333 5336 privatum
1358 5267 1418 5337 jam
1453 5273 1613 5334 cernerent,
1637 5264 1839 5337 conjuratione

91 5354 272 5427 participium
310 5357 466 5429 indulgeat,
495 5370 584 5429 quarn
610 5372 663 5414 suo
686 5371 784 5414 secum
807 5358 937 5414 exercitu
991 5357 1064 5413 clam
1080 5354 1163 5422 facta,
1179 5368 1252 5422 eam,
1282 5354 1385 5425 inqua
1410 5369 1477 5410 oum
1495 5354 1635 5411 Balduino
1659 5354 1840 5418 morabatur,

91 5441 291 5503 collaborante·
302 5452 438 5516 capessat.
466 5445 547 5514 Quod
561 5445 727 5502 'tancredus
741 5443 833 5502 multa
847 5443 937 5502 animi
990 5442 1125 5500 obsedere
1140 5449 1255 5511 repente
1268 5441 1390 5500 curiam.
1407 5441 1644 5499 Recordabantnr
1661 5441 1744 5499 enim
1766 5453 1841 5514 quo-
