3818 6008
80 109 135 165 277
680 107 859 165 tonsurati
876 107 915 165 IN
932 107 1085 166 pedasus
1105 109 1171 167 bib.
1185 107 1234 165 tx.
1777 115 1830 168 ata

79 238 204 296 retrudit
232 241 262 293 in
286 253 420 294 carcerem
442 239 577 308 principis
604 238 741 312 militum,
760 237 830 307 quia
851 237 926 309 cogit
945 240 1032 307 Aper
1047 253 1132 309 quem
1148 245 1204 296 stat
1216 240 1338 307 Pharao,
1356 240 1456 298 mundi
1474 242 1564 314 hujus
1578 251 1620 299 est
1636 242 1828 299 abrenuntia-

79 340 132 397 per
167 325 397 399 impugnationis
436 325 589 390 ambitum,
622 334 650 381 et
691 332 801 381 coercet
837 325 927 381 veluti
983 326 1077 394 tio,in
1098 343 1166 398 qua,
1187 329 1397 386 dumasaeculi
1417 330 1754 400 ductibustatisumas,
1773 331 1827 388 sub

80 416 157 472 intra
191 415 371 486 ergastulum
408 414 536 486 ejusdem
564 413 686 477 Satanae,
712 414 763 484 qui
795 413 928 484 princeps
982 415 1046 472 aliis
1065 417 1220 486 speciebus,
1245 418 1440 488 spiritualium
1465 419 1571 476 scilieet
1592 419 1740 488 vitiorum,
1766 419 1827 475 dia·

78 519 181 561 eorum
201 512 253 571 est,
276 519 342 576 quae
366 504 491 560 militant
518 503 657 559 adversus
682 503 819 570 animam,
843 503 926 560 vitio·
982 505 1037 561 boli
1055 505 1225 576 subjicimur
1240 507 1368 578 vestigio.
1386 507 1505 574 Quidem
1520 509 1595 564 enim
1612 512 1713 579 portus
1728 510 1826 575 maris,

79 594 279 664 rumllPetr.
305 608 335 656 ιι,
355 593 406 661 ιι).
430 592 561 662 Reliqua,
583 599 616 647 ut
636 591 771 661 superius
795 592 927 661 exposita
982 603 1162 665 contemptus
1184 605 1225 653 est
1254 611 1331 653 curre
1358 597 1523 653 mundialis.
1558 598 1645 666 super
1670 599 1773 667 ripam,
1799 604 1827 653 et

78 689 159 749 sunt,
175 681 311 753 intellige.
982 684 1123 753 superius,
1150 688 1364 755 superstantem
1389 693 1464 741 stare
1483 699 1512 740 se
1544 691 1637 754 putat,
1671 683 1742 754 quia
1767 699 1826 741 non

113 770 197 838 Quod
224 785 293 827 vero
318 770 405 826 dicit:
435 768 534 841 (Vens.
555 768 747 839 tatarorum
770 785 839 839 puer
872 773 927 825 lle-
981 772 1072 827 solum
1090 771 1212 828 llbviam
1227 773 1427 829 saecularitatis
1442 773 1496 828 sibi
1512 773 1661 844 subiugat,
1677 772 1725 828 sed
1740 773 1827 829 etiam

79 860 178 925 braeus,
207 858 327 930 ejusdem
362 860 439 914 ducis
466 858 599 925 famulus,
628 858 730 914 ducem
759 871 828 914 sane
858 858 926 914 oliui
982 859 1116 914 deluctans
1128 860 1213 915 babet
1228 860 1304 930 quod
1317 861 1460 926 lordaaiS,
1476 861 1504 916 bi
1525 861 1632 917 scilicet
1648 860 1827 931 quialasti-

78 949 175 1020 ipsum
210 948 358 1006 diabolum
386 955 512 1011 secutus
543 947 591 1003 sed
620 947 657 1002 ad
684 945 812 1016 pucritia
841 946 926 1001 novi·
983 947 1037 1003 bus
1058 947 1155 1002 sarculi
1180 946 1360 1016 descendere,
1384 950 1413 1004 in
1436 964 1484 1006 eos
1514 949 1661 1020 potestatis
1688 948 1824 1005 inlluant.

77 1044 167 1093 tatem
216 1037 470 1107 innocentiamque
520 1049 664 1102 reversus,
706 1034 798 1090 lactus
849 1034 925 1089 enim
981 1036 1087 1103 Septem
1099 1035 1186 1100 bones,
1198 1044 1305 1106 septem
1320 1038 1388 1092 mibi
1402 1037 1827 1109 videntursignarisplrituales

77 1132 141 1182 erat
171 1125 320 1193 transitor,
348 1124 425 1194 quod
453 1131 494 1180 est
520 1123 658 1180 llebraeus
685 1123 862 1190 incarcere,
892 1122 926 1178 de
980 1124 1111 1190 virtutes,
1140 1129 1210 1179 us
1235 1139 1308 1194 quas
1332 1126 1469 1194 propbeta
1489 1134 1636 1194 memorat,
1661 1139 1749 1197 super
1772 1124 1823 1182 llo·

77 1228 138 1284 quo
158 1212 265 1285 legitur
288 1213 316 1269 in
343 1211 522 1282 Apocalypsi,
556 1212 747 1268 constitutus:
772 1212 852 1279 Ecce,
878 1211 925 1266 in·
982 1227 1040 1268 rem
1057 1212 1233 1283 quiescentes
1256 1213 1382 1283 (iscius,
1405 1218 1428 1277 ι,
1445 1213 1483 1284 2),
1501 1229 1551 1284 per
1570 1229 1643 1285 quas
1659 1214 1755 1271 innuit
1773 1215 1826 1272 bo-

77 1302 152 1373 quit,
188 1305 321 1357 missurus
349 1306 388 1356 est
422 1317 456 1354 ea
480 1300 556 1354 vobis
585 1300 709 1354 diabotus
736 1303 765 1355 in
794 1316 926 1354 carcarem
981 1314 1085 1356 norurn
1117 1302 1246 1357 anutium
1274 1302 1476 1371 plenitudines,
1507 1303 1554 1358 bic
1581 1304 1657 1359 euim
1686 1316 1827 1360 numerus

77 1392 174 1459 (apoc.
199 1405 231 1456 ιι,
263 1390 319 1460 ιθ),
343 1396 396 1444 etc.
421 1388 519 1457 (Vens.
550 1387 604 1458 lt.)
628 1390 764 1443 Ριοιίηιιι.
790 1388 828 1442 aa
851 1392 925 1456 repis
980 1388 1075 1460 signat
1098 1390 1310 1447 universitates.
1336 1392 1429 1448 Potest
1453 1400 1480 1448 et
1504 1399 1631 1462 quatuor
1656 1390 1827 1462 principales

77 1481 233 1548 imperium,
250 1479 375 1533 eductum
391 1477 424 1531 de
445 1491 550 1533 earcere
564 1476 663 1545 loseph
686 1475 877 1541 totonderunt3
893 1491 924 1530 ac
943 1519 964 1573 B
980 1477 1111 1545 virtutes,
1139 1491 1206 1534 curn
1226 1478 1320 1535 tribus
1340 1480 1524 1536 naturalibus
1550 1480 1664 1548 nostris,
1681 1478 1828 1537 intellectu

75 1572 148 1623 ueste
170 1572 277 1622 mutata
304 1566 458 1622 obtulerunt
476 1567 509 1618 ci.
540 1564 586 1618 del
618 1566 690 1632 repis
723 1566 866 1634 imperium
892 1565 925 1620 de
982 1566 1121 1632 videlicet,
1148 1567 1258 1647 ratione¹
1282 1574 1309 1623 et
1329 1567 1534 1640 imaginatione
1558 1569 1667 1636 mistas,
1691 1567 1826 1639 signare;

75 1671 182 1710 carcere
194 1655 298 1725 loseph
313 1654 454 1716 educitur,
476 1667 533 1707 nisu
552 1653 629 1723 quod
645 1651 751 1708 diaboli
771 1652 924 1722 imperium
980 1669 1045 1726 quae
1061 1663 1167 1711 terram
1191 1656 1384 1713 sensualitatis
1399 1665 1513 1725 nostra,
1531 1671 1564 1714 ac
1588 1657 1611 1713 si
1632 1657 1729 1723 boves,
1745 1654 1828 1712 subi-

76 1745 112 1800 ad
139 1744 233 1801 nostri
258 1744 297 1814 pii
317 1744 451 1800 desiderii
473 1742 680 1809 liberationem,
703 1742 757 1797 nisi
772 1742 860 1798 solius
875 1741 924 1798 Dei
979 1743 1072 1815 gendo
1088 1743 1257 1800 discutiunt.
1271 1744 1404 1802 Pulcbrae
1420 1754 1517 1802 autem
1533 1754 1602 1803 sunt
1616 1747 1707 1811 nimis,
1724 1751 1750 1801 et
1763 1746 1828 1801 obe-

75 1833 181 1900 valeat,
210 1833 259 1889 sed
294 1833 375 1902 quia,
401 1833 487 1902 Juxta
518 1829 715 1900 quorumdam
744 1829 923 1899 pravitatem,
979 1832 1178 1900 circumitus,
1210 1832 1279 1904 quia
1300 1834 1350 1900 eis,
1378 1848 1446 1891 cum
1468 1833 1661 1904 possidentur,
1689 1834 1729 1890 nil
1748 1832 1826 1890 omni

75 1936 179 1979 sensus
196 1922 295 1978 laxare
315 1920 451 1987 creditur,
469 1932 628 1989 aquarum
645 1918 923 1989 impugnationibus,
980 1928 1061 1991 parte
1075 1921 1196 1986 beatius,
1212 1929 1314 1991 praeter
1333 1924 1422 1978 Derim
1441 1923 1513 1978 nibil
1535 1931 1576 1979 est
1599 1922 1710 1992 purius.
1732 1921 1824 1978 Femi-

77 2010 277 2081 beciubents,
293 2015 394 2065 cessat.
412 2008 493 2064 Unde
509 2014 536 2063 et
551 2006 629 2077 apud
653 2005 799 2062 Danielem
822 2006 925 2062 Nabu-
979 2022 1032 2065 neo
1057 2017 1152 2066 autern
1176 2009 1314 2066 dicuntur
1337 2025 1452 2081 genere,
1476 2011 1545 2082 quia
1571 2011 1658 2067 totius
1682 2008 1828 2082 religionis

75 2098 256 2156 cbodonosor
271 2105 426 2166 percutere,
449 2095 602 2152 bumiliare
618 2104 646 2151 et
668 2094 796 2151 occidere
820 2094 926 2151 dicitur
979 2106 1046 2154 sunt
1062 2107 1214 2154 matresua
1235 2098 1372 2155 materie.
1391 2100 1558 2156 ascendant
1575 2101 1609 2157 de
1625 2100 1757 2168 ilumine,
1775 2099 1827 2168 qui

75 2184 374 2255 quosvolebatloan.
393 2199 420 2252 v,
439 2183 656 2254 til),corcujus
677 2189 774 2238 tamen
796 2183 923 2240 nonnisi
979 2200 1038 2242 sese
1071 2187 1235 2257 proripiunt
1262 2203 1279 2243 a
1306 2187 1404 2242 saeculi
1436 2188 1645 2246 conlormitate.
1679 2190 1710 2244 ln
1743 2194 1827 2258 pastu

75 2273 105 2327 in
128 2286 222 2328 manu
244 2271 292 2328 bei
316 2280 387 2328 erat.
417 2271 574 2336 tondetur,
597 2271 665 2326 dum
688 2284 733 2338 ea,
756 2285 822 2340 quae
851 2272 924 2326 inter

75 2360 248 2417 tentationes
264 2367 446 2417 succreverat
464 2358 671 2429 superlluitate,
689 2367 827 2429 prompta
851 2359 924 2428 tarro

75 2448 258 2504 discretionis
282 2454 310 2504 et
333 2447 455 2519 geminae
478 2446 584 2515 loreipe
607 2445 756 2501 charitatis
780 2447 922 2515 privatur.

76 2537 171 2594 Vestis
188 2544 328 2603 mutatur,
350 2536 420 2591 dum
440 2535 544 2591 mentis
566 2533 682 2589 babitus
699 2533 864 2590 innovatur.
882 2535 924 2591 Ab

76 2624 122 2680 bis
144 2638 163 2680 a
185 2624 293 2693 quibus
312 2632 442 2681 attonsus
460 2630 511 2691 est,
534 2622 676 2678 Pharaoni
703 2621 833 2688 oliertur,
857 2637 922 2679 curn

75 2726 126 2782 per
139 2711 337 2782 spiritualium
353 2710 481 2768 subsidia
497 2718 627 2766 motuum
643 2710 679 2765 ad
694 2709 749 2765 boc
763 2717 795 2765 nt
810 2709 923 2765 diabolo

979 2275 1091 2345 paludis
1104 2275 1214 2331 virecta
1226 2283 1350 2346 carpunt
1373 2276 1442 2332 dum
1465 2277 1495 2332 in
1520 2277 1652 2345 praesenti
1669 2277 1740 2343 vita,
1760 2290 1827 2347 qum

980 2364 1073 2432 palus,
1099 2370 1127 2419 et
1148 2363 1281 2420 illecebra
1300 2372 1352 2431 est,
1378 2365 1438 2434 spei
1460 2364 1684 2420 immortalitatis
1704 2365 1825 2422 amaeni-

979 2459 1036 2509 tate
1050 2452 1172 2522 carptim
1189 2460 1293 2519 tamen,
1311 2468 1362 2523 per
1375 2453 1524 2524 speculum
1539 2453 1646 2509 scilicet
1661 2461 1686 2509 et
1702 2453 1828 2525 aenigma

972 2537 1038 2598 'sese
1053 2540 1198 2598 reficiunt.

1014 2630 1104 2686 Vnus.
1133 2632 1174 2697 lt),
1200 2631 1244 2697 ιθ,
1269 2633 1313 2684 at.
1335 2659 1369 2672 -
1391 2632 1431 2684 Et
1449 2645 1505 2685 eae
1529 2631 1742 2699 assequebantur
1764 2631 1826 2686 aliae

977 2723 1077 2788 septem
1105 2719 1192 2786 boues,
1220 2722 1249 2772 in
1268 2724 1373 2773 tantum
1399 2719 1541 2786 deformes,
1563 2723 1589 2772 et
1610 2719 1768 2787 macilenta,
1796 2723 1827 2772 ut

74 2802 206 2869 obsistat,
236 2808 429 2870 promovetur.
457 2799 565 2856 Offerre
588 2798 664 2854 enim
684 2811 720 2852 ex
743 2797 775 2852 ob
798 2805 825 2853 et
853 2799 923 2864 sero,
944 2799 1120 2876 Caanqnam
1136 2809 1202 2863 tales
1217 2809 1247 2862 in
1260 2813 1333 2862 terra
1354 2809 1467 2877 AEpppti
1484 2806 1619 2873 niderim;
1639 2822 1699 2876 quae
1712 2806 1825 2861 deuora-

74 2890 354 2960 fers,oompositurn,
372 2888 487 2960 proprie
508 2888 614 2944 dicitur
633 2891 728 2941 cantra
745 2887 828 2952 terre.
846 2886 926 2943 Unde

74 2986 103 3034 et
124 2978 206 3048 apud
231 2979 372 3035 ramicum
405 2977 509 3034 vitium
536 2975 656 3032 feliciter
679 2975 786 3031 dicitur
816 2975 923 3046 virgini

74 3066 217 3135 oblatum,
242 3066 409 3122 violentiam
427 3064 511 3135 plane
533 3063 701 3135 significans
715 3064 787 3135 (Ter.
811 3063 867 3118 sd.
883 3079 922 3132 ιιι,

79 3158 103 3222 ι,
120 3157 158 3223 9).

109 3243 198 3300 Vnus.
230 3246 271 3297 ti.
295 3271 331 3284 -
357 3242 430 3309 Vidi,
458 3241 563 3311 inquit,
592 3243 708 3307 somnia,
738 3255 782 3295 nec
810 3246 850 3295 est
876 3243 925 3310 qui

74 3332 219 3387 edisserat.
233 3331 278 3387 Ex
293 3329 435 3386 industria
451 3329 549 3394 bostis,
568 3336 594 3384 et
608 3328 692 3398 quasi
707 3328 744 3384 ad
759 3328 923 3397 imperium,

75 3426 106 3476 ut
116 3419 319 3491 praemisimus,
331 3431 428 3486 saum,
442 3418 478 3474 ab
488 3417 671 3488 oppressione
682 3423 780 3472 nostra
790 3416 923 3487 quiescit,

75 3517 106 3565 ut
130 3508 237 3579 quietis
257 3522 290 3564 ae
312 3506 431 3569 securis,
449 3506 533 3577 quasi
553 3519 605 3576 per
626 3505 819 3576 quaestionum
841 3519 923 3561 revo-

76 3597 203 3654 lutiones
234 3597 347 3662 inierat,
376 3595 453 3665 quod
479 3594 679 3665 impugnando
709 3608 767 3650 non
801 3601 920 3663 poterat.

979 2897 1016 2949 tis
1032 2900 1056 2949 et
1075 2897 1246 2964 consumptis
1265 2894 1415 2962 prioribus,
1430 2895 1535 2948 nullum
1554 2895 1711 2948 saturitatis
1730 2893 1827 2948 dealem
1849 2966 1850 2971 ἵ

978 2986 1141 3051 vestigium3
1165 2983 1213 3037 sed
1239 2984 1325 3038 simili
1352 2986 1437 3037 macie
1465 2989 1490 3037 et
1518 2983 1644 3051 squalore
1672 2982 1824 3052 torpebant.

980 3074 1032 3128 Per
1045 3080 1149 3141 septem
1164 3071 1236 3127 alias
1251 3072 1338 3127 boves
1349 3079 1400 3127 aut
1415 3070 1618 3142 temporalitas,
1636 3085 1701 3141 quae
1716 3078 1824 3140 septem

979 3159 1080 3216 diebus
1097 3159 1236 3226 excurrit,
1257 3167 1307 3216 aut
1329 3167 1386 3216 tota
1410 3160 1586 3226 humanitas
1609 3173 1676 3229 quae
1698 3167 1824 3229 quatuor

979 3262 1144 3319 percorpus
1158 3248 1306 3305 elementis
1329 3255 1449 3315 constat,
1466 3256 1493 3303 et
1515 3247 1668 3315 inanima,
1696 3248 1822 3319 ingenio,

977 3337 1134 3404 voluntate,
1152 3344 1179 3392 et
1194 3335 1298 3392 atiectu
1314 3336 1487 3406 praeminet,
1503 3336 1656 3406 liguratur.
1677 3335 1743 3391 llaec
1756 3347 1823 3391 curn

978 3425 1088 3496 absque
1103 3426 1152 3481 liei
1173 3438 1269 3481 amore
1284 3424 1439 3491 habentur,
1456 3437 1473 3478 a
1495 3423 1653 3493 spiritualis
1667 3422 1735 3478 boni
1757 3423 1825 3493 pin-

978 3515 1110 3584 guedine,
1127 3521 1154 3570 et
1168 3527 1185 3569 a
1197 3511 1247 3568 Dei
1263 3512 1388 3583 imagine
1408 3510 1617 3577 deformantur,
1635 3525 1701 3582 quae
1717 3509 1826 3582 priores

977 3610 1005 3658 et
1019 3608 1182 3671 sequuntur
1193 3608 1219 3657 et
1235 3600 1383 3665 devorant,
1396 3600 1466 3669 quia
1477 3599 1575 3654 multis
1590 3606 1651 3668 post
1663 3597 1825 3654 sanctitatis

73 3686 124 3742 list
147 3699 221 3756 ergo
241 3698 361 3741 sensus:
382 3683 459 3752 Vidi,
478 3682 581 3753 inquit,
604 3683 704 3749 idest,
728 3682 854 3738 intellexi
876 3683 923 3737 in-

73 3775 277 3834 certitudinem
293 3775 526 3832 invisibilitatum
547 3788 613 3844 quae
632 3774 752 3843 appetis,
771 3772 841 3842 quia
855 3772 922 3843 qui·

75 3866 200 3922 busdam
215 3864 299 3936 quasi
318 3864 437 3921 somniis
450 3862 586 3928 illuderit,
608 3878 654 3917 nea
673 3864 776 3930 estqui
791 3861 925 3916 edisserat
978 3867 1059 3938 probi
1074 3880 1176 3922 sensns
1200 3867 1343 3922 miseriam
1365 3864 1577 3937 AEgyptiarum,
1593 3864 1622 3920 id
1640 3870 1682 3919 est
1705 3863 1826 3920 secula

73 3969 106 4012 ea
125 3969 194 4026 qua
215 3953 322 4025 cogitas
338 3953 423 4025 vigor
444 3951 569 4023 alicuius
590 3951 728 4019 rationis;
749 3966 808 4020 qua
828 3951 924 4005 audiui
978 3955 1065 4023 rium,
1083 3956 1132 4026 qui
1158 3954 1198 4010 nil
1222 3968 1353 4025 unquam
1378 3966 1552 4025 proposuere
1576 3952 1652 4017 boni,
1675 3959 1825 4024 transgre-

74 4046 99 4095 te
123 4040 339 4111 prudmtissime
364 4039 510 4111 conjicere,
534 4040 560 4096 id
590 4048 633 4096 est
655 4054 721 4110 quae
746 4040 922 4109 comperite
977 4042 1095 4099 diantur
1116 4043 1294 4113 spurcitiam,
1317 4051 1344 4099 et
1368 4056 1426 4097 non
1449 4040 1552 4111 prioris
1570 4040 1664 4096 solum
1684 4041 1825 4097 vitaenon

73 4143 134 4185 non
162 4128 283 4185 scientia
310 4130 461 4201 attingere,
490 4128 539 4184 sed
567 4127 740 4198 conjecturis
768 4128 919 4184 aestimare.
940 4093 1092 4187 ndoleant
1117 4145 1229 4198 casum,
1262 4138 1313 4186 aut
1338 4130 1458 4201 deeius
1484 4128 1632 4197 memoria,
1665 4127 1734 4199 quia
1761 4143 1824 4184 eam

72 4218 149 4276 Nota
173 4217 250 4288 quod
280 4218 392 4273 somnia
420 4217 533 4284 vidisse,
563 4216 734 4286 coniecturae
758 4216 865 4272 lamam
894 4231 924 4273 se
976 4219 1216 4289 consumpserint,
1248 4218 1442 4290 lacrymarum
1470 4217 1583 4273 tandem
1609 4217 1734 4288 aliquem
1760 4217 1825 4273 exi-

73 4305 180 4362 asserit
193 4304 317 4362 audisse.
335 4305 445 4362 Certior
461 4311 615 4361 astantem
636 4304 716 4360 visas
732 4318 821 4375 quam
838 4305 923 4360 audi·
977 4315 1046 4379 gant
1059 4321 1119 4378 quo
1133 4306 1301 4362 reiciantur
1315 4313 1462 4376 sumptum
1479 4305 1546 4376 ;sed
1563 4305 1650 4361 simili
1663 4320 1722 4376 quo
1735 4304 1822 4362 mutel

73 4402 134 4452 tas.
159 4395 249 4458 Certo,
274 4394 325 4464 ait,
349 4402 432 4450 teneo
452 4393 630 4450 somniorum
653 4393 702 4449 illa
722 4393 827 4449 similia
851 4408 922 4463 csse,
978 4395 1079 4451 imbuti
1094 4402 1162 4451 sunt
1174 4394 1282 4464 peceati
1294 4394 1429 4465 squalore
1440 4394 1599 4450 tabescunt.

73 4496 145 4553 qum
165 4489 191 4539 te
210 4495 245 4539 ac
264 4482 287 4538 si
307 4497 345 4538 ex
372 4495 487 4539 rumore
511 4482 614 4538 bauria
640 4481 871 4552 prudentissime,
897 4482 923 4538 id
1013 4483 1097 4541 Vens.
1120 4487 1165 4550 tt,
1186 4485 1231 4549 23,
1252 4485 1296 4538 at.
1312 4515 1345 4523 -
1367 4483 1521 4552 livigildus,
1544 4497 1640 4538 rursus
1659 4496 1754 4550 sapore
1776 4480 1823 4535 de-

73 4577 120 4627 est
145 4570 346 4642 providentius
366 4584 455 4642 qaam
477 4584 592 4627 necesse
610 4578 652 4627 cst
677 4570 749 4626 velle
771 4570 921 4642 conjicere.
974 4588 1094 4642 pressus,
1118 4573 1180 4628 uidi
1204 4574 1356 4627 somnium:
1373 4573 1480 4641 Septem
1503 4573 1585 4640 spicae
1606 4570 1780 4640 pullulabant
1793 4571 1823 4622 in

74 4661 173 4732 (Vnus.
205 4659 264 4731 io.)
298 4661 450 4730 Respondit
480 4661 598 4730 insepti:
633 4660 742 4728 Absque
761 4674 814 4713 me
851 4660 924 4713 Deus
976 4663 1061 4717 aalma
1086 4677 1148 4730 una,
1179 4662 1265 4731 plena
1288 4667 1370 4731 atque
1396 4661 1595 4730 pulcherrima.
1628 4661 1698 4714 Alie
1719 4674 1825 4728 quaque

73 4749 251 4820 respondebit
276 4763 407 4818 prospera
436 4749 582 4804 Pbaraoni.
613 4747 695 4815 Quod
728 4756 770 4803 est
805 4745 922 4803 dicere:
976 4753 1076 4818 septem
1102 4752 1192 4804 tenues
1217 4755 1242 4803 et
1265 4762 1400 4817 pereussa
1431 4747 1557 4806 uredine.
1595 4744 1753 4801 oriebantur
1787 4762 1821 4802 ea

72 4837 139 4895 Nou
150 4836 222 4894 mais
235 4835 484 4906 aestuationibus,
504 4836 553 4894 sed
573 4837 680 4893 divinis
701 4835 924 4905 aspirationibus
977 4837 1098 4905 stipula3
1119 4851 1178 4906 quae
1202 4838 1329 4906 priorum
1357 4833 1588 4904 pulchritudinem
1614 4833 1821 4890 decoraverunt.

73 4926 141 4993 tibi,
166 4925 290 4990 diabole,
313 4933 341 4982 et
355 4925 413 4983 tuis
437 4925 615 4982 illationibus
629 4925 719 4991 utilia,
743 4918 772 4980 et
795 4937 925 4995 congrua
978 4926 1053 4980 itam
1067 4923 1169 4979 nostris
1182 4923 1211 4979 in
1227 4922 1459 4995 cogitationibus,
1482 4921 1640 4978 sanctitatis
1658 4921 1736 4991 quod
1752 4923 1825 4981 arri-

75 5015 250 5072 relerentur.
979 5012 1096 5082 puimus
1112 5012 1262 5081 proposito,
1280 5010 1364 5082 quasi
1386 5009 1487 5066 ruinas
1508 5009 1689 5066 comminans
1709 5009 1825 5080 typicus

110 5103 199 5162 vans.
231 5107 276 5170 li,
304 5102 398 5159 t8.-
421 5104 471 5159 Ait
499 5118 562 5171 erpa
589 5104 712 5159 Pbaraa:
731 5103 864 5158 Putabam
884 5117 926 5157 me
978 5101 1091 5157 Pbarao
1116 5100 1177 5156 brec
1201 5100 1340 5171 loquitur.
1363 5097 1499 5169 Evigilat‚
1515 5098 1586 5169 quia
1602 5109 1653 5167 per
1676 5095 1777 5155 talium
1796 5099 1827 5154 in

73 5197 149 5248 stare
167 5207 253 5263 super
273 5194 365 5262 ripam
383 5193 514 5261 taminia,
536 5197 563 5246 et
577 5196 677 5262 septem
695 5191 771 5246 boves
794 5191 827 5245 de
846 5205 926 5245 amne
979 5190 1075 5247 animo
1104 5189 1267 5246 meditantis
1294 5187 1524 5246 retractationem
1549 5189 1732 5244 fortunarum
1762 5201 1827 5244 ma-

73 5296 249 5351 nantur-pers,
272 5281 404 5352 pnlciras
425 5282 517 5347 nimis,
537 5285 563 5336 et
587 5281 673 5335 obesis
696 5279 845 5343 carnibus;
867 5293 926 5347 qnae
980 5291 1067 5352 gnam
1084 5277 1314 5348 inquietudinem
1328 5277 1445 5334 excitat.
1468 5277 1596 5334 Rursum
1617 5283 1715 5331 tamen
1729 5274 1828 5347 depri-

978 3689 1160 3747 eminentiam
1183 3689 1306 3758 turpiter
1332 3687 1421 3759 ingeri
1446 3687 1565 3758 contigit
1588 3694 1615 3742 et
1637 3685 1825 3742 humanitatis

977 3777 1125 3845 desidiam,
1152 3785 1180 3833 et
1195 3776 1414 3848 temporalitatis
1439 3775 1594 3841 luxuriam,
1615 3775 1656 3830 ita
1671 3782 1704 3831 ut
1717 3788 1768 3847 per
1783 3789 1825 3832 re·

74 5372 105 5426 in
115 5373 203 5442 partu
214 5367 332 5442 paludis
347 5370 450 5425 rimata
468 5368 625 5439 carpebant.
641 5367 713 5439 Ripa
732 5366 861 5424 lluminis
876 5381 924 5422 su·
981 5366 1080 5430 mitur,
1095 5365 1164 5437 quia
1180 5365 1264 5422 timor
1284 5365 1373 5438 bajus
1390 5365 1559 5436 ingestionis
1575 5361 1733 5435 aliquando
1748 5365 1826 5433 sopi-
