3818 6008
66 109 115 162 eal
616 110 664 168 bh
685 110 765 170 VITA
784 112 848 169 sita
869 112 964 169 Libui
982 110 1203 168 onies-liu
1224 107 1275 165 111.
1764 110 1819 165 922

65 245 262 318 manipulares
274 244 479 318 sacrilegorum
493 246 663 305 carniilcnm
682 249 824 308 laeserant.
849 250 915 307 Diu·
932 249 1024 307 Asui.
1039 247 1171 319 Cumque
1190 251 1303 317 emptor
1315 243 1471 303 subsiliens
1489 256 1577 315 super
1594 256 1670 301 aree
1694 243 1819 314 crepidi·

65 341 153 392 turna
168 336 265 407 itaque
280 336 366 393 tetius
390 336 472 394 urbis
485 345 513 394 et
531 338 680 396 diraeeseos
705 340 836 398 simultas
856 339 911 395 ad·
966 350 1031 392 nem
1046 337 1195 393 daventre
1210 333 1355 406 penderet,
1374 334 1468 404 capite
1481 347 1515 390 ao
1534 330 1663 390 humeris
1676 330 1707 387 in
1729 344 1820 388 unam

65 437 166 478 versus
180 423 343 494 episcopum
363 423 427 492 luit,
454 425 524 495 quia
550 426 669 483 Gerardi
696 428 837 484 occisores
856 439 911 482 ex·
967 422 1221 494 procumbentibus
1241 435 1348 489 aream,
1365 421 1460 477 bonus
1472 420 1604 477 venditor
1616 433 1632 474 a
1646 426 1726 492 tergo
1741 418 1819 490 posi·

63 511 277 567 communicare
304 519 430 582 tempore
446 527 504 570 nou
519 528 609 585 parvo
623 515 912 573 distuleriti'audem
965 520 1022 580 tus,
1046 511 1168 568 sublatis
1196 511 1341 567 hominem
1361 509 1518 576 {incautum
1548 507 1678 579 pedibus,
1703 514 1820 579 repente

63 598 136 668 quia
161 612 191 655 se
223 606 386 669 suspectum
421 607 448 656 et
474 615 545 671 pene
579 603 783 658 exsecrabilem
813 601 911 658 haberi
966 599 1100 656 trudebat
1116 601 1145 655 iu
1161 613 1270 663 aream,
1294 606 1321 655 et
1336 597 1446 669 dejecte
1469 611 1557 669 super
1580 604 1714 654 ruentem
1733 607 1820 665 eper-

63 686 170 742 selebat
198 686 235 743 ab
263 686 407 755 omuibus,
437 695 568 745 austeres
599 689 861 747 excommunicavit
885 695 913 745 et
965 688 1116 756 curlo,tnto
1130 688 1264 744 servabat
1279 700 1372 756 usque
1393 686 1428 741 ad
1457 687 1504 742 sui
1529 684 1753 754 redemptionem
1769 693 1820 738 er-

62 773 199 831 eeuscios.
214 774 356 842 Quoniam
382 783 479 833 sutem
504 775 611 832 multas
634 777 771 847 pecumm
789 790 911 848 spopou-
966 777 1090 847 gaetulo.
1108 777 1176 833 llaec
1190 775 1220 830 in
1235 775 1344 832 urbest
1359 773 1501 831 issimilia
1513 772 1698 844 gerebantur.
1718 771 1818 837 Furto,

63 861 145 918 derat
159 863 214 933 his,
238 864 289 935 qui
310 879 339 921 se
359 874 387 921 et
416 864 618 935 praedictorum
642 865 811 923 sicariorum
835 880 912 923 cour·
967 863 1026 920 ime
1039 863 1189 920 latrocinia
1200 876 1252 932 per
1269 861 1408 931 primores
1422 867 1450 917 et
1464 859 1622 931 primorum
1645 855 1820 927 apparitores

64 949 151 1020 plices
175 965 261 1021 penes
276 965 372 1024 regem
397 952 580 1022 adjuverant,
598 953 765 1010 lateralibus
783 953 915 1009 videlicet
967 951 1082 1022 publice
1101 951 1272 1022 agebantur.
1285 947 1364 1005 Nulli
1379 948 1511 1005 noctibus
1525 944 1688 1017 procedenti
1706 941 1819 1000 securi-

65 1038 152 1108 regis,
168 1052 236 1096 eum
250 1040 552 1110 cepissetdetractare
576 1041 726 1111 premissa,
749 1041 915 1112 quisdicat
967 1047 1011 1097 tas
1035 1040 1226 1111 praebebatur,
1259 1037 1353 1096 solum
1382 1038 1506 1095 restabat
1536 1043 1587 1093 eut
1611 1032 1741 1100 distrahi,
1768 1037 1819 1089 aut

66 1134 178 1197 quauta
196 1127 227 1184 iu
250 1128 366 1198 publico
394 1128 567 1200 improperia
589 1129 711 1199 audivit,
736 1130 806 1187 dum
831 1143 916 1186 nemo
967 1129 1044 1201 capi,
1060 1135 1111 1185 aut
1125 1128 1207 1186 cedi.

66 1227 169 1270 eorum
188 1214 311 1285 quisuis
331 1215 361 1271 in
385 1216 438 1272 hoc
456 1230 542 1286 opere
556 1216 692 1273 lavehant
713 1218 854 1288 partibus,
870 1232 914 1274 re
1006 1214 1175 1272 commuue
1200 1215 1278 1288 quid.
1305 1243 1340 1256 -
1368 1214 1448 1282 Quod
1480 1211 1693 1269 considerantes
1723 1208 1820 1266 clerus

66 1301 146 1373 mam
165 1302 263 1360 aulam
282 1303 394 1375 ingredi
418 1311 612 1376 presumeret,
635 1304 726 1361 donec
747 1319 847 1363 eorum
870 1305 916 1363 lu·
970 1321 1037 1364 cum
1053 1306 1273 1373 archidiaconis,
1304 1318 1338 1361 sc
1354 1317 1495 1375 proceres,
1512 1309 1539 1358 et
1560 1314 1663 1357 causas
1684 1293 1819 1370 exigendi

65 1392 255 1463 uestacapita
278 1405 295 1447 a
324 1393 409 1459 cede,
439 1407 505 1465 quae
520 1393 573 1449 sihi
597 1393 803 1462 intentabatur,
820 1394 917 1459 ⁸multo
971 1395 1109 1467 pecunias
1126 1409 1144 1451 a
1164 1394 1272 1465 populo
1290 1399 1480 1464 aucupantes,
1504 1389 1574 1446 daut
1596 1387 1638 1445 cis
1661 1399 1711 1456 per
1729 1385 1818 1443 iuter·

65 1492 139 1536 aure
153 1487 331 1552 argentoque
359 1482 518 1539 redimeret.
546 1481 604 1539 Neo
618 1482 678 1552 ipsc
692 1490 787 1539 tamen
803 1482 840 1540 ah
861 1483 914 1539 Ec-
970 1483 1089 1539 nuntios
1099 1482 1253 1553 optionem,
1279 1488 1312 1537 ut
1332 1480 1355 1536 si
1381 1479 1473 1550 pretia
1498 1477 1586 1549 digua
1610 1473 1817 1545 impenderent,

62 1567 152 1624 clesia
165 1575 274 1639 peterat
287 1570 417 1627 accusari
442 1584 529 1642 quem
545 1570 581 1627 ab
601 1571 755 1642 apostolico
778 1571 913 1630 constite-
966 1569 1178 1627 communionis
1218 1567 1355 1626 iacienda
1387 1565 1531 1623 licentiam
1559 1564 1707 1620 habereut.
1731 1561 1818 1617 Com·

61 1664 110 1713 rat
123 1657 267 1714 excusari.
967 1654 1069 1713 munio
1083 1662 1178 1712 autem
1194 1669 1302 1712 novum
1328 1666 1361 1710 ac
1375 1651 1532 1724 peesiumm
1547 1662 1651 1707 nomeu
1666 1647 1707 1706 sic
1719 1661 1750 1705 ee
1764 1646 1818 1703 ha·

967 1743 1024 1809 bet,
1046 1749 1079 1800 ut
1106 1741 1163 1813 (¹⁰⁰)
1187 1742 1278 1812 capite
1302 1741 1378 1798 censi
1398 1754 1498 1796 omnes
1526 1738 1643 1795 solitum
1671 1734 1818 1793 servitutis

388 1797 506 1857 CAPUT
527 1799 583 1856 VH·
967 1831 1093 1888 debitum
1119 1829 1245 1887 dominis
1266 1829 1354 1886 semel
1375 1828 1405 1884 in
1425 1841 1501 1884 anne
1526 1825 1692 1891 solventes
1707 1821 1818 1892 siquid

98 1916 342 1976 Peraerrs'ciua'um
353 1919 586 1975 maduaeasicm
594 1937 688 1976 merea
701 1922 911 1994 exprimuntur.
966 1927 1066 1976 contra
1085 1919 1155 1992 lura
1177 1917 1362 1989 deliquerint,
1385 1915 1522 1986 pensione
1547 1910 1631 1984 legali
1654 1909 1816 1968 emendent

58 2035 96 2044 —
111 2004 206 2075 igitur
229 2011 294 2076 post
306 2004 489 2076 aliquantum
508 2008 654 2077 temperis,
679 2023 746 2067 cum
770 2010 912 2082 ohexpo·
966 2006 1080 2064 Ceterae
1108 2020 1249 2064 rensuum
1277 2006 1534 2074 exactionesque
1557 2000 1646 2057 servis
1660 1996 1752 2070 iniiigi
1768 2011 1817 2054 so-

59 2093 182 2150 soendas
208 2094 347 2164 pecunias
372 2109 390 2150 a
416 2109 484 2166 rege
498 2096 667 2168 anglorum,
697 2099 744 2154 eui
764 2099 912 2169 quondam
967 2095 1034 2162 lent,
1050 2095 1223 2151 omnimodis
1247 2100 1359 2152 vacent.
1387 2091 1501 2149 llacse'
1518 2087 1677 2147 redimendi
1693 2084 1816 2158 populus

59 2182 212 2251 servierat,
238 2183 330 2240 amico
363 2183 416 2241 sibi
439 2184 519 2253 elim,
542 2185 686 2255 proiectus
709 2194 783 2243 esset
807 2186 837 2243 in
857 2189 913 2244 An·
965 2181 1115 2239 occasione
1129 2188 1272 2252 suscepta,
1297 2181 1438 2237 maximos
1462 2185 1502 2235 tot
1514 2189 1671 2234 avarorum
1689 2172 1817 2231 hiatibus

60 2269 160 2342 giiam,
175 2269 308 2328 Galterus
333 2269 602 2342 archidiaconus,et
615 2272 709 2331 Guido
723 2288 788 2331 cum
810 2289 912 2346 proee-
966 2270 1149 2328 obstruendis
1173 2269 1287 2341 argenti
1312 2282 1434 2340 aggeres
1452 2266 1639 2325 obdiderunt.
1657 2263 1712 2331 Qui
1735 2268 1816 2319 tauto

59 2358 144 2414 ribus
167 2357 249 2414 urbis
269 2357 325 2414 tale
357 2359 427 2430 quid
466 2360 648 2417 commentati
673 2369 752 2418 sunt.
778 2362 848 2419 Urbi
872 2363 911 2419 illi
965 2357 1058 2415 imbre
1080 2359 1143 2415 tuso
1176 2357 1335 2414 sereniores
1357 2355 1471 2422 redditi,
1500 2370 1531 2412 se
1558 2353 1643 2411 iidem
1664 2352 1705 2409 eis
1728 2362 1816 2421 super

59 2450 143 2501 tanta
176 2444 213 2501 ab
239 2444 359 2516 antiquo
395 2446 554 2504 adversitas
578 2448 735 2506 inoleverat
755 2456 788 2507 ut
818 2464 912 2521 neque
966 2445 1021 2503 isto
1041 2447 1154 2520 negotio
1177 2452 1344 2502 servaturos
1365 2443 1552 2501 sacramentis
1568 2439 1696 2513 praebitis
1715 2438 1815 2495 firma-

58 2532 147 2598 Dens,
163 2545 258 2602 neque
273 2531 412 2589 Dominus
428 2533 574 2604 quispiam
589 2535 660 2591 inibi
680 2536 839 2605 timeretur,
862 2540 911 2596 sed
965 2543 1083 2593 verunt.

58 2622 97 2678 ad
117 2635 208 2692 posse,
240 2626 269 2678 et
293 2620 405 2678 libitum
429 2622 573 2694 cujusque
596 2623 704 2694 rapinis
727 2632 755 2681 et
783 2628 912 2684 caedibus
1000 2626 1039 2679 [a
1057 2622 1273 2678 Galliumredit
1295 2620 1456 2694 ερὺσορω.
1472 2623 1569 2692 iprum
1586 2617 1704 2674 lateret
1718 2614 1814 2671 urchi·

57 2709 223 2780 respublica
254 2711 435 2767 misceretur.
459 2713 542 2775 Nam,
566 2718 600 2768 ut
626 2726 644 2768 a
667 2713 761 2783 eapite
779 2715 911 2785 pestilera
964 2710 1117 2767 ἀὲαωπιιηι
1131 2709 1353 2766 Nasutum.-
1367 2710 1452 2766 Facta
1473 2708 1572 2779 itaque
1592 2707 1668 2763 inter
1693 2705 1812 2772 elerum,

55 2797 212 2854 exordium
247 2812 372 2866 sumam,
410 2800 576 2870 siquando
600 2801 669 2859 illuc
697 2817 793 2876 regem
813 2805 1105 2878 venireclireoeres
1128 2805 1157 2855 et
1174 2798 1314 2869 populum
1331 2796 1424 2854 mutui
1437 2794 1573 2867 adjutorii
1601 2793 1812 2865 conjuratione,

60 2885 250 2956 contingeret,
267 2885 326 2956 ipse
342 2887 394 2957 qui
411 2887 466 2944 sibi
488 2890 678 2947 reverentiam
700 2892 818 2964 exigere
833 2894 911 2966 regie
963 2885 1000 2942 ab
1024 2885 1126 2957 anglis
1153 2899 1220 2942 cum
1244 2884 1371 2956 plurima
1395 2885 1477 2956 copia
1504 2883 1640 2941 remeavit
1655 2882 1813 2952 episcopus,

56 2971 155 3043 rigore
178 2972 327 3042 debuerat,
355 2975 411 3045 ipsc
428 2976 459 3032 iu
476 2978 521 3033 sui
541 2978 669 3048 primum
684 2981 809 3051 turpiter
832 2983 910 3039 mul·
963 2975 1012 3045 qni
1028 2983 1129 3032 contra
1151 2976 1241 3047 holus
1252 2983 1384 3032 auctores
1399 2974 1543 3040 novitatis,
1559 2979 1655 3028 motus
1677 2969 1812 3041 aliquan·

59 3059 190 3116 tabatur.
204 3059 312 3132 Nempe
326 3076 392 3117 curu
408 3063 476 3134 equi
495 3063 559 3134 ejus
574 3064 609 3121 ad
627 3078 736 3136 aquam
759 3081 812 3124 seu
825 3082 911 3126 mana
962 3062 1012 3119 diu
1025 3076 1086 3120 sese
1109 3064 1146 3121 ab
1173 3065 1245 3122 urbe
1268 3063 1420 3120 continuit.
1446 3063 1554 3118 Tamen
1571 3061 1661 3131 piena
1676 3057 1771 3116 laudis
1784 3063 1814 3115 ct

56 3160 112 3204 seu
138 3158 254 3219 vespere
278 3149 462 3218 ducerentur,
477 3152 636 3211 verberatis
655 3154 828 3214 clienticulis
841 3159 910 3230 aqui
962 3149 1061 3221 gloria
1101 3152 1177 3209 iuter
1207 3153 1357 3222 ipsomet
1390 3152 1537 3210 Gallorum
1576 3147 1812 3205 archidiaconum

57 3235 288 3306 abripiebantur.
311 3239 390 3308 Ipsos
416 3239 502 3295 etiam
519 3239 604 3297 tantis
627 3242 722 3299 addici
745 3244 910 3303 constiterat
960 3239 1126 3309 complicem
1149 3254 1236 3297 suurn
1259 3241 1366 3298 oborta
1380 3247 1448 3297 sunt
1471 3238 1641 3296 simultates.
1658 3235 1812 3308 loqueba-

58 3321 296 3392 viiipensiouibus
311 3323 437 3392 ciericos,
454 3333 486 3382 ut
501 3340 596 3398 neque
611 3328 641 3383 in
658 3330 798 3399 personis.
815 3344 909 3401 neque
961 3333 1010 3383 tur
1033 3327 1256 3384 archidiaconus
1277 3341 1364 3400 super
1389 3342 1457 3384 uoce
1483 3326 1603 3383 Gerardl
1626 3324 1712 3382 valde
1726 3323 1811 3380 inde-

56 3412 89 3470 iu
119 3412 206 3469 rebus
231 3424 330 3468 eorum
359 3421 526 3483 parceretur
554 3415 670 3485 eisdem,
700 3415 848 3489 sedlesset,
865 3419 907 3474 uti
961 3419 1055 3471 centia
1070 3414 1104 3470 de
1117 3413 1250 3484 episcopo
1269 3430 1332 3472 suo.
1358 3414 1513 3485 Episcopus
1539 3413 1720 3483 nescioquas
1742 3423 1810 3466 oum

57 3497 166 3570 legitur
181 3512 188 3551 ι
203 3518 215 3547 ι
230 3496 309 3554 Sicut
324 3499 458 3569 populus,
488 3501 530 3556 sio
556 3501 688 3559 sacerdos
717 3501 799 3574 (Irni.
826 3518 907 3574 xxrv,
959 3503 1069 3558 caeteris
1082 3516 1170 3573 super
1185 3501 1239 3558 hac
1259 3517 1290 3559 rc
1305 3503 1417 3575 agebat,
1444 3504 1497 3558 hoc
1523 3501 1592 3564 scio,
1610 3500 1680 3571 quia
1697 3510 1810 3556 mecum

56 3586 97 3658 i).
116 3606 128 3635 a
145 3584 199 3642 Sed
224 3584 295 3655 quid
313 3585 349 3642 de
369 3586 477 3657 plebeis
499 3588 621 3660 loquor?
634 3589 724 3647 Nemo
736 3590 772 3648 de
785 3592 908 3663 agrariis
959 3590 1044 3646 slede
1057 3604 1090 3646 eo
1101 3591 1290 3661 querebatur.
1306 3598 1382 3648 too
1410 3591 1537 3658 Domine,
1557 3590 1700 3660 inquiens,
1716 3586 1808 3654 abba;

56 3672 275 3744 ingrediebatur
298 3673 328 3728 iu
350 3675 462 3743 urbem,
491 3691 577 3734 nemo
593 3677 649 3733 nisi
673 3678 815 3735 tutissimo
832 3694 909 3737 com-
960 3678 984 3733 sl
998 3677 1149 3748 eontigerit
1163 3678 1311 3736 Galterum
1326 3680 1355 3735 in
1379 3678 1484 3750 queris
1496 3677 1620 3735 concilio
1634 3675 1747 3746 aliquas
1762 3673 1811 3730 ad-

56 3768 156 3819 meatn
174 3759 373 3818 accedebetad
388 3761 489 3832 ipsam,
506 3764 558 3836 qui
574 3779 632 3820 non
647 3773 698 3821 aut
713 3766 908 3826 incarceratus
960 3779 1077 3823 versum
1112 3781 1157 3823 me
1192 3774 1301 3823 motare
1332 3764 1539 3832 accusationes,
1568 3761 1809 3834 aequanimiterne

56 3848 95 3904 ad
124 3846 348 3917 redemptionem
373 3857 532 3922 cogeretur,
555 3866 607 3910 seu
620 3852 767 3910 occasione
796 3853 909 3926 objecta
960 3853 1072 3910 leretist
1101 3853 1198 3910 Nonne
1224 3855 1283 3924 ipse
1315 3861 1367 3921 est,
1393 3855 1444 3925 qui
1468 3868 1501 3911 eo
1531 3861 1668 3924 tempore,
1703 3865 1762 3922 quo
1792 3862 1810 3904 a

56 3936 214 3993 duceretur
227 3936 386 3996 sinecausa
399 3938 428 3995 in
444 3953 574 3997 eausam.
960 3941 1062 3998 vestris
1090 3941 1238 4013 digressus
1261 3943 1409 4000 meuaohis
1436 3941 1603 3999 Flavianum
1619 3937 1808 4006 concessistis,

92 4022 153 4080 Sub
179 4024 310 4094 exemplo
348 4025 506 4083 inieramus
531 4042 635 4096 unum,
672 4029 752 4101 quod
778 4029 801 4087 si
829 4030 906 4102 apud
961 4029 1042 4086 vobis
1064 4029 1093 4085 iu
1120 4039 1254 4100 promptu
1283 4030 1495 4098 blandiebatur,
1534 4029 1609 4086 clam
1637 4027 1810 4085 moliebatur

58 4111 200 4169 Barbaros
215 4118 266 4169 aut
279 4112 399 4182 scythas
412 4114 502 4182 ileret,
521 4124 596 4174 certe
617 4132 718 4176 eorum
742 4119 793 4190 qui
807 4119 905 4178 nullas
923 4109 946 4164 li
959 4116 1118 4184 dissidium,
1142 4118 1236 4187 palam
1251 4118 1353 4175 vestris
1368 4118 1564 4176 favorabiliter
1579 4117 1713 4174 adnitens
1723 4114 1810 4188 parti·

58 4199 166 4256 habeut
203 4196 282 4270 legas
307 4200 540 4270 prolanissimum
576 4213 651 4262 esset
684 4206 804 4277 jndicio.
833 4207 905 4266 Cum
960 4205 1026 4276 bus,
1052 4212 1081 4262 et
1110 4220 1154 4263 me
1182 4214 1283 4264 contra
1311 4223 1360 4265 vos
1388 4208 1510 4266 latenter
1527 4207 1670 4265 irritans?
1692 4206 1742 4264 llis
1763 4220 1809 4262 me

56 4288 184 4347 Sabbuo
197 4288 318 4346 diversis
335 4303 352 4346 e
370 4290 488 4349 ruribus
511 4294 688 4354 mercimonii
714 4297 808 4367 gratia
825 4298 906 4368 plebs
959 4296 1059 4350 eontra
1085 4293 1230 4351 lunatum
1273 4294 1416 4353 homiuem
1445 4295 1589 4352 alliciebat
1615 4291 1807 4358 sermonibus,

57 4377 217 4449 agrestium
234 4375 283 4432 iilo
297 4377 441 4447 venirent,
467 4379 651 4439 civitatenses
665 4385 758 4454 cypho
771 4391 822 4442 aut
836 4400 905 4443 scu·
957 4379 1086 4451 ejusdem
1122 4382 1352 4452 ponderosissimi
1383 4394 1482 4440 matus
1513 4382 1567 4439 sibi
1603 4378 1745 4448 conscius,
1780 4385 1809 4436 et

56 4464 135 4532 tella,
147 4469 199 4521 aut
217 4462 346 4534 quolibet
357 4464 413 4522 alie
432 4467 515 4524 medo
539 4468 685 4541 legumen,
699 4479 751 4528 aut
766 4472 903 4541 triticum,
958 4481 1046 4539 penes
1058 4469 1189 4526 emnium
1214 4469 1324 4541 jndicia
1352 4471 1546 4541 undecunque
1575 4468 1693 4526 timidus
1711 4480 1746 4524 ao
1758 4483 1807 4525 su·

55 4566 109 4610 seu
123 4551 274 4623 quidpiam
301 4552 427 4624 alicujus
449 4554 542 4627 frugis
554 4556 615 4614 loro
629 4558 714 4629 quasi
732 4559 834 4616 venale
848 4560 904 4618 cir·
958 4565 1082 4627 spectus.

54 4639 264 4707 eumlerebant,
315 4654 441 4713 eumque
477 4645 583 4702 rustico
622 4647 692 4703 talia
726 4648 905 4721 perquirenti
993 4643 1065 4701 Cum
1079 4643 1213 4716 igiturin
1231 4660 1280 4704 ees
1294 4645 1633 4718 quocunqueversum
1648 4645 1679 4702 in
1701 4653 1806 4702 aucto-

54 4727 211 4785 emendum
232 4727 412 4799 obtulissent,
434 4728 480 4787 ille
506 4737 604 4788 taxato
626 4733 718 4804 pretio
739 4749 769 4791 se
795 4735 905 4805 pettice-
958 4750 1118 4795 rcseorum
1138 4738 1288 4796 inflexibili
1313 4737 1564 4795 animadversione
1586 4745 1696 4794 motum
1717 4752 1748 4794 se
1761 4738 1805 4795 di-

54 4816 470 4887 baturempturum.sequerc,
486 4819 735 4889 aiebatvenditor,
751 4836 797 4879 me
810 4821 904 4879 iudo·
956 4833 1043 4893 neret,
1057 4838 1142 4883 voees
1156 4827 1272 4884 undem
1289 4826 1479 4899 grandisonas
1506 4825 1603 4882 oblata
1632 4833 1748 4895 repente
1761 4840 1805 4883 se·

53 4918 136 4962 mum
151 4917 255 4969 meam,
270 4913 303 4962 ut
318 4905 356 4962 ibi
365 4905 515 4963 residuum
530 4907 623 4980 frugis
639 4909 736 4982 hujus,
752 4924 841 4982 quam
852 4910 903 4969 tibi
957 4914 1038 4972 davit
1071 4913 1137 4971 auri
1166 4913 1336 4986 argentique
1364 4912 1521 4985 congeries.
1557 4913 1671 4969 lnmvit
1708 4912 1807 4984 itaque

50 4993 158 5061 vendo,
174 4992 283 5063 videas,
296 4993 451 5065 visumque
471 4997 622 5068 suscipias.
647 5001 827 5070 Sequebatur
839 5000 902 5073 ille;
957 5001 1169 5060 communionis
1182 5002 1259 5059 illius
1272 5017 1305 5058 se
1313 5003 1383 5075 jura
1398 5011 1556 5065 tenturum.
1583 5016 1616 5059 eo
1630 5002 1708 5072 quod
1728 5002 1806 5074 apud

51 5080 103 5136 scd
117 5093 185 5137 cum
202 5080 400 5150 pervenissent
409 5082 446 5140 ad
457 5097 565 5152 arcam
577 5084 669 5143 noetis
683 5088 816 5146 venditor
829 5090 903 5148 elato
956 5090 1212 5161 Noviomagensem
1248 5089 1349 5146 urbem
1392 5091 1493 5160 (vulgo
1519 5089 1646 5162 Nogea),
1673 5098 1701 5146 et
1729 5092 1806 5148 sau-

52 5173 81 5222 et
104 5172 235 5223 amunte
258 5181 333 5225 arere
357 5170 504 5239 operculo,
536 5172 653 5241 inclina,
688 5175 791 5241 siebat.
815 5187 904 5250 eaput
957 5177 1145 5244 Quintinense
1158 5176 1297 5249 oppidum
1322 5178 1422 5250 (vulgo
1449 5177 1687 5248 sciat-Quentin)
1706 5179 1807 5236 ordine

53 5260 178 5311 tuumet
190 5253 275 5311 ulnas
287 5255 317 5312 in
337 5269 445 5326 aream,
461 5266 494 5317 ut
506 5261 605 5318 videas
631 5265 709 5334 quod
736 5263 792 5322 hec
811 5272 903 5323 totum
955 5266 1061 5335 scripta
1075 5266 1254 5323 exstiterant.
1285 5250 1458 5339 compulsus
1475 5275 1503 5323 ct
1518 5281 1570 5324 rex
1584 5276 1626 5325 est
1655 5267 1808 5339 largitione

55 5358 115 5402 nou
136 5343 278 5416 discrepet
301 5344 339 5403 ah
352 5359 386 5403 ea
412 5354 594 5420 partequam
610 5349 661 5406 tihi
680 5351 710 5407 in
734 5351 903 5425 loropropo
959 5353 1069 5424 plebeia
1092 5353 1217 5425 idipsum
1239 5355 1305 5427 jure
1326 5355 1453 5433 jurando
1468 5353 1594 5418 lirmare.
1621 5357 1699 5418 Deus
1715 5368 1810 5431 meus,
