<?xml version="1.0" encoding="UTF-8"?>
<!DOCTYPE html PUBLIC "-//W3C//DTD XHTML 1.0 Transitional//EN"
    "http://www.w3.org/TR/xhtml1/DTD/xhtml1-transitional.dtd">
<html xmlns="http://www.w3.org/1999/xhtml" xml:lang="en" lang="en">
 <head>
  <title>
</title>
<meta http-equiv="Content-Type" content="text/html;charset=utf-8" />
  <meta name='ocr-system' content='tesseract 3.04.00' />
  <meta name='ocr-capabilities' content='ocr_page ocr_carea ocr_par ocr_line ocrx_word'/>
</head>
<body>
  <div class='ocr_page' id='page_1' title='image "./patrologiaecurs05unkngoog_0495.png"; bbox 0 0 3818 6008; ppageno 0'>
   <div class='ocr_carea' id='block_1_1' title="bbox 73 188 125 241">
    <p class='ocr_par' dir='ltr' id='par_1_1' title="bbox 73 188 125 241">
     <span class='ocr_line' id='line_1_1' title="bbox 73 188 125 241; baseline -0.019 0"><span class='ocrx_word' id='word_1_1' title='bbox 73 188 125 241; x_wconf 83' lang='grc'><strong>979</strong></span> 
     </span>
    </p>
   </div>
   <div class='ocr_carea' id='block_1_2' title="bbox 533 178 1359 240">
    <p class='ocr_par' dir='ltr' id='par_1_2' title="bbox 533 178 1359 240">
     <span class='ocr_line' id='line_1_2' title="bbox 533 178 1359 240; baseline 0.002 -4"><span class='ocrx_word' id='word_1_2' title='bbox 533 183 685 239; x_wconf 79' lang='grc' dir='ltr'><strong>ΑΡΡΕΝΙ).</strong></span> <span class='ocrx_word' id='word_1_3' title='bbox 705 184 754 240; x_wconf 81' lang='lat' dir='ltr'><strong>ab</strong></span> <span class='ocrx_word' id='word_1_4' title='bbox 775 183 843 240; x_wconf 72' lang='grc' dir='ltr'><strong><em>[ΑΒ.</em></strong></span> <span class='ocrx_word' id='word_1_5' title='bbox 869 181 909 237; x_wconf 87' lang='lat'><strong>111</strong></span> <span class='ocrx_word' id='word_1_6' title='bbox 927 182 1095 240; x_wconf 74' lang='lat' dir='ltr'><strong>culceati</strong></span> <span class='ocrx_word' id='word_1_7' title='bbox 1115 182 1160 237; x_wconf 85' lang='lat' dir='ltr'><strong>DE</strong></span> <span class='ocrx_word' id='word_1_8' title='bbox 1179 178 1262 239; x_wconf 80' lang='lat' dir='ltr'>VITA</span> <span class='ocrx_word' id='word_1_9' title='bbox 1282 182 1359 240; x_wconf 73' lang='lat' dir='ltr'><strong>SUA.</strong></span> 
     </span>
    </p>
   </div>
   <div class='ocr_carea' id='block_1_3' title="bbox 1771 187 1826 241">
    <p class='ocr_par' dir='ltr' id='par_1_3' title="bbox 1771 187 1826 241">
     <span class='ocr_line' id='line_1_3' title="bbox 1771 187 1826 241; baseline -0.036 0"><span class='ocrx_word' id='word_1_10' title='bbox 1771 187 1826 241; x_wconf 79' lang='lat'><strong>980</strong></span> 
     </span>
    </p>
   </div>
   <div class='ocr_carea' id='block_1_4' title="bbox 70 289 1825 389">
    <p class='ocr_par' dir='ltr' id='par_1_4' title="bbox 70 289 1825 389">
     <span class='ocr_line' id='line_1_4' title="bbox 70 289 1825 389; baseline -0.003 -12"><span class='ocrx_word' id='word_1_11' title='bbox 70 319 141 377; x_wconf 90' lang='lat' dir='ltr'><strong>lecto</strong></span> <span class='ocrx_word' id='word_1_12' title='bbox 153 317 258 375; x_wconf 83' lang='lat' dir='ltr'><strong>deterri</strong></span> <span class='ocrx_word' id='word_1_13' title='bbox 271 323 373 388; x_wconf 90' lang='lat' dir='ltr'><strong>posset.</strong></span> <span class='ocrx_word' id='word_1_14' title='bbox 398 314 545 373; x_wconf 77' lang='lat' dir='ltr'><strong>Mandavit</strong></span> <span class='ocrx_word' id='word_1_15' title='bbox 559 315 657 385; x_wconf 90' lang='lat' dir='ltr'><strong>itaque</strong></span> <span class='ocrx_word' id='word_1_16' title='bbox 670 314 695 372; x_wconf 89' lang='lat' dir='ltr'><strong>ei</strong></span> <span class='ocrx_word' id='word_1_17' title='bbox 717 315 788 371; x_wconf 90' lang='lat' dir='ltr'><strong>Boso</strong></span> <span class='ocrx_word' id='word_1_18' title='bbox 802 313 917 386; x_wconf 89' lang='lat' dir='ltr'><strong>presby·</strong></span> <span class='ocrx_word' id='word_1_19' title='bbox 936 320 1104 382; x_wconf 81' lang='lat' dir='ltr'><strong>Acessaret,</strong></span> <span class='ocrx_word' id='word_1_20' title='bbox 1130 314 1266 371; x_wconf 82' lang='lat' dir='ltr'><strong>teretrum</strong></span> <span class='ocrx_word' id='word_1_21' title='bbox 1289 314 1417 372; x_wconf 80' lang='lat' dir='ltr'><strong>Dominae</strong></span> <span class='ocrx_word' id='word_1_22' title='bbox 1440 289 1545 372; x_wconf 75' lang='lat' dir='ltr'><strong>nostrae</strong></span> <span class='ocrx_word' id='word_1_23' title='bbox 1564 330 1653 386; x_wconf 91' lang='lat' dir='ltr'><strong>snper</strong></span> <span class='ocrx_word' id='word_1_24' title='bbox 1675 316 1825 389; x_wconf 86' lang='lat' dir='ltr'><strong>quoddam</strong></span> 
     </span>
    </p>
   </div>
   <div class='ocr_carea' id='block_1_5' title="bbox 55 404 919 1533">
    <p class='ocr_par' dir='ltr' id='par_1_5' title="bbox 55 404 919 1533">
     <span class='ocr_line' id='line_1_5' title="bbox 55 404 916 478; baseline -0.008 -9"><span class='ocrx_word' id='word_1_25' title='bbox 55 417 113 472; x_wconf 61' lang='lat' dir='ltr'><strong>,ter</strong></span> <span class='ocrx_word' id='word_1_26' title='bbox 148 415 180 465; x_wconf 92' lang='lat' dir='ltr'><strong>ut</strong></span> <span class='ocrx_word' id='word_1_27' title='bbox 209 414 390 478; x_wconf 88' lang='lat' dir='ltr'><strong>peecatorum</strong></span> <span class='ocrx_word' id='word_1_28' title='bbox 426 418 545 461; x_wconf 91' lang='lat' dir='ltr'><strong>suorum</strong></span> <span class='ocrx_word' id='word_1_29' title='bbox 580 418 679 460; x_wconf 88' lang='lat' dir='ltr'><strong>veram</strong></span> <span class='ocrx_word' id='word_1_30' title='bbox 710 404 916 462; x_wconf 84' lang='lat' dir='ltr'><strong>contessionem</strong></span> 
     </span>
     <span class='ocr_line' id='line_1_6' title="bbox 70 492 915 568; baseline -0.008 -14"><span class='ocrx_word' id='word_1_31' title='bbox 70 497 235 568; x_wconf 86' lang='lat' dir='ltr'><strong>presbytero</strong></span> <span class='ocrx_word' id='word_1_32' title='bbox 261 509 313 551; x_wconf 90' lang='lat' dir='ltr'><strong>suo</strong></span> <span class='ocrx_word' id='word_1_33' title='bbox 346 493 461 559; x_wconf 88' lang='lat' dir='ltr'><strong>laceret,</strong></span> <span class='ocrx_word' id='word_1_34' title='bbox 486 501 514 548; x_wconf 92' lang='lat' dir='ltr'><strong>et</strong></span> <span class='ocrx_word' id='word_1_35' title='bbox 538 492 608 563; x_wconf 91' lang='lat' dir='ltr'><strong>qnia</strong></span> <span class='ocrx_word' id='word_1_36' title='bbox 632 506 688 547; x_wconf 91' lang='lat' dir='ltr'><strong>non</strong></span> <span class='ocrx_word' id='word_1_37' title='bbox 710 493 802 548; x_wconf 90' lang='lat' dir='ltr'><strong>solnm</strong></span> <span class='ocrx_word' id='word_1_38' title='bbox 825 493 915 562; x_wconf 91' lang='lat' dir='ltr'><strong>prins,</strong></span> 
     </span>
     <span class='ocr_line' id='line_1_7' title="bbox 70 580 918 652; baseline -0.008 -10"><span class='ocrx_word' id='word_1_39' title='bbox 70 585 225 642; x_wconf 86' lang='lat' dir='ltr'><strong>sedetiam</strong></span> <span class='ocrx_word' id='word_1_40' title='bbox 254 583 283 638; x_wconf 91' lang='lat' dir='ltr'><strong>in</strong></span> <span class='ocrx_word' id='word_1_41' title='bbox 307 582 368 652; x_wconf 89' lang='lat' dir='ltr'><strong>ipsa</strong></span> <span class='ocrx_word' id='word_1_42' title='bbox 400 580 572 652; x_wconf 69' lang='lat' dir='ltr'><strong>aegritudine</strong></span> <span class='ocrx_word' id='word_1_43' title='bbox 600 580 750 637; x_wconf 75' lang='lat' dir='ltr'><strong>dicebatur</strong></span> <span class='ocrx_word' id='word_1_44' title='bbox 773 580 918 636; x_wconf 75' lang='lat' dir='ltr'><strong>multoties</strong></span> 
     </span>
     <span class='ocr_line' id='line_1_8' title="bbox 71 670 918 739; baseline -0.008 -7"><span class='ocrx_word' id='word_1_45' title='bbox 71 687 176 732; x_wconf 90' lang='lat' dir='ltr'><strong>usuras</strong></span> <span class='ocrx_word' id='word_1_46' title='bbox 199 685 216 727; x_wconf 89' lang='lat' dir='ltr'><strong>a</strong></span> <span class='ocrx_word' id='word_1_47' title='bbox 235 670 411 727; x_wconf 89' lang='lat' dir='ltr'><strong>debitoribus</strong></span> <span class='ocrx_word' id='word_1_48' title='bbox 434 670 585 739; x_wconf 89' lang='lat' dir='ltr'><strong>accepisse,</strong></span> <span class='ocrx_word' id='word_1_49' title='bbox 609 670 786 739; x_wconf 79' lang='lat' dir='ltr'><strong>promitteret</strong></span> <span class='ocrx_word' id='word_1_50' title='bbox 807 670 864 725; x_wconf 88' lang='lat' dir='ltr'><strong>Deo</strong></span> <span class='ocrx_word' id='word_1_51' title='bbox 888 682 918 725; x_wconf 90' lang='lat' dir='ltr'><strong>se</strong></span> 
     </span>
     <span class='ocr_line' id='line_1_9' title="bbox 70 757 918 831; baseline -0.005 -14"><span class='ocrx_word' id='word_1_52' title='bbox 70 773 222 831; x_wconf 88' lang='lat' dir='ltr'><strong>nunquam</strong></span> <span class='ocrx_word' id='word_1_53' title='bbox 249 757 373 814; x_wconf 89' lang='lat' dir='ltr'><strong>ulterius</strong></span> <span class='ocrx_word' id='word_1_54' title='bbox 393 771 442 813; x_wconf 91' lang='lat' dir='ltr'><strong>eas</strong></span> <span class='ocrx_word' id='word_1_55' title='bbox 465 765 661 826; x_wconf 90' lang='lat' dir='ltr'><strong>sumpturum,</strong></span> <span class='ocrx_word' id='word_1_56' title='bbox 688 766 715 813; x_wconf 94' lang='lat' dir='ltr'><strong>et</strong></span> <span class='ocrx_word' id='word_1_57' title='bbox 739 758 774 814; x_wconf 90' lang='lat' dir='ltr'><strong>de</strong></span> <span class='ocrx_word' id='word_1_58' title='bbox 796 757 918 828; x_wconf 87' lang='lat' dir='ltr'><strong>acceptis</strong></span> 
     </span>
     <span class='ocr_line' id='line_1_10' title="bbox 70 846 917 919; baseline -0.002 -15"><span class='ocrx_word' id='word_1_59' title='bbox 70 862 197 919; x_wconf 87' lang='lat' dir='ltr'><strong>congrue</strong></span> <span class='ocrx_word' id='word_1_60' title='bbox 220 846 398 903; x_wconf 78' lang='lat' dir='ltr'><strong>debitoribus</strong></span> <span class='ocrx_word' id='word_1_61' title='bbox 432 846 658 901; x_wconf 84' lang='lat' dir='ltr'><strong>satlslacturnm.</strong></span> <span class='ocrx_word' id='word_1_62' title='bbox 689 847 820 903; x_wconf 83' lang='lat' dir='ltr'><strong>obedivit</strong></span> <span class='ocrx_word' id='word_1_63' title='bbox 856 846 917 915; x_wconf 90' lang='lat' dir='ltr'><strong>ille;</strong></span> 
     </span>
     <span class='ocr_line' id='line_1_11' title="bbox 70 935 919 1005; baseline -0.002 -12"><span class='ocrx_word' id='word_1_64' title='bbox 70 936 173 993; x_wconf 91' lang='lat' dir='ltr'><strong>deinde</strong></span> <span class='ocrx_word' id='word_1_65' title='bbox 192 943 224 993; x_wconf 92' lang='lat' dir='ltr'><strong>ut</strong></span> <span class='ocrx_word' id='word_1_66' title='bbox 249 949 314 991; x_wconf 89' lang='lat' dir='ltr'><strong>cnm</strong></span> <span class='ocrx_word' id='word_1_67' title='bbox 340 935 470 1005; x_wconf 91' lang='lat' dir='ltr'><strong>reliquiis</strong></span> <span class='ocrx_word' id='word_1_68' title='bbox 494 935 600 991; x_wconf 89' lang='lat' dir='ltr'><strong>iremus</strong></span> <span class='ocrx_word' id='word_1_69' title='bbox 622 935 655 990; x_wconf 91' lang='lat' dir='ltr'><strong>ad</strong></span> <span class='ocrx_word' id='word_1_70' title='bbox 680 949 748 991; x_wconf 90' lang='lat' dir='ltr'><strong>eum</strong></span> <span class='ocrx_word' id='word_1_71' title='bbox 772 935 919 992; x_wconf 90' lang='lat' dir='ltr'><strong>humiliter</strong></span> 
     </span>
     <span class='ocr_line' id='line_1_12' title="bbox 70 1022 915 1096; baseline -0.001 -17"><span class='ocrx_word' id='word_1_72' title='bbox 70 1025 193 1096; x_wconf 90' lang='lat' dir='ltr'><strong>rogavit,</strong></span> <span class='ocrx_word' id='word_1_73' title='bbox 213 1022 351 1095; x_wconf 90' lang='lat' dir='ltr'><strong>quoniam</strong></span> <span class='ocrx_word' id='word_1_74' title='bbox 376 1023 435 1093; x_wconf 91' lang='lat' dir='ltr'><strong>ipse</strong></span> <span class='ocrx_word' id='word_1_75' title='bbox 459 1023 494 1077; x_wconf 91' lang='lat' dir='ltr'><strong>ad</strong></span> <span class='ocrx_word' id='word_1_76' title='bbox 516 1036 567 1078; x_wconf 94' lang='lat' dir='ltr'><strong>nos</strong></span> <span class='ocrx_word' id='word_1_77' title='bbox 589 1037 646 1078; x_wconf 93' lang='lat' dir='ltr'><strong>non</strong></span> <span class='ocrx_word' id='word_1_78' title='bbox 671 1030 780 1093; x_wconf 90' lang='lat' dir='ltr'><strong>poterat</strong></span> <span class='ocrx_word' id='word_1_79' title='bbox 803 1022 915 1080; x_wconf 89' lang='lat' dir='ltr'><strong>delerri.</strong></span> 
     </span>
     <span class='ocr_line' id='line_1_13' title="bbox 70 1111 918 1182; baseline 0.001 -14"><span class='ocrx_word' id='word_1_80' title='bbox 70 1113 146 1169; x_wconf 80' lang='lat' dir='ltr'><strong>Missi</strong></span> <span class='ocrx_word' id='word_1_81' title='bbox 161 1120 230 1168; x_wconf 89' lang='lat' dir='ltr'><strong>sunt</strong></span> <span class='ocrx_word' id='word_1_82' title='bbox 245 1119 301 1167; x_wconf 91' lang='lat' dir='ltr'><strong>tres</strong></span> <span class='ocrx_word' id='word_1_83' title='bbox 321 1125 358 1167; x_wconf 83' lang='lat' dir='ltr'><strong>ex</strong></span> <span class='ocrx_word' id='word_1_84' title='bbox 382 1111 486 1167; x_wconf 91' lang='lat' dir='ltr'><strong>nostris</strong></span> <span class='ocrx_word' id='word_1_85' title='bbox 509 1111 579 1167; x_wconf 89' lang='lat' dir='ltr'><strong>Boso</strong></span> <span class='ocrx_word' id='word_1_86' title='bbox 595 1113 752 1182; x_wconf 84' lang='lat' dir='ltr'><strong>presbyter,</strong></span> <span class='ocrx_word' id='word_1_87' title='bbox 777 1112 918 1169; x_wconf 82' lang='lat' dir='ltr'><strong>liebertus</strong></span> 
     </span>
     <span class='ocr_line' id='line_1_14' title="bbox 70 1200 918 1270; baseline -0.002 -12"><span class='ocrx_word' id='word_1_88' title='bbox 70 1209 98 1258; x_wconf 92' lang='lat' dir='ltr'><strong>et</strong></span> <span class='ocrx_word' id='word_1_89' title='bbox 119 1200 291 1256; x_wconf 91' lang='lat' dir='ltr'><strong>Bonilacius.</strong></span> <span class='ocrx_word' id='word_1_90' title='bbox 325 1200 473 1255; x_wconf 90' lang='lat' dir='ltr'><strong>Venerunt</strong></span> <span class='ocrx_word' id='word_1_91' title='bbox 497 1200 532 1254; x_wconf 91' lang='lat' dir='ltr'><strong>ad</strong></span> <span class='ocrx_word' id='word_1_92' title='bbox 558 1213 635 1267; x_wconf 90' lang='lat' dir='ltr'><strong>enm,</strong></span> <span class='ocrx_word' id='word_1_93' title='bbox 659 1200 798 1270; x_wconf 87' lang='lat' dir='ltr'><strong>reliquias</strong></span> <span class='ocrx_word' id='word_1_94' title='bbox 821 1213 918 1257; x_wconf 91' lang='lat' dir='ltr'><strong>coram</strong></span> 
     </span>
     <span class='ocr_line' id='line_1_15' title="bbox 70 1288 916 1360; baseline -0.002 -15"><span class='ocrx_word' id='word_1_95' title='bbox 70 1304 103 1345; x_wconf 89' lang='lat' dir='ltr'><strong>eo</strong></span> <span class='ocrx_word' id='word_1_96' title='bbox 118 1299 145 1346; x_wconf 93' lang='lat' dir='ltr'><strong>et</strong></span> <span class='ocrx_word' id='word_1_97' title='bbox 159 1290 187 1344; x_wconf 91' lang='lat' dir='ltr'><strong>in</strong></span> <span class='ocrx_word' id='word_1_98' title='bbox 202 1302 280 1360; x_wconf 90' lang='lat' dir='ltr'><strong>aqua</strong></span> <span class='ocrx_word' id='word_1_99' title='bbox 295 1288 438 1354; x_wconf 88' lang='lat' dir='ltr'><strong>laverunt,</strong></span> <span class='ocrx_word' id='word_1_100' title='bbox 454 1295 528 1344; x_wconf 83' lang='lat' dir='ltr'><strong>etex</strong></span> <span class='ocrx_word' id='word_1_101' title='bbox 542 1301 576 1343; x_wconf 89' lang='lat' dir='ltr'><strong>ca</strong></span> <span class='ocrx_word' id='word_1_102' title='bbox 589 1295 688 1358; x_wconf 89' lang='lat' dir='ltr'><strong>potum</strong></span> <span class='ocrx_word' id='word_1_103' title='bbox 709 1289 749 1344; x_wconf 92' lang='lat' dir='ltr'><strong>illi</strong></span> <span class='ocrx_word' id='word_1_104' title='bbox 765 1288 916 1356; x_wconf 79' lang='lat' dir='ltr'><strong>dederont,</strong></span> 
     </span>
     <span class='ocr_line' id='line_1_16' title="bbox 70 1375 918 1448; baseline -0.001 -15"><span class='ocrx_word' id='word_1_105' title='bbox 70 1377 225 1448; x_wconf 86' lang='lat' dir='ltr'><strong>ipsumque</strong></span> <span class='ocrx_word' id='word_1_106' title='bbox 248 1389 282 1432; x_wconf 88' lang='lat' dir='ltr'><strong>ea</strong></span> <span class='ocrx_word' id='word_1_107' title='bbox 305 1383 513 1446; x_wconf 85' lang='lat' dir='ltr'><strong>resperserunt.</strong></span> <span class='ocrx_word' id='word_1_108' title='bbox 541 1375 645 1431; x_wconf 86' lang='lat' dir='ltr'><strong>Mirum</strong></span> <span class='ocrx_word' id='word_1_109' title='bbox 670 1375 767 1432; x_wconf 91' lang='lat' dir='ltr'><strong>dictul</strong></span> <span class='ocrx_word' id='word_1_110' title='bbox 793 1375 848 1443; x_wconf 88' lang='lat' dir='ltr'><strong>Qui</strong></span> <span class='ocrx_word' id='word_1_111' title='bbox 867 1390 918 1432; x_wconf 87' lang='lat' dir='ltr'><strong>sex</strong></span> 
     </span>
     <span class='ocr_line' id='line_1_17' title="bbox 70 1463 919 1533; baseline 0.001 -12"><span class='ocrx_word' id='word_1_112' title='bbox 70 1467 156 1522; x_wconf 86' lang='lat' dir='ltr'><strong>aunis</strong></span> <span class='ocrx_word' id='word_1_113' title='bbox 178 1466 206 1521; x_wconf 93' lang='lat' dir='ltr'><strong>in</strong></span> <span class='ocrx_word' id='word_1_114' title='bbox 229 1465 299 1521; x_wconf 90' lang='lat' dir='ltr'><strong>lecto</strong></span> <span class='ocrx_word' id='word_1_115' title='bbox 322 1464 508 1531; x_wconf 83' lang='lat' dir='ltr'><strong>decubuerat,</strong></span> <span class='ocrx_word' id='word_1_116' title='bbox 535 1463 610 1519; x_wconf 94' lang='lat' dir='ltr'><strong>illico</strong></span> <span class='ocrx_word' id='word_1_117' title='bbox 634 1478 723 1520; x_wconf 91' lang='lat' dir='ltr'><strong>sanus</strong></span> <span class='ocrx_word' id='word_1_118' title='bbox 738 1465 873 1533; x_wconf 83' lang='lat' dir='ltr'><strong>surrexit,</strong></span> <span class='ocrx_word' id='word_1_119' title='bbox 891 1471 919 1522; x_wconf 89' lang='lat' dir='ltr'><strong>et</strong></span> 
     </span>
    </p>
   </div>
   <div class='ocr_carea' id='block_1_6' title="bbox 970 403 1829 1357">
    <p class='ocr_par' dir='ltr' id='par_1_6' title="bbox 970 403 1829 1357">
     <span class='ocr_line' id='line_1_18' title="bbox 970 403 1825 475; baseline 0.004 -16"><span class='ocrx_word' id='word_1_120' title='bbox 970 403 1067 460; x_wconf 91' lang='lat' dir='ltr'><strong>minus</strong></span> <span class='ocrx_word' id='word_1_121' title='bbox 1082 404 1172 460; x_wconf 85' lang='lat' dir='ltr'><strong>altare</strong></span> <span class='ocrx_word' id='word_1_122' title='bbox 1186 412 1349 473; x_wconf 82' lang='lat' dir='ltr'><strong>poneretur.</strong></span> <span class='ocrx_word' id='word_1_123' title='bbox 1375 404 1404 459; x_wconf 94' lang='lat' dir='ltr'><strong>in</strong></span> <span class='ocrx_word' id='word_1_124' title='bbox 1419 412 1530 460; x_wconf 88' lang='lat' dir='ltr'><strong>remota</strong></span> <span class='ocrx_word' id='word_1_125' title='bbox 1550 405 1680 475; x_wconf 85' lang='lat' dir='ltr'><strong>ejusdem</strong></span> <span class='ocrx_word' id='word_1_126' title='bbox 1695 405 1825 462; x_wconf 71' lang='lat' dir='ltr'><strong>ecclesiae</strong></span> 
     </span>
     <span class='ocr_line' id='line_1_19' title="bbox 971 491 1824 564; baseline 0 -18"><span class='ocrx_word' id='word_1_127' title='bbox 971 498 1061 561; x_wconf 88' lang='lat' dir='ltr'><strong>parte.</strong></span> <span class='ocrx_word' id='word_1_128' title='bbox 1084 491 1138 548; x_wconf 90' lang='lat' dir='ltr'><strong>Sed</strong></span> <span class='ocrx_word' id='word_1_129' title='bbox 1159 505 1225 547; x_wconf 88' lang='lat' dir='ltr'><strong>cum</strong></span> <span class='ocrx_word' id='word_1_130' title='bbox 1250 491 1358 548; x_wconf 89' lang='lat' dir='ltr'><strong>videret</strong></span> <span class='ocrx_word' id='word_1_131' title='bbox 1382 492 1522 562; x_wconf 91' lang='lat' dir='ltr'><strong>quosdam</strong></span> <span class='ocrx_word' id='word_1_132' title='bbox 1544 494 1756 564; x_wconf 83' lang='lat' dir='ltr'><strong>negotiatorum</strong></span> <span class='ocrx_word' id='word_1_133' title='bbox 1771 493 1824 564; x_wconf 92' lang='lat' dir='ltr'><strong>qui</strong></span> 
     </span>
     <span class='ocr_line' id='line_1_20' title="bbox 971 579 1826 652; baseline 0.002 -17"><span class='ocrx_word' id='word_1_134' title='bbox 971 580 1111 636; x_wconf 91' lang='lat' dir='ltr'><strong>miracula</strong></span> <span class='ocrx_word' id='word_1_135' title='bbox 1135 579 1289 636; x_wconf 86' lang='lat' dir='ltr'><strong>Wintoniae</strong></span> <span class='ocrx_word' id='word_1_136' title='bbox 1314 589 1392 652; x_wconf 89' lang='lat' dir='ltr'><strong>gesta</strong></span> <span class='ocrx_word' id='word_1_137' title='bbox 1416 581 1578 649; x_wconf 89' lang='lat' dir='ltr'><strong>audierant,</strong></span> <span class='ocrx_word' id='word_1_138' title='bbox 1608 582 1745 637; x_wconf 85' lang='lat' dir='ltr'><strong>teretrum</strong></span> <span class='ocrx_word' id='word_1_139' title='bbox 1772 584 1826 637; x_wconf 82' lang='lat' dir='ltr'><strong>Do</strong></span> 
     </span>
     <span class='ocr_line' id='line_1_21' title="bbox 972 669 1825 741; baseline 0.004 -19"><span class='ocrx_word' id='word_1_140' title='bbox 972 669 1057 724; x_wconf 86' lang='lat' dir='ltr'><strong>miuae</strong></span> <span class='ocrx_word' id='word_1_141' title='bbox 1081 676 1184 724; x_wconf 88' lang='lat' dir='ltr'><strong>nostrae</strong></span> <span class='ocrx_word' id='word_1_142' title='bbox 1206 683 1269 724; x_wconf 85' lang='lat' dir='ltr'><strong>curu</strong></span> <span class='ocrx_word' id='word_1_143' title='bbox 1292 669 1485 725; x_wconf 77' lang='lat' dir='ltr'><strong>oblationibus</strong></span> <span class='ocrx_word' id='word_1_144' title='bbox 1507 678 1649 737; x_wconf 82' lang='lat' dir='ltr'><strong>expetere,</strong></span> <span class='ocrx_word' id='word_1_145' title='bbox 1674 677 1703 726; x_wconf 90' lang='lat' dir='ltr'><strong>et</strong></span> <span class='ocrx_word' id='word_1_146' title='bbox 1726 671 1825 741; x_wconf 86' lang='lat' dir='ltr'><strong>majus</strong></span> 
     </span>
     <span class='ocr_line' id='line_1_22' title="bbox 970 757 1826 828; baseline 0.002 -17"><span class='ocrx_word' id='word_1_147' title='bbox 970 757 1060 812; x_wconf 91' lang='lat' dir='ltr'><strong>altare</strong></span> <span class='ocrx_word' id='word_1_148' title='bbox 1085 757 1235 819; x_wconf 86' lang='lat' dir='ltr'><strong>dimittere,</strong></span> <span class='ocrx_word' id='word_1_149' title='bbox 1265 758 1328 812; x_wconf 80' lang='lat' dir='ltr'><strong>ioth·</strong></span> <span class='ocrx_word' id='word_1_150' title='bbox 1353 764 1513 812; x_wconf 77' lang='lat' dir='ltr'><strong>commotus</strong></span> <span class='ocrx_word' id='word_1_151' title='bbox 1541 758 1710 824; x_wconf 75' lang='lat' dir='ltr'><strong>iracundia,</strong></span> <span class='ocrx_word' id='word_1_152' title='bbox 1735 757 1826 828; x_wconf 88' lang='lat' dir='ltr'><strong>jussit</strong></span> 
     </span>
     <span class='ocr_line' id='line_1_23' title="bbox 971 843 1826 914; baseline 0.004 -16"><span class='ocrx_word' id='word_1_153' title='bbox 971 843 1043 899; x_wconf 88' lang='lat' dir='ltr'><strong>illud</strong></span> <span class='ocrx_word' id='word_1_154' title='bbox 1068 845 1103 900; x_wconf 92' lang='lat' dir='ltr'><strong>de</strong></span> <span class='ocrx_word' id='word_1_155' title='bbox 1124 844 1243 900; x_wconf 90' lang='lat' dir='ltr'><strong>ecclesia</strong></span> <span class='ocrx_word' id='word_1_156' title='bbox 1267 844 1342 914; x_wconf 85' lang='lat' dir='ltr'><strong>ejici.</strong></span> <span class='ocrx_word' id='word_1_157' title='bbox 1368 845 1464 914; x_wconf 85' lang='lat' dir='ltr'><strong>Ejecto</strong></span> <span class='ocrx_word' id='word_1_158' title='bbox 1481 845 1592 912; x_wconf 81' lang='lat' dir='ltr'><strong>feretro,</strong></span> <span class='ocrx_word' id='word_1_159' title='bbox 1609 853 1725 901; x_wconf 92' lang='lat' dir='ltr'><strong>nonest</strong></span> <span class='ocrx_word' id='word_1_160' title='bbox 1741 845 1826 902; x_wconf 87' lang='lat' dir='ltr'><strong>iacile</strong></span> 
     </span>
     <span class='ocr_line' id='line_1_24' title="bbox 971 932 1826 1004; baseline 0.002 -16"><span class='ocrx_word' id='word_1_161' title='bbox 971 933 1049 990; x_wconf 92' lang='lat' dir='ltr'><strong>dictu</strong></span> <span class='ocrx_word' id='word_1_162' title='bbox 1065 941 1203 1003; x_wconf 85' lang='lat' dir='ltr'><strong>quantam</strong></span> <span class='ocrx_word' id='word_1_163' title='bbox 1220 932 1394 989; x_wconf 79' lang='lat' dir='ltr'><strong>anxietatem</strong></span> <span class='ocrx_word' id='word_1_164' title='bbox 1420 933 1611 1003; x_wconf 87' lang='lat' dir='ltr'><strong>patiebamur,</strong></span> <span class='ocrx_word' id='word_1_165' title='bbox 1636 935 1776 1004; x_wconf 92' lang='lat' dir='ltr'><strong>quoniam</strong></span> <span class='ocrx_word' id='word_1_166' title='bbox 1798 943 1826 991; x_wconf 91' lang='lat' dir='ltr'><strong>et</strong></span> 
     </span>
     <span class='ocr_line' id='line_1_25' title="bbox 971 1021 1827 1092; baseline 0.004 -16"><span class='ocrx_word' id='word_1_167' title='bbox 971 1021 1148 1076; x_wconf 86' lang='lat' dir='ltr'><strong>immensitas</strong></span> <span class='ocrx_word' id='word_1_168' title='bbox 1170 1021 1285 1091; x_wconf 79' lang='lat' dir='ltr'><strong>pluviae,</strong></span> <span class='ocrx_word' id='word_1_169' title='bbox 1314 1029 1370 1077; x_wconf 92' lang='lat' dir='ltr'><strong>tam</strong></span> <span class='ocrx_word' id='word_1_170' title='bbox 1402 1036 1454 1077; x_wconf 93' lang='lat' dir='ltr'><strong>nos</strong></span> <span class='ocrx_word' id='word_1_171' title='bbox 1484 1036 1572 1092; x_wconf 89' lang='lat' dir='ltr'><strong>quam</strong></span> <span class='ocrx_word' id='word_1_172' title='bbox 1594 1036 1685 1092; x_wconf 87' lang='lat' dir='ltr'><strong>equos</strong></span> <span class='ocrx_word' id='word_1_173' title='bbox 1710 1031 1827 1079; x_wconf 91' lang='lat' dir='ltr'><strong>nostros</strong></span> 
     </span>
     <span class='ocr_line' id='line_1_26' title="bbox 972 1110 1829 1181; baseline 0 -15"><span class='ocrx_word' id='word_1_174' title='bbox 972 1111 1068 1166; x_wconf 91' lang='lat' dir='ltr'><strong>adhuc</strong></span> <span class='ocrx_word' id='word_1_175' title='bbox 1082 1110 1265 1166; x_wconf 88' lang='lat' dir='ltr'><strong>vehementer</strong></span> <span class='ocrx_word' id='word_1_176' title='bbox 1289 1110 1476 1180; x_wconf 89' lang='lat' dir='ltr'><strong>deprimebat,</strong></span> <span class='ocrx_word' id='word_1_177' title='bbox 1493 1118 1520 1167; x_wconf 91' lang='lat' dir='ltr'><strong>et</strong></span> <span class='ocrx_word' id='word_1_178' title='bbox 1533 1119 1591 1167; x_wconf 90' lang='lat' dir='ltr'><strong>tota</strong></span> <span class='ocrx_word' id='word_1_179' title='bbox 1607 1112 1675 1166; x_wconf 91' lang='lat' dir='ltr'><strong>villa</strong></span> <span class='ocrx_word' id='word_1_180' title='bbox 1698 1114 1829 1181; x_wconf 88' lang='lat' dir='ltr'><strong>negotia·</strong></span> 
     </span>
     <span class='ocr_line' id='line_1_27' title="bbox 972 1197 1828 1283; baseline -0.001 -27"><span class='ocrx_word' id='word_1_181' title='bbox 972 1199 1083 1256; x_wconf 89' lang='lat' dir='ltr'><strong>toribus</strong></span> <span class='ocrx_word' id='word_1_182' title='bbox 1110 1197 1228 1268; x_wconf 92' lang='lat' dir='ltr'><strong>repleta,</strong></span> <span class='ocrx_word' id='word_1_183' title='bbox 1258 1212 1405 1271; x_wconf 91' lang='lat' dir='ltr'><strong>nusquam</strong></span> <span class='ocrx_word' id='word_1_184' title='bbox 1438 1199 1521 1283; x_wconf 72' lang='lat' dir='ltr'><strong>nobis</strong></span> <span class='ocrx_word' id='word_1_185' title='bbox 1555 1199 1718 1270; x_wconf 87' lang='lat' dir='ltr'><strong>hospitandi</strong></span> <span class='ocrx_word' id='word_1_186' title='bbox 1743 1201 1828 1256; x_wconf 91' lang='lat' dir='ltr'><strong>locus</strong></span> 
     </span>
     <span class='ocr_line' id='line_1_28' title="bbox 973 1287 1098 1357; baseline -0.008 -15"><span class='ocrx_word' id='word_1_187' title='bbox 973 1287 1098 1357; x_wconf 90' lang='lat' dir='ltr'><strong>patebat.</strong></span> 
     </span>
    </p>
   </div>
   <div class='ocr_carea' id='block_1_7' title="bbox 972 1401 1828 1561">
    <p class='ocr_par' dir='ltr' id='par_1_7' title="bbox 972 1401 1828 1561">
     <span class='ocr_line' id='line_1_29' title="bbox 1008 1401 1827 1472; baseline 0.002 -15"><span class='ocrx_word' id='word_1_188' title='bbox 1008 1401 1060 1457; x_wconf 89' lang='lat' dir='ltr'><strong>Sed</strong></span> <span class='ocrx_word' id='word_1_189' title='bbox 1079 1402 1107 1456; x_wconf 94' lang='lat' dir='ltr'><strong>in</strong></span> <span class='ocrx_word' id='word_1_190' title='bbox 1132 1407 1213 1456; x_wconf 90' lang='lat' dir='ltr'><strong>tanta</strong></span> <span class='ocrx_word' id='word_1_191' title='bbox 1234 1401 1349 1456; x_wconf 90' lang='lat' dir='ltr'><strong>miseria</strong></span> <span class='ocrx_word' id='word_1_192' title='bbox 1364 1401 1451 1457; x_wconf 90' lang='lat' dir='ltr'><strong>citius</strong></span> <span class='ocrx_word' id='word_1_193' title='bbox 1474 1416 1525 1457; x_wconf 95' lang='lat' dir='ltr'><strong>nos</strong></span> <span class='ocrx_word' id='word_1_194' title='bbox 1544 1403 1669 1472; x_wconf 84' lang='lat' dir='ltr'><strong>respexit</strong></span> <span class='ocrx_word' id='word_1_195' title='bbox 1695 1403 1827 1460; x_wconf 79' lang='lat' dir='ltr'><strong>Dominae</strong></span> 
     </span>
     <span class='ocr_line' id='line_1_30' title="bbox 972 1489 1828 1561; baseline 0.002 -16"><span class='ocrx_word' id='word_1_196' title='bbox 972 1495 1045 1545; x_wconf 74' lang='lat'><strong>5³0</strong></span> <span class='ocrx_word' id='word_1_197' title='bbox 1068 1489 1270 1545; x_wconf 89' lang='lat' dir='ltr'><strong>misericordia.</strong></span> <span class='ocrx_word' id='word_1_198' title='bbox 1304 1489 1375 1546; x_wconf 88' lang='lat' dir='ltr'><strong>Nam</strong></span> <span class='ocrx_word' id='word_1_199' title='bbox 1403 1498 1535 1546; x_wconf 90' lang='lat' dir='ltr'><strong>matrona</strong></span> <span class='ocrx_word' id='word_1_200' title='bbox 1556 1492 1689 1561; x_wconf 75' lang='lat' dir='ltr'><strong>quadam</strong></span> <span class='ocrx_word' id='word_1_201' title='bbox 1710 1492 1828 1547; x_wconf 90' lang='lat' dir='ltr'><strong>calami·</strong></span> 
     </span>
    </p>
   </div>
   <div class='ocr_carea' id='block_1_8' title="bbox 70 1552 1827 1647">
    <p class='ocr_par' dir='ltr' id='par_1_8' title="bbox 70 1552 1827 1647">
     <span class='ocr_line' id='line_1_31' title="bbox 70 1552 1827 1647; baseline 0.001 -37"><span class='ocrx_word' id='word_1_202' title='bbox 70 1553 205 1610; x_wconf 80' lang='lat' dir='ltr'><strong>exsiliens</strong></span> <span class='ocrx_word' id='word_1_203' title='bbox 219 1554 253 1609; x_wconf 92' lang='lat' dir='ltr'><strong>ad</strong></span> <span class='ocrx_word' id='word_1_204' title='bbox 270 1552 398 1610; x_wconf 76' lang='lat' dir='ltr'><strong>Dominae</strong></span> <span class='ocrx_word' id='word_1_205' title='bbox 418 1559 523 1609; x_wconf 72' lang='lat' dir='ltr'><strong>nostrae</strong></span> <span class='ocrx_word' id='word_1_206' title='bbox 545 1552 682 1608; x_wconf 82' lang='lat' dir='ltr'><strong>teretrum</strong></span> <span class='ocrx_word' id='word_1_207' title='bbox 707 1554 814 1625; x_wconf 84' lang='lat' dir='ltr'><strong>gratias</strong></span> <span class='ocrx_word' id='word_1_208' title='bbox 830 1567 918 1625; x_wconf 89' lang='lat' dir='ltr'><strong>agens</strong></span> <span class='ocrx_word' id='word_1_209' title='bbox 936 1578 1023 1645; x_wconf 59' lang='lat' dir='ltr'><strong>Bm,</strong></span> <span class='ocrx_word' id='word_1_210' title='bbox 1038 1585 1142 1634; x_wconf 64' lang='lat' dir='ltr'><strong>1103„ae</strong></span> <span class='ocrx_word' id='word_1_211' title='bbox 1156 1577 1341 1647; x_wconf 51' lang='lat' dir='ltr'><strong>compagem,</strong></span> <span class='ocrx_word' id='word_1_212' title='bbox 1368 1578 1464 1635; x_wconf 62' lang='lat' dir='ltr'><strong>,imm</strong></span> <span class='ocrx_word' id='word_1_213' title='bbox 1489 1592 1574 1634; x_wconf 70' lang='lat' dir='ltr'><strong>suum</strong></span> <span class='ocrx_word' id='word_1_214' title='bbox 1598 1588 1700 1636; x_wconf 56' lang='lat' dir='ltr'><strong>exora,</strong></span> <span class='ocrx_word' id='word_1_215' title='bbox 1723 1588 1756 1635; x_wconf 66' lang='lat' dir='ltr'><strong>u,</strong></span> <span class='ocrx_word' id='word_1_216' title='bbox 1773 1581 1827 1636; x_wconf 71' lang='lat' dir='ltr'><strong>do,</strong></span> 
     </span>
    </p>
   </div>
   <div class='ocr_carea' id='block_1_9' title="bbox 46 1642 920 2682">
    <p class='ocr_par' dir='ltr' id='par_1_9' title="bbox 70 1642 209 1698">
     <span class='ocr_line' id='line_1_32' title="bbox 70 1642 209 1698; baseline -0.014 0"><span class='ocrx_word' id='word_1_217' title='bbox 70 1642 209 1698; x_wconf 88' lang='lat' dir='ltr'><strong>cucurrit.</strong></span> 
     </span>
    </p>

    <p class='ocr_par' dir='ltr' id='par_1_10' title="bbox 46 1728 920 2682">
     <span class='ocr_line' id='line_1_33' title="bbox 106 1728 919 1799; baseline 0.004 -14"><span class='ocrx_word' id='word_1_218' title='bbox 106 1730 211 1786; x_wconf 82' lang='lat' dir='ltr'><strong>Tribus</strong></span> <span class='ocrx_word' id='word_1_219' title='bbox 234 1728 344 1786; x_wconf 87' lang='lat' dir='ltr'><strong>clericis</strong></span> <span class='ocrx_word' id='word_1_220' title='bbox 367 1729 418 1799; x_wconf 92' lang='lat' dir='ltr'><strong>qui</strong></span> <span class='ocrx_word' id='word_1_221' title='bbox 450 1729 485 1786; x_wconf 90' lang='lat' dir='ltr'><strong>ad</strong></span> <span class='ocrx_word' id='word_1_222' title='bbox 509 1743 574 1786; x_wconf 89' lang='lat' dir='ltr'><strong>enm</strong></span> <span class='ocrx_word' id='word_1_223' title='bbox 600 1731 691 1786; x_wconf 91' lang='lat' dir='ltr'><strong>ierant</strong></span> <span class='ocrx_word' id='word_1_224' title='bbox 717 1739 773 1787; x_wconf 93' lang='lat' dir='ltr'><strong>tres</strong></span> <span class='ocrx_word' id='word_1_225' title='bbox 796 1732 919 1788; x_wconf 91' lang='lat' dir='ltr'><strong>annulos</strong></span> 
     </span>
     <span class='ocr_line' id='line_1_34' title="bbox 71 1817 917 1891; baseline 0.002 -17"><span class='ocrx_word' id='word_1_226' title='bbox 71 1832 175 1874; x_wconf 88' lang='lat' dir='ltr'><strong>aureos</strong></span> <span class='ocrx_word' id='word_1_227' title='bbox 194 1817 280 1885; x_wconf 88' lang='lat' dir='ltr'><strong>dedit,</strong></span> <span class='ocrx_word' id='word_1_228' title='bbox 297 1832 394 1874; x_wconf 91' lang='lat' dir='ltr'><strong>coram</strong></span> <span class='ocrx_word' id='word_1_229' title='bbox 410 1817 512 1874; x_wconf 91' lang='lat' dir='ltr'><strong>ieretro</strong></span> <span class='ocrx_word' id='word_1_230' title='bbox 534 1826 590 1874; x_wconf 87' lang='lat' dir='ltr'><strong>tres</strong></span> <span class='ocrx_word' id='word_1_231' title='bbox 611 1821 733 1889; x_wconf 86' lang='lat' dir='ltr'><strong>scyphos</strong></span> <span class='ocrx_word' id='word_1_232' title='bbox 757 1828 917 1891; x_wconf 89' lang='lat' dir='ltr'><strong>argenteos,</strong></span> 
     </span>
     <span class='ocr_line' id='line_1_35' title="bbox 72 1906 917 1976; baseline 0.006 -16"><span class='ocrx_word' id='word_1_233' title='bbox 72 1906 252 1975; x_wconf 90' lang='lat' dir='ltr'><strong>multamque</strong></span> <span class='ocrx_word' id='word_1_234' title='bbox 278 1906 441 1976; x_wconf 88' lang='lat' dir='ltr'><strong>pecuniam,</strong></span> <span class='ocrx_word' id='word_1_235' title='bbox 466 1913 493 1962; x_wconf 90' lang='lat' dir='ltr'><strong>ct</strong></span> <span class='ocrx_word' id='word_1_236' title='bbox 526 1906 582 1961; x_wconf 92' lang='lat' dir='ltr'><strong>alia</strong></span> <span class='ocrx_word' id='word_1_237' title='bbox 605 1915 776 1964; x_wconf 90' lang='lat' dir='ltr'><strong>ornamenta</strong></span> <span class='ocrx_word' id='word_1_238' title='bbox 803 1910 917 1966; x_wconf 86' lang='lat' dir='ltr'><strong>obtulit.</strong></span> 
     </span>
     <span class='ocr_line' id='line_1_36' title="bbox 46 1992 917 2065; baseline 0.006 -16"><span class='ocrx_word' id='word_1_239' title='bbox 46 2053 50 2059; x_wconf 56' lang='grc'><strong>,</strong></span> <span class='ocrx_word' id='word_1_240' title='bbox 71 1992 139 2061; x_wconf 84' lang='lat' dir='ltr'><strong>Quae</strong></span> <span class='ocrx_word' id='word_1_241' title='bbox 155 2007 221 2049; x_wconf 91' lang='lat' dir='ltr'><strong>cum</strong></span> <span class='ocrx_word' id='word_1_242' title='bbox 235 1994 264 2048; x_wconf 90' lang='lat' dir='ltr'><strong>in</strong></span> <span class='ocrx_word' id='word_1_243' title='bbox 277 1993 371 2064; x_wconf 88' lang='lat' dir='ltr'><strong>platea</strong></span> <span class='ocrx_word' id='word_1_244' title='bbox 386 1994 500 2063; x_wconf 90' lang='lat' dir='ltr'><strong>publice</strong></span> <span class='ocrx_word' id='word_1_245' title='bbox 514 1995 624 2065; x_wconf 90' lang='lat' dir='ltr'><strong>prolata</strong></span> <span class='ocrx_word' id='word_1_246' title='bbox 636 1997 768 2053; x_wconf 89' lang='lat' dir='ltr'><strong>nonnulli</strong></span> <span class='ocrx_word' id='word_1_247' title='bbox 779 1997 917 2065; x_wconf 84' lang='lat' dir='ltr'><strong>videntes,</strong></span> 
     </span>
     <span class='ocr_line' id='line_1_37' title="bbox 71 2081 919 2156; baseline 0.006 -19"><span class='ocrx_word' id='word_1_248' title='bbox 71 2096 122 2152; x_wconf 92' lang='lat' dir='ltr'><strong>pro</strong></span> <span class='ocrx_word' id='word_1_249' title='bbox 136 2081 322 2138; x_wconf 91' lang='lat' dir='ltr'><strong>multitudine</strong></span> <span class='ocrx_word' id='word_1_250' title='bbox 335 2082 502 2139; x_wconf 89' lang='lat' dir='ltr'><strong>divitiarum</strong></span> <span class='ocrx_word' id='word_1_251' title='bbox 522 2086 585 2154; x_wconf 79' lang='lat' dir='ltr'><strong>ejus</strong></span> <span class='ocrx_word' id='word_1_252' title='bbox 604 2083 731 2140; x_wconf 86' lang='lat' dir='ltr'><strong>dicerent</strong></span> <span class='ocrx_word' id='word_1_253' title='bbox 743 2099 810 2141; x_wconf 92' lang='lat' dir='ltr'><strong>enm</strong></span> <span class='ocrx_word' id='word_1_254' title='bbox 826 2100 919 2156; x_wconf 90' lang='lat' dir='ltr'><strong>pauca</strong></span> 
     </span>
     <span class='ocr_line' id='line_1_38' title="bbox 71 2169 919 2241; baseline 0.006 -17"><span class='ocrx_word' id='word_1_255' title='bbox 71 2169 216 2238; x_wconf 89' lang='lat' dir='ltr'><strong>obtulisse,</strong></span> <span class='ocrx_word' id='word_1_256' title='bbox 234 2182 301 2224; x_wconf 91' lang='lat' dir='ltr'><strong>nam</strong></span> <span class='ocrx_word' id='word_1_257' title='bbox 317 2169 462 2227; x_wconf 84' lang='lat' dir='ltr'><strong>terebatur</strong></span> <span class='ocrx_word' id='word_1_258' title='bbox 483 2170 639 2241; x_wconf 89' lang='lat' dir='ltr'><strong>plusquam</strong></span> <span class='ocrx_word' id='word_1_259' title='bbox 659 2171 713 2227; x_wconf 90' lang='lat' dir='ltr'><strong>tria</strong></span> <span class='ocrx_word' id='word_1_260' title='bbox 727 2172 816 2227; x_wconf 89' lang='lat' dir='ltr'><strong>millia</strong></span> <span class='ocrx_word' id='word_1_261' title='bbox 831 2173 919 2229; x_wconf 90' lang='lat' dir='ltr'><strong>libras</strong></span> 
     </span>
     <span class='ocr_line' id='line_1_39' title="bbox 71 2257 917 2330; baseline 0.004 -17"><span class='ocrx_word' id='word_1_262' title='bbox 71 2257 198 2328; x_wconf 75' lang='lat' dir='ltr'><strong>anglice</strong></span> <span class='ocrx_word' id='word_1_263' title='bbox 222 2265 342 2313; x_wconf 77' lang='lat' dir='ltr'><strong>monetae</strong></span> <span class='ocrx_word' id='word_1_264' title='bbox 374 2257 403 2313; x_wconf 92' lang='lat' dir='ltr'><strong>in</strong></span> <span class='ocrx_word' id='word_1_265' title='bbox 428 2259 561 2314; x_wconf 89' lang='lat' dir='ltr'><strong>thesauro</strong></span> <span class='ocrx_word' id='word_1_266' title='bbox 586 2259 649 2329; x_wconf 77' lang='lat' dir='ltr'><strong>eius</strong></span> <span class='ocrx_word' id='word_1_267' title='bbox 679 2260 816 2329; x_wconf 91' lang='lat' dir='ltr'><strong>repositas</strong></span> <span class='ocrx_word' id='word_1_268' title='bbox 847 2275 917 2330; x_wconf 86' lang='lat' dir='ltr'><strong>esse,</strong></span> 
     </span>
     <span class='ocr_line' id='line_1_40' title="bbox 72 2345 917 2418; baseline 0.006 -17"><span class='ocrx_word' id='word_1_269' title='bbox 72 2346 258 2415; x_wconf 86' lang='lat' dir='ltr'><strong>respondebat</strong></span> <span class='ocrx_word' id='word_1_270' title='bbox 282 2345 328 2402; x_wconf 94' lang='lat' dir='ltr'><strong>ille</strong></span> <span class='ocrx_word' id='word_1_271' title='bbox 347 2360 377 2401; x_wconf 91' lang='lat' dir='ltr'><strong>se</strong></span> <span class='ocrx_word' id='word_1_272' title='bbox 397 2346 433 2402; x_wconf 89' lang='lat' dir='ltr'><strong>ad</strong></span> <span class='ocrx_word' id='word_1_273' title='bbox 448 2360 573 2415; x_wconf 84' lang='lat' dir='ltr'><strong>praesens</strong></span> <span class='ocrx_word' id='word_1_274' title='bbox 594 2346 668 2403; x_wconf 90' lang='lat' dir='ltr'><strong>nollo</strong></span> <span class='ocrx_word' id='word_1_275' title='bbox 693 2349 816 2417; x_wconf 89' lang='lat' dir='ltr'><strong>amplius</strong></span> <span class='ocrx_word' id='word_1_276' title='bbox 839 2350 917 2418; x_wconf 89' lang='lat' dir='ltr'><strong>darc,</strong></span> 
     </span>
     <span class='ocr_line' id='line_1_41' title="bbox 71 2433 918 2508; baseline 0.007 -19"><span class='ocrx_word' id='word_1_277' title='bbox 71 2433 161 2490; x_wconf 91' lang='lat' dir='ltr'><strong>donec</strong></span> <span class='ocrx_word' id='word_1_278' title='bbox 185 2447 299 2499; x_wconf 90' lang='lat' dir='ltr'><strong>usuras,</strong></span> <span class='ocrx_word' id='word_1_279' title='bbox 330 2448 405 2504; x_wconf 91' lang='lat' dir='ltr'><strong>quas</strong></span> <span class='ocrx_word' id='word_1_280' title='bbox 433 2447 450 2488; x_wconf 87' lang='lat' dir='ltr'><strong>a</strong></span> <span class='ocrx_word' id='word_1_281' title='bbox 477 2434 737 2492; x_wconf 90' lang='lat' dir='ltr'><strong>debitoribussuis</strong></span> <span class='ocrx_word' id='word_1_282' title='bbox 759 2446 918 2508; x_wconf 91' lang='lat' dir='ltr'><strong>acceperat,</strong></span> 
     </span>
     <span class='ocr_line' id='line_1_42' title="bbox 72 2522 920 2597; baseline 0.008 -20"><span class='ocrx_word' id='word_1_283' title='bbox 72 2522 211 2590; x_wconf 91' lang='lat' dir='ltr'><strong>redderet,</strong></span> <span class='ocrx_word' id='word_1_284' title='bbox 233 2523 308 2578; x_wconf 91' lang='lat' dir='ltr'><strong>sicut</strong></span> <span class='ocrx_word' id='word_1_285' title='bbox 333 2522 390 2578; x_wconf 83' lang='lat' dir='ltr'><strong>beo</strong></span> <span class='ocrx_word' id='word_1_286' title='bbox 414 2523 591 2592; x_wconf 88' lang='lat' dir='ltr'><strong>promiserat.</strong></span> <span class='ocrx_word' id='word_1_287' title='bbox 617 2524 697 2580; x_wconf 91' lang='lat' dir='ltr'><strong>Unde</strong></span> <span class='ocrx_word' id='word_1_288' title='bbox 716 2525 848 2594; x_wconf 88' lang='lat' dir='ltr'><strong>protinus</strong></span> <span class='ocrx_word' id='word_1_289' title='bbox 868 2541 920 2597; x_wconf 91' lang='lat' dir='ltr'><strong>per</strong></span> 
     </span>
     <span class='ocr_line' id='line_1_43' title="bbox 73 2609 919 2682; baseline 0.006 -15"><span class='ocrx_word' id='word_1_290' title='bbox 73 2617 160 2667; x_wconf 89' lang='lat' dir='ltr'><strong>totam</strong></span> <span class='ocrx_word' id='word_1_291' title='bbox 184 2611 287 2666; x_wconf 87' lang='lat' dir='ltr'><strong>urbem</strong></span> <span class='ocrx_word' id='word_1_292' title='bbox 303 2609 368 2666; x_wconf 91' lang='lat' dir='ltr'><strong>lecit</strong></span> <span class='ocrx_word' id='word_1_293' title='bbox 388 2610 508 2666; x_wconf 89' lang='lat' dir='ltr'><strong>clamari</strong></span> <span class='ocrx_word' id='word_1_294' title='bbox 523 2618 555 2666; x_wconf 93' lang='lat' dir='ltr'><strong>ut</strong></span> <span class='ocrx_word' id='word_1_295' title='bbox 570 2611 621 2682; x_wconf 94' lang='lat' dir='ltr'><strong>qui</strong></span> <span class='ocrx_word' id='word_1_296' title='bbox 636 2612 662 2667; x_wconf 92' lang='lat' dir='ltr'><strong>ei</strong></span> <span class='ocrx_word' id='word_1_297' title='bbox 681 2627 787 2669; x_wconf 89' lang='lat' dir='ltr'><strong>usuras</strong></span> <span class='ocrx_word' id='word_1_298' title='bbox 801 2614 919 2673; x_wconf 89' lang='lat' dir='ltr'><strong>dederat</strong></span> 
     </span>
    </p>
   </div>
   <div class='ocr_carea' id='block_1_10' title="bbox 971 1665 1827 2707">
    <p class='ocr_par' dir='ltr' id='par_1_11' title="bbox 971 1665 1827 2707">
     <span class='ocr_line' id='line_1_44' title="bbox 973 1665 1827 1739; baseline 0.002 -17"><span class='ocrx_word' id='word_1_299' title='bbox 973 1680 1052 1722; x_wconf 91' lang='lat' dir='ltr'><strong>mum</strong></span> <span class='ocrx_word' id='word_1_300' title='bbox 1067 1680 1172 1721; x_wconf 87' lang='lat' dir='ltr'><strong>noram</strong></span> <span class='ocrx_word' id='word_1_301' title='bbox 1188 1679 1277 1736; x_wconf 90' lang='lat' dir='ltr'><strong>quam</strong></span> <span class='ocrx_word' id='word_1_302' title='bbox 1292 1666 1493 1734; x_wconf 80' lang='lat' dir='ltr'><strong>aedilicaverat,</strong></span> <span class='ocrx_word' id='word_1_303' title='bbox 1519 1680 1646 1737; x_wconf 90' lang='lat' dir='ltr'><strong>namque</strong></span> <span class='ocrx_word' id='word_1_304' title='bbox 1668 1665 1678 1739; x_wconf 94' lang='lat'>[</span> <span class='ocrx_word' id='word_1_305' title='bbox 1686 1668 1730 1737; x_wconf 70' lang='lat' dir='ltr'><strong>s,</strong></span> <span class='ocrx_word' id='word_1_306' title='bbox 1746 1682 1827 1724; x_wconf 85' lang='lat' dir='ltr'><strong>eant·</strong></span> 
     </span>
     <span class='ocr_line' id='line_1_45' title="bbox 972 1752 1825 1826; baseline 0.002 -16"><span class='ocrx_word' id='word_1_307' title='bbox 972 1769 1029 1826; x_wconf 89' lang='lat' dir='ltr'><strong>que</strong></span> <span class='ocrx_word' id='word_1_308' title='bbox 1049 1752 1061 1825; x_wconf 91' lang='lat'>]</span> <span class='ocrx_word' id='word_1_309' title='bbox 1085 1754 1311 1825; x_wconf 84' lang='lat' dir='ltr'><strong>negotiatoribus</strong></span> <span class='ocrx_word' id='word_1_310' title='bbox 1332 1768 1382 1824; x_wconf 92' lang='lat' dir='ltr'><strong>pro</strong></span> <span class='ocrx_word' id='word_1_311' title='bbox 1404 1755 1518 1811; x_wconf 89' lang='lat' dir='ltr'><strong>dnobus</strong></span> <span class='ocrx_word' id='word_1_312' title='bbox 1540 1756 1643 1810; x_wconf 85' lang='lat' dir='ltr'><strong>marcis</strong></span> <span class='ocrx_word' id='word_1_313' title='bbox 1667 1756 1825 1825; x_wconf 81' lang='lat' dir='ltr'><strong>locaverat,</strong></span> 
     </span>
     <span class='ocr_line' id='line_1_46' title="bbox 972 1842 1826 1915; baseline 0.002 -16"><span class='ocrx_word' id='word_1_314' title='bbox 972 1842 1077 1899; x_wconf 85' lang='lat' dir='ltr'><strong>ooelesti</strong></span> <span class='ocrx_word' id='word_1_315' title='bbox 1101 1843 1217 1913; x_wconf 76' lang='lat' dir='ltr'><strong>Reginae</strong></span> <span class='ocrx_word' id='word_1_316' title='bbox 1242 1857 1307 1913; x_wconf 85' lang='lat' dir='ltr'><strong>qnae</strong></span> <span class='ocrx_word' id='word_1_317' title='bbox 1331 1857 1348 1898; x_wconf 91' lang='lat' dir='ltr'><strong>a</strong></span> <span class='ocrx_word' id='word_1_318' title='bbox 1371 1843 1479 1899; x_wconf 88' lang='lat' dir='ltr'><strong>decano</strong></span> <span class='ocrx_word' id='word_1_319' title='bbox 1500 1844 1535 1899; x_wconf 88' lang='lat' dir='ltr'><strong>de</strong></span> <span class='ocrx_word' id='word_1_320' title='bbox 1559 1844 1676 1900; x_wconf 81' lang='lat' dir='ltr'><strong>ecclesia</strong></span> <span class='ocrx_word' id='word_1_321' title='bbox 1700 1845 1826 1915; x_wconf 83' lang='lat' dir='ltr'><strong>expulsa</strong></span> 
     </span>
     <span class='ocr_line' id='line_1_47' title="bbox 972 1930 1824 2004; baseline 0.004 -17"><span class='ocrx_word' id='word_1_322' title='bbox 972 1930 1075 1999; x_wconf 89' lang='lat' dir='ltr'><strong>iuerat,</strong></span> <span class='ocrx_word' id='word_1_323' title='bbox 1094 1931 1155 2000; x_wconf 90' lang='lat' dir='ltr'><strong>ipsa</strong></span> <span class='ocrx_word' id='word_1_324' title='bbox 1172 1930 1218 1986; x_wconf 91' lang='lat' dir='ltr'><strong>die</strong></span> <span class='ocrx_word' id='word_1_325' title='bbox 1230 1931 1390 1987; x_wconf 89' lang='lat' dir='ltr'><strong>commodet</strong></span> <span class='ocrx_word' id='word_1_326' title='bbox 1404 1939 1431 1987; x_wconf 92' lang='lat' dir='ltr'><strong>et</strong></span> <span class='ocrx_word' id='word_1_327' title='bbox 1448 1932 1476 1986; x_wconf 90' lang='lat' dir='ltr'><strong>in</strong></span> <span class='ocrx_word' id='word_1_328' title='bbox 1500 1946 1534 1986; x_wconf 85' lang='lat' dir='ltr'><strong>ea</strong></span> <span class='ocrx_word' id='word_1_329' title='bbox 1552 1942 1608 1988; x_wconf 81' lang='lat' dir='ltr'><strong>tant</strong></span> <span class='ocrx_word' id='word_1_330' title='bbox 1625 1933 1717 2003; x_wconf 83' lang='lat' dir='ltr'><strong>ipsam</strong></span> <span class='ocrx_word' id='word_1_331' title='bbox 1733 1949 1824 2004; x_wconf 90' lang='lat' dir='ltr'><strong>qnam</strong></span> 
     </span>
     <span class='ocr_line' id='line_1_48' title="bbox 971 2019 1825 2091; baseline 0.002 -15"><span class='ocrx_word' id='word_1_332' title='bbox 971 2019 1089 2076; x_wconf 91' lang='lat' dir='ltr'><strong>clericos</strong></span> <span class='ocrx_word' id='word_1_333' title='bbox 1120 2020 1183 2089; x_wconf 86' lang='lat' dir='ltr'><strong>ejus</strong></span> <span class='ocrx_word' id='word_1_334' title='bbox 1218 2021 1350 2089; x_wconf 89' lang='lat' dir='ltr'><strong>sequenti</strong></span> <span class='ocrx_word' id='word_1_335' title='bbox 1383 2025 1464 2075; x_wconf 89' lang='lat' dir='ltr'><strong>nocte</strong></span> <span class='ocrx_word' id='word_1_336' title='bbox 1499 2019 1634 2090; x_wconf 89' lang='lat' dir='ltr'><strong>hospitari</strong></span> <span class='ocrx_word' id='word_1_337' title='bbox 1666 2023 1825 2091; x_wconf 91' lang='lat' dir='ltr'><strong>permittat,</strong></span> 
     </span>
     <span class='ocr_line' id='line_1_49' title="bbox 971 2108 1826 2178; baseline 0.004 -15"><span class='ocrx_word' id='word_1_338' title='bbox 971 2108 1255 2178; x_wconf 79' lang='lat' dir='ltr'><strong>negotiatoribusque</strong></span> <span class='ocrx_word' id='word_1_339' title='bbox 1279 2108 1395 2164; x_wconf 87' lang='lat' dir='ltr'><strong>mandet</strong></span> <span class='ocrx_word' id='word_1_340' title='bbox 1414 2116 1447 2164; x_wconf 93' lang='lat' dir='ltr'><strong>nt</strong></span> <span class='ocrx_word' id='word_1_341' title='bbox 1471 2108 1582 2166; x_wconf 91' lang='lat' dir='ltr'><strong>interim</strong></span> <span class='ocrx_word' id='word_1_342' title='bbox 1599 2110 1652 2165; x_wconf 82' lang='lat' dir='ltr'><strong>sibi</strong></span> <span class='ocrx_word' id='word_1_343' title='bbox 1675 2109 1758 2165; x_wconf 87' lang='lat' dir='ltr'><strong>alind</strong></span> <span class='ocrx_word' id='word_1_344' title='bbox 1776 2111 1826 2166; x_wconf 93' lang='lat' dir='ltr'><strong>ho-</strong></span> 
     </span>
     <span class='ocr_line' id='line_1_50' title="bbox 972 2195 1825 2268; baseline 0.005 -16"><span class='ocrx_word' id='word_1_345' title='bbox 972 2195 1089 2266; x_wconf 89' lang='lat' dir='ltr'><strong>spitium</strong></span> <span class='ocrx_word' id='word_1_346' title='bbox 1102 2203 1244 2266; x_wconf 75' lang='lat' dir='ltr'><strong>quaerant.</strong></span> <span class='ocrx_word' id='word_1_347' title='bbox 1262 2196 1372 2252; x_wconf 79' lang='lat' dir='ltr'><strong>Annuit</strong></span> <span class='ocrx_word' id='word_1_348' title='bbox 1389 2198 1512 2252; x_wconf 89' lang='lat' dir='ltr'><strong>maritus</strong></span> <span class='ocrx_word' id='word_1_349' title='bbox 1531 2198 1664 2268; x_wconf 83' lang='lat' dir='ltr'><strong>conjugis</strong></span> <span class='ocrx_word' id='word_1_350' title='bbox 1680 2199 1825 2268; x_wconf 91' lang='lat' dir='ltr'><strong>precihus,</strong></span> 
     </span>
     <span class='ocr_line' id='line_1_51' title="bbox 972 2283 1827 2355; baseline 0.006 -16"><span class='ocrx_word' id='word_1_351' title='bbox 972 2298 1082 2354; x_wconf 91' lang='lat' dir='ltr'><strong>nosque</strong></span> <span class='ocrx_word' id='word_1_352' title='bbox 1093 2283 1153 2355; x_wconf 83' lang='lat' dir='ltr'><strong>jam</strong></span> <span class='ocrx_word' id='word_1_353' title='bbox 1176 2298 1247 2354; x_wconf 90' lang='lat' dir='ltr'><strong>pene</strong></span> <span class='ocrx_word' id='word_1_354' title='bbox 1271 2283 1376 2354; x_wconf 76' lang='lat' dir='ltr'><strong>pluvia</strong></span> <span class='ocrx_word' id='word_1_355' title='bbox 1401 2285 1580 2341; x_wconf 86' lang='lat' dir='ltr'><strong>vehementia</strong></span> <span class='ocrx_word' id='word_1_356' title='bbox 1602 2286 1779 2343; x_wconf 80' lang='lat' dir='ltr'><strong>madefactos</strong></span> <span class='ocrx_word' id='word_1_357' title='bbox 1800 2296 1827 2344; x_wconf 89' lang='lat' dir='ltr'><strong>et</strong></span> 
     </span>
     <span class='ocr_line' id='line_1_52' title="bbox 972 2372 1827 2445; baseline 0.005 -17"><span class='ocrx_word' id='word_1_358' title='bbox 972 2372 1136 2429; x_wconf 81' lang='lat' dir='ltr'><strong>delicicutes</strong></span> <span class='ocrx_word' id='word_1_359' title='bbox 1150 2373 1178 2428; x_wconf 90' lang='lat' dir='ltr'><strong>in</strong></span> <span class='ocrx_word' id='word_1_360' title='bbox 1192 2372 1310 2428; x_wconf 88' lang='lat' dir='ltr'><strong>domum</strong></span> <span class='ocrx_word' id='word_1_361' title='bbox 1331 2387 1415 2429; x_wconf 85' lang='lat' dir='ltr'><strong>suant</strong></span> <span class='ocrx_word' id='word_1_362' title='bbox 1437 2388 1541 2429; x_wconf 90' lang='lat' dir='ltr'><strong>novam</strong></span> <span class='ocrx_word' id='word_1_363' title='bbox 1557 2374 1692 2445; x_wconf 88' lang='lat' dir='ltr'><strong>suscepit,</strong></span> <span class='ocrx_word' id='word_1_364' title='bbox 1717 2385 1827 2432; x_wconf 86' lang='lat' dir='ltr'><strong>vestes·</strong></span> 
     </span>
     <span class='ocr_line' id='line_1_53' title="bbox 972 2458 1825 2532; baseline 0.004 -17"><span class='ocrx_word' id='word_1_365' title='bbox 972 2474 1030 2530; x_wconf 91' lang='lat' dir='ltr'><strong>qne</strong></span> <span class='ocrx_word' id='word_1_366' title='bbox 1054 2467 1166 2515; x_wconf 91' lang='lat' dir='ltr'><strong>nostras</strong></span> <span class='ocrx_word' id='word_1_367' title='bbox 1188 2459 1248 2515; x_wconf 94' lang='lat' dir='ltr'><strong>luto</strong></span> <span class='ocrx_word' id='word_1_368' title='bbox 1273 2460 1402 2530; x_wconf 77' lang='lat' dir='ltr'><strong>perfusas</strong></span> <span class='ocrx_word' id='word_1_369' title='bbox 1425 2458 1503 2515; x_wconf 89' lang='lat' dir='ltr'><strong>ablui</strong></span> <span class='ocrx_word' id='word_1_370' title='bbox 1524 2461 1587 2517; x_wconf 86' lang='lat' dir='ltr'><strong>lecit</strong></span> <span class='ocrx_word' id='word_1_371' title='bbox 1611 2469 1638 2516; x_wconf 89' lang='lat' dir='ltr'><strong>ct</strong></span> <span class='ocrx_word' id='word_1_372' title='bbox 1666 2461 1825 2532; x_wconf 82' lang='lat' dir='ltr'><strong>exsiccari;</strong></span> 
     </span>
     <span class='ocr_line' id='line_1_54' title="bbox 971 2546 1824 2620; baseline 0.005 -18"><span class='ocrx_word' id='word_1_373' title='bbox 971 2546 1110 2604; x_wconf 79' lang='lat' dir='ltr'><strong>feretrum</strong></span> <span class='ocrx_word' id='word_1_374' title='bbox 1136 2556 1163 2603; x_wconf 92' lang='lat' dir='ltr'><strong>ct</strong></span> <span class='ocrx_word' id='word_1_375' title='bbox 1196 2548 1335 2618; x_wconf 81' lang='lat' dir='ltr'><strong>reliquias</strong></span> <span class='ocrx_word' id='word_1_376' title='bbox 1358 2549 1485 2604; x_wconf 72' lang='lat' dir='ltr'><strong>Dromiuae</strong></span> <span class='ocrx_word' id='word_1_377' title='bbox 1515 2560 1619 2606; x_wconf 82' lang='lat' dir='ltr'><strong>nostrae</strong></span> <span class='ocrx_word' id='word_1_378' title='bbox 1649 2554 1824 2620; x_wconf 91' lang='lat' dir='ltr'><strong>competenti</strong></span> 
     </span>
     <span class='ocr_line' id='line_1_55' title="bbox 972 2635 1826 2707; baseline 0.005 -16"><span class='ocrx_word' id='word_1_379' title='bbox 972 2635 1033 2691; x_wconf 93' lang='lat' dir='ltr'><strong>loco</strong></span> <span class='ocrx_word' id='word_1_380' title='bbox 1064 2637 1197 2692; x_wconf 91' lang='lat' dir='ltr'><strong>decenter</strong></span> <span class='ocrx_word' id='word_1_381' title='bbox 1232 2637 1351 2693; x_wconf 90' lang='lat' dir='ltr'><strong>cortinis</strong></span> <span class='ocrx_word' id='word_1_382' title='bbox 1382 2645 1521 2693; x_wconf 80' lang='lat' dir='ltr'><strong>exornato</strong></span> <span class='ocrx_word' id='word_1_383' title='bbox 1553 2638 1687 2707; x_wconf 86' lang='lat' dir='ltr'><strong>collocat3</strong></span> <span class='ocrx_word' id='word_1_384' title='bbox 1721 2639 1826 2696; x_wconf 88' lang='lat' dir='ltr'><strong>deinde</strong></span> 
     </span>
    </p>
   </div>
   <div class='ocr_carea' id='block_1_11' title="bbox 71 2698 960 3036">
    <p class='ocr_par' dir='ltr' id='par_1_12' title="bbox 71 2698 960 3036">
     <span class='ocr_line' id='line_1_56' title="bbox 73 2698 918 2767; baseline 0.009 -15"><span class='ocrx_word' id='word_1_385' title='bbox 73 2700 191 2765; x_wconf 90' lang='lat' dir='ltr'><strong>veniret,</strong></span> <span class='ocrx_word' id='word_1_386' title='bbox 209 2707 236 2755; x_wconf 89' lang='lat' dir='ltr'><strong>et</strong></span> <span class='ocrx_word' id='word_1_387' title='bbox 259 2712 313 2754; x_wconf 91' lang='lat' dir='ltr'><strong>sua</strong></span> <span class='ocrx_word' id='word_1_388' title='bbox 327 2698 473 2767; x_wconf 87' lang='lat' dir='ltr'><strong>reciperet.</strong></span> <span class='ocrx_word' id='word_1_389' title='bbox 491 2698 604 2766; x_wconf 84' lang='lat' dir='ltr'><strong>Quanta</strong></span> <span class='ocrx_word' id='word_1_390' title='bbox 620 2708 689 2756; x_wconf 89' lang='lat' dir='ltr'><strong>tunc</strong></span> <span class='ocrx_word' id='word_1_391' title='bbox 709 2702 745 2757; x_wconf 91' lang='lat' dir='ltr'><strong>ihi</strong></span> <span class='ocrx_word' id='word_1_392' title='bbox 761 2702 846 2759; x_wconf 90' lang='lat' dir='ltr'><strong>luerit</strong></span> <span class='ocrx_word' id='word_1_393' title='bbox 861 2717 918 2760; x_wconf 84' lang='lat' dir='ltr'><strong>vox</strong></span> 
     </span>
     <span class='ocr_line' id='line_1_57' title="bbox 72 2785 918 2860; baseline 0.007 -18"><span class='ocrx_word' id='word_1_394' title='bbox 72 2786 176 2843; x_wconf 79' lang='lat' dir='ltr'><strong>laetitiae</strong></span> <span class='ocrx_word' id='word_1_395' title='bbox 191 2793 218 2842; x_wconf 92' lang='lat' dir='ltr'><strong>et</strong></span> <span class='ocrx_word' id='word_1_396' title='bbox 233 2785 417 2852; x_wconf 85' lang='lat' dir='ltr'><strong>laudationis,</strong></span> <span class='ocrx_word' id='word_1_397' title='bbox 440 2786 601 2843; x_wconf 86' lang='lat' dir='ltr'><strong>dicentibus</strong></span> <span class='ocrx_word' id='word_1_398' title='bbox 621 2788 763 2845; x_wconf 90' lang='lat' dir='ltr'><strong>universis</strong></span> <span class='ocrx_word' id='word_1_399' title='bbox 786 2805 836 2860; x_wconf 89' lang='lat' dir='ltr'><strong>per</strong></span> <span class='ocrx_word' id='word_1_400' title='bbox 860 2792 918 2848; x_wconf 88' lang='lat' dir='ltr'><strong>Do-</strong></span> 
     </span>
     <span class='ocr_line' id='line_1_58' title="bbox 72 2876 960 2938; baseline 0.008 -7"><span class='ocrx_word' id='word_1_401' title='bbox 72 2876 180 2932; x_wconf 87' lang='lat' dir='ltr'><strong>minam</strong></span> <span class='ocrx_word' id='word_1_402' title='bbox 197 2882 323 2930; x_wconf 86' lang='lat' dir='ltr'><strong>nostram</strong></span> <span class='ocrx_word' id='word_1_403' title='bbox 342 2883 470 2931; x_wconf 85' lang='lat' dir='ltr'><strong>sanctam</strong></span> <span class='ocrx_word' id='word_1_404' title='bbox 485 2876 604 2932; x_wconf 89' lang='lat' dir='ltr'><strong>Mariam</strong></span> <span class='ocrx_word' id='word_1_405' title='bbox 621 2877 743 2934; x_wconf 88' lang='lat' dir='ltr'><strong>alterum</strong></span> <span class='ocrx_word' id='word_1_406' title='bbox 765 2879 920 2937; x_wconf 85' lang='lat' dir='ltr'><strong>Wintouiae</strong></span> <span class='ocrx_word' id='word_1_407' title='bbox 940 2883 960 2938; x_wconf 86' lang='lat' dir='ltr'>C</span> 
     </span>
     <span class='ocr_line' id='line_1_59' title="bbox 71 2963 920 3036; baseline 0.006 -16"><span class='ocrx_word' id='word_1_408' title='bbox 71 2971 307 3034; x_wconf 75' lang='lat' dir='ltr'><strong>representatum</strong></span> <span class='ocrx_word' id='word_1_409' title='bbox 330 2977 391 3020; x_wconf 91' lang='lat' dir='ltr'><strong>esse</strong></span> <span class='ocrx_word' id='word_1_410' title='bbox 405 2963 565 3029; x_wconf 73' lang='lat' dir='ltr'><strong>zachaeum,</strong></span> <span class='ocrx_word' id='word_1_411' title='bbox 591 2973 619 3021; x_wconf 90' lang='lat' dir='ltr'><strong>ct</strong></span> <span class='ocrx_word' id='word_1_412' title='bbox 634 2964 698 3036; x_wconf 91' lang='lat' dir='ltr'><strong>plus</strong></span> <span class='ocrx_word' id='word_1_413' title='bbox 713 2966 747 3021; x_wconf 92' lang='lat' dir='ltr'><strong>de</strong></span> <span class='ocrx_word' id='word_1_414' title='bbox 761 2981 920 3025; x_wconf 90' lang='lat' dir='ltr'><strong>usurarum</strong></span> 
     </span>
    </p>
   </div>
   <div class='ocr_carea' id='block_1_12' title="bbox 972 2724 1826 2870">
    <p class='ocr_par' dir='ltr' id='par_1_13' title="bbox 972 2724 1826 2870">
     <span class='ocr_line' id='line_1_60' title="bbox 972 2724 1826 2796; baseline 0.005 -16"><span class='ocrx_word' id='word_1_415' title='bbox 972 2725 1055 2780; x_wconf 91' lang='lat' dir='ltr'><strong>nohis</strong></span> <span class='ocrx_word' id='word_1_416' title='bbox 1077 2740 1192 2781; x_wconf 84' lang='lat' dir='ltr'><strong>ornnem</strong></span> <span class='ocrx_word' id='word_1_417' title='bbox 1222 2724 1423 2796; x_wconf 84' lang='lat' dir='ltr'><strong>hospitalitatis</strong></span> <span class='ocrx_word' id='word_1_418' title='bbox 1451 2725 1661 2782; x_wconf 85' lang='lat' dir='ltr'><strong>humanitatem</strong></span> <span class='ocrx_word' id='word_1_419' title='bbox 1687 2727 1826 2784; x_wconf 84' lang='lat' dir='ltr'><strong>exhibere</strong></span> 
     </span>
     <span class='ocr_line' id='line_1_61' title="bbox 972 2820 1065 2870; baseline -0.043 0"><span class='ocrx_word' id='word_1_420' title='bbox 972 2820 1065 2870; x_wconf 90' lang='lat' dir='ltr'><strong>curat.</strong></span> 
     </span>
    </p>
   </div>
   <div class='ocr_carea' id='block_1_13' title="bbox 1011 2936 1827 3018">
    <p class='ocr_par' dir='ltr' id='par_1_14' title="bbox 1011 2936 1827 3018">
     <span class='ocr_line' id='line_1_62' title="bbox 1011 2936 1827 3018; baseline 0.002 -24"><span class='ocrx_word' id='word_1_421' title='bbox 1011 2936 1091 2995; x_wconf 90' lang='lat' dir='ltr'><strong>Unus</strong></span> <span class='ocrx_word' id='word_1_422' title='bbox 1113 2950 1150 2992; x_wconf 84' lang='lat' dir='ltr'><strong>cx</strong></span> <span class='ocrx_word' id='word_1_423' title='bbox 1173 2937 1400 3008; x_wconf 79' lang='lat' dir='ltr'><strong>negotiatoribus</strong></span> <span class='ocrx_word' id='word_1_424' title='bbox 1423 2945 1480 3018; x_wconf 85' lang='lat' dir='ltr'><strong>tres</strong></span> <span class='ocrx_word' id='word_1_425' title='bbox 1503 2951 1666 3007; x_wconf 83' lang='lat' dir='ltr'><strong>campanas,</strong></span> <span class='ocrx_word' id='word_1_426' title='bbox 1690 2953 1827 3009; x_wconf 84' lang='lat' dir='ltr'><strong>quasve</strong></span> 
     </span>
    </p>
   </div>
   <div class='ocr_carea' id='block_1_14' title="bbox 72 3025 1826 3213">
    <p class='ocr_par' dir='ltr' id='par_1_15' title="bbox 72 3025 1826 3213">
     <span class='ocr_line' id='line_1_63' title="bbox 72 3025 1826 3125; baseline 0.003 -16"><span class='ocrx_word' id='word_1_427' title='bbox 72 3051 230 3110; x_wconf 90' lang='lat' dir='ltr'><strong>redditione</strong></span> <span class='ocrx_word' id='word_1_428' title='bbox 253 3052 415 3122; x_wconf 86' lang='lat' dir='ltr'><strong>animaeque</strong></span> <span class='ocrx_word' id='word_1_429' title='bbox 438 3053 501 3123; x_wconf 86' lang='lat' dir='ltr'><strong>ejus</strong></span> <span class='ocrx_word' id='word_1_430' title='bbox 525 3053 681 3109; x_wconf 85' lang='lat' dir='ltr'><strong>salvatione</strong></span> <span class='ocrx_word' id='word_1_431' title='bbox 698 3069 786 3124; x_wconf 90' lang='lat' dir='ltr'><strong>quam</strong></span> <span class='ocrx_word' id='word_1_432' title='bbox 805 3056 839 3112; x_wconf 94' lang='lat' dir='ltr'><strong>dc</strong></span> <span class='ocrx_word' id='word_1_433' title='bbox 854 3071 920 3113; x_wconf 89' lang='lat' dir='ltr'><strong>cor·</strong></span> <span class='ocrx_word' id='word_1_434' title='bbox 974 3025 1055 3125; x_wconf 50' lang='lat'><strong>”3¹⁹⁸</strong></span> <span class='ocrx_word' id='word_1_435' title='bbox 1070 3025 1203 3087; x_wconf 68' lang='lat' dir='ltr'><strong>h³b⁸b³¹’</strong></span> <span class='ocrx_word' id='word_1_436' title='bbox 1220 3027 1254 3081; x_wconf 62' lang='lat' dir='ltr'><strong>ad</strong></span> <span class='ocrx_word' id='word_1_437' title='bbox 1271 3025 1373 3125; x_wconf 63' lang='lat' dir='ltr'><strong>⁶⁰,mus</strong></span> <span class='ocrx_word' id='word_1_438' title='bbox 1387 3026 1514 3095; x_wconf 63' lang='lat' dir='ltr'><strong>ejusdem</strong></span> <span class='ocrx_word' id='word_1_439' title='bbox 1536 3025 1686 3125; x_wconf 53' lang='lat' dir='ltr'><strong>¹²¹¹9e³s¹²</strong></span> <span class='ocrx_word' id='word_1_440' title='bbox 1706 3042 1826 3098; x_wconf 45' lang='grc' dir='ltr'><strong>ΜΡΝ·</strong></span> 
     </span>
     <span class='ocr_line' id='line_1_64' title="bbox 72 3114 1825 3213; baseline 0.005 -17"><span class='ocrx_word' id='word_1_441' title='bbox 72 3141 164 3212; x_wconf 89' lang='lat' dir='ltr'><strong>pcrali</strong></span> <span class='ocrx_word' id='word_1_442' title='bbox 187 3141 334 3196; x_wconf 89' lang='lat' dir='ltr'><strong>curatione</strong></span> <span class='ocrx_word' id='word_1_443' title='bbox 360 3141 450 3197; x_wconf 88' lang='lat' dir='ltr'><strong>Deum</strong></span> <span class='ocrx_word' id='word_1_444' title='bbox 472 3141 674 3212; x_wconf 88' lang='lat' dir='ltr'><strong>laudantibus;</strong></span> <span class='ocrx_word' id='word_1_445' title='bbox 701 3143 825 3213; x_wconf 88' lang='lat' dir='ltr'><strong>necipse</strong></span> <span class='ocrx_word' id='word_1_446' title='bbox 848 3145 920 3201; x_wconf 83' lang='lat' dir='ltr'><strong>&#39;lul-</strong></span> <span class='ocrx_word' id='word_1_447' title='bbox 974 3114 1025 3182; x_wconf 59' lang='grc' dir='ltr'><strong>(Μ’</strong></span> <span class='ocrx_word' id='word_1_448' title='bbox 1058 3128 1217 3184; x_wconf 52' lang='lat' dir='ltr'><strong>mmmmm</strong></span> <span class='ocrx_word' id='word_1_449' title='bbox 1250 3122 1346 3170; x_wconf 54' lang='grc' dir='ltr'><strong>ΜΠ</strong></span> <span class='ocrx_word' id='word_1_450' title='bbox 1371 3123 1508 3170; x_wconf 66' lang='lat' dir='ltr'><strong>⁰⁰¹¹V⁰⁰³²</strong></span> <span class='ocrx_word' id='word_1_451' title='bbox 1537 3128 1637 3182; x_wconf 68' lang='lat'><strong>⁸⁰⁰¹⁰⁸2</strong></span> <span class='ocrx_word' id='word_1_452' title='bbox 1669 3123 1697 3171; x_wconf 70' lang='lat'><strong>⁹¹</strong></span> <span class='ocrx_word' id='word_1_453' title='bbox 1730 3116 1825 3173; x_wconf 77' lang='lat'><strong>¹⁰⁰¹¹¹¹¹</strong></span> 
     </span>
    </p>
   </div>
   <div class='ocr_carea' id='block_1_15' title="bbox 73 3203 1827 3299">
    <p class='ocr_par' dir='ltr' id='par_1_16' title="bbox 73 3203 1827 3299">
     <span class='ocr_line' id='line_1_65' title="bbox 73 3203 1827 3299; baseline 0.002 -44"><span class='ocrx_word' id='word_1_454' title='bbox 73 3227 138 3296; x_wconf 49' lang='lat' dir='ltr'>nus,</span> <span class='ocrx_word' id='word_1_455' title='bbox 155 3227 177 3282; x_wconf 48' lang='grc' dir='ltr'><strong>Βῆ</strong></span> <span class='ocrx_word' id='word_1_456' title='bbox 193 3226 338 3295; x_wconf 51' lang='lat' dir='ltr'><strong>adsum,</strong></span> <span class='ocrx_word' id='word_1_457' title='bbox 352 3226 497 3297; x_wconf 53' lang='lat' dir='ltr'><strong>explicaro</strong></span> <span class='ocrx_word' id='word_1_458' title='bbox 511 3227 597 3299; x_wconf 56' lang='lat' dir='ltr'><strong>digne</strong></span> <span class='ocrx_word' id='word_1_459' title='bbox 612 3229 759 3298; x_wconf 88' lang='lat' dir='ltr'><strong>potuisset.</strong></span> <span class='ocrx_word' id='word_1_460' title='bbox 918 3280 924 3286; x_wconf 13' lang='grc' dir='ltr'>ψ</span> <span class='ocrx_word' id='word_1_461' title='bbox 974 3203 1130 3258; x_wconf 89' lang='lat' dir='ltr'><strong>ascendens</strong></span> <span class='ocrx_word' id='word_1_462' title='bbox 1161 3203 1389 3269; x_wconf 90' lang='lat' dir='ltr'><strong>eminentiorem,</strong></span> <span class='ocrx_word' id='word_1_463' title='bbox 1424 3203 1568 3273; x_wconf 88' lang='lat' dir='ltr'><strong>quomodo</strong></span> <span class='ocrx_word' id='word_1_464' title='bbox 1599 3203 1728 3259; x_wconf 87' lang='lat' dir='ltr'><strong>decanus</strong></span> <span class='ocrx_word' id='word_1_465' title='bbox 1760 3203 1827 3260; x_wconf 81' lang='lat' dir='ltr'><strong>lere</strong></span> 
     </span>
    </p>
   </div>
   <div class='ocr_carea' id='block_1_16' title="bbox 108 3290 1826 3476">
    <p class='ocr_par' dir='ltr' id='par_1_17' title="bbox 108 3290 1826 3476">
     <span class='ocr_line' id='line_1_66' title="bbox 108 3290 1826 3385; baseline 0.001 -40"><span class='ocrx_word' id='word_1_466' title='bbox 108 3315 173 3373; x_wconf 55' lang='lat' dir='ltr'><strong>Cn,</strong></span> <span class='ocrx_word' id='word_1_467' title='bbox 190 3317 239 3373; x_wconf 43' lang='lat' dir='ltr'><strong>IX·</strong></span> <span class='ocrx_word' id='word_1_468' title='bbox 253 3346 285 3356; x_wconf 68' lang='grc'><strong>,,</strong></span> <span class='ocrx_word' id='word_1_469' title='bbox 297 3319 338 3372; x_wconf 60' lang='lat' dir='ltr'><strong>De</strong></span> <span class='ocrx_word' id='word_1_470' title='bbox 351 3315 632 3385; x_wconf 53' lang='lat' dir='ltr'><strong><em>mmmmm</em></strong></span> <span class='ocrx_word' id='word_1_471' title='bbox 647 3317 751 3372; x_wconf 84' lang='lat' dir='ltr'><strong>ibidem</strong></span> <span class='ocrx_word' id='word_1_472' title='bbox 765 3319 883 3375; x_wconf 38' lang='lat' dir='ltr'><em>curam·</em></span> <span class='ocrx_word' id='word_1_473' title='bbox 974 3296 1053 3347; x_wconf 90' lang='lat' dir='ltr'><strong>trum</strong></span> <span class='ocrx_word' id='word_1_474' title='bbox 1074 3298 1205 3347; x_wconf 92' lang='lat' dir='ltr'><strong>nostrum</strong></span> <span class='ocrx_word' id='word_1_475' title='bbox 1230 3291 1265 3347; x_wconf 91' lang='lat' dir='ltr'><strong>de</strong></span> <span class='ocrx_word' id='word_1_476' title='bbox 1283 3290 1401 3346; x_wconf 91' lang='lat' dir='ltr'><strong>ecclesia</strong></span> <span class='ocrx_word' id='word_1_477' title='bbox 1425 3304 1478 3347; x_wconf 88' lang='lat' dir='ltr'><strong>sua</strong></span> <span class='ocrx_word' id='word_1_478' title='bbox 1492 3291 1607 3362; x_wconf 89' lang='lat' dir='ltr'><strong>ejecerit</strong></span> <span class='ocrx_word' id='word_1_479' title='bbox 1629 3291 1726 3356; x_wconf 82' lang='lat' dir='ltr'><strong>refert,</strong></span> <span class='ocrx_word' id='word_1_480' title='bbox 1752 3300 1780 3347; x_wconf 91' lang='lat' dir='ltr'><strong>et</strong></span> <span class='ocrx_word' id='word_1_481' title='bbox 1795 3299 1826 3347; x_wconf 93' lang='lat' dir='ltr'><strong>ut</strong></span> 
     </span>
     <span class='ocr_line' id='line_1_67' title="bbox 108 3379 1826 3476; baseline 0.003 -14"><span class='ocrx_word' id='word_1_482' title='bbox 108 3405 208 3462; x_wconf 86' lang='lat' dir='ltr'><strong>Plures</strong></span> <span class='ocrx_word' id='word_1_483' title='bbox 220 3405 268 3461; x_wconf 88' lang='lat' dir='ltr'><strong>alii</strong></span> <span class='ocrx_word' id='word_1_484' title='bbox 282 3407 366 3461; x_wconf 91' lang='lat' dir='ltr'><strong>etiam</strong></span> <span class='ocrx_word' id='word_1_485' title='bbox 385 3405 460 3461; x_wconf 88' lang='lat' dir='ltr'><strong>inira</strong></span> <span class='ocrx_word' id='word_1_486' title='bbox 476 3414 538 3462; x_wconf 92' lang='lat' dir='ltr'><strong>octo</strong></span> <span class='ocrx_word' id='word_1_487' title='bbox 558 3407 627 3474; x_wconf 88' lang='lat' dir='ltr'><strong>dies,</strong></span> <span class='ocrx_word' id='word_1_488' title='bbox 644 3407 751 3476; x_wconf 90' lang='lat' dir='ltr'><strong>quibus</strong></span> <span class='ocrx_word' id='word_1_489' title='bbox 770 3408 800 3464; x_wconf 93' lang='lat' dir='ltr'><strong>in</strong></span> <span class='ocrx_word' id='word_1_490' title='bbox 821 3408 921 3465; x_wconf 89' lang='lat' dir='ltr'><strong>eadem</strong></span> <span class='ocrx_word' id='word_1_491' title='bbox 975 3379 1074 3436; x_wconf 65' lang='lat' dir='ltr'><strong>”ullus</strong></span> <span class='ocrx_word' id='word_1_492' title='bbox 1101 3394 1200 3436; x_wconf 61' lang='lat' dir='ltr'><strong>⁸⁰f⁰¹¹¹</strong></span> <span class='ocrx_word' id='word_1_493' title='bbox 1226 3380 1262 3434; x_wconf 89' lang='lat' dir='ltr'><strong>ad</strong></span> <span class='ocrx_word' id='word_1_494' title='bbox 1286 3380 1376 3449; x_wconf 54' lang='lat' dir='ltr'><strong>ipsam</strong></span> <span class='ocrx_word' id='word_1_495' title='bbox 1403 3379 1551 3434; x_wconf 54' lang='lat' dir='ltr'><strong>mmmm</strong></span> <span class='ocrx_word' id='word_1_496' title='bbox 1576 3387 1632 3445; x_wconf 51' lang='grc' dir='ltr'><strong>ω’</strong></span> <span class='ocrx_word' id='word_1_497' title='bbox 1656 3380 1704 3434; x_wconf 86' lang='lat' dir='ltr'><strong>scd</strong></span> <span class='ocrx_word' id='word_1_498' title='bbox 1726 3393 1826 3435; x_wconf 56' lang='grc' dir='ltr'><strong>(ΠΜ</strong></span> 
     </span>
    </p>
   </div>
   <div class='ocr_carea' id='block_1_17' title="bbox 73 3467 1829 3740">
    <p class='ocr_par' dir='ltr' id='par_1_18' title="bbox 73 3467 1829 3740">
     <span class='ocr_line' id='line_1_68' title="bbox 74 3467 1829 3567; baseline 0.001 -17"><span class='ocrx_word' id='word_1_499' title='bbox 74 3495 145 3551; x_wconf 90' lang='lat' dir='ltr'><strong>urbe</strong></span> <span class='ocrx_word' id='word_1_500' title='bbox 168 3493 360 3550; x_wconf 81' lang='lat' dir='ltr'><strong>wintoniensi</strong></span> <span class='ocrx_word' id='word_1_501' title='bbox 391 3493 560 3559; x_wconf 88' lang='lat' dir='ltr'><strong>mansimus,</strong></span> <span class='ocrx_word' id='word_1_502' title='bbox 594 3495 688 3551; x_wconf 91' lang='lat' dir='ltr'><strong>curati</strong></span> <span class='ocrx_word' id='word_1_503' title='bbox 709 3505 778 3554; x_wconf 89' lang='lat' dir='ltr'><strong>snut</strong></span> <span class='ocrx_word' id='word_1_504' title='bbox 802 3497 919 3566; x_wconf 86' lang='lat' dir='ltr'><strong>inllrmi,</strong></span> <span class='ocrx_word' id='word_1_505' title='bbox 975 3467 1118 3567; x_wconf 50' lang='lat' dir='ltr'><strong>P⁰²ff¹¹⁸³d</strong></span> <span class='ocrx_word' id='word_1_506' title='bbox 1139 3467 1829 3567; x_wconf 42' lang='lat' dir='ltr'><strong>h‘Jsl&#39;i‘mffl⁰⁰⁵¹s⁰¹¹¹divmumffifflpmfflfdi‘</strong></span> 
     </span>
     <span class='ocr_line' id='line_1_69' title="bbox 73 3555 1828 3655; baseline 0.001 -46"><span class='ocrx_word' id='word_1_507' title='bbox 73 3583 151 3653; x_wconf 62' lang='lat' dir='ltr'>quod</span> <span class='ocrx_word' id='word_1_508' title='bbox 166 3589 280 3652; x_wconf 57' lang='lat' dir='ltr'><strong>propte,</strong></span> <span class='ocrx_word' id='word_1_509' title='bbox 297 3581 412 3637; x_wconf 49' lang='lat' dir='ltr'><strong>,mium</strong></span> <span class='ocrx_word' id='word_1_510' title='bbox 428 3582 611 3638; x_wconf 54' lang='lat' dir='ltr'><strong>audgfflbus</strong></span> <span class='ocrx_word' id='word_1_511' title='bbox 631 3585 850 3652; x_wconf 51' lang='lat' dir='ltr'>semovendum,</span> <span class='ocrx_word' id='word_1_512' title='bbox 865 3586 921 3641; x_wconf 62' lang='lat' dir='ltr'><strong>sin,</strong></span> <span class='ocrx_word' id='word_1_513' title='bbox 975 3562 1033 3612; x_wconf 86' lang='lat' dir='ltr'><strong>turt</strong></span> <span class='ocrx_word' id='word_1_514' title='bbox 1048 3563 1221 3612; x_wconf 78' lang='lat' dir='ltr'><strong>conveniant</strong></span> <span class='ocrx_word' id='word_1_515' title='bbox 1237 3555 1580 3655; x_wconf 27' lang='lat' dir='ltr'><strong>eahortatur..Postremo</strong></span> <span class='ocrx_word' id='word_1_516' title='bbox 1596 3561 1704 3622; x_wconf 81' lang='lat' dir='ltr'><strong>cuncti,</strong></span> <span class='ocrx_word' id='word_1_517' title='bbox 1721 3565 1828 3654; x_wconf 79' lang='lat' dir='ltr'><strong>pariter</strong></span> 
     </span>
     <span class='ocr_line' id='line_1_70' title="bbox 74 3644 1826 3740; baseline 0.003 -15"><span class='ocrx_word' id='word_1_518' title='bbox 74 3669 195 3740; x_wconf 90' lang='lat' dir='ltr'><strong>gillatim</strong></span> <span class='ocrx_word' id='word_1_519' title='bbox 229 3681 399 3725; x_wconf 89' lang='lat' dir='ltr'><strong>enumcrare</strong></span> <span class='ocrx_word' id='word_1_520' title='bbox 433 3669 677 3739; x_wconf 76' lang='lat' dir='ltr'><strong>pretermisimus.</strong></span> <span class='ocrx_word' id='word_1_521' title='bbox 717 3672 775 3727; x_wconf 87' lang='lat' dir='ltr'><strong>lioc</strong></span> <span class='ocrx_word' id='word_1_522' title='bbox 807 3681 920 3729; x_wconf 88' lang='lat' dir='ltr'><strong>tantum</strong></span> <span class='ocrx_word' id='word_1_523' title='bbox 974 3645 1151 3715; x_wconf 58' lang='lat' dir='ltr'><strong>⁰⁰⁰3s03²²52</strong></span> <span class='ocrx_word' id='word_1_524' title='bbox 1183 3647 1360 3700; x_wconf 56' lang='lat' dir='ltr'><strong>“namnum</strong></span> <span class='ocrx_word' id='word_1_525' title='bbox 1384 3644 1507 3699; x_wconf 49' lang='lat' dir='ltr'><strong>effictum</strong></span> <span class='ocrx_word' id='word_1_526' title='bbox 1543 3650 1707 3713; x_wconf 62' lang='lat' dir='ltr'><strong>⁹¹⁸⁰p⁰¹¹¹¹⁰¹</strong></span> <span class='ocrx_word' id='word_1_527' title='bbox 1737 3648 1778 3706; x_wconf 57' lang='grc' dir='ltr'><strong>ω’</strong></span> <span class='ocrx_word' id='word_1_528' title='bbox 1803 3657 1826 3699; x_wconf 78' lang='lat'><strong>⁸¹</strong></span> 
     </span>
    </p>
   </div>
   <div class='ocr_carea' id='block_1_18' title="bbox 74 3731 1827 3920">
    <p class='ocr_par' dir='ltr' id='par_1_19' title="bbox 74 3731 1827 3920">
     <span class='ocr_line' id='line_1_71' title="bbox 75 3731 1827 3827; baseline 0.001 -41"><span class='ocrx_word' id='word_1_529' title='bbox 75 3759 193 3815; x_wconf 53' lang='lat' dir='ltr'><strong>fidente,</strong></span> <span class='ocrx_word' id='word_1_530' title='bbox 215 3757 379 3826; x_wconf 48' lang='lat' dir='ltr'>asserimus,</span> <span class='ocrx_word' id='word_1_531' title='bbox 404 3757 497 3826; x_wconf 57' lang='lat' dir='ltr'><strong>pagam</strong></span> <span class='ocrx_word' id='word_1_532' title='bbox 513 3765 540 3813; x_wconf 65' lang='lat' dir='ltr'><strong>e,</strong></span> <span class='ocrx_word' id='word_1_533' title='bbox 565 3758 678 3827; x_wconf 55' lang='lat' dir='ltr'>publice</span> <span class='ocrx_word' id='word_1_534' title='bbox 701 3760 851 3818; x_wconf 56' lang='lat' dir='ltr'>duodecim</span> <span class='ocrx_word' id='word_1_535' title='bbox 871 3776 921 3818; x_wconf 61' lang='lat' dir='ltr'><strong>sa„</strong></span> <span class='ocrx_word' id='word_1_536' title='bbox 975 3732 1042 3803; x_wconf 89' lang='lat' dir='ltr'><strong>quis</strong></span> <span class='ocrx_word' id='word_1_537' title='bbox 1056 3733 1265 3804; x_wconf 85' lang='lat' dir='ltr'><strong>negotiatorum</strong></span> <span class='ocrx_word' id='word_1_538' title='bbox 1289 3732 1437 3789; x_wconf 89' lang='lat' dir='ltr'><strong>ecclesiam</strong></span> <span class='ocrx_word' id='word_1_539' title='bbox 1459 3732 1666 3802; x_wconf 89' lang='lat' dir='ltr'><strong>ingrederetur,</strong></span> <span class='ocrx_word' id='word_1_540' title='bbox 1693 3731 1827 3804; x_wconf 88' lang='lat' dir='ltr'><strong>quinque</strong></span> 
     </span>
     <span class='ocr_line' id='line_1_72' title="bbox 74 3819 1827 3920; baseline 0.001 -45"><span class='ocrx_word' id='word_1_541' title='bbox 74 3853 156 3902; x_wconf 51' lang='lat' dir='ltr'><strong>natos</strong></span> <span class='ocrx_word' id='word_1_542' title='bbox 171 3845 267 3912; x_wconf 51' lang='lat' dir='ltr'><strong>fuisse,</strong></span> <span class='ocrx_word' id='word_1_543' title='bbox 285 3857 411 3917; x_wconf 58' lang='lat' dir='ltr'><strong>quorum</strong></span> <span class='ocrx_word' id='word_1_544' title='bbox 428 3844 476 3900; x_wconf 63' lang='lat'><strong>315,</strong></span> <span class='ocrx_word' id='word_1_545' title='bbox 492 3846 581 3909; x_wconf 42' lang='lat' dir='ltr'>surdi,</span> <span class='ocrx_word' id='word_1_546' title='bbox 605 3847 654 3903; x_wconf 59' lang='lat' dir='ltr'><strong>affl</strong></span> <span class='ocrx_word' id='word_1_547' title='bbox 669 3849 774 3916; x_wconf 53' lang='lat' dir='ltr'>claudi,</span> <span class='ocrx_word' id='word_1_548' title='bbox 801 3849 921 3920; x_wconf 59' lang='lat' dir='ltr'>quidam</span> <span class='ocrx_word' id='word_1_549' title='bbox 976 3820 1079 3877; x_wconf 89' lang='lat' dir='ltr'><strong>solidos</strong></span> <span class='ocrx_word' id='word_1_550' title='bbox 1100 3821 1184 3877; x_wconf 89' lang='lat' dir='ltr'><strong>sociis</strong></span> <span class='ocrx_word' id='word_1_551' title='bbox 1206 3820 1387 3891; x_wconf 88' lang='lat' dir='ltr'><strong>persolveret.</strong></span> <span class='ocrx_word' id='word_1_552' title='bbox 1410 3820 1480 3877; x_wconf 82' lang='lat' dir='ltr'><strong>Erat</strong></span> <span class='ocrx_word' id='word_1_553' title='bbox 1505 3828 1603 3875; x_wconf 90' lang='lat' dir='ltr'><strong>autem</strong></span> <span class='ocrx_word' id='word_1_554' title='bbox 1628 3827 1697 3875; x_wconf 92' lang='lat' dir='ltr'><strong>tnnc</strong></span> <span class='ocrx_word' id='word_1_555' title='bbox 1719 3819 1827 3876; x_wconf 85' lang='lat' dir='ltr'><strong>Sabba-</strong></span> 
     </span>
    </p>
   </div>
   <div class='ocr_carea' id='block_1_19' title="bbox 74 3908 1831 5504">
    <p class='ocr_par' dir='ltr' id='par_1_20' title="bbox 74 3908 1831 5504">
     <span class='ocr_line' id='line_1_73' title="bbox 74 3908 1449 4005; baseline 0.002 -15"><span class='ocrx_word' id='word_1_556' title='bbox 74 3932 152 4001; x_wconf 82' lang='lat' dir='ltr'><strong>caeci,</strong></span> <span class='ocrx_word' id='word_1_557' title='bbox 175 3932 295 4004; x_wconf 89' lang='lat' dir='ltr'><strong>quidam</strong></span> <span class='ocrx_word' id='word_1_558' title='bbox 319 3931 433 3989; x_wconf 89' lang='lat' dir='ltr'><strong>lucrant</strong></span> <span class='ocrx_word' id='word_1_559' title='bbox 448 3933 530 3988; x_wconf 90' lang='lat' dir='ltr'><strong>muti.</strong></span> <span class='ocrx_word' id='word_1_560' title='bbox 555 3932 668 4005; x_wconf 83' lang='lat' dir='ltr'><strong>Quique</strong></span> <span class='ocrx_word' id='word_1_561' title='bbox 691 3950 791 3992; x_wconf 89' lang='lat' dir='ltr'><strong>omnes</strong></span> <span class='ocrx_word' id='word_1_562' title='bbox 812 3944 864 3994; x_wconf 90' lang='lat' dir='ltr'><strong>aut</strong></span> <span class='ocrx_word' id='word_1_563' title='bbox 887 3937 921 3993; x_wconf 92' lang='lat' dir='ltr'><strong>de</strong></span> <span class='ocrx_word' id='word_1_564' title='bbox 976 3916 1037 3965; x_wconf 61' lang='lat'>‘⁰¹¹¹</span> <span class='ocrx_word' id='word_1_565' title='bbox 1052 3915 1118 3964; x_wconf 61' lang='lat'><strong>³⁰¹³</strong></span> <span class='ocrx_word' id='word_1_566' title='bbox 1132 3917 1248 3965; x_wconf 47' lang='grc' dir='ltr'><strong>(ΝΜ</strong></span> <span class='ocrx_word' id='word_1_567' title='bbox 1263 3908 1449 3965; x_wconf 59' lang='lat' dir='ltr'><strong>Pemeffls‘es·</strong></span> 
     </span>
     <span class='ocr_line' id='line_1_74' title="bbox 75 4019 1826 4095; baseline 0.002 -19"><span class='ocrx_word' id='word_1_568' title='bbox 75 4020 137 4090; x_wconf 89' lang='lat' dir='ltr'><strong>ipsa</strong></span> <span class='ocrx_word' id='word_1_569' title='bbox 159 4019 283 4082; x_wconf 89' lang='lat' dir='ltr'><strong>civitate,</strong></span> <span class='ocrx_word' id='word_1_570' title='bbox 313 4026 364 4076; x_wconf 92' lang='lat' dir='ltr'><strong>ant</strong></span> <span class='ocrx_word' id='word_1_571' title='bbox 386 4019 421 4076; x_wconf 92' lang='lat' dir='ltr'><strong>de</strong></span> <span class='ocrx_word' id='word_1_572' title='bbox 448 4019 662 4091; x_wconf 82' lang='lat' dir='ltr'><strong>circumjacenti</strong></span> <span class='ocrx_word' id='word_1_573' title='bbox 686 4030 769 4079; x_wconf 91' lang='lat' dir='ltr'><strong>erant</strong></span> <span class='ocrx_word' id='word_1_574' title='bbox 791 4025 920 4095; x_wconf 92' lang='lat' dir='ltr'><strong>regione;</strong></span> <span class='ocrx_word' id='word_1_575' title='bbox 1011 4020 1131 4077; x_wconf 82' lang='lat' dir='ltr'><strong>&#39;lentam</strong></span> <span class='ocrx_word' id='word_1_576' title='bbox 1165 4022 1263 4092; x_wconf 89' lang='lat' dir='ltr'><strong>itaque</strong></span> <span class='ocrx_word' id='word_1_577' title='bbox 1305 4021 1423 4092; x_wconf 90' lang='lat' dir='ltr'><strong>hospitis</strong></span> <span class='ocrx_word' id='word_1_578' title='bbox 1458 4022 1548 4078; x_wconf 90' lang='lat' dir='ltr'><strong>nostri</strong></span> <span class='ocrx_word' id='word_1_579' title='bbox 1594 4021 1826 4080; x_wconf 89' lang='lat' dir='ltr'><strong>benevolentiam</strong></span> 
     </span>
     <span class='ocr_line' id='line_1_75' title="bbox 75 4107 1829 4180; baseline 0.001 -15"><span class='ocrx_word' id='word_1_580' title='bbox 75 4109 195 4180; x_wconf 89' lang='lat' dir='ltr'><strong>ideoque</strong></span> <span class='ocrx_word' id='word_1_581' title='bbox 209 4107 446 4165; x_wconf 88' lang='lat' dir='ltr'><strong>cunctisluerant</strong></span> <span class='ocrx_word' id='word_1_582' title='bbox 460 4108 530 4165; x_wconf 90' lang='lat' dir='ltr'><strong>noti.</strong></span> <span class='ocrx_word' id='word_1_583' title='bbox 975 4110 1107 4178; x_wconf 91' lang='lat' dir='ltr'><strong>protinus</strong></span> <span class='ocrx_word' id='word_1_584' title='bbox 1121 4109 1244 4165; x_wconf 89' lang='lat' dir='ltr'><strong>ostendit</strong></span> <span class='ocrx_word' id='word_1_585' title='bbox 1266 4109 1387 4165; x_wconf 81' lang='lat' dir='ltr'><strong>Domina</strong></span> <span class='ocrx_word' id='word_1_586' title='bbox 1411 4118 1508 4165; x_wconf 90' lang='lat' dir='ltr'><strong>nostra</strong></span> <span class='ocrx_word' id='word_1_587' title='bbox 1528 4123 1558 4164; x_wconf 92' lang='lat' dir='ltr'><strong>se</strong></span> <span class='ocrx_word' id='word_1_588' title='bbox 1581 4116 1732 4180; x_wconf 85' lang='lat' dir='ltr'><strong>gratanter</strong></span> <span class='ocrx_word' id='word_1_589' title='bbox 1755 4124 1829 4166; x_wconf 89' lang='lat' dir='ltr'><strong>rece·</strong></span> 
     </span>
     <span class='ocr_line' id='line_1_76' title="bbox 75 4180 1830 4280; baseline -0.005 -17"><span class='ocrx_word' id='word_1_590' title='bbox 75 4207 142 4263; x_wconf 81' lang='lat' dir='ltr'><strong>Car.</strong></span> <span class='ocrx_word' id='word_1_591' title='bbox 156 4206 192 4262; x_wconf 82' lang='lat' dir='ltr'><strong>X.</strong></span> <span class='ocrx_word' id='word_1_592' title='bbox 215 4234 251 4248; x_wconf 93' lang='lat'><em>-</em></span> <span class='ocrx_word' id='word_1_593' title='bbox 264 4208 304 4260; x_wconf 82' lang='lat' dir='ltr'><strong>De</strong></span> <span class='ocrx_word' id='word_1_594' title='bbox 318 4206 419 4276; x_wconf 77' lang='lat' dir='ltr'><strong>puelia</strong></span> <span class='ocrx_word' id='word_1_595' title='bbox 438 4204 555 4275; x_wconf 77' lang='lat' dir='ltr'><strong>infirma</strong></span> <span class='ocrx_word' id='word_1_596' title='bbox 578 4211 680 4263; x_wconf 82' lang='lat' dir='ltr'><strong>curalo</strong></span> <span class='ocrx_word' id='word_1_597' title='bbox 700 4208 779 4280; x_wconf 79' lang='lat' dir='ltr'><strong>apud</strong></span> <span class='ocrx_word' id='word_1_598' title='bbox 798 4209 922 4265; x_wconf 52' lang='lat' dir='ltr'><strong>opatu.</strong></span> <span class='ocrx_word' id='word_1_599' title='bbox 942 4180 1058 4268; x_wconf 70' lang='lat' dir='ltr'><strong>”pisse</strong></span> <span class='ocrx_word' id='word_1_600' title='bbox 1082 4197 1209 4254; x_wconf 85' lang='lat' dir='ltr'><strong>Habebat</strong></span> <span class='ocrx_word' id='word_1_601' title='bbox 1230 4198 1372 4268; x_wconf 87' lang='lat' dir='ltr'><strong>siquidem</strong></span> <span class='ocrx_word' id='word_1_602' title='bbox 1394 4198 1468 4255; x_wconf 89' lang='lat' dir='ltr'><strong>idem</strong></span> <span class='ocrx_word' id='word_1_603' title='bbox 1494 4198 1595 4268; x_wconf 90' lang='lat' dir='ltr'><strong>hospes</strong></span> <span class='ocrx_word' id='word_1_604' title='bbox 1620 4205 1718 4253; x_wconf 86' lang='lat' dir='ltr'><strong>noster</strong></span> <span class='ocrx_word' id='word_1_605' title='bbox 1741 4212 1830 4268; x_wconf 88' lang='lat' dir='ltr'><strong>prope</strong></span> 
     </span>
     <span class='ocr_line' id='line_1_77' title="bbox 436 4276 1831 4357; baseline -0.002 -12"><span class='ocrx_word' id='word_1_606' title='bbox 436 4276 562 4333; x_wconf 56' lang='lat' dir='ltr'><strong>belcam·</strong></span> <span class='ocrx_word' id='word_1_607' title='bbox 975 4285 1114 4356; x_wconf 90' lang='lat' dir='ltr'><strong>oppidum</strong></span> <span class='ocrx_word' id='word_1_608' title='bbox 1127 4300 1215 4343; x_wconf 91' lang='lat' dir='ltr'><strong>unam</strong></span> <span class='ocrx_word' id='word_1_609' title='bbox 1231 4287 1358 4355; x_wconf 90' lang='lat' dir='ltr'><strong>domurn,</strong></span> <span class='ocrx_word' id='word_1_610' title='bbox 1379 4287 1409 4342; x_wconf 93' lang='lat' dir='ltr'><strong>in</strong></span> <span class='ocrx_word' id='word_1_611' title='bbox 1426 4300 1485 4357; x_wconf 90' lang='lat' dir='ltr'><strong>qna</strong></span> <span class='ocrx_word' id='word_1_612' title='bbox 1501 4287 1586 4342; x_wconf 90' lang='lat' dir='ltr'><strong>boves</strong></span> <span class='ocrx_word' id='word_1_613' title='bbox 1601 4285 1664 4357; x_wconf 88' lang='lat' dir='ltr'><strong>ejus</strong></span> <span class='ocrx_word' id='word_1_614' title='bbox 1682 4294 1711 4341; x_wconf 90' lang='lat' dir='ltr'><strong>et</strong></span> <span class='ocrx_word' id='word_1_615' title='bbox 1728 4299 1831 4356; x_wconf 89' lang='lat' dir='ltr'><strong>pecora</strong></span> 
     </span>
     <span class='ocr_line' id='line_1_78' title="bbox 111 4371 1831 4448; baseline 0.001 -19"><span class='ocrx_word' id='word_1_616' title='bbox 111 4373 151 4430; x_wconf 84' lang='lat' dir='ltr'><strong>De</strong></span> <span class='ocrx_word' id='word_1_617' title='bbox 171 4371 361 4430; x_wconf 82' lang='lat' dir='ltr'><strong>wintoniensi</strong></span> <span class='ocrx_word' id='word_1_618' title='bbox 385 4373 499 4431; x_wconf 87' lang='lat' dir='ltr'><strong>civitate</strong></span> <span class='ocrx_word' id='word_1_619' title='bbox 519 4375 654 4431; x_wconf 85' lang='lat' dir='ltr'><strong>venimus</strong></span> <span class='ocrx_word' id='word_1_620' title='bbox 675 4374 711 4431; x_wconf 86' lang='lat' dir='ltr'><strong>ad</strong></span> <span class='ocrx_word' id='word_1_621' title='bbox 734 4375 831 4432; x_wconf 87' lang='lat' dir='ltr'><strong>villam</strong></span> <span class='ocrx_word' id='word_1_622' title='bbox 857 4392 924 4448; x_wconf 73' lang='lat' dir='ltr'><strong>quaa</strong></span> <span class='ocrx_word' id='word_1_623' title='bbox 976 4374 1177 4441; x_wconf 84' lang='lat' dir='ltr'><strong>servabantur,</strong></span> <span class='ocrx_word' id='word_1_624' title='bbox 1194 4373 1292 4445; x_wconf 90' lang='lat' dir='ltr'><strong>ibique</strong></span> <span class='ocrx_word' id='word_1_625' title='bbox 1314 4374 1448 4431; x_wconf 88' lang='lat' dir='ltr'><strong>manebat</strong></span> <span class='ocrx_word' id='word_1_626' title='bbox 1469 4374 1588 4445; x_wconf 92' lang='lat' dir='ltr'><strong>quidam</strong></span> <span class='ocrx_word' id='word_1_627' title='bbox 1610 4388 1722 4444; x_wconf 87' lang='lat' dir='ltr'><strong>pauper</strong></span> <span class='ocrx_word' id='word_1_628' title='bbox 1746 4375 1831 4431; x_wconf 92' lang='lat' dir='ltr'><strong>rusti·</strong></span> 
     </span>
     <span class='ocr_line' id='line_1_79' title="bbox 75 4461 1828 4534; baseline 0 -15"><span class='ocrx_word' id='word_1_629' title='bbox 75 4462 181 4519; x_wconf 90' lang='lat' dir='ltr'><strong>dicitur</strong></span> <span class='ocrx_word' id='word_1_630' title='bbox 194 4462 397 4528; x_wconf 69' lang='lat' dir='ltr'><strong>christikerca,</strong></span> <span class='ocrx_word' id='word_1_631' title='bbox 415 4462 444 4519; x_wconf 92' lang='lat' dir='ltr'><strong>id</strong></span> <span class='ocrx_word' id='word_1_632' title='bbox 465 4469 517 4529; x_wconf 90' lang='lat' dir='ltr'><strong>est,</strong></span> <span class='ocrx_word' id='word_1_633' title='bbox 543 4461 654 4518; x_wconf 76' lang='lat' dir='ltr'><strong>Christi</strong></span> <span class='ocrx_word' id='word_1_634' title='bbox 672 4464 811 4533; x_wconf 77' lang='lat' dir='ltr'><strong>Ecclesia,</strong></span> <span class='ocrx_word' id='word_1_635' title='bbox 828 4466 877 4522; x_wconf 90' lang='lat' dir='ltr'><strong>uhi</strong></span> <span class='ocrx_word' id='word_1_636' title='bbox 893 4467 923 4524; x_wconf 95' lang='lat' dir='ltr'><strong>in</strong></span> <span class='ocrx_word' id='word_1_637' title='bbox 975 4477 1037 4531; x_wconf 91' lang='lat' dir='ltr'><strong>cus,</strong></span> <span class='ocrx_word' id='word_1_638' title='bbox 1051 4463 1157 4519; x_wconf 90' lang='lat' dir='ltr'><strong>eisdem</strong></span> <span class='ocrx_word' id='word_1_639' title='bbox 1173 4463 1325 4532; x_wconf 87' lang='lat' dir='ltr'><strong>pecoribus</strong></span> <span class='ocrx_word' id='word_1_640' title='bbox 1340 4462 1535 4518; x_wconf 89' lang='lat' dir='ltr'><strong>custodiendis</strong></span> <span class='ocrx_word' id='word_1_641' title='bbox 1554 4462 1718 4532; x_wconf 92' lang='lat' dir='ltr'><strong>deputatus.</strong></span> <span class='ocrx_word' id='word_1_642' title='bbox 1735 4464 1828 4534; x_wconf 74' lang='lat' dir='ltr'><strong>liuius</strong></span> 
     </span>
     <span class='ocr_line' id='line_1_80' title="bbox 75 4549 1829 4621; baseline -0.001 -14"><span class='ocrx_word' id='word_1_643' title='bbox 75 4551 183 4607; x_wconf 88' lang='lat' dir='ltr'><strong>octavis</strong></span> <span class='ocrx_word' id='word_1_644' title='bbox 206 4551 383 4607; x_wconf 71' lang='lat' dir='ltr'><strong>pentecostes</strong></span> <span class='ocrx_word' id='word_1_645' title='bbox 406 4564 538 4607; x_wconf 92' lang='lat' dir='ltr'><strong>annuum</strong></span> <span class='ocrx_word' id='word_1_646' title='bbox 572 4551 685 4615; x_wconf 87' lang='lat' dir='ltr'><strong>lestum,</strong></span> <span class='ocrx_word' id='word_1_647' title='bbox 708 4560 736 4608; x_wconf 91' lang='lat' dir='ltr'><strong>et</strong></span> <span class='ocrx_word' id='word_1_648' title='bbox 766 4561 924 4611; x_wconf 90' lang='lat' dir='ltr'><strong>conventus</strong></span> <span class='ocrx_word' id='word_1_649' title='bbox 976 4551 1077 4607; x_wconf 85' lang='lat' dir='ltr'><strong>rustici</strong></span> <span class='ocrx_word' id='word_1_650' title='bbox 1099 4550 1166 4615; x_wconf 86' lang='lat' dir='ltr'><strong>lilia,</strong></span> <span class='ocrx_word' id='word_1_651' title='bbox 1185 4550 1280 4621; x_wconf 87' lang='lat' dir='ltr'><strong>puella</strong></span> <span class='ocrx_word' id='word_1_652' title='bbox 1295 4550 1428 4621; x_wconf 88' lang='lat' dir='ltr'><strong>parvula,</strong></span> <span class='ocrx_word' id='word_1_653' title='bbox 1447 4556 1553 4605; x_wconf 90' lang='lat' dir='ltr'><strong>tortum</strong></span> <span class='ocrx_word' id='word_1_654' title='bbox 1569 4549 1669 4619; x_wconf 90' lang='lat' dir='ltr'><strong>pedem</strong></span> <span class='ocrx_word' id='word_1_655' title='bbox 1685 4563 1704 4605; x_wconf 90' lang='lat' dir='ltr'><strong>a</strong></span> <span class='ocrx_word' id='word_1_656' title='bbox 1720 4551 1829 4606; x_wconf 89' lang='lat' dir='ltr'><strong>nativi·</strong></span> 
     </span>
     <span class='ocr_line' id='line_1_81' title="bbox 75 4636 1826 4713; baseline -0.001 -17"><span class='ocrx_word' id='word_1_657' title='bbox 75 4639 279 4696; x_wconf 90' lang='lat' dir='ltr'><strong>celeberrimus</strong></span> <span class='ocrx_word' id='word_1_658' title='bbox 297 4638 406 4696; x_wconf 92' lang='lat' dir='ltr'><strong>solebat</strong></span> <span class='ocrx_word' id='word_1_659' title='bbox 426 4653 486 4695; x_wconf 90' lang='lat' dir='ltr'><strong>esse</strong></span> <span class='ocrx_word' id='word_1_660' title='bbox 509 4640 731 4711; x_wconf 89' lang='lat' dir='ltr'><strong>negotiatorum.</strong></span> <span class='ocrx_word' id='word_1_661' title='bbox 755 4643 923 4713; x_wconf 79' lang='lat' dir='ltr'><strong>appropin—</strong></span> <span class='ocrx_word' id='word_1_662' title='bbox 977 4646 1033 4695; x_wconf 86' lang='lat' dir='ltr'><strong>tate</strong></span> <span class='ocrx_word' id='word_1_663' title='bbox 1056 4636 1190 4704; x_wconf 89' lang='lat' dir='ltr'><strong>habebat,</strong></span> <span class='ocrx_word' id='word_1_664' title='bbox 1223 4637 1261 4694; x_wconf 91' lang='lat' dir='ltr'><strong>ita</strong></span> <span class='ocrx_word' id='word_1_665' title='bbox 1285 4645 1317 4693; x_wconf 93' lang='lat' dir='ltr'><strong>ut</strong></span> <span class='ocrx_word' id='word_1_666' title='bbox 1337 4637 1491 4694; x_wconf 90' lang='lat' dir='ltr'><strong>calcaneus</strong></span> <span class='ocrx_word' id='word_1_667' title='bbox 1518 4637 1548 4692; x_wconf 94' lang='lat' dir='ltr'><strong>in</strong></span> <span class='ocrx_word' id='word_1_668' title='bbox 1573 4637 1712 4694; x_wconf 88' lang='lat' dir='ltr'><strong>anteriori</strong></span> <span class='ocrx_word' id='word_1_669' title='bbox 1735 4647 1826 4708; x_wconf 87' lang='lat' dir='ltr'><strong>parte,</strong></span> 
     </span>
     <span class='ocr_line' id='line_1_82' title="bbox 75 4724 1828 4801; baseline 0.009 -19"><span class='ocrx_word' id='word_1_670' title='bbox 75 4733 199 4798; x_wconf 89' lang='lat' dir='ltr'><strong>quantes</strong></span> <span class='ocrx_word' id='word_1_671' title='bbox 212 4740 280 4798; x_wconf 89' lang='lat' dir='ltr'><strong>ergo</strong></span> <span class='ocrx_word' id='word_1_672' title='bbox 294 4727 386 4783; x_wconf 91' lang='lat' dir='ltr'><strong>eidem</strong></span> <span class='ocrx_word' id='word_1_673' title='bbox 406 4727 493 4792; x_wconf 78' lang='lat' dir='ltr'><strong>villa,</strong></span> <span class='ocrx_word' id='word_1_674' title='bbox 514 4734 594 4783; x_wconf 88' lang='lat' dir='ltr'><strong>tanta</strong></span> <span class='ocrx_word' id='word_1_675' title='bbox 616 4729 852 4801; x_wconf 78' lang='lat' dir='ltr'><strong>subito-tamque</strong></span> <span class='ocrx_word' id='word_1_676' title='bbox 871 4745 923 4787; x_wconf 87' lang='lat' dir='ltr'><strong>vo·</strong></span> <span class='ocrx_word' id='word_1_677' title='bbox 975 4724 1057 4797; x_wconf 89' lang='lat' dir='ltr'><strong>digiti</strong></span> <span class='ocrx_word' id='word_1_678' title='bbox 1077 4739 1144 4781; x_wconf 86' lang='lat' dir='ltr'><strong>vero</strong></span> <span class='ocrx_word' id='word_1_679' title='bbox 1167 4725 1248 4795; x_wconf 72' lang='lat' dir='ltr'><strong>pedis</strong></span> <span class='ocrx_word' id='word_1_680' title='bbox 1271 4725 1299 4780; x_wconf 78' lang='lat' dir='ltr'><strong>in</strong></span> <span class='ocrx_word' id='word_1_681' title='bbox 1316 4725 1464 4795; x_wconf 84' lang='lat' dir='ltr'><strong>posteriori</strong></span> <span class='ocrx_word' id='word_1_682' title='bbox 1489 4725 1570 4795; x_wconf 62' lang='grc' dir='ltr'><strong>βῡὸῑῑῑ</strong></span> <span class='ocrx_word' id='word_1_683' title='bbox 1596 4733 1702 4781; x_wconf 62' lang='lat' dir='ltr'><strong>essem·</strong></span> <span class='ocrx_word' id='word_1_684' title='bbox 1726 4727 1828 4799; x_wconf 67' lang='lat' dir='ltr'><strong>fl⁰8³²i</strong></span> 
     </span>
     <span class='ocr_line' id='line_1_83' title="bbox 77 4813 1829 4888; baseline 0.001 -17"><span class='ocrx_word' id='word_1_685' title='bbox 77 4814 200 4871; x_wconf 91' lang='lat' dir='ltr'><strong>hementi</strong></span> <span class='ocrx_word' id='word_1_686' title='bbox 211 4814 336 4884; x_wconf 87' lang='lat' dir='ltr'><strong>depressi</strong></span> <span class='ocrx_word' id='word_1_687' title='bbox 349 4829 451 4872; x_wconf 90' lang='lat' dir='ltr'><strong>sumus</strong></span> <span class='ocrx_word' id='word_1_688' title='bbox 466 4815 653 4873; x_wconf 89' lang='lat' dir='ltr'><strong>inundatione</strong></span> <span class='ocrx_word' id='word_1_689' title='bbox 669 4817 783 4888; x_wconf 84' lang='lat' dir='ltr'><strong>pluviae,</strong></span> <span class='ocrx_word' id='word_1_690' title='bbox 802 4826 835 4875; x_wconf 93' lang='lat' dir='ltr'><strong>ut</strong></span> <span class='ocrx_word' id='word_1_691' title='bbox 847 4833 923 4875; x_wconf 92' lang='lat' dir='ltr'><strong>nnn·</strong></span> <span class='ocrx_word' id='word_1_692' title='bbox 974 4828 1043 4885; x_wconf 88' lang='lat' dir='ltr'><strong>ergo</strong></span> <span class='ocrx_word' id='word_1_693' title='bbox 1055 4814 1091 4871; x_wconf 89' lang='lat' dir='ltr'><strong>ab</strong></span> <span class='ocrx_word' id='word_1_694' title='bbox 1111 4815 1220 4884; x_wconf 90' lang='lat' dir='ltr'><strong>hospite</strong></span> <span class='ocrx_word' id='word_1_695' title='bbox 1243 4821 1340 4870; x_wconf 89' lang='lat' dir='ltr'><strong>nostro</strong></span> <span class='ocrx_word' id='word_1_696' title='bbox 1363 4821 1396 4870; x_wconf 93' lang='lat' dir='ltr'><strong>ut</strong></span> <span class='ocrx_word' id='word_1_697' title='bbox 1419 4813 1454 4870; x_wconf 90' lang='lat' dir='ltr'><strong>de</strong></span> <span class='ocrx_word' id='word_1_698' title='bbox 1476 4828 1553 4885; x_wconf 92' lang='lat' dir='ltr'><strong>aqna</strong></span> <span class='ocrx_word' id='word_1_699' title='bbox 1573 4813 1766 4884; x_wconf 89' lang='lat' dir='ltr'><strong>reliquiarum</strong></span> <span class='ocrx_word' id='word_1_700' title='bbox 1792 4817 1829 4873; x_wconf 84' lang='lat' dir='ltr'><strong>lo</strong></span> 
     </span>
     <span class='ocr_line' id='line_1_84' title="bbox 75 4901 1828 4977; baseline 0.002 -19"><span class='ocrx_word' id='word_1_701' title='bbox 75 4915 164 4972; x_wconf 92' lang='lat' dir='ltr'><strong>quam</strong></span> <span class='ocrx_word' id='word_1_702' title='bbox 197 4907 282 4956; x_wconf 89' lang='lat' dir='ltr'><strong>antea</strong></span> <span class='ocrx_word' id='word_1_703' title='bbox 315 4914 367 4957; x_wconf 93' lang='lat' dir='ltr'><strong>nos</strong></span> <span class='ocrx_word' id='word_1_704' title='bbox 402 4901 524 4958; x_wconf 87' lang='lat' dir='ltr'><strong>similem</strong></span> <span class='ocrx_word' id='word_1_705' title='bbox 559 4903 664 4960; x_wconf 84' lang='lat' dir='ltr'><strong>vidisse</strong></span> <span class='ocrx_word' id='word_1_706' title='bbox 695 4905 920 4962; x_wconf 88' lang='lat' dir='ltr'><strong>meminerimus.</strong></span> <span class='ocrx_word' id='word_1_707' title='bbox 976 4911 1070 4960; x_wconf 91' lang='lat' dir='ltr'><strong>tarum</strong></span> <span class='ocrx_word' id='word_1_708' title='bbox 1095 4903 1223 4975; x_wconf 87' lang='lat' dir='ltr'><strong>ejusdem</strong></span> <span class='ocrx_word' id='word_1_709' title='bbox 1245 4903 1378 4974; x_wconf 80' lang='lat' dir='ltr'><strong>puellulae</strong></span> <span class='ocrx_word' id='word_1_710' title='bbox 1401 4917 1450 4972; x_wconf 92' lang='lat' dir='ltr'><strong>pes</strong></span> <span class='ocrx_word' id='word_1_711' title='bbox 1473 4903 1575 4960; x_wconf 90' lang='lat' dir='ltr'><strong>debilis</strong></span> <span class='ocrx_word' id='word_1_712' title='bbox 1597 4903 1828 4977; x_wconf 89' lang='lat' dir='ltr'><strong>contingeretur,</strong></span> 
     </span>
     <span class='ocr_line' id='line_1_85' title="bbox 75 4987 1828 5064; baseline 0.003 -19"><span class='ocrx_word' id='word_1_713' title='bbox 75 4987 231 5046; x_wconf 82' lang='lat' dir='ltr'><strong>Ecclesiam</strong></span> <span class='ocrx_word' id='word_1_714' title='bbox 246 4987 336 5058; x_wconf 91' lang='lat' dir='ltr'><strong>ipsius</strong></span> <span class='ocrx_word' id='word_1_715' title='bbox 349 4989 444 5059; x_wconf 90' lang='lat' dir='ltr'><strong>oppidi</strong></span> <span class='ocrx_word' id='word_1_716' title='bbox 458 4989 584 5048; x_wconf 87' lang='lat' dir='ltr'><strong>decanus</strong></span> <span class='ocrx_word' id='word_1_717' title='bbox 597 4992 715 5062; x_wconf 90' lang='lat' dir='ltr'><strong>quidam</strong></span> <span class='ocrx_word' id='word_1_718' title='bbox 729 5007 796 5049; x_wconf 91' lang='lat' dir='ltr'><strong>cum</strong></span> <span class='ocrx_word' id='word_1_719' title='bbox 811 4993 922 5050; x_wconf 91' lang='lat' dir='ltr'><strong>duode-</strong></span> <span class='ocrx_word' id='word_1_720' title='bbox 974 4992 1093 5050; x_wconf 89' lang='lat' dir='ltr'><strong>lecimus</strong></span> <span class='ocrx_word' id='word_1_721' title='bbox 1104 5006 1168 5049; x_wconf 89' lang='lat' dir='ltr'><strong>eam</strong></span> <span class='ocrx_word' id='word_1_722' title='bbox 1184 4991 1298 5049; x_wconf 87' lang='lat' dir='ltr'><strong>adduci.</strong></span> <span class='ocrx_word' id='word_1_723' title='bbox 1320 4992 1395 5049; x_wconf 84' lang='lat' dir='ltr'><strong>Bibit</strong></span> <span class='ocrx_word' id='word_1_724' title='bbox 1407 5006 1444 5048; x_wconf 81' lang='lat' dir='ltr'><strong>ex</strong></span> <span class='ocrx_word' id='word_1_725' title='bbox 1459 5006 1537 5062; x_wconf 91' lang='lat' dir='ltr'><strong>aqua</strong></span> <span class='ocrx_word' id='word_1_726' title='bbox 1554 4992 1627 5062; x_wconf 89' lang='lat' dir='ltr'><strong>ipsa,</strong></span> <span class='ocrx_word' id='word_1_727' title='bbox 1643 5006 1753 5063; x_wconf 85' lang='lat' dir='ltr'><strong>pesque</strong></span> <span class='ocrx_word' id='word_1_728' title='bbox 1766 4993 1828 5064; x_wconf 85' lang='lat' dir='ltr'><strong>ejns</strong></span> 
     </span>
     <span class='ocr_line' id='line_1_86' title="bbox 74 5075 1826 5151; baseline 0.002 -19"><span class='ocrx_word' id='word_1_729' title='bbox 74 5077 130 5132; x_wconf 89' lang='lat' dir='ltr'><strong>cim</strong></span> <span class='ocrx_word' id='word_1_730' title='bbox 162 5075 308 5132; x_wconf 88' lang='lat' dir='ltr'><strong>canonicis</strong></span> <span class='ocrx_word' id='word_1_731' title='bbox 341 5077 463 5146; x_wconf 86' lang='lat' dir='ltr'><strong>tenebat,</strong></span> <span class='ocrx_word' id='word_1_732' title='bbox 497 5078 550 5150; x_wconf 92' lang='lat' dir='ltr'><strong>qui</strong></span> <span class='ocrx_word' id='word_1_733' title='bbox 579 5080 748 5151; x_wconf 90' lang='lat' dir='ltr'><strong>rogantibus</strong></span> <span class='ocrx_word' id='word_1_734' title='bbox 766 5080 862 5136; x_wconf 81' lang='lat' dir='ltr'><strong>&#39;nobis</strong></span> <span class='ocrx_word' id='word_1_735' title='bbox 891 5088 923 5138; x_wconf 91' lang='lat' dir='ltr'><strong>ut</strong></span> <span class='ocrx_word' id='word_1_736' title='bbox 974 5095 1011 5138; x_wconf 84' lang='lat' dir='ltr'><strong>ex</strong></span> <span class='ocrx_word' id='word_1_737' title='bbox 1030 5093 1064 5137; x_wconf 81' lang='lat' dir='ltr'><strong>ea</strong></span> <span class='ocrx_word' id='word_1_738' title='bbox 1086 5080 1162 5137; x_wconf 89' lang='lat' dir='ltr'><strong>lotus</strong></span> <span class='ocrx_word' id='word_1_739' title='bbox 1183 5087 1232 5136; x_wconf 91' lang='lat' dir='ltr'><strong>est.</strong></span> <span class='ocrx_word' id='word_1_740' title='bbox 1254 5080 1391 5151; x_wconf 76' lang='lat' dir='ltr'><strong>vigilavit</strong></span> <span class='ocrx_word' id='word_1_741' title='bbox 1414 5094 1510 5137; x_wconf 87' lang='lat' dir='ltr'><strong>coram</strong></span> <span class='ocrx_word' id='word_1_742' title='bbox 1535 5079 1638 5136; x_wconf 91' lang='lat' dir='ltr'><strong>leretro</strong></span> <span class='ocrx_word' id='word_1_743' title='bbox 1664 5078 1714 5137; x_wconf 92' lang='lat' dir='ltr'><strong>illa</strong></span> <span class='ocrx_word' id='word_1_744' title='bbox 1735 5091 1826 5138; x_wconf 88' lang='lat' dir='ltr'><strong>nocte.</strong></span> 
     </span>
     <span class='ocr_line' id='line_1_87' title="bbox 75 5163 1827 5235; baseline 0.003 -15"><span class='ocrx_word' id='word_1_745' title='bbox 75 5163 296 5234; x_wconf 89' lang='lat' dir='ltr'><strong>susciperemur,</strong></span> <span class='ocrx_word' id='word_1_746' title='bbox 314 5166 461 5234; x_wconf 90' lang='lat' dir='ltr'><strong>respondit</strong></span> <span class='ocrx_word' id='word_1_747' title='bbox 476 5166 622 5224; x_wconf 90' lang='lat' dir='ltr'><strong>ecclesiam</strong></span> <span class='ocrx_word' id='word_1_748' title='bbox 648 5167 726 5224; x_wconf 89' lang='lat' dir='ltr'><strong>illam</strong></span> <span class='ocrx_word' id='word_1_749' title='bbox 741 5168 863 5224; x_wconf 88' lang='lat' dir='ltr'><strong>necdum</strong></span> <span class='ocrx_word' id='word_1_750' title='bbox 884 5183 921 5224; x_wconf 83' lang='lat' dir='ltr'><strong>ex</strong></span> <span class='ocrx_word' id='word_1_751' title='bbox 975 5170 1057 5226; x_wconf 89' lang='lat' dir='ltr'><strong>Mane</strong></span> <span class='ocrx_word' id='word_1_752' title='bbox 1072 5177 1168 5225; x_wconf 91' lang='lat' dir='ltr'><strong>autem</strong></span> <span class='ocrx_word' id='word_1_753' title='bbox 1188 5168 1272 5235; x_wconf 88' lang='lat' dir='ltr'><strong>lacto,</strong></span> <span class='ocrx_word' id='word_1_754' title='bbox 1296 5169 1365 5224; x_wconf 91' lang='lat' dir='ltr'><strong>dnm</strong></span> <span class='ocrx_word' id='word_1_755' title='bbox 1389 5182 1467 5223; x_wconf 88' lang='lat' dir='ltr'><strong>more</strong></span> <span class='ocrx_word' id='word_1_756' title='bbox 1487 5168 1568 5224; x_wconf 93' lang='lat' dir='ltr'><strong>solito</strong></span> <span class='ocrx_word' id='word_1_757' title='bbox 1591 5168 1710 5224; x_wconf 87' lang='lat' dir='ltr'><strong>missam</strong></span> <span class='ocrx_word' id='word_1_758' title='bbox 1731 5184 1827 5226; x_wconf 89' lang='lat' dir='ltr'><strong>coram</strong></span> 
     </span>
     <span class='ocr_line' id='line_1_88' title="bbox 76 5252 1828 5330; baseline 0.004 -23"><span class='ocrx_word' id='word_1_759' title='bbox 76 5253 185 5323; x_wconf 90' lang='lat' dir='ltr'><strong>integro</strong></span> <span class='ocrx_word' id='word_1_760' title='bbox 198 5252 257 5308; x_wconf 87' lang='lat' dir='ltr'><strong>iore</strong></span> <span class='ocrx_word' id='word_1_761' title='bbox 273 5261 476 5323; x_wconf 86' lang='lat' dir='ltr'><strong>constructam,</strong></span> <span class='ocrx_word' id='word_1_762' title='bbox 503 5254 623 5326; x_wconf 86' lang='lat' dir='ltr'><strong>ideoque</strong></span> <span class='ocrx_word' id='word_1_763' title='bbox 646 5270 697 5311; x_wconf 91' lang='lat' dir='ltr'><strong>nos</strong></span> <span class='ocrx_word' id='word_1_764' title='bbox 711 5269 768 5311; x_wconf 89' lang='lat' dir='ltr'><strong>non</strong></span> <span class='ocrx_word' id='word_1_765' title='bbox 783 5256 921 5325; x_wconf 89' lang='lat' dir='ltr'><strong>recipien·</strong></span> <span class='ocrx_word' id='word_1_766' title='bbox 975 5257 1078 5314; x_wconf 89' lang='lat' dir='ltr'><strong>leretro</strong></span> <span class='ocrx_word' id='word_1_767' title='bbox 1101 5256 1129 5312; x_wconf 94' lang='lat' dir='ltr'><strong>in</strong></span> <span class='ocrx_word' id='word_1_768' title='bbox 1143 5256 1241 5313; x_wconf 89' lang='lat' dir='ltr'><strong>eadem</strong></span> <span class='ocrx_word' id='word_1_769' title='bbox 1265 5258 1349 5313; x_wconf 92' lang='lat' dir='ltr'><strong>domo</strong></span> <span class='ocrx_word' id='word_1_770' title='bbox 1371 5257 1535 5313; x_wconf 87' lang='lat' dir='ltr'><strong>solemniter</strong></span> <span class='ocrx_word' id='word_1_771' title='bbox 1567 5266 1756 5314; x_wconf 89' lang='lat' dir='ltr'><strong>cantaremus</strong></span> <span class='ocrx_word' id='word_1_772' title='bbox 1781 5258 1828 5330; x_wconf 87' lang='lat' dir='ltr'><strong>(al-</strong></span> 
     </span>
     <span class='ocr_line' id='line_1_89' title="bbox 75 5338 1827 5416; baseline 0.004 -20"><span class='ocrx_word' id='word_1_773' title='bbox 75 5340 136 5406; x_wconf 90' lang='lat' dir='ltr'><strong>dos,</strong></span> <span class='ocrx_word' id='word_1_774' title='bbox 153 5353 188 5396; x_wconf 88' lang='lat' dir='ltr'><strong>ne</strong></span> <span class='ocrx_word' id='word_1_775' title='bbox 210 5338 323 5396; x_wconf 89' lang='lat' dir='ltr'><strong>solitam</strong></span> <span class='ocrx_word' id='word_1_776' title='bbox 348 5343 491 5399; x_wconf 87' lang='lat' dir='ltr'><strong>amitteret</strong></span> <span class='ocrx_word' id='word_1_777' title='bbox 512 5343 721 5414; x_wconf 90' lang='lat' dir='ltr'><strong>negotiatorum</strong></span> <span class='ocrx_word' id='word_1_778' title='bbox 737 5343 920 5400; x_wconf 90' lang='lat' dir='ltr'><strong>oblationem.</strong></span> <span class='ocrx_word' id='word_1_779' title='bbox 975 5353 1035 5401; x_wconf 87' lang='lat' dir='ltr'><strong>tare</strong></span> <span class='ocrx_word' id='word_1_780' title='bbox 1048 5345 1187 5416; x_wconf 92' lang='lat' dir='ltr'><strong>siquieem</strong></span> <span class='ocrx_word' id='word_1_781' title='bbox 1207 5345 1348 5414; x_wconf 89' lang='lat' dir='ltr'><strong>portatile,</strong></span> <span class='ocrx_word' id='word_1_782' title='bbox 1373 5354 1400 5401; x_wconf 91' lang='lat' dir='ltr'><strong>ct</strong></span> <span class='ocrx_word' id='word_1_783' title='bbox 1424 5346 1521 5402; x_wconf 90' lang='lat' dir='ltr'><strong>omnia</strong></span> <span class='ocrx_word' id='word_1_784' title='bbox 1543 5344 1641 5400; x_wconf 76' lang='lat' dir='ltr'><strong>missae</strong></span> <span class='ocrx_word' id='word_1_785' title='bbox 1664 5347 1827 5403; x_wconf 88' lang='lat' dir='ltr'><strong>necessaria</strong></span> 
     </span>
     <span class='ocr_line' id='line_1_90' title="bbox 75 5427 1826 5504; baseline 0.004 -20"><span class='ocrx_word' id='word_1_786' title='bbox 75 5427 239 5485; x_wconf 83' lang='lat' dir='ltr'><strong>Virtamen</strong></span> <span class='ocrx_word' id='word_1_787' title='bbox 256 5427 338 5484; x_wconf 89' lang='lat' dir='ltr'><strong>nobis</strong></span> <span class='ocrx_word' id='word_1_788' title='bbox 352 5431 490 5488; x_wconf 88' lang='lat' dir='ltr'><strong>concessit</strong></span> <span class='ocrx_word' id='word_1_789' title='bbox 504 5440 544 5499; x_wconf 89' lang='lat' dir='ltr'><strong>ut,</strong></span> <span class='ocrx_word' id='word_1_790' title='bbox 562 5431 654 5488; x_wconf 89' lang='lat' dir='ltr'><strong>donec</strong></span> <span class='ocrx_word' id='word_1_791' title='bbox 668 5431 801 5489; x_wconf 89' lang='lat' dir='ltr'><strong>nimietas</strong></span> <span class='ocrx_word' id='word_1_792' title='bbox 816 5432 922 5503; x_wconf 81' lang='lat' dir='ltr'><strong>pluviae</strong></span> <span class='ocrx_word' id='word_1_793' title='bbox 975 5433 1124 5490; x_wconf 88' lang='lat' dir='ltr'><strong>nobiscum</strong></span> <span class='ocrx_word' id='word_1_794' title='bbox 1147 5432 1321 5503; x_wconf 83' lang='lat' dir='ltr'><strong>terebamus)</strong></span> <span class='ocrx_word' id='word_1_795' title='bbox 1344 5447 1409 5490; x_wconf 88' lang='lat' dir='ltr'><strong>ecce</strong></span> <span class='ocrx_word' id='word_1_796' title='bbox 1433 5432 1560 5503; x_wconf 91' lang='lat' dir='ltr'><strong>puellula</strong></span> <span class='ocrx_word' id='word_1_797' title='bbox 1585 5440 1701 5502; x_wconf 85' lang='lat' dir='ltr'><strong>sanata,</strong></span> <span class='ocrx_word' id='word_1_798' title='bbox 1727 5435 1826 5504; x_wconf 89' lang='lat' dir='ltr'><strong>pedem</strong></span> 
     </span>
    </p>
   </div>
   <div class='ocr_carea' id='block_1_20' title="bbox 0 0 1919 6008">
    <p class='ocr_par' dir='ltr' id='par_1_21' title="bbox 0 0 1919 6008">
     <span class='ocr_line' id='line_1_91' title="bbox 0 0 1919 6008; baseline 0 0"><span class='ocrx_word' id='word_1_799' title='bbox 0 0 1919 6008; x_wconf 95' lang='lat' dir='ltr'><strong> </strong></span> 
     </span>
    </p>
   </div>
  </div>
 </body>
</html>
