3794 6008
103 216 172 271 loon
466 190 471 195 ’
622 210 669 266 no
688 211 766 269 ove.
788 211 865 267 vnn.
881 209 1049 271 notentur
1067 210 1112 265 nr
1131 209 1329 268 novtuauvo
1787 209 1856 263 tont

103 352 249 419 vestitum,
266 351 361 406 lerunt
376 363 474 405 omnes
493 349 697 419 propemodum
714 349 952 405 monasteriorum
970 352 994 404 A
1009 348 1161 402 rntnetiam
1188 346 1354 402 clarissimis
1368 353 1456 416 atque
1477 346 1623 403 ditissimis
1637 344 1751 412 enituit,
1768 364 1782 392 o
1801 351 1854 398 etc.

103 441 296 499 fundationes.
311 426 356 494 'ln
383 439 591 494 restauratione
616 437 778 494 monasterii
802 437 953 493 Besuensis
1004 434 1150 492 deintra:
1170 457 1180 483 ‹
1208 434 1327 504 Lapides
1355 433 1481 500 terendo,
1504 433 1600 490 lenum
1621 432 1741 502 eptatis
1755 444 1854 486 secan-

105 532 145 588 ita
159 530 289 600 loqnitur
312 526 462 584 Alberlcus
488 526 685 597 lingonensis,
714 527 874 596 episcopus,
890 532 952 595 post
1005 521 1051 588 do,
1068 522 1182 579 stabula
1194 521 1334 589 curando,
1350 531 1377 577 et
1400 522 1535 590 maxime,
1549 530 1582 577 ut
1595 522 1668 577 idem
1686 519 1858 590 simpliciter

105 624 273 675 enumerata
287 629 304 671 a
318 629 347 671 se
375 614 499 670 collata:
516 635 529 663 «
544 614 577 669 lu
590 613 781 669 substantiam
799 612 952 668 monacho·
1006 609 1155 676 relerebat,
1169 608 1308 665 carbones
1319 608 1353 665 ad
1367 622 1454 678 opera
1464 607 1577 665 labrilia
1588 607 1727 674 iaciendo,
1746 606 1859 660 victum

105 720 181 772 rum,
197 712 225 761 et
239 702 404 759 alimoniam
430 716 600 773 pauperum,
617 708 644 757 et
660 708 692 758 ut
707 700 811 757 ibidem
832 699 952 756 delectr-
1006 698 1058 754 sibl
1073 712 1139 753 cum
1154 711 1243 768 parvo
1256 696 1541 767 censu1providebah
1557 718 1567 744 ι
1590 694 1701 761 Sarius,
1720 702 1789 750 tom.
1809 692 1857 747 lll.

107 801 155 851 tur
169 793 261 849 servis
275 791 325 848 liei
347 792 467 846 Domino
486 790 592 846 servire
599 804 607 860 3
620 797 648 845 et
663 804 714 859 pro
739 804 804 859 rege
832 789 953 859 ejusque
1007 785 1145 857 sigebert.
1162 786 1196 841 ad
1213 799 1323 841 annum
1341 786 1417 840 toatt.

107 883 240 953 conjuge,
260 887 288 936 et
306 879 405 935 liberis
427 877 519 949 ipsius
534 886 562 933 et
575 878 662 934 totius
674 876 785 948 imperii
800 877 954 940 stabilitate
1044 873 1086 945 (⁴¹)
1102 874 1170 930 lom.
1186 873 1330 943 -ttcjm
1356 872 1562 930 monasterium
1582 871 1718 944 petinere.
1742 868 1861 926 Celebre

104 970 214 1043 jugiter
250 968 363 1024 Domini
406 965 628 1023 misericordiam
658 965 822 1036 implorare,
853 987 864 1014 ι
899 973 953 1021 etc.
1008 961 1082 1018 istud
1101 961 1305 1018 monasterium
1326 959 1733 1032 prope'luronesadtluenta
1750 958 1863 1028 Ligeris

107 1057 267 1114 Chronicou
290 1057 431 1112 Bonnense
457 1068 510 1110 ms.
540 1053 593 1110 Sed
615 1062 643 1110 et
658 1052 791 1109 bidricus
808 1051 954 1109 Senonen·
1007 1051 1105 1118 situm,
1122 1058 1252 1107 asancto
1272 1050 1395 1108 llartino
1424 1050 1634 1121 archiepiscopo
1659 1047 1784 1118 sumpsit
1809 1044 1863 1101 lni-

107 1145 146 1202 sls
160 1144 288 1210 antistes,
306 1142 358 1197 boc
385 1156 472 1198 sensu
497 1155 566 1197 suos
582 1139 781 1212 suffraganeos
799 1139 955 1210 compella·
1009 1136 1090 1193 tium.
1117 1137 1156 1197 De
1180 1151 1238 1206 quo
1257 1135 1411 1208 Gregorius
1435 1137 1544 1194 turon.
1566 1137 1605 1193 lie
1623 1135 1715 1208 gloria
1736 1134 1861 1191 couless.

109 1234 158 1291 bat
191 1233 219 1287 in
248 1231 348 1288 charta
372 1245 425 1286 ms.
466 1229 682 1285 instaurationis
709 1228 829 1285 coenobil
861 1227 955 1284 Sancti
1008 1223 1243 1294 cap.8;lllaber.
1260 1225 1308 1280 lib.
1325 1239 1446 1296 1u‚cap.
1464 1224 1610 1293 aetatu.

108 1320 228 1392 Remigii
253 1333 341 1390 prope
367 1318 523 1375 Senum:
552 1336 565 1368 v
591 1316 721 1373 Sciamus
746 1331 805 1372 rem
832 1316 956 1372 ecciesiae
1045 1314 1079 1368 Et
1097 1313 1234 1384 quoniam
1267 1313 1515 1370 nomenclaturam
1542 1312 1714 1370 abbatuma
1738 1311 1864 1368 Roberto

108 1425 169 1467 esse
188 1408 346 1465 oblationes
372 1405 509 1472 lidelinm,
538 1406 627 1475 pretia
656 1413 848 1475 pcccatorum,
873 1406 958 1475 patri·
1011 1401 1040 1456 iu
1069 1400 1158 1456 Gallia
1184 1401 1347 1457 Christiana
1370 1402 1539 1472 expositam,
1556 1401 1585 1457 in
1611 1401 1708 1457 multis
1729 1400 1862 1455 vitiosam

109 1498 207 1555 monia
242 1509 412 1567 pauperum,
441 1508 548 1564 easque
591 1494 672 1550 nobis
704 1492 956 1560 administrandas,
1010 1488 1212 1555 animadverti,
1241 1497 1384 1560 quotquot
1411 1504 1448 1546 ex
1470 1490 1599 1560 antiquis
1625 1489 1804 1545 membranis
1833 1500 1864 1541 ac

110 1584 318 1657 procurandas,
348 1589 435 1653 atque
462 1582 638 1638 ordinandas
657 1583 823 1651 suscepisse,
854 1582 958 1636 barum
1013 1576 1168 1633 ruderibus
1191 1576 1321 1647 eiusdem
1362 1577 1485 1635 abbatiae
1517 1578 1643 1647 reperire
1670 1577 1778 1643 licebit,
1809 1575 1864 1631 buc

110 1688 207 1731 rerum
240 1672 487 1728 administratores
510 1685 563 1727 nos
588 1685 659 1738 esse,
688 1670 849 1726 meminisse
872 1669 956 1725 debc-
979 1644 1140 1720 Battentare
1154 1663 1231 1720 haud
1248 1663 1349 1720 inutile
1362 1664 1571 1735 torciudicavi.

111 1775 177 1818 mus
198 1777 204 1814 :
221 1769 248 1816 et
263 1759 392 1815 redditus
406 1771 606 1828 expansasque
621 1770 721 1814 earum
737 1757 776 1813 eis
793 1756 893 1813 usibus
908 1771 958 1826 ap·
1119 1751 1264 1807 Elencltns
1286 1752 1422 1808 abactam
1436 1752 1559 1822 Majorio
1573 1749 1743 1807 monostemi
1748 1790 1755 1807 .

111 1849 229 1918 plicare,
246 1860 371 1917 quorum
391 1846 484 1917 gratia
505 1845 612 1902 divinis
624 1846 763 1902 altaribus
777 1845 901 1917 alligatae
913 1860 960 1900 no-
1050 1840 1163 1896 Ptimus
1177 1839 1266 1896 abbas
1282 1854 1315 1896 ac
1345 1839 1482 1897 lundator
1505 1848 1623 1896 sauctus
1645 1839 1789 1895 llartinus
1804 1838 1864 1908 cpi·

111 1941 243 1991 suuntur.
265 1954 278 1980 n
306 1931 466 1987 Chronicon
490 1931 661 1987 Divionense
681 1932 819 1989 ineditum
836 1947 842 1987 :
861 1931 961 1988 tCon·
1014 1943 1119 1999 scopus
1133 1929 1317 1985 Turonensis.
1331 1928 1526 1986 ll.Galbortns
1541 1944 1558 1986 a
1572 1930 1603 1985 B.
1620 1929 1745 1985 llartino
1761 1929 1864 1985 electus

112 2019 179 2079 tulit
203 2033 255 2076 rex
288 2019 478 2075 Guutrannus
510 2020 567 2075 Deo
595 2027 621 2075 et
644 2027 742 2076 sancto
770 2020 896 2091 Benigno
924 2019 960 2075 ad
1015 2033 1049 2075 ac
1064 2018 1335 2085 benedictuslluem
1345 2020 1491 2075 consecuti
1500 2018 1648 2090 regulares
1658 2016 1862 2087 abbateslquo

112 2109 221 2165 victum
234 2108 442 2163 monachorum
461 2107 516 2163 lieo
536 2107 565 2161 in
583 2107 636 2163 boo
651 2107 711 2163 loco
726 2107 960 2173 deservientium,
1016 2121 1080 2164 rum
1101 2107 1220 2162 nomina
1234 2106 1377 2162 oblivione
1397 2106 1519 2177 sepulta)
1543 2120 1658 2162 omnem
1683 2110 1862 2162 navaverunt

113 2205 147 2255 ut
161 2210 212 2267 pro
227 2210 255 2252 se
270 2209 304 2251 ac
326 2195 508 2265 sequentinm
533 2209 634 2266 regum
654 2195 746 2252 salute
769 2203 796 2252 et
826 2202 960 2266 peccato·
1015 2209 1141 2266 operam,
1159 2203 1191 2251 ut
1206 2195 1234 2249 in
1258 2195 1357 2265 llajorl
1373 2197 1545 2252 monasterio
1564 2194 1665 2266 religio
1682 2193 1809 2250 lloreret.

114 2299 179 2342 rum
193 2284 360 2340 remissione
374 2284 502 2339 divinam
518 2291 637 2340 exorent
660 2284 839 2341 clementiam
862 2298 961 2340 mona·
1055 2288 1128 2338 582
1151 2284 1199 2338 lll.
1216 2283 1251 2339 lit
1265 2283 1318 2339 hoc
1339 2284 1474 2353 equidem
1487 2297 1579 2354 usque
1592 2283 1627 2339 ad
1642 2281 1804 2339 llobertum
1819 2294 1862 2336 oo

114 2372 170 2429 obi.
198 2374 320 2443 insuper
347 2371 431 2427 etiam
476 2371 599 2427 instituit
628 2378 659 2427 ut
685 2373 720 2428 ad
745 2372 962 2429 similitudinem
1017 2373 1113 2429 mitem
1138 2372 1244 2429 Odonis
1270 2372 1346 2440 regis
1369 2373 1508 2429 tratrem:
1532 2373 1584 2443 qui
1608 2386 1703 2428 comes
1730 2380 1760 2427 et
1779 2370 1863 2427 abbas

113 2460 279 2518 monasterii
297 2459 467 2516 Sanctorum
498 2460 728 2530 Agauuensium,
751 2461 800 2517 diu
817 2468 963 2530 noctuque
1017 2461 1132 2531 llaJoris
1148 2461 1323 2528 monasterii,
1341 2461 1371 2517 iu
1387 2462 1488 2517 charta
1502 2474 1578 2516 anno
1593 2462 1608 2515 6
1625 2458 1708 2530 regui
1738 2459 1864 2532 ejusdcm

114 2550 246 2607 divinum
264 2547 473 2619 persolveretur
488 2547 626 2614 olltcium,
644 2569 658 2596 v
670 2556 722 2603 etc.
1016 2547 1121 2604 odonis
1136 2547 1273 2616 conlecta,
1289 2554 1486 2618 nuncupatur.

151 2636 314 2694 Ludovicus
341 2636 409 2691 Plus
437 2636 591 2704 imperator
614 2635 763 2692 monacbis
790 2635 963 2694 Anianonsi-
1053 2637 1201 2692 Destructo
1240 2636 1488 2691 allorthmannis
1523 2635 1704 2700 monasterio,
1729 2635 1866 2705 caesisque

114 2723 170 2780 bus
195 2721 342 2778 ecclesiam
371 2720 466 2776 Sancti
494 2721 605 2777 llartini
633 2721 816 2783 Arelatensis,
829 2729 856 2778 et
880 2736 964 2793 quae-
1017 2724 1176 2788 monachis,
1193 2724 1242 2796 qui
1258 2724 1426 2795 superstites
1441 2724 1560 2780 luerunt
1574 2738 1632 2779 uua
1649 2738 1716 2780 cum
1738 2724 1868 2779 sacratis

116 2825 232 2882 cunque
258 2823 291 2865 ac
321 2822 383 2865 eam
414 2809 598 2878 pertinerent,
622 2808 789 2876 concedens,
819 2808 862 2864 bis
890 2810 964 2865 inter
1019 2813 1090 2868 sinto
1106 2813 1137 2867 B.
1156 2812 1269 2868 blattini
1288 2813 1405 2883 pignore
1434 2812 1463 2867 ln
1488 2812 1687 2882 Burgundiam
1716 2823 1867 2875 secessere,

117 2898 175 2955 alia
188 2897 283 2954 verbis
296 2896 389 2951 utitur
405 2910 410 2949 :
431 2917 441 2943 ‹
460 2895 540 2952 lianc
565 2903 668 2952 nostrae
683 2898 861 2954 auctoritatis
874 2898 963 2953 dona·
983 2903 1055 2990 CAt
1066 2915 1103 2956 ex
1117 2900 1226 2956 clericis
1253 2899 1386 2956 nonnulli
1412 2899 1486 2956 iuter
1502 2899 1603 2955 ruinas
1621 2899 1676 2956 sibi
1691 2900 1870 2956 labricavero

117 2986 223 3044 tionem
248 2991 404 3041 memorato
419 2983 590 3041 monasterio
618 2983 653 3038 ad
681 2983 821 3053 stipendia
841 2983 962 3040 tratrum
1019 2988 1208 3055 domicilium,
1222 2996 1250 3045 et
1264 2987 1358 3044 locum
1383 2988 1481 3058 plures
1504 3001 1554 3057 per
1569 2999 1661 3042 anuos
1675 2992 1867 3056 occuparunt.

118 3075 221 3132 ibidem
239 3075 295 3130 Deo
308 3071 521 3140 tamulantium,
538 3079 566 3128 et
582 3072 617 3128 ad
636 3071 765 3128 subsidia
791 3086 963 3143 pauperum,
1020 3078 1062 3133 lta
1077 3076 1111 3132 iis
1126 3076 1334 3147 pretermissis,
1348 3076 1385 3132 ad
1401 3075 1548 3147 regulares
1563 3075 1787 3132 transeundum.

118 3163 212 3219 velad
239 3169 358 3218 cunctas
380 3161 508 3231 ejusdem
531 3160 695 3217 monasterii
717 3160 820 3216 Auiani
845 3161 965 3217 necessi·
1055 3165 1103 3221 tv.
1126 3164 1153 3220 S.
1172 3165 1291 3236 tlajolus
1310 3165 1399 3220 abbas
1424 3163 1629 3230 cluniacensis,
1660 3170 1783 3233 rogante
1808 3160 1866 3216 Ble

119 3258 191 3308 tates
215 3250 414 3316 consulendas,
441 3249 477 3304 ob
495 3250 722 3306 emolumentum
742 3249 965 3306 animaeuostrae
1017 3253 1094 3309 sensi
1122 3252 1223 3308 comite
1248 3252 1355 3320 (idone,
1387 3254 1577 3308 monasticum
1609 3251 1742 3307 ordinem
1774 3249 1865 3322 postli-

120 3338 323 3410 perpetualiter
356 3337 557 3401 concessimus.
575 3358 589 3386 »
611 3345 665 3394 etc.
693 3337 738 3394 Sic
765 3339 965 3395 vetustissime
1019 3341 1108 3397 minio
1128 3340 1159 3397 in
1185 3341 1339 3411 pristinum
1369 3349 1476 3397 statum
1504 3340 1658 3397 revocavit.
1686 3338 1786 3395 Prodit
1811 3339 1866 3394 hac

119 3427 303 3484 membranae.
1019 3430 1132 3487 disertis
1154 3431 1249 3487 verbis
1276 3431 1377 3487 charta
1399 3429 1560 3485 donationis
1584 3443 1685 3485 eorum
1711 3443 1781 3500 quae
1811 3427 1866 3483 Sto

154 3515 204 3572 llis
219 3528 344 3571 consona
358 3512 531 3569 deecclesia
545 3511 649 3582 opibus
663 3511 745 3569 effert
759 3512 965 3580 Tertullianus,
1020 3520 1135 3589 pbanus
1161 3519 1300 3575 Blesensis
1323 3531 1416 3575 comes
1440 3518 1539 3589 llajori
1558 3516 1730 3574 monasterio
1747 3514 1869 3572 contule

118 3601 265 3673 All⁰¹⁰lll³l·
289 3614 350 3670 cal)-
376 3601 409 3655 39
438 3615 445 3654 ²
466 3622 476 3647 ‘
504 3600 569 3655 ¹¹aess
598 3600 725 3670 d⁰l⁰⁸l¹³
752 3601 866 3671 pietatis
886 3607 964 3669 sunt,
1021 3611 1074 3664 rat.
1096 3607 1174 3665 «Ubi
1191 3607 1251 3664 (ido
1265 3621 1338 3664 avus
1353 3621 1443 3676 meus,
1471 3607 1566 3676 inquit
1580 3607 1649 3676 ipse,
1664 3612 1692 3661 et
1706 3604 1797 3661 irater
1810 3604 1871 3674 ejus

119 3688 456 3759 namindenonepulls,
475 3702 533 3744 non
563 3689 713 3757 potaculis,
739 3705 792 3746 uec
811 3690 966 3746 voratrinis
1020 3696 1102 3766 Hugo
1138 3693 1324 3771 bituricensis
1348 3695 1582 3766 archiepiscopus
1593 3702 1621 3750 et
1653 3707 1758 3749 eorum
1783 3700 1873 3748 meter

118 3777 310 3848 dispensatur,
322 3777 369 3833 sed
380 3776 605 3847 egenisalendis,
620 3776 842 3848 humandisque,
859 3785 886 3834 et
900 3792 967 3849 pue
1022 3783 1259 3855 humatijacen13
1278 3792 1305 3840 et
1320 3783 1397 3854 quod
1414 3791 1476 3853 post
1501 3782 1678 3838 eversionem
1693 3793 1710 3836 a
1726 3782 1818 3837 banis
1831 3779 1874 3835 la-

118 3865 159 3922 flS
174 3865 334 3936 aclflllllls
349 3879 379 3920 lss
395 3878 429 3920 ὅθ
452 3865 620 3934 parentibus
643 3865 793 3934 desistitis,
814 3888 828 3915 v
845 3874 897 3923 etc.
923 3867 967 3922 Ad
1021 3879 1096 3929 ctam
1121 3879 1313 3940 exstructum,
1336 3879 1374 3939 et,
1401 3872 1503 3928 amotis
1516 3870 1669 3936 canonicis,
1686 3869 1877 3927 lacultatibus

119 3968 179 4010 rom
206 3955 376 4024 istamque
402 3953 438 4008 ad
465 3967 532 4009 suas
557 3953 670 4009 constit.
699 3954 841 4011 Benedici.
869 3954 967 4012 Patres
1021 3960 1082 4017 suis
1111 3963 1241 4025 anctum,
1257 3960 1412 4016 monastico
1437 3959 1541 4027 ordini,
1567 3959 1618 4030 qul
1636 3958 1673 4014 ab
1694 3957 1779 4016 initio
1800 3958 1875 4015 euti-

119 4039 201 4108 regni
217 4039 401 4111 Portugalliae
416 4040 528 4110 amplas
555 4042 742 4110 possessiones
770 4043 879 4099 ordinis
907 4058 966 4100 me·
1022 4048 1131 4119 quitus,
1148 4055 1302 4117 atempore
1320 4047 1394 4104 beati
1420 4047 1535 4105 Martini
1561 4045 1601 4102 ibi
1615 4046 1720 4113 luerat,
1737 4047 1875 4104 restitue·

119 4135 274 4195 morantes,
308 4127 538 4197 praeloquuntur,
569 4129 762 4187 adnotabat«
788 4132 855 4188 llaec
869 4131 967 4188 etalio
1022 4145 1107 4206 runt;
1124 4135 1316 4205 abbatemque
1336 4134 1542 4193 Guillebertum
1563 4135 1680 4192 nomine
1700 4144 1873 4205 posuerunt,

118 4214 318 4271 omittimusin
333 4213 467 4271 ecclesias
480 4215 602 4272 redacta.
985 4229 1039 4286 ba
1065 4231 1164 4280 sancto
1192 4224 1295 4280 llaiolo
1318 4223 1373 4280 sibi
1390 4223 1425 4279 de
1446 4222 1581 4280 cluniaco
1604 4223 1715 4279 datum.
1743 4225 1876 4288 Quorum

189 4309 309 4383 Singula
322 4328 384 4383 qua
397 4311 475 4367 sacti
490 4312 602 4367 attrivit
611 4311 655 4368 sic
668 4330 744 4368 cana
759 4317 895 4383 vetantes,
1021 4326 1145 4383 sequens
1160 4312 1280 4384 vestigia
1296 4320 1376 4383 pater
1403 4326 1494 4380 meus,
1510 4320 1573 4369 tum
1596 4325 1647 4381 pro
1671 4312 1839 4368 reverentia
1851 4319 1877 4368 et

194 4382 232 4436 Ul
244 4388 360 4438 'dam‘
375 4384 689 4455 ptaelerwllfflsllm
703 4384 787 4440 “ihil-
1021 4413 1119 4456 amore
1138 4400 1253 4471 gloriosi
1275 4400 1446 4457 contessoris
1467 4399 1571 4457 Christi
1595 4399 1721 4467 llartini,
1739 4408 1804 4458 tum
1826 4415 1878 4473 pro

119 4479 269 4535 Eatameu
294 4479 486 4550 perstringere
502 4479 577 4546 libet,
604 4478 674 4549 qnia
690 4479 755 4536 licet
780 4481 968 4540 alienationes
1021 4488 1159 4560 religione
1181 4488 1406 4546 inhabitantium
1430 4489 1650 4557 monachorum,
1664 4489 1800 4545 eamdem
1823 4491 1878 4546 ab·

119 4565 202 4622 uobis
215 4566 273 4623 sint
286 4567 397 4624 dolores
410 4567 560 4623 oculorum
589 4574 617 4623 et
630 4567 730 4635 animi,
752 4570 858 4626 indices
872 4580 966 4627 tamen
1022 4577 1129 4633 baviam
1148 4577 1184 4634 (to
1209 4577 1371 4635 substantio
1393 4592 1448 4635 ouo
1478 4578 1632 4635 honoravit
1659 4577 1822 4634 admodum
1851 4586 1880 4634 oi

119 4662 189 4711 sunt
225 4655 397 4711 sanctissimi
437 4654 607 4725 patriarchae
630 4655 794 4728 tBenedicti)
819 4658 968 4716 charitatis
1021 4667 1230 4737 augmentavit,
1250 4688 1261 4716 ι
1284 4674 1338 4723 oto.
1364 4668 1404 4724 leo
1425 4667 1515 4738 igitur
1542 4666 1717 4723 monasterio
1742 4667 1879 4737 apprimo

118 4751 146 4800 et
167 4744 334 4800 meritorum
369 4743 458 4813 ipsius
484 4743 569 4813 (adde
596 4751 624 4800 et
646 4744 770 4802 liliorum
786 4747 906 4818 [pietatis
933 4762 968 4806 ac
1020 4755 1154 4821 stabilito,
1171 4763 1198 4810 et
1218 4754 1388 4826 dignitatem
1403 4755 1585 4817 abbatialem,
1601 4763 1628 4810 et
1640 4754 1877 4825 jurisdictionem

119 4828 264 4899 dorotinae)
280 4830 340 4885 vivi
355 4844 508 4900 braecones,
525 4853 539 4880 v
555 4837 608 4886 0²⁰·
1021 4842 1274 4914 omnimodamque
1297 4851 1463 4916 potestatem
1490 4845 1520 4900 in
1548 4845 1683 4900 bumems
1721 4841 1877 4900 Gisleborti

157 4913 205 4989 (³⁹)
221 4920 288 4974 Car.
307 4918 356 4973 tx.
370 4947 405 4957 -
436 4918 598 4972 Vocabatur
616 4922 712 4975 aulem
727 4920 789 4993 ipae
805 4923 966 4982 Ebrnrdns.
1020 4932 1160 5001 deposuit,

119 5004 209 5072 Quem
229 5006 330 5077 paucis
345 5005 445 5062 laudat
460 5007 598 5063 Andreas
613 5009 761 5066 buchesue
776 5010 881 5068 llistor.
893 5014 967 5069 ltro-
1057 5019 1087 5073 ll.
1104 5017 1281 5076 Gislobertus
1296 5020 1428 5077 unanimi
1447 5019 1570 5077 lratrum
1587 5031 1708 5076 assensu
1723 5016 1756 5073 in
1775 5032 1876 5076 cmun-

119 5108 195 5151 ceus.
213 5094 262 5151 lib.
279 5111 298 5163 t,
321 5108 386 5165 pag.
403 5095 448 5161 at,
465 5094 515 5151 ubi
538 5104 564 5152 et
577 5097 612 5154 de
625 5095 736 5153 familia
751 5099 886 5156 comitum
903 5102 968 5158 Bri·
1022 5103 1170 5161 blancham
1186 5114 1352 5178 assumptus
1365 5117 1407 5165 est
1422 5122 1473 5166 aa.
1490 5110 1552 5164 ato.

119 5181 284 5239 tollensium
299 5197 306 5237 :
321 5181 401 5237 illum
418 5196 451 5237 co
467 5181 519 5238 loci
537 5183 593 5250 adi,
609 5183 633 5239 si
648 5184 749 5252 placet.
1060 5193 1107 5250 Vl.
1125 5193 1278 5252 Beruerius
1292 5197 1354 5251 eat.

156 5270 284 5341 (vitun.
301 5300 336 5310 -
357 5269 581 5339 theodebaldus,
609 5279 662 5327 eto.
689 5273 750 5328 slve
773 5274 964 5334 theobaldus.
1059 5280 1118 5337 Vll.
1145 5281 1325 5341 Gauzbcrtus
1365 5285 1459 5355 primo
1493 5283 1590 5341 Sancti
1619 5282 1732 5340 iuliani
1762 5284 1874 5341 Toron.

121 5355 211 5428 Cujus
234 5359 410 5430 biographus
435 5359 459 5415 ei
488 5367 745 5430 contemporaneus
772 5361 832 5418 baec
856 5362 964 5422 babet:
1022 5366 1123 5426 deinde
1137 5370 1352 5443 simulllajoris
1366 5381 1489 5430 monast.
1507 5371 1651 5444 Burgulii,
1665 5379 1694 5429 et
1709 5371 1877 5430 Halleaocu.

122 5464 136 5495 c
156 5446 338 5505 'theobaldus
364 5447 533 5518 parentibus
558 5462 615 5505 non
629 5448 723 5506 solum
745 5450 898 5521 nobilibus,
915 5468 966 5511 te·
1019 5455 1059 5513 sis
1074 5457 1165 5514 abbas
1179 5459 1233 5517 luit
1248 5463 1326 5517 toot.
