<?xml version="1.0" encoding="UTF-8"?>
<!DOCTYPE html PUBLIC "-//W3C//DTD XHTML 1.0 Transitional//EN"
    "http://www.w3.org/TR/xhtml1/DTD/xhtml1-transitional.dtd">
<html xmlns="http://www.w3.org/1999/xhtml" xml:lang="en" lang="en">
 <head>
  <title>
</title>
<meta http-equiv="Content-Type" content="text/html;charset=utf-8" />
  <meta name='ocr-system' content='tesseract 3.04.00' />
  <meta name='ocr-capabilities' content='ocr_page ocr_carea ocr_par ocr_line ocrx_word'/>
</head>
<body>
  <div class='ocr_page' id='page_1' title='image "./patrologiaecurs05unkngoog_0148.png"; bbox 0 0 3818 6008; ppageno 0'>
   <div class='ocr_carea' id='block_1_1' title="bbox 570 107 1092 169">
    <p class='ocr_par' dir='ltr' id='par_1_1' title="bbox 570 107 1092 169">
     <span class='ocr_line' id='line_1_1' title="bbox 570 107 1092 169; baseline 0 -5"><span class='ocrx_word' id='word_1_1' title='bbox 570 107 754 167; x_wconf 79' lang='lat' dir='ltr'><strong>uonatltttt</strong></span> <span class='ocrx_word' id='word_1_2' title='bbox 774 110 807 167; x_wconf 85' lang='lat' dir='ltr'><strong>ut</strong></span> <span class='ocrx_word' id='word_1_3' title='bbox 820 111 968 169; x_wconf 73' lang='lat' dir='ltr'><strong>essesut</strong></span> <span class='ocrx_word' id='word_1_4' title='bbox 985 111 1048 168; x_wconf 81' lang='lat' dir='ltr'><strong>ltu.</strong></span> <span class='ocrx_word' id='word_1_5' title='bbox 1063 112 1092 166; x_wconf 83' lang='lat' dir='ltr'><strong>X.</strong></span> 
     </span>
    </p>
   </div>
   <div class='ocr_carea' id='block_1_2' title="bbox 308 436 1304 752">
    <p class='ocr_par' dir='ltr' id='par_1_2' title="bbox 308 436 1304 752">
     <span class='ocr_line' id='line_1_2' title="bbox 511 436 1114 513; baseline 0.005 -4"><span class='ocrx_word' id='word_1_6' title='bbox 511 436 689 511; x_wconf 84' lang='lat' dir='ltr'><strong>rocrrrr</strong></span> <span class='ocrx_word' id='word_1_7' title='bbox 720 437 862 511; x_wconf 82' lang='lat' dir='ltr'><strong>urano</strong></span> <span class='ocrx_word' id='word_1_8' title='bbox 891 437 1114 513; x_wconf 83' lang='lat' dir='ltr'><strong>uncinus.</strong></span> 
     </span>
     <span class='ocr_line' id='line_1_3' title="bbox 308 645 1304 752; baseline -0.002 -3"><span class='ocrx_word' id='word_1_9' title='bbox 308 645 731 752; x_wconf 83' lang='lat' dir='ltr'><strong>MORALIUM</strong></span> <span class='ocrx_word' id='word_1_10' title='bbox 800 646 880 749; x_wconf 91' lang='lat' dir='ltr'><strong>IN</strong></span> <span class='ocrx_word' id='word_1_11' title='bbox 951 645 1304 751; x_wconf 87' lang='lat' dir='ltr'><strong>GENESIN.</strong></span> 
     </span>
    </p>
   </div>
   <div class='ocr_carea' id='block_1_3' title="bbox 55 1055 1685 4921">
    <p class='ocr_par' dir='ltr' id='par_1_3' title="bbox 55 1055 1685 4921">
     <span class='ocr_line' id='line_1_4' title="bbox 59 1055 1682 1131; baseline 0.005 -22"><span class='ocrx_word' id='word_1_12' title='bbox 59 1056 203 1131; x_wconf 84' lang='lat' dir='ltr'><strong>iantehep</strong></span> <span class='ocrx_word' id='word_1_13' title='bbox 225 1057 380 1122; x_wconf 82' lang='lat' dir='ltr'><strong>decimum,</strong></span> <span class='ocrx_word' id='word_1_14' title='bbox 397 1069 483 1126; x_wconf 92' lang='lat' dir='ltr'><strong>quem</strong></span> <span class='ocrx_word' id='word_1_15' title='bbox 505 1062 533 1112; x_wconf 87' lang='lat' dir='ltr'><strong>et</strong></span> <span class='ocrx_word' id='word_1_16' title='bbox 556 1055 780 1128; x_wconf 89' lang='lat' dir='ltr'><strong>putamusulti-</strong></span> <span class='ocrx_word' id='word_1_17' title='bbox 799 1056 965 1112; x_wconf 81' lang='lat' dir='ltr'><strong>Acesson&#39;e.</strong></span> <span class='ocrx_word' id='word_1_18' title='bbox 993 1057 1145 1124; x_wconf 81' lang='lat' dir='ltr'><strong>Aderant,</strong></span> <span class='ocrx_word' id='word_1_19' title='bbox 1180 1073 1245 1113; x_wconf 91' lang='lat' dir='ltr'><strong>cnm</strong></span> <span class='ocrx_word' id='word_1_20' title='bbox 1275 1057 1305 1114; x_wconf 91' lang='lat' dir='ltr'><strong>in</strong></span> <span class='ocrx_word' id='word_1_21' title='bbox 1338 1061 1519 1116; x_wconf 86' lang='lat' dir='ltr'><strong>veneratione</strong></span> <span class='ocrx_word' id='word_1_22' title='bbox 1554 1060 1682 1126; x_wconf 83' lang='lat' dir='ltr'><strong>hahent,</strong></span> 
     </span>
     <span class='ocr_line' id='line_1_5' title="bbox 56 1142 1684 1214; baseline 0.003 -15"><span class='ocrx_word' id='word_1_23' title='bbox 56 1158 70 1199; x_wconf 90' lang='lat' dir='ltr'><strong>n</strong></span> <span class='ocrx_word' id='word_1_24' title='bbox 84 1143 186 1200; x_wconf 87' lang='lat' dir='ltr'><strong>Genesi</strong></span> <span class='ocrx_word' id='word_1_25' title='bbox 202 1142 331 1200; x_wconf 91' lang='lat' dir='ltr'><strong>libellum</strong></span> <span class='ocrx_word' id='word_1_26' title='bbox 347 1143 506 1211; x_wconf 83' lang='lat' dir='ltr'><strong>adorimur,</strong></span> <span class='ocrx_word' id='word_1_27' title='bbox 528 1143 608 1200; x_wconf 89' lang='lat' dir='ltr'><strong>illum</strong></span> <span class='ocrx_word' id='word_1_28' title='bbox 620 1143 672 1214; x_wconf 91' lang='lat' dir='ltr'><strong>qui</strong></span> <span class='ocrx_word' id='word_1_29' title='bbox 688 1156 738 1213; x_wconf 90' lang='lat' dir='ltr'><strong>pro</strong></span> <span class='ocrx_word' id='word_1_30' title='bbox 753 1157 783 1199; x_wconf 89' lang='lat' dir='ltr'><strong>se</strong></span> <span class='ocrx_word' id='word_1_31' title='bbox 837 1149 1047 1214; x_wconf 86' lang='lat' dir='ltr'><strong>agnoscuntur,</strong></span> <span class='ocrx_word' id='word_1_32' title='bbox 1072 1158 1139 1200; x_wconf 87' lang='lat' dir='ltr'><strong>cunr</strong></span> <span class='ocrx_word' id='word_1_33' title='bbox 1164 1145 1253 1201; x_wconf 91' lang='lat' dir='ltr'><strong>nostri</strong></span> <span class='ocrx_word' id='word_1_34' title='bbox 1276 1145 1430 1202; x_wconf 80' lang='lat' dir='ltr'><strong>rationales</strong></span> <span class='ocrx_word' id='word_1_35' title='bbox 1445 1155 1539 1203; x_wconf 88' lang='lat' dir='ltr'><strong>motus</strong></span> <span class='ocrx_word' id='word_1_36' title='bbox 1554 1148 1684 1204; x_wconf 90' lang='lat' dir='ltr'><strong>dulcedi-</strong></span> 
     </span>
     <span class='ocr_line' id='line_1_6' title="bbox 58 1231 1683 1312; baseline 0.002 -23"><span class='ocrx_word' id='word_1_37' title='bbox 58 1233 135 1312; x_wconf 85' lang='lat' dir='ltr'><strong>tibus</strong></span> <span class='ocrx_word' id='word_1_38' title='bbox 159 1233 296 1289; x_wconf 87' lang='lat' dir='ltr'><strong>denarius</strong></span> <span class='ocrx_word' id='word_1_39' title='bbox 323 1241 375 1300; x_wconf 91' lang='lat' dir='ltr'><strong>est,</strong></span> <span class='ocrx_word' id='word_1_40' title='bbox 404 1241 567 1300; x_wconf 82' lang='lat' dir='ltr'><strong>exorantes,</strong></span> <span class='ocrx_word' id='word_1_41' title='bbox 593 1232 699 1303; x_wconf 95' lang='lat' dir='ltr'><strong>utqui</strong></span> <span class='ocrx_word' id='word_1_42' title='bbox 725 1232 783 1288; x_wconf 90' lang='lat' dir='ltr'><strong>huo</strong></span> <span class='ocrx_word' id='word_1_43' title='bbox 838 1246 901 1288; x_wconf 90' lang='lat' dir='ltr'><strong>nem</strong></span> <span class='ocrx_word' id='word_1_44' title='bbox 918 1231 1370 1306; x_wconf 83' lang='lat' dir='ltr'><strong>ejusexperiunturaediligunt.</strong></span> <span class='ocrx_word' id='word_1_45' title='bbox 1386 1236 1683 1306; x_wconf 84' lang='lat' dir='ltr'><strong>Appetitnscoelestis,</strong></span> 
     </span>
     <span class='ocr_line' id='line_1_7' title="bbox 56 1320 1685 1392; baseline 0.003 -15"><span class='ocrx_word' id='word_1_46' title='bbox 56 1335 207 1378; x_wconf 80' lang='lat' dir='ltr'><strong>excursum</strong></span> <span class='ocrx_word' id='word_1_47' title='bbox 233 1321 320 1384; x_wconf 80' lang='lat' dir='ltr'><strong>dedit.</strong></span> <span class='ocrx_word' id='word_1_48' title='bbox 344 1321 431 1378; x_wconf 86' lang='lat' dir='ltr'><strong>linem</strong></span> <span class='ocrx_word' id='word_1_49' title='bbox 453 1321 595 1392; x_wconf 90' lang='lat' dir='ltr'><strong>largiatur</strong></span> <span class='ocrx_word' id='word_1_50' title='bbox 619 1322 780 1377; x_wconf 90' lang='lat' dir='ltr'><strong>honestum.</strong></span> <span class='ocrx_word' id='word_1_51' title='bbox 837 1321 920 1390; x_wconf 84' lang='lat' dir='ltr'><strong>quasi</strong></span> <span class='ocrx_word' id='word_1_52' title='bbox 941 1320 976 1376; x_wconf 92' lang='lat' dir='ltr'><strong>ad</strong></span> <span class='ocrx_word' id='word_1_53' title='bbox 993 1321 1111 1390; x_wconf 87' lang='lat' dir='ltr'><strong>alienos,</strong></span> <span class='ocrx_word' id='word_1_54' title='bbox 1132 1322 1235 1378; x_wconf 92' lang='lat' dir='ltr'><strong>durius</strong></span> <span class='ocrx_word' id='word_1_55' title='bbox 1257 1322 1397 1392; x_wconf 92' lang='lat' dir='ltr'><strong>loquitur,</strong></span> <span class='ocrx_word' id='word_1_56' title='bbox 1415 1325 1484 1380; x_wconf 90' lang='lat' dir='ltr'><strong>dum</strong></span> <span class='ocrx_word' id='word_1_57' title='bbox 1511 1325 1609 1381; x_wconf 86' lang='lat' dir='ltr'><strong>divina</strong></span> <span class='ocrx_word' id='word_1_58' title='bbox 1630 1325 1685 1382; x_wconf 87' lang='lat' dir='ltr'><strong>dis-</strong></span> 
     </span>
     <span class='ocr_line' id='line_1_8' title="bbox 56 1396 1683 1484; baseline 0.002 -19"><span class='ocrx_word' id='word_1_59' title='bbox 56 1396 263 1479; x_wconf 84' lang='lat' dir='ltr'><strong>namquesuo,</strong></span> <span class='ocrx_word' id='word_1_60' title='bbox 280 1408 309 1464; x_wconf 91' lang='lat' dir='ltr'><strong>in</strong></span> <span class='ocrx_word' id='word_1_61' title='bbox 333 1409 387 1464; x_wconf 89' lang='lat' dir='ltr'><strong>hoc</strong></span> <span class='ocrx_word' id='word_1_62' title='bbox 405 1408 556 1479; x_wconf 88' lang='lat' dir='ltr'><strong>opusculo,</strong></span> <span class='ocrx_word' id='word_1_63' title='bbox 569 1419 597 1465; x_wconf 88' lang='lat' dir='ltr'><strong>et</strong></span> <span class='ocrx_word' id='word_1_64' title='bbox 610 1408 697 1466; x_wconf 91' lang='lat' dir='ltr'><strong>saluti</strong></span> <span class='ocrx_word' id='word_1_65' title='bbox 712 1422 783 1465; x_wconf 90' lang='lat' dir='ltr'><strong>suo·</strong></span> <span class='ocrx_word' id='word_1_66' title='bbox 838 1410 1003 1480; x_wconf 82' lang='lat' dir='ltr'>pensatione</span> <span class='ocrx_word' id='word_1_67' title='bbox 1030 1409 1127 1466; x_wconf 89' lang='lat' dir='ltr'><strong>miuus</strong></span> <span class='ocrx_word' id='word_1_68' title='bbox 1150 1410 1259 1468; x_wconf 90' lang='lat' dir='ltr'><strong>arridet</strong></span> <span class='ocrx_word' id='word_1_69' title='bbox 1282 1412 1454 1482; x_wconf 90' lang='lat' dir='ltr'><strong>plerumque</strong></span> <span class='ocrx_word' id='word_1_70' title='bbox 1480 1415 1567 1470; x_wconf 89' lang='lat' dir='ltr'><strong>menti</strong></span> <span class='ocrx_word' id='word_1_71' title='bbox 1595 1427 1683 1484; x_wconf 91' lang='lat' dir='ltr'><strong>qnam</strong></span> 
     </span>
     <span class='ocr_line' id='line_1_9' title="bbox 56 1495 1683 1572; baseline 0.003 -20"><span class='ocrx_word' id='word_1_72' title='bbox 56 1500 148 1553; x_wconf 84' lang='lat' dir='ltr'><strong>tumus</strong></span> <span class='ocrx_word' id='word_1_73' title='bbox 165 1495 456 1553; x_wconf 88' lang='lat' dir='ltr'><strong>militareservorum.</strong></span> <span class='ocrx_word' id='word_1_74' title='bbox 473 1495 783 1570; x_wconf 86' lang='lat' dir='ltr'><strong>Sequiturergosacra</strong></span> <span class='ocrx_word' id='word_1_75' title='bbox 837 1498 899 1568; x_wconf 92' lang='lat' dir='ltr'><strong>ipsa</strong></span> <span class='ocrx_word' id='word_1_76' title='bbox 919 1498 1050 1554; x_wconf 89' lang='lat' dir='ltr'><strong>voluerit.</strong></span> <span class='ocrx_word' id='word_1_77' title='bbox 1077 1499 1167 1567; x_wconf 88' lang='lat' dir='ltr'><strong>Unde,</strong></span> <span class='ocrx_word' id='word_1_78' title='bbox 1188 1500 1237 1567; x_wconf 87' lang='lat' dir='ltr'><strong>ait,</strong></span> <span class='ocrx_word' id='word_1_79' title='bbox 1261 1514 1386 1571; x_wconf 89' lang='lat' dir='ltr'><strong>superna</strong></span> <span class='ocrx_word' id='word_1_80' title='bbox 1410 1516 1525 1571; x_wconf 89' lang='lat' dir='ltr'><strong>sperare</strong></span> <span class='ocrx_word' id='word_1_81' title='bbox 1548 1502 1683 1572; x_wconf 91' lang='lat' dir='ltr'><strong>poteritis,</strong></span> 
     </span>
     <span class='ocr_line' id='line_1_10' title="bbox 836 1586 1684 1659; baseline 0.006 -18"><span class='ocrx_word' id='word_1_82' title='bbox 836 1586 888 1657; x_wconf 91' lang='lat' dir='ltr'><strong>qui</strong></span> <span class='ocrx_word' id='word_1_83' title='bbox 904 1601 921 1642; x_wconf 91' lang='lat' dir='ltr'><strong>a</strong></span> <span class='ocrx_word' id='word_1_84' title='bbox 941 1586 1071 1642; x_wconf 75' lang='lat' dir='ltr'><strong>saeculari</strong></span> <span class='ocrx_word' id='word_1_85' title='bbox 1087 1601 1184 1644; x_wconf 91' lang='lat' dir='ltr'><strong>amore</strong></span> <span class='ocrx_word' id='word_1_86' title='bbox 1207 1602 1266 1644; x_wconf 88' lang='lat' dir='ltr'><strong>nnn</strong></span> <span class='ocrx_word' id='word_1_87' title='bbox 1285 1587 1447 1645; x_wconf 76' lang='lat' dir='ltr'><strong>disceditis?</strong></span> <span class='ocrx_word' id='word_1_88' title='bbox 1468 1591 1684 1659; x_wconf 87' lang='lat' dir='ltr'><strong>Terrenitatem,</strong></span> 
     </span>
     <span class='ocr_line' id='line_1_11' title="bbox 249 1654 1684 1749; baseline 0.003 -21"><span class='ocrx_word' id='word_1_89' title='bbox 249 1654 366 1712; x_wconf 66' lang='lat' dir='ltr'>CAPUT</span> <span class='ocrx_word' id='word_1_90' title='bbox 384 1654 470 1710; x_wconf 66' lang='grc' dir='ltr'>ΧῙᾸῙ·</span> <span class='ocrx_word' id='word_1_91' title='bbox 835 1674 928 1741; x_wconf 89' lang='lat' dir='ltr'><strong>aiunt,</strong></span> <span class='ocrx_word' id='word_1_92' title='bbox 945 1687 1004 1744; x_wconf 91' lang='lat' dir='ltr'><strong>qua</strong></span> <span class='ocrx_word' id='word_1_93' title='bbox 1025 1674 1173 1731; x_wconf 82' lang='lat' dir='ltr'><strong>daemoniis</strong></span> <span class='ocrx_word' id='word_1_94' title='bbox 1190 1683 1220 1731; x_wconf 93' lang='lat' dir='ltr'><strong>ut</strong></span> <span class='ocrx_word' id='word_1_95' title='bbox 1235 1677 1390 1733; x_wconf 79' lang='lat' dir='ltr'><strong>transirent</strong></span> <span class='ocrx_word' id='word_1_96' title='bbox 1411 1677 1519 1749; x_wconf 87' lang='lat' dir='ltr'><strong>iniquae</strong></span> <span class='ocrx_word' id='word_1_97' title='bbox 1534 1678 1684 1735; x_wconf 87' lang='lat' dir='ltr'><strong>humilita-</strong></span> 
     </span>
     <span class='ocr_line' id='line_1_12' title="bbox 72 1761 1684 1838; baseline 0.003 -21"><span class='ocrx_word' id='word_1_98' title='bbox 72 1765 99 1827; x_wconf 94' lang='lat' dir='ltr'><strong>l,</strong></span> <span class='ocrx_word' id='word_1_99' title='bbox 121 1764 148 1816; x_wconf 74' lang='lat' dir='ltr'><strong>a.</strong></span> <span class='ocrx_word' id='word_1_100' title='bbox 172 1791 206 1801; x_wconf 92' lang='lat'>-</span> <span class='ocrx_word' id='word_1_101' title='bbox 222 1761 343 1817; x_wconf 68' lang='lat' dir='ltr'><strong>andinus</strong></span> <span class='ocrx_word' id='word_1_102' title='bbox 358 1766 447 1815; x_wconf 84' lang='lat' dir='ltr'><strong>nutem</strong></span> <span class='ocrx_word' id='word_1_103' title='bbox 468 1761 549 1816; x_wconf 82' lang='lat' dir='ltr'><strong>Jacob</strong></span> <span class='ocrx_word' id='word_1_104' title='bbox 562 1761 635 1831; x_wconf 84' lang='lat' dir='ltr'><strong>quod</strong></span> <span class='ocrx_word' id='word_1_105' title='bbox 653 1762 783 1817; x_wconf 67' lang='lat' dir='ltr'><strong>elimenta</strong></span> <span class='ocrx_word' id='word_1_106' title='bbox 837 1761 872 1817; x_wconf 96' lang='lat' dir='ltr'><strong>tis</strong></span> <span class='ocrx_word' id='word_1_107' title='bbox 892 1761 1009 1818; x_wconf 91' lang='lat' dir='ltr'><strong>dorsum</strong></span> <span class='ocrx_word' id='word_1_108' title='bbox 1033 1763 1243 1831; x_wconf 85' lang='lat' dir='ltr'><strong>praebebamus,</strong></span> <span class='ocrx_word' id='word_1_109' title='bbox 1267 1779 1318 1820; x_wconf 93' lang='lat' dir='ltr'><strong>nos</strong></span> <span class='ocrx_word' id='word_1_110' title='bbox 1344 1766 1489 1821; x_wconf 91' lang='lat' dir='ltr'><strong>incurvari</strong></span> <span class='ocrx_word' id='word_1_111' title='bbox 1514 1766 1684 1838; x_wconf 85' lang='lat' dir='ltr'><strong>jubentibus</strong></span> 
     </span>
     <span class='ocr_line' id='line_1_13' title="bbox 56 1850 1685 1921; baseline 0.004 -15"><span class='ocrx_word' id='word_1_112' title='bbox 56 1857 114 1906; x_wconf 80' lang='lat' dir='ltr'><strong>tter</strong></span> <span class='ocrx_word' id='word_1_113' title='bbox 126 1852 157 1905; x_wconf 83' lang='lat' dir='ltr'><strong>in</strong></span> <span class='ocrx_word' id='word_1_114' title='bbox 175 1854 291 1920; x_wconf 77' lang='lat' dir='ltr'><strong>AEqppto</strong></span> <span class='ocrx_word' id='word_1_115' title='bbox 305 1850 378 1905; x_wconf 78' lang='lat' dir='ltr'><strong>dicit</strong></span> <span class='ocrx_word' id='word_1_116' title='bbox 386 1851 457 1919; x_wconf 78' lang='lat' dir='ltr'><strong>filiis</strong></span> <span class='ocrx_word' id='word_1_117' title='bbox 471 1853 549 1906; x_wconf 84' lang='lat' dir='ltr'><strong>seis:</strong></span> <span class='ocrx_word' id='word_1_118' title='bbox 565 1855 654 1921; x_wconf 78' lang='lat' dir='ltr'><strong>Quare</strong></span> <span class='ocrx_word' id='word_1_119' title='bbox 668 1853 783 1920; x_wconf 80' lang='lat' dir='ltr'><strong>neptiqe‘-</strong></span> <span class='ocrx_word' id='word_1_120' title='bbox 837 1850 1028 1920; x_wconf 84' lang='lat' dir='ltr'><strong>reliquimus,</strong></span> <span class='ocrx_word' id='word_1_121' title='bbox 1057 1859 1085 1908; x_wconf 93' lang='lat' dir='ltr'><strong>et</strong></span> <span class='ocrx_word' id='word_1_122' title='bbox 1104 1851 1272 1908; x_wconf 87' lang='lat' dir='ltr'><strong>alimoniam</strong></span> <span class='ocrx_word' id='word_1_123' title='bbox 1301 1853 1450 1910; x_wconf 85' lang='lat' dir='ltr'><strong>vitalitatis</strong></span> <span class='ocrx_word' id='word_1_124' title='bbox 1471 1863 1586 1911; x_wconf 74' lang='lat' dir='ltr'><strong>aeternae</strong></span> <span class='ocrx_word' id='word_1_125' title='bbox 1611 1854 1685 1912; x_wconf 90' lang='lat' dir='ltr'><strong>datis</strong></span> 
     </span>
     <span class='ocr_line' id='line_1_14' title="bbox 56 1939 1390 2011; baseline 0 -16"><span class='ocrx_word' id='word_1_126' title='bbox 56 1947 80 1995; x_wconf 64' lang='grc' dir='ltr'>ἱ</span> <span class='ocrx_word' id='word_1_127' title='bbox 104 1940 210 1994; x_wconf 82' lang='lat' dir='ltr'><strong>Audivi</strong></span> <span class='ocrx_word' id='word_1_128' title='bbox 224 1939 296 2009; x_wconf 85' lang='lat' dir='ltr'><strong>qnod</strong></span> <span class='ocrx_word' id='word_1_129' title='bbox 312 1941 433 1994; x_wconf 78' lang='lat' dir='ltr'><strong>triticum</strong></span> <span class='ocrx_word' id='word_1_130' title='bbox 447 1939 624 1995; x_wconf 75' lang='lat' dir='ltr'><strong>venumdetur</strong></span> <span class='ocrx_word' id='word_1_131' title='bbox 643 1942 673 1993; x_wconf 87' lang='lat' dir='ltr'><strong>in</strong></span> <span class='ocrx_word' id='word_1_132' title='bbox 695 1943 782 2008; x_wconf 79' lang='lat' dir='ltr'><strong>AEqp-</strong></span> <span class='ocrx_word' id='word_1_133' title='bbox 836 1939 1021 2008; x_wconf 84' lang='lat' dir='ltr'><strong>praesentium</strong></span> <span class='ocrx_word' id='word_1_134' title='bbox 1037 1939 1189 2010; x_wconf 86' lang='lat' dir='ltr'><strong>impendiis</strong></span> <span class='ocrx_word' id='word_1_135' title='bbox 1203 1940 1390 2011; x_wconf 85' lang='lat' dir='ltr'><strong>requirimus.</strong></span> 
     </span>
     <span class='ocr_line' id='line_1_15' title="bbox 56 2027 1685 2099; baseline 0.005 -21"><span class='ocrx_word' id='word_1_136' title='bbox 56 2028 175 2095; x_wconf 78' lang='lat' dir='ltr'><strong>uendite,</strong></span> <span class='ocrx_word' id='word_1_137' title='bbox 200 2032 225 2081; x_wconf 89' lang='lat' dir='ltr'><strong>et</strong></span> <span class='ocrx_word' id='word_1_138' title='bbox 241 2029 318 2081; x_wconf 80' lang='lat' dir='ltr'><strong>emite</strong></span> <span class='ocrx_word' id='word_1_139' title='bbox 334 2027 410 2082; x_wconf 83' lang='lat' dir='ltr'><strong>nobis</strong></span> <span class='ocrx_word' id='word_1_140' title='bbox 426 2030 586 2094; x_wconf 83' lang='lat' dir='ltr'><strong>necessarie,</strong></span> <span class='ocrx_word' id='word_1_141' title='bbox 603 2033 633 2082; x_wconf 85' lang='lat' dir='ltr'><strong>nt</strong></span> <span class='ocrx_word' id='word_1_142' title='bbox 647 2031 782 2099; x_wconf 81' lang='lat' dir='ltr'><strong>possimos</strong></span> <span class='ocrx_word' id='word_1_143' title='bbox 872 2028 958 2084; x_wconf 82' lang='lat' dir='ltr'><strong>Vens.</strong></span> <span class='ocrx_word' id='word_1_144' title='bbox 974 2030 1000 2083; x_wconf 89' lang='grc'><strong>8.</strong></span> <span class='ocrx_word' id='word_1_145' title='bbox 1030 2057 1061 2068; x_wconf 88' lang='grc'>-</span> <span class='ocrx_word' id='word_1_146' title='bbox 1084 2029 1124 2083; x_wconf 81' lang='lat' dir='ltr'><strong>Et</strong></span> <span class='ocrx_word' id='word_1_147' title='bbox 1139 2034 1228 2082; x_wconf 86' lang='lat' dir='ltr'><strong>tomen</strong></span> <span class='ocrx_word' id='word_1_148' title='bbox 1242 2033 1344 2096; x_wconf 71' lang='lat' dir='ltr'><strong>fratres</strong></span> <span class='ocrx_word' id='word_1_149' title='bbox 1361 2031 1418 2098; x_wconf 86' lang='lat' dir='ltr'><strong>ipse</strong></span> <span class='ocrx_word' id='word_1_150' title='bbox 1440 2045 1608 2099; x_wconf 82' lang='lat' dir='ltr'><strong>cognoscens,</strong></span> <span class='ocrx_word' id='word_1_151' title='bbox 1632 2046 1685 2086; x_wconf 88' lang='lat' dir='ltr'><strong>non</strong></span> 
     </span>
     <span class='ocr_line' id='line_1_16' title="bbox 56 2115 1683 2188; baseline 0.002 -16"><span class='ocrx_word' id='word_1_152' title='bbox 56 2122 81 2172; x_wconf 85' lang='lat' dir='ltr'><strong>et</strong></span> <span class='ocrx_word' id='word_1_153' title='bbox 102 2132 156 2170; x_wconf 90' lang='lat' dir='ltr'><strong>non</strong></span> <span class='ocrx_word' id='word_1_154' title='bbox 183 2130 373 2171; x_wconf 77' lang='lat' dir='ltr'><strong>consumentu·</strong></span> <span class='ocrx_word' id='word_1_155' title='bbox 400 2118 503 2187; x_wconf 84' lang='lat' dir='ltr'><strong>inopie.</strong></span> <span class='ocrx_word' id='word_1_156' title='bbox 533 2115 670 2187; x_wconf 89' lang='lat' dir='ltr'><strong>intelligit</strong></span> <span class='ocrx_word' id='word_1_157' title='bbox 696 2130 783 2172; x_wconf 90' lang='lat' dir='ltr'><strong>verus</strong></span> <span class='ocrx_word' id='word_1_158' title='bbox 836 2119 875 2170; x_wconf 88' lang='lat' dir='ltr'><strong>est</strong></span> <span class='ocrx_word' id='word_1_159' title='bbox 889 2117 1000 2186; x_wconf 82' lang='lat' dir='ltr'><strong>agnitas</strong></span> <span class='ocrx_word' id='word_1_160' title='bbox 1013 2116 1047 2170; x_wconf 86' lang='lat' dir='ltr'><strong>ab</strong></span> <span class='ocrx_word' id='word_1_161' title='bbox 1062 2118 1111 2170; x_wconf 85' lang='lat' dir='ltr'><strong>eis.</strong></span> <span class='ocrx_word' id='word_1_162' title='bbox 1128 2116 1243 2173; x_wconf 85' lang='lat' dir='ltr'><strong>Fratres</strong></span> <span class='ocrx_word' id='word_1_163' title='bbox 1261 2117 1417 2188; x_wconf 82' lang='lat' dir='ltr'><strong>cognoscit,</strong></span> <span class='ocrx_word' id='word_1_164' title='bbox 1433 2132 1500 2173; x_wconf 89' lang='lat' dir='ltr'><strong>cum</strong></span> <span class='ocrx_word' id='word_1_165' title='bbox 1517 2119 1603 2174; x_wconf 89' lang='lat' dir='ltr'><strong>totius</strong></span> <span class='ocrx_word' id='word_1_166' title='bbox 1617 2133 1683 2175; x_wconf 91' lang='lat' dir='ltr'><strong>san·</strong></span> 
     </span>
     <span class='ocr_line' id='line_1_17' title="bbox 66 2202 1683 2275; baseline 0.001 -14"><span class='ocrx_word' id='word_1_167' title='bbox 66 2203 274 2275; x_wconf 87' lang='lat' dir='ltr'><strong>supplantator,</strong></span> <span class='ocrx_word' id='word_1_168' title='bbox 300 2202 460 2259; x_wconf 91' lang='lat' dir='ltr'><strong>intellectus</strong></span> <span class='ocrx_word' id='word_1_169' title='bbox 478 2203 584 2260; x_wconf 85' lang='lat' dir='ltr'><strong>scilicet</strong></span> <span class='ocrx_word' id='word_1_170' title='bbox 606 2213 712 2270; x_wconf 90' lang='lat' dir='ltr'><strong>noster,</strong></span> <span class='ocrx_word' id='word_1_171' title='bbox 729 2203 782 2260; x_wconf 90' lang='lat' dir='ltr'><strong>hoc</strong></span> <span class='ocrx_word' id='word_1_172' title='bbox 835 2203 942 2259; x_wconf 84' lang='lat' dir='ltr'><strong>utitatis</strong></span> <span class='ocrx_word' id='word_1_173' title='bbox 966 2217 1062 2259; x_wconf 91' lang='lat' dir='ltr'><strong>mores</strong></span> <span class='ocrx_word' id='word_1_174' title='bbox 1088 2217 1105 2258; x_wconf 90' lang='lat' dir='ltr'><strong>a</strong></span> <span class='ocrx_word' id='word_1_175' title='bbox 1128 2203 1211 2259; x_wconf 93' lang='lat' dir='ltr'><strong>nobis</strong></span> <span class='ocrx_word' id='word_1_176' title='bbox 1235 2204 1368 2275; x_wconf 86' lang='lat' dir='ltr'><strong>cognosci</strong></span> <span class='ocrx_word' id='word_1_177' title='bbox 1394 2205 1473 2270; x_wconf 89' lang='lat' dir='ltr'><strong>lacit;</strong></span> <span class='ocrx_word' id='word_1_178' title='bbox 1500 2206 1536 2262; x_wconf 89' lang='lat' dir='ltr'><strong>ab</strong></span> <span class='ocrx_word' id='word_1_179' title='bbox 1560 2206 1600 2262; x_wconf 86' lang='lat' dir='ltr'><strong>eis</strong></span> <span class='ocrx_word' id='word_1_180' title='bbox 1616 2220 1683 2263; x_wconf 87' lang='lat' dir='ltr'><strong>vero</strong></span> 
     </span>
     <span class='ocr_line' id='line_1_18' title="bbox 55 2291 1682 2365; baseline 0.001 -17"><span class='ocrx_word' id='word_1_181' title='bbox 55 2292 137 2349; x_wconf 91' lang='lat' dir='ltr'><strong>udire</strong></span> <span class='ocrx_word' id='word_1_182' title='bbox 160 2306 247 2348; x_wconf 89' lang='lat' dir='ltr'><strong>suum</strong></span> <span class='ocrx_word' id='word_1_183' title='bbox 270 2298 322 2360; x_wconf 87' lang='lat' dir='ltr'><strong>est,</strong></span> <span class='ocrx_word' id='word_1_184' title='bbox 340 2292 418 2363; x_wconf 92' lang='lat' dir='ltr'><strong>quod</strong></span> <span class='ocrx_word' id='word_1_185' title='bbox 442 2295 473 2346; x_wconf 81' lang='lat' dir='ltr'><strong>in</strong></span> <span class='ocrx_word' id='word_1_186' title='bbox 496 2294 624 2362; x_wconf 77' lang='lat' dir='ltr'><strong>AEpypto,</strong></span> <span class='ocrx_word' id='word_1_187' title='bbox 648 2292 674 2348; x_wconf 94' lang='lat' dir='ltr'><strong>id</strong></span> <span class='ocrx_word' id='word_1_188' title='bbox 695 2291 780 2348; x_wconf 93' lang='lat' dir='ltr'><strong>estin</strong></span> <span class='ocrx_word' id='word_1_189' title='bbox 836 2306 893 2349; x_wconf 93' lang='lat' dir='ltr'><strong>non</strong></span> <span class='ocrx_word' id='word_1_190' title='bbox 910 2293 1086 2364; x_wconf 79' lang='lat' dir='ltr'><strong>agnoscitur,</strong></span> <span class='ocrx_word' id='word_1_191' title='bbox 1104 2293 1173 2363; x_wconf 92' lang='lat' dir='ltr'><strong>quia</strong></span> <span class='ocrx_word' id='word_1_192' title='bbox 1192 2300 1219 2348; x_wconf 93' lang='lat' dir='ltr'><strong>et</strong></span> <span class='ocrx_word' id='word_1_193' title='bbox 1240 2294 1262 2349; x_wconf 92' lang='lat' dir='ltr'><strong>si</strong></span> <span class='ocrx_word' id='word_1_194' title='bbox 1278 2307 1314 2349; x_wconf 81' lang='lat' dir='ltr'><strong>er</strong></span> <span class='ocrx_word' id='word_1_195' title='bbox 1341 2295 1439 2364; x_wconf 91' lang='lat' dir='ltr'><strong>aliquo</strong></span> <span class='ocrx_word' id='word_1_196' title='bbox 1462 2308 1558 2350; x_wconf 90' lang='lat' dir='ltr'><strong>amore</strong></span> <span class='ocrx_word' id='word_1_197' title='bbox 1578 2295 1682 2365; x_wconf 87' lang='lat' dir='ltr'><strong>partim</strong></span> 
     </span>
     <span class='ocr_line' id='line_1_19' title="bbox 56 2379 1684 2453; baseline 0.005 -22"><span class='ocrx_word' id='word_1_198' title='bbox 56 2405 58 2431; x_wconf 77' lang='lat' dir='ltr'><strong>l</strong></span> <span class='ocrx_word' id='word_1_199' title='bbox 82 2380 203 2437; x_wconf 83' lang='lat' dir='ltr'><strong>miserie</strong></span> <span class='ocrx_word' id='word_1_200' title='bbox 235 2379 412 2436; x_wconf 78' lang='lat' dir='ltr'><strong>consessione</strong></span> <span class='ocrx_word' id='word_1_201' title='bbox 441 2380 591 2451; x_wconf 86' lang='lat' dir='ltr'><strong>spirituale</strong></span> <span class='ocrx_word' id='word_1_202' title='bbox 613 2381 783 2451; x_wconf 88' lang='lat' dir='ltr'><strong>acquiratur</strong></span> <span class='ocrx_word' id='word_1_203' title='bbox 838 2380 953 2438; x_wconf 88' lang='lat' dir='ltr'><strong>videtur</strong></span> <span class='ocrx_word' id='word_1_204' title='bbox 975 2390 1003 2436; x_wconf 89' lang='lat' dir='ltr'><strong>et</strong></span> <span class='ocrx_word' id='word_1_205' title='bbox 1021 2380 1120 2448; x_wconf 89' lang='lat' dir='ltr'><strong>scitur,</strong></span> <span class='ocrx_word' id='word_1_206' title='bbox 1137 2396 1288 2452; x_wconf 92' lang='lat' dir='ltr'><strong>nunquam</strong></span> <span class='ocrx_word' id='word_1_207' title='bbox 1307 2390 1401 2438; x_wconf 91' lang='lat' dir='ltr'><strong>tamen</strong></span> <span class='ocrx_word' id='word_1_208' title='bbox 1419 2390 1607 2453; x_wconf 89' lang='lat' dir='ltr'><strong>augmentum</strong></span> <span class='ocrx_word' id='word_1_209' title='bbox 1624 2383 1684 2453; x_wconf 89' lang='lat' dir='ltr'><strong>spi-</strong></span> 
     </span>
     <span class='ocr_line' id='line_1_20' title="bbox 56 2466 1683 2541; baseline 0 -16"><span class='ocrx_word' id='word_1_210' title='bbox 56 2483 104 2526; x_wconf 91' lang='lat' dir='ltr'><strong>um</strong></span> <span class='ocrx_word' id='word_1_211' title='bbox 128 2484 135 2523; x_wconf 91' lang='lat'>:</span> <span class='ocrx_word' id='word_1_212' title='bbox 161 2471 197 2526; x_wconf 88' lang='lat' dir='ltr'><strong>Os</strong></span> <span class='ocrx_word' id='word_1_213' title='bbox 219 2471 290 2524; x_wconf 85' lang='lat' dir='ltr'><strong>enim</strong></span> <span class='ocrx_word' id='word_1_214' title='bbox 306 2484 393 2523; x_wconf 84' lang='lat' dir='ltr'><strong>meum</strong></span> <span class='ocrx_word' id='word_1_215' title='bbox 416 2471 523 2538; x_wconf 79' lang='lat' dir='ltr'><strong>eperat,</strong></span> <span class='ocrx_word' id='word_1_216' title='bbox 540 2474 565 2525; x_wconf 88' lang='lat' dir='ltr'><strong>et</strong></span> <span class='ocrx_word' id='word_1_217' title='bbox 581 2473 690 2524; x_wconf 81' lang='lat' dir='ltr'><strong>ottreee·</strong></span> <span class='ocrx_word' id='word_1_218' title='bbox 703 2472 783 2539; x_wconf 82' lang='lat' dir='ltr'><strong>spiri·</strong></span> <span class='ocrx_word' id='word_1_219' title='bbox 836 2466 941 2531; x_wconf 78' lang='lat' dir='ltr'><strong>rituale</strong></span> <span class='ocrx_word' id='word_1_220' title='bbox 954 2467 983 2523; x_wconf 93' lang='lat' dir='ltr'><strong>in</strong></span> <span class='ocrx_word' id='word_1_221' title='bbox 1007 2467 1062 2524; x_wconf 90' lang='lat' dir='ltr'><strong>hac</strong></span> <span class='ocrx_word' id='word_1_222' title='bbox 1080 2467 1140 2524; x_wconf 90' lang='lat' dir='ltr'><strong>vita</strong></span> <span class='ocrx_word' id='word_1_223' title='bbox 1163 2469 1198 2524; x_wconf 92' lang='lat' dir='ltr'><strong>ad</strong></span> <span class='ocrx_word' id='word_1_224' title='bbox 1216 2469 1373 2539; x_wconf 89' lang='lat' dir='ltr'><strong>perlectum</strong></span> <span class='ocrx_word' id='word_1_225' title='bbox 1396 2470 1518 2539; x_wconf 90' lang='lat' dir='ltr'><strong>capitur.</strong></span> <span class='ocrx_word' id='word_1_226' title='bbox 1536 2470 1631 2539; x_wconf 86' lang='lat' dir='ltr'><strong>(Vens.</strong></span> <span class='ocrx_word' id='word_1_227' title='bbox 1648 2470 1683 2541; x_wconf 86' lang='grc'><strong>9.)</strong></span> 
     </span>
     <span class='ocr_line' id='line_1_21' title="bbox 56 2555 1683 2629; baseline 0.002 -18"><span class='ocrx_word' id='word_1_228' title='bbox 56 2559 100 2613; x_wconf 78' lang='grc' dir='ltr'>ιιι.</span> <span class='ocrx_word' id='word_1_229' title='bbox 126 2571 224 2625; x_wconf 79' lang='lat' dir='ltr'><strong>crvrrt,</strong></span> <span class='ocrx_word' id='word_1_230' title='bbox 253 2557 325 2627; x_wconf 73' lang='lat' dir='ltr'><strong>lli),</strong></span> <span class='ocrx_word' id='word_1_231' title='bbox 341 2565 368 2614; x_wconf 92' lang='lat' dir='ltr'><strong>et</strong></span> <span class='ocrx_word' id='word_1_232' title='bbox 389 2558 576 2629; x_wconf 87' lang='lat' dir='ltr'><strong>cogitationes</strong></span> <span class='ocrx_word' id='word_1_233' title='bbox 596 2574 632 2615; x_wconf 84' lang='lat' dir='ltr'><strong>ex</strong></span> <span class='ocrx_word' id='word_1_234' title='bbox 658 2559 782 2615; x_wconf 78' lang='lat' dir='ltr'><strong>scientias</strong></span> <span class='ocrx_word' id='word_1_235' title='bbox 835 2555 1053 2626; x_wconf 83' lang='lat' dir='ltr'><strong>Recordetnsqee</strong></span> <span class='ocrx_word' id='word_1_236' title='bbox 1080 2563 1119 2612; x_wconf 86' lang='lat' dir='ltr'><strong>est</strong></span> <span class='ocrx_word' id='word_1_237' title='bbox 1153 2560 1319 2613; x_wconf 81' lang='lat' dir='ltr'><strong>somniorum</strong></span> <span class='ocrx_word' id='word_1_238' title='bbox 1355 2574 1414 2628; x_wconf 79' lang='lat' dir='ltr'><strong>que</strong></span> <span class='ocrx_word' id='word_1_239' title='bbox 1447 2558 1599 2627; x_wconf 82' lang='lat' dir='ltr'><strong>aliquando</strong></span> <span class='ocrx_word' id='word_1_240' title='bbox 1638 2559 1683 2616; x_wconf 86' lang='lat' dir='ltr'><strong>oe&#39;·</strong></span> 
     </span>
     <span class='ocr_line' id='line_1_22' title="bbox 56 2645 1683 2719; baseline 0.001 -18"><span class='ocrx_word' id='word_1_241' title='bbox 56 2646 170 2719; x_wconf 88' lang='lat' dir='ltr'><strong>genitas</strong></span> <span class='ocrx_word' id='word_1_242' title='bbox 191 2654 332 2716; x_wconf 87' lang='lat' dir='ltr'><strong>tanquam</strong></span> <span class='ocrx_word' id='word_1_243' title='bbox 347 2646 419 2702; x_wconf 86' lang='lat' dir='ltr'><strong>lilios</strong></span> <span class='ocrx_word' id='word_1_244' title='bbox 434 2647 468 2702; x_wconf 92' lang='lat' dir='ltr'><strong>de</strong></span> <span class='ocrx_word' id='word_1_245' title='bbox 484 2647 659 2718; x_wconf 87' lang='lat' dir='ltr'><strong>negligentia</strong></span> <span class='ocrx_word' id='word_1_246' title='bbox 674 2647 781 2718; x_wconf 86' lang='lat' dir='ltr'><strong>arguit.</strong></span> <span class='ocrx_word' id='word_1_247' title='bbox 836 2645 924 2713; x_wconf 76' lang='lat' dir='ltr'><strong>timot,</strong></span> <span class='ocrx_word' id='word_1_248' title='bbox 948 2650 974 2700; x_wconf 87' lang='lat' dir='ltr'><strong>et</strong></span> <span class='ocrx_word' id='word_1_249' title='bbox 996 2647 1037 2700; x_wconf 82' lang='lat' dir='ltr'><strong>eit</strong></span> <span class='ocrx_word' id='word_1_250' title='bbox 1051 2645 1089 2699; x_wconf 87' lang='lat' dir='ltr'><strong>nd</strong></span> <span class='ocrx_word' id='word_1_251' title='bbox 1109 2661 1153 2701; x_wconf 87' lang='lat' dir='ltr'><strong>eoa</strong></span> <span class='ocrx_word' id='word_1_252' title='bbox 1176 2647 1395 2716; x_wconf 66' lang='lat' dir='ltr'><strong>:deploratores</strong></span> <span class='ocrx_word' id='word_1_253' title='bbox 1418 2648 1482 2703; x_wconf 83' lang='lat' dir='ltr'><strong>estis</strong></span> <span class='ocrx_word' id='word_1_254' title='bbox 1490 2663 1501 2709; x_wconf 92' lang='grc'><strong>,·</strong></span> <span class='ocrx_word' id='word_1_255' title='bbox 1524 2651 1554 2701; x_wconf 87' lang='lat' dir='ltr'><strong>ut</strong></span> <span class='ocrx_word' id='word_1_256' title='bbox 1567 2647 1683 2703; x_wconf 82' lang='lat' dir='ltr'><strong>eideetis</strong></span> 
     </span>
     <span class='ocr_line' id='line_1_23' title="bbox 56 2732 1682 2805; baseline 0 -16"><span class='ocrx_word' id='word_1_257' title='bbox 56 2736 100 2800; x_wconf 87' lang='lat' dir='ltr'><strong>ite,</strong></span> <span class='ocrx_word' id='word_1_258' title='bbox 124 2734 229 2804; x_wconf 89' lang='lat' dir='ltr'><strong>lnquit,</strong></span> <span class='ocrx_word' id='word_1_259' title='bbox 256 2734 282 2788; x_wconf 93' lang='lat' dir='ltr'><strong>id</strong></span> <span class='ocrx_word' id='word_1_260' title='bbox 305 2740 347 2789; x_wconf 91' lang='lat' dir='ltr'><strong>est</strong></span> <span class='ocrx_word' id='word_1_261' title='bbox 371 2733 575 2803; x_wconf 87' lang='lat' dir='ltr'><strong>humiliamini,</strong></span> <span class='ocrx_word' id='word_1_262' title='bbox 598 2743 626 2792; x_wconf 88' lang='lat' dir='ltr'><strong>et</strong></span> <span class='ocrx_word' id='word_1_263' title='bbox 649 2736 781 2805; x_wconf 82' lang='lat' dir='ltr'><strong>piaepre·</strong></span> <span class='ocrx_word' id='word_1_264' title='bbox 836 2732 990 2803; x_wconf 75' lang='lat' dir='ltr'><strong>infirmiore</strong></span> <span class='ocrx_word' id='word_1_265' title='bbox 1019 2738 1097 2787; x_wconf 82' lang='lat' dir='ltr'><strong>terra</strong></span> <span class='ocrx_word' id='word_1_266' title='bbox 1127 2735 1249 2789; x_wconf 76' lang='lat' dir='ltr'><strong>venistis.</strong></span> <span class='ocrx_word' id='word_1_267' title='bbox 1285 2733 1463 2791; x_wconf 80' lang='lat' dir='ltr'><strong>Recordatur</strong></span> <span class='ocrx_word' id='word_1_268' title='bbox 1494 2738 1682 2803; x_wconf 83' lang='lat' dir='ltr'><strong>somniorum,</strong></span> 
     </span>
     <span class='ocr_line' id='line_1_24' title="bbox 56 2820 1684 2893; baseline 0 -15"><span class='ocrx_word' id='word_1_269' title='bbox 56 2821 211 2879; x_wconf 89' lang='lat' dir='ltr'><strong>enitudinis</strong></span> <span class='ocrx_word' id='word_1_270' title='bbox 231 2820 397 2891; x_wconf 90' lang='lat' dir='ltr'><strong>impendite,</strong></span> <span class='ocrx_word' id='word_1_271' title='bbox 416 2829 446 2878; x_wconf 94' lang='lat' dir='ltr'><strong>ut</strong></span> <span class='ocrx_word' id='word_1_272' title='bbox 461 2837 543 2892; x_wconf 92' lang='lat' dir='ltr'><strong>opem</strong></span> <span class='ocrx_word' id='word_1_273' title='bbox 562 2822 782 2893; x_wconf 88' lang='lat' dir='ltr'><strong>consequamini</strong></span> <span class='ocrx_word' id='word_1_274' title='bbox 836 2835 901 2878; x_wconf 91' lang='lat' dir='ltr'><strong>cum</strong></span> <span class='ocrx_word' id='word_1_275' title='bbox 926 2820 979 2877; x_wconf 90' lang='lat' dir='ltr'><strong>sihi</strong></span> <span class='ocrx_word' id='word_1_276' title='bbox 994 2822 1136 2892; x_wconf 78' lang='lat' dir='ltr'><strong>praeponit</strong></span> <span class='ocrx_word' id='word_1_277' title='bbox 1159 2822 1348 2893; x_wconf 82' lang='lat' dir='ltr'><strong>assidueque</strong></span> <span class='ocrx_word' id='word_1_278' title='bbox 1369 2823 1499 2879; x_wconf 91' lang='lat' dir='ltr'><strong>imbutus</strong></span> <span class='ocrx_word' id='word_1_279' title='bbox 1517 2831 1560 2878; x_wconf 86' lang='lat' dir='ltr'><strong>est</strong></span> <span class='ocrx_word' id='word_1_280' title='bbox 1584 2824 1684 2892; x_wconf 86' lang='lat' dir='ltr'><strong>provi·-</strong></span> 
     </span>
     <span class='ocr_line' id='line_1_25' title="bbox 56 2908 1683 2981; baseline 0 -14"><span class='ocrx_word' id='word_1_281' title='bbox 56 2911 183 2967; x_wconf 89' lang='lat' dir='ltr'><strong>cessaria</strong></span> <span class='ocrx_word' id='word_1_282' title='bbox 206 2916 249 2966; x_wconf 90' lang='lat' dir='ltr'><strong>est</strong></span> <span class='ocrx_word' id='word_1_283' title='bbox 263 2909 340 2966; x_wconf 76' lang='lat' dir='ltr'><strong>vitae.</strong></span> <span class='ocrx_word' id='word_1_284' title='bbox 363 2909 461 2980; x_wconf 82' lang='lat' dir='ltr'><strong>(Vsus.</strong></span> <span class='ocrx_word' id='word_1_285' title='bbox 488 2913 514 2978; x_wconf 87' lang='grc'><strong>3,</strong></span> <span class='ocrx_word' id='word_1_286' title='bbox 530 2912 570 2981; x_wconf 79' lang='grc' dir='ltr'>ι.)</span> <span class='ocrx_word' id='word_1_287' title='bbox 587 2911 782 2966; x_wconf 70' lang='lat' dir='ltr'><strong>descendentes</strong></span> <span class='ocrx_word' id='word_1_288' title='bbox 836 2908 962 2965; x_wconf 91' lang='lat' dir='ltr'><strong>dentiam</strong></span> <span class='ocrx_word' id='word_1_289' title='bbox 985 2909 1161 2966; x_wconf 90' lang='lat' dir='ltr'><strong>luturorum.</strong></span> <span class='ocrx_word' id='word_1_290' title='bbox 1186 2909 1248 2966; x_wconf 92' lang='lat' dir='ltr'><strong>Non</strong></span> <span class='ocrx_word' id='word_1_291' title='bbox 1264 2911 1313 2978; x_wconf 89' lang='lat' dir='ltr'><strong>lta,</strong></span> <span class='ocrx_word' id='word_1_292' title='bbox 1331 2910 1435 2981; x_wconf 91' lang='lat' dir='ltr'><strong>inquit,</strong></span> <span class='ocrx_word' id='word_1_293' title='bbox 1452 2917 1483 2966; x_wconf 95' lang='lat' dir='ltr'><strong>ut</strong></span> <span class='ocrx_word' id='word_1_294' title='bbox 1505 2910 1598 2965; x_wconf 87' lang='lat' dir='ltr'><strong>dicitis</strong></span> <span class='ocrx_word' id='word_1_295' title='bbox 1613 2910 1683 2967; x_wconf 84' lang='lat' dir='ltr'><strong>Cha-</strong></span> 
     </span>
     <span class='ocr_line' id='line_1_26' title="bbox 56 2996 1683 3069; baseline 0.002 -17"><span class='ocrx_word' id='word_1_296' title='bbox 56 3001 147 3053; x_wconf 78' lang='lat' dir='ltr'><strong>&#39;retres</strong></span> <span class='ocrx_word' id='word_1_297' title='bbox 162 2997 259 3068; x_wconf 77' lang='lat' dir='ltr'><strong>loseph</strong></span> <span class='ocrx_word' id='word_1_298' title='bbox 282 2997 380 3067; x_wconf 62' lang='lat' dir='ltr'><strong>meent,</strong></span> <span class='ocrx_word' id='word_1_299' title='bbox 402 3005 432 3053; x_wconf 86' lang='lat' dir='ltr'><strong>ut</strong></span> <span class='ocrx_word' id='word_1_300' title='bbox 452 3005 569 3054; x_wconf 86' lang='lat' dir='ltr'><strong>emerent</strong></span> <span class='ocrx_word' id='word_1_301' title='bbox 586 3002 736 3068; x_wconf 76' lang='lat' dir='ltr'><strong>tremente,</strong></span> <span class='ocrx_word' id='word_1_302' title='bbox 752 3002 782 3054; x_wconf 83' lang='lat' dir='ltr'><strong>e‘n</strong></span> <span class='ocrx_word' id='word_1_303' title='bbox 836 2996 993 3053; x_wconf 87' lang='lat' dir='ltr'><strong>nanitidem</strong></span> <span class='ocrx_word' id='word_1_304' title='bbox 1019 2997 1184 3067; x_wconf 83' lang='lat' dir='ltr'><strong>respuistis,</strong></span> <span class='ocrx_word' id='word_1_305' title='bbox 1208 2998 1256 3054; x_wconf 93' lang='lat' dir='ltr'><strong>sed</strong></span> <span class='ocrx_word' id='word_1_306' title='bbox 1281 3012 1337 3054; x_wconf 90' lang='lat' dir='ltr'><strong>non</strong></span> <span class='ocrx_word' id='word_1_307' title='bbox 1362 2996 1455 3053; x_wconf 92' lang='lat' dir='ltr'><strong>solum</strong></span> <span class='ocrx_word' id='word_1_308' title='bbox 1480 2997 1593 3053; x_wconf 87' lang='lat' dir='ltr'><strong>inllrma</strong></span> <span class='ocrx_word' id='word_1_309' title='bbox 1617 3012 1683 3069; x_wconf 79' lang='lat' dir='ltr'><strong>quae</strong></span> 
     </span>
     <span class='ocr_line' id='line_1_27' title="bbox 56 3084 1682 3158; baseline 0.002 -17"><span class='ocrx_word' id='word_1_310' title='bbox 56 3103 92 3151; x_wconf 87' lang='lat' dir='ltr'><strong>m,</strong></span> <span class='ocrx_word' id='word_1_311' title='bbox 117 3084 260 3156; x_wconf 86' lang='lat' dir='ltr'><strong>Benjemt&#39;n</strong></span> <span class='ocrx_word' id='word_1_312' title='bbox 282 3086 355 3142; x_wconf 82' lang='lat' dir='ltr'><strong>domi</strong></span> <span class='ocrx_word' id='word_1_313' title='bbox 372 3093 474 3144; x_wconf 85' lang='lat' dir='ltr'><strong>retento</strong></span> <span class='ocrx_word' id='word_1_314' title='bbox 489 3089 523 3142; x_wconf 85' lang='lat' dir='ltr'><strong>ab</strong></span> <span class='ocrx_word' id='word_1_315' title='bbox 540 3088 629 3143; x_wconf 69' lang='lat' dir='ltr'><strong>doceb</strong></span> <span class='ocrx_word' id='word_1_316' title='bbox 644 3089 693 3158; x_wconf 82' lang='lat' dir='ltr'><strong>qui</strong></span> <span class='ocrx_word' id='word_1_317' title='bbox 707 3088 783 3142; x_wconf 86' lang='lat' dir='ltr'><strong>dine·</strong></span> <span class='ocrx_word' id='word_1_318' title='bbox 835 3085 1009 3142; x_wconf 81' lang='lat' dir='ltr'><strong>humanitati</strong></span> <span class='ocrx_word' id='word_1_319' title='bbox 1031 3085 1163 3154; x_wconf 86' lang='lat' dir='ltr'><strong>attinent,</strong></span> <span class='ocrx_word' id='word_1_320' title='bbox 1179 3100 1281 3143; x_wconf 86' lang='lat' dir='ltr'><strong>verum</strong></span> <span class='ocrx_word' id='word_1_321' title='bbox 1304 3089 1466 3156; x_wconf 63' lang='lat' dir='ltr'><strong>infirm-iore,</strong></span> <span class='ocrx_word' id='word_1_322' title='bbox 1492 3087 1600 3157; x_wconf 90' lang='lat' dir='ltr'><strong>quibus</strong></span> <span class='ocrx_word' id='word_1_323' title='bbox 1624 3095 1682 3144; x_wconf 86' lang='lat' dir='ltr'><strong>ler-</strong></span> 
     </span>
     <span class='ocr_line' id='line_1_28' title="bbox 56 3173 1682 3244; baseline 0.003 -17"><span class='ocrx_word' id='word_1_324' title='bbox 56 3173 131 3228; x_wconf 79' lang='lat' dir='ltr'><strong>n&#39;ens</strong></span> <span class='ocrx_word' id='word_1_325' title='bbox 146 3175 204 3243; x_wconf 77' lang='lat' dir='ltr'><strong>ejus</strong></span> <span class='ocrx_word' id='word_1_326' title='bbox 227 3189 233 3227; x_wconf 93' lang='lat'>:</span> <span class='ocrx_word' id='word_1_327' title='bbox 259 3175 297 3228; x_wconf 90' lang='lat' dir='ltr'><strong>llle</strong></span> <span class='ocrx_word' id='word_1_328' title='bbox 317 3175 389 3239; x_wconf 78' lang='lat' dir='ltr'><strong>sorte</strong></span> <span class='ocrx_word' id='word_1_329' title='bbox 411 3177 441 3228; x_wconf 84' lang='lat' dir='ltr'><strong>in</strong></span> <span class='ocrx_word' id='word_1_330' title='bbox 460 3177 556 3229; x_wconf 84' lang='lat' dir='ltr'><strong>itinere</strong></span> <span class='ocrx_word' id='word_1_331' title='bbox 572 3173 722 3244; x_wconf 83' lang='lat' dir='ltr'><strong>quidquem</strong></span> <span class='ocrx_word' id='word_1_332' title='bbox 735 3189 783 3242; x_wconf 82' lang='lat' dir='ltr'><strong>pe·</strong></span> <span class='ocrx_word' id='word_1_333' title='bbox 836 3174 897 3230; x_wconf 91' lang='lat' dir='ltr'><strong>reni</strong></span> <span class='ocrx_word' id='word_1_334' title='bbox 924 3173 1013 3229; x_wconf 91' lang='lat' dir='ltr'><strong>animi</strong></span> <span class='ocrx_word' id='word_1_335' title='bbox 1029 3174 1154 3241; x_wconf 89' lang='lat' dir='ltr'><strong>sordent,</strong></span> <span class='ocrx_word' id='word_1_336' title='bbox 1179 3174 1283 3231; x_wconf 89' lang='lat' dir='ltr'><strong>scilicet</strong></span> <span class='ocrx_word' id='word_1_337' title='bbox 1298 3175 1367 3231; x_wconf 86' lang='lat' dir='ltr'><strong>vitta</strong></span> <span class='ocrx_word' id='word_1_338' title='bbox 1386 3175 1557 3232; x_wconf 89' lang='lat' dir='ltr'><strong>intentiones</strong></span> <span class='ocrx_word' id='word_1_339' title='bbox 1583 3184 1682 3232; x_wconf 83' lang='lat' dir='ltr'><strong>restrae</strong></span> 
     </span>
     <span class='ocr_line' id='line_1_29' title="bbox 56 3260 1681 3333; baseline 0.002 -17"><span class='ocrx_word' id='word_1_340' title='bbox 56 3264 114 3317; x_wconf 78' lang='lat' dir='ltr'><strong>ioli.</strong></span> <span class='ocrx_word' id='word_1_341' title='bbox 132 3264 224 3316; x_wconf 79' lang='lat' dir='ltr'><strong>liccem</strong></span> <span class='ocrx_word' id='word_1_342' title='bbox 237 3263 340 3327; x_wconf 74' lang='lat' dir='ltr'><strong>fratres</strong></span> <span class='ocrx_word' id='word_1_343' title='bbox 354 3263 464 3333; x_wconf 80' lang='lat' dir='ltr'><strong>Joseplt,</strong></span> <span class='ocrx_word' id='word_1_344' title='bbox 479 3261 523 3318; x_wconf 89' lang='lat' dir='ltr'><strong>vel</strong></span> <span class='ocrx_word' id='word_1_345' title='bbox 538 3261 631 3318; x_wconf 86' lang='lat' dir='ltr'><strong>virtus</strong></span> <span class='ocrx_word' id='word_1_346' title='bbox 646 3260 782 3318; x_wconf 87' lang='lat' dir='ltr'><strong>universa</strong></span> <span class='ocrx_word' id='word_1_347' title='bbox 835 3262 984 3332; x_wconf 83' lang='lat' dir='ltr'><strong>explorare</strong></span> <span class='ocrx_word' id='word_1_348' title='bbox 1008 3261 1134 3317; x_wconf 89' lang='lat' dir='ltr'><strong>student.</strong></span> <span class='ocrx_word' id='word_1_349' title='bbox 1160 3261 1258 3331; x_wconf 82' lang='lat' dir='ltr'><strong>(Vens.</strong></span> <span class='ocrx_word' id='word_1_350' title='bbox 1282 3265 1337 3328; x_wconf 87' lang='lat' dir='ltr'><strong>ld.)</strong></span> <span class='ocrx_word' id='word_1_351' title='bbox 1361 3265 1429 3330; x_wconf 80' lang='lat' dir='ltr'><strong>Non,</strong></span> <span class='ocrx_word' id='word_1_352' title='bbox 1454 3266 1543 3329; x_wconf 84' lang='lat' dir='ltr'><strong>aiunt,</strong></span> <span class='ocrx_word' id='word_1_353' title='bbox 1568 3267 1609 3318; x_wconf 83' lang='lat' dir='ltr'><strong>ita</strong></span> <span class='ocrx_word' id='word_1_354' title='bbox 1632 3269 1681 3329; x_wconf 89' lang='lat' dir='ltr'><strong>est,</strong></span> 
     </span>
     <span class='ocr_line' id='line_1_30' title="bbox 56 3347 1682 3420; baseline 0.002 -16"><span class='ocrx_word' id='word_1_355' title='bbox 56 3348 169 3420; x_wconf 83' lang='lat' dir='ltr'><strong>elegum</strong></span> <span class='ocrx_word' id='word_1_356' title='bbox 191 3348 332 3416; x_wconf 88' lang='lat' dir='ltr'><strong>instituta,</strong></span> <span class='ocrx_word' id='word_1_357' title='bbox 355 3347 400 3403; x_wconf 90' lang='lat' dir='ltr'><strong>vel</strong></span> <span class='ocrx_word' id='word_1_358' title='bbox 414 3352 560 3418; x_wconf 90' lang='lat' dir='ltr'><strong>eorpuset</strong></span> <span class='ocrx_word' id='word_1_359' title='bbox 574 3349 672 3403; x_wconf 92' lang='lat' dir='ltr'><strong>anima</strong></span> <span class='ocrx_word' id='word_1_360' title='bbox 690 3347 781 3404; x_wconf 90' lang='lat' dir='ltr'><strong>amori</strong></span> <span class='ocrx_word' id='word_1_361' title='bbox 835 3350 951 3417; x_wconf 82' lang='lat' dir='ltr'><strong>domine,</strong></span> <span class='ocrx_word' id='word_1_362' title='bbox 976 3350 1024 3406; x_wconf 90' lang='lat' dir='ltr'><strong>sed</strong></span> <span class='ocrx_word' id='word_1_363' title='bbox 1046 3349 1123 3406; x_wconf 86' lang='lat' dir='ltr'><strong>servi</strong></span> <span class='ocrx_word' id='word_1_364' title='bbox 1147 3350 1188 3407; x_wconf 89' lang='lat' dir='ltr'><strong>tui</strong></span> <span class='ocrx_word' id='word_1_365' title='bbox 1211 3351 1373 3408; x_wconf 90' lang='lat' dir='ltr'><strong>oiliciorum</strong></span> <span class='ocrx_word' id='word_1_366' title='bbox 1397 3350 1554 3408; x_wconf 78' lang='lat' dir='ltr'><strong>coelestium</strong></span> <span class='ocrx_word' id='word_1_367' title='bbox 1579 3365 1682 3408; x_wconf 81' lang='lat' dir='ltr'><strong>memo</strong></span> 
     </span>
     <span class='ocr_line' id='line_1_31' title="bbox 57 3434 1681 3509; baseline 0.001 -17"><span class='ocrx_word' id='word_1_368' title='bbox 57 3436 82 3492; x_wconf 89' lang='lat' dir='ltr'><strong>is</strong></span> <span class='ocrx_word' id='word_1_369' title='bbox 106 3435 217 3503; x_wconf 87' lang='lat' dir='ltr'><strong>innixa,</strong></span> <span class='ocrx_word' id='word_1_370' title='bbox 244 3434 348 3492; x_wconf 74' lang='lat' dir='ltr'><strong>coelesti</strong></span> <span class='ocrx_word' id='word_1_371' title='bbox 365 3436 538 3492; x_wconf 89' lang='lat' dir='ltr'><strong>incremento</strong></span> <span class='ocrx_word' id='word_1_372' title='bbox 563 3448 699 3507; x_wconf 87' lang='lat' dir='ltr'><strong>germane</strong></span> <span class='ocrx_word' id='word_1_373' title='bbox 714 3449 782 3492; x_wconf 93' lang='lat' dir='ltr'><strong>con·</strong></span> <span class='ocrx_word' id='word_1_374' title='bbox 836 3450 890 3504; x_wconf 91' lang='lat' dir='ltr'><strong>res,</strong></span> <span class='ocrx_word' id='word_1_375' title='bbox 909 3436 954 3492; x_wconf 91' lang='lat' dir='ltr'><strong>his</strong></span> <span class='ocrx_word' id='word_1_376' title='bbox 975 3450 1009 3493; x_wconf 91' lang='lat' dir='ltr'><strong>ae</strong></span> <span class='ocrx_word' id='word_1_377' title='bbox 1023 3436 1047 3492; x_wconf 92' lang='lat' dir='ltr'><strong>si</strong></span> <span class='ocrx_word' id='word_1_378' title='bbox 1071 3437 1134 3493; x_wconf 88' lang='lat' dir='ltr'><strong>cibo</strong></span> <span class='ocrx_word' id='word_1_379' title='bbox 1156 3437 1233 3494; x_wconf 84' lang='lat' dir='ltr'><strong>refici</strong></span> <span class='ocrx_word' id='word_1_380' title='bbox 1254 3453 1380 3508; x_wconf 85' lang='lat' dir='ltr'><strong>expensa</strong></span> <span class='ocrx_word' id='word_1_381' title='bbox 1401 3439 1431 3493; x_wconf 95' lang='lat' dir='ltr'><strong>iu</strong></span> <span class='ocrx_word' id='word_1_382' title='bbox 1456 3439 1579 3509; x_wconf 87' lang='lat' dir='ltr'><strong>pretium</strong></span> <span class='ocrx_word' id='word_1_383' title='bbox 1603 3438 1681 3494; x_wconf 93' lang='lat' dir='ltr'><strong>omui</strong></span> 
     </span>
     <span class='ocr_line' id='line_1_32' title="bbox 60 3523 1682 3596; baseline -0.001 -14"><span class='ocrx_word' id='word_1_384' title='bbox 60 3524 97 3582; x_wconf 86' lang='lat' dir='ltr'><strong>ad</strong></span> <span class='ocrx_word' id='word_1_385' title='bbox 113 3525 220 3595; x_wconf 89' lang='lat' dir='ltr'><strong>pabula</strong></span> <span class='ocrx_word' id='word_1_386' title='bbox 240 3523 353 3580; x_wconf 91' lang='lat' dir='ltr'><strong>interna</strong></span> <span class='ocrx_word' id='word_1_387' title='bbox 368 3524 525 3594; x_wconf 83' lang='lat' dir='ltr'><strong>quaerenda</strong></span> <span class='ocrx_word' id='word_1_388' title='bbox 544 3538 572 3580; x_wconf 91' lang='lat' dir='ltr'><strong>se</strong></span> <span class='ocrx_word' id='word_1_389' title='bbox 587 3524 782 3594; x_wconf 91' lang='lat' dir='ltr'><strong>llectunt;sed</strong></span> <span class='ocrx_word' id='word_1_390' title='bbox 835 3526 982 3595; x_wconf 83' lang='lat' dir='ltr'><strong>voluptate</strong></span> <span class='ocrx_word' id='word_1_391' title='bbox 1005 3524 1176 3582; x_wconf 89' lang='lat' dir='ltr'><strong>desiderant.</strong></span> <span class='ocrx_word' id='word_1_392' title='bbox 1202 3526 1298 3596; x_wconf 83' lang='lat' dir='ltr'><strong>(Vens.</strong></span> <span class='ocrx_word' id='word_1_393' title='bbox 1328 3529 1382 3591; x_wconf 89' lang='lat' dir='ltr'><strong>ll.)</strong></span> <span class='ocrx_word' id='word_1_394' title='bbox 1409 3527 1504 3582; x_wconf 85' lang='lat' dir='ltr'><strong>Omnes</strong></span> <span class='ocrx_word' id='word_1_395' title='bbox 1525 3528 1578 3596; x_wconf 68' lang='lat' dir='ltr'><strong>filii</strong></span> <span class='ocrx_word' id='word_1_396' title='bbox 1602 3529 1682 3580; x_wconf 85' lang='lat' dir='ltr'><strong>unios</strong></span> 
     </span>
     <span class='ocr_line' id='line_1_33' title="bbox 56 3612 1682 3686; baseline 0 -18"><span class='ocrx_word' id='word_1_397' title='bbox 56 3616 89 3682; x_wconf 77' lang='lat' dir='ltr'><strong>br,</strong></span> <span class='ocrx_word' id='word_1_398' title='bbox 112 3612 164 3684; x_wconf 91' lang='lat' dir='ltr'><strong>qui</strong></span> <span class='ocrx_word' id='word_1_399' title='bbox 182 3613 263 3682; x_wconf 83' lang='lat' dir='ltr'><strong>fitius</strong></span> <span class='ocrx_word' id='word_1_400' title='bbox 286 3613 404 3667; x_wconf 74' lang='lat' dir='ltr'><strong>dextere</strong></span> <span class='ocrx_word' id='word_1_401' title='bbox 427 3613 551 3681; x_wconf 89' lang='lat' dir='ltr'><strong>dicitur,</strong></span> <span class='ocrx_word' id='word_1_402' title='bbox 576 3626 657 3668; x_wconf 92' lang='lat' dir='ltr'><strong>amor</strong></span> <span class='ocrx_word' id='word_1_403' title='bbox 676 3612 782 3669; x_wconf 88' lang='lat' dir='ltr'><strong>scilicet</strong></span> <span class='ocrx_word' id='word_1_404' title='bbox 801 3617 891 3686; x_wconf 78' lang='lat' dir='ltr'><strong>quiri</strong></span> <span class='ocrx_word' id='word_1_405' title='bbox 913 3628 1014 3669; x_wconf 86' lang='lat' dir='ltr'><strong>semus.</strong></span> <span class='ocrx_word' id='word_1_406' title='bbox 1047 3613 1136 3676; x_wconf 87' lang='lat' dir='ltr'><strong>Illius.</strong></span> <span class='ocrx_word' id='word_1_407' title='bbox 1162 3613 1293 3670; x_wconf 86' lang='lat' dir='ltr'><strong>videlicet</strong></span> <span class='ocrx_word' id='word_1_408' title='bbox 1315 3627 1401 3683; x_wconf 91' lang='lat' dir='ltr'><strong>quem</strong></span> <span class='ocrx_word' id='word_1_409' title='bbox 1425 3627 1475 3683; x_wconf 93' lang='lat' dir='ltr'><strong>pro</strong></span> <span class='ocrx_word' id='word_1_410' title='bbox 1501 3613 1546 3668; x_wconf 92' lang='lat' dir='ltr'><strong>sui</strong></span> <span class='ocrx_word' id='word_1_411' title='bbox 1571 3612 1682 3668; x_wconf 86' lang='lat' dir='ltr'><strong>unitate</strong></span> 
     </span>
     <span class='ocr_line' id='line_1_34' title="bbox 56 3698 1681 3772; baseline -0.001 -14"><span class='ocrx_word' id='word_1_412' title='bbox 56 3701 202 3768; x_wconf 48' lang='lat' dir='ltr'><strong>¹rinnel</strong></span> <span class='ocrx_word' id='word_1_413' title='bbox 224 3700 305 3756; x_wconf 79' lang='lat' dir='ltr'><strong>doceb</strong></span> <span class='ocrx_word' id='word_1_414' title='bbox 327 3701 405 3757; x_wconf 89' lang='lat' dir='ltr'><strong>domi</strong></span> <span class='ocrx_word' id='word_1_415' title='bbox 431 3709 552 3768; x_wconf 89' lang='lat' dir='ltr'><strong>tenetur,</strong></span> <span class='ocrx_word' id='word_1_416' title='bbox 576 3702 646 3772; x_wconf 93' lang='lat' dir='ltr'><strong>quia</strong></span> <span class='ocrx_word' id='word_1_417' title='bbox 667 3701 781 3772; x_wconf 87' lang='lat' dir='ltr'><strong>spiritui</strong></span> <span class='ocrx_word' id='word_1_418' title='bbox 835 3709 941 3772; x_wconf 90' lang='lat' dir='ltr'><strong>septem</strong></span> <span class='ocrx_word' id='word_1_419' title='bbox 957 3701 1091 3759; x_wconf 89' lang='lat' dir='ltr'><strong>mulieres</strong></span> <span class='ocrx_word' id='word_1_420' title='bbox 1113 3698 1335 3771; x_wconf 87' lang='lat' dir='ltr'><strong>apprehendunt</strong></span> <span class='ocrx_word' id='word_1_421' title='bbox 1358 3703 1429 3772; x_wconf 84' lang='lat' dir='ltr'><strong>(lae.</strong></span> <span class='ocrx_word' id='word_1_422' title='bbox 1447 3715 1485 3768; x_wconf 85' lang='lat' dir='ltr'><strong>rr,</strong></span> <span class='ocrx_word' id='word_1_423' title='bbox 1515 3705 1552 3770; x_wconf 90' lang='lat' dir='ltr'><strong>l),</strong></span> <span class='ocrx_word' id='word_1_424' title='bbox 1568 3709 1595 3757; x_wconf 91' lang='lat' dir='ltr'><strong>et</strong></span> <span class='ocrx_word' id='word_1_425' title='bbox 1611 3701 1681 3771; x_wconf 91' lang='lat' dir='ltr'><strong>quia</strong></span> 
     </span>
     <span class='ocr_line' id='line_1_35' title="bbox 56 3787 1681 3859; baseline -0.002 -11"><span class='ocrx_word' id='word_1_426' title='bbox 56 3789 236 3848; x_wconf 77' lang='lat' dir='ltr'><strong>tuscientiam</strong></span> <span class='ocrx_word' id='word_1_427' title='bbox 256 3803 369 3859; x_wconf 89' lang='lat' dir='ltr'><strong>semper</strong></span> <span class='ocrx_word' id='word_1_428' title='bbox 384 3802 497 3845; x_wconf 87' lang='lat' dir='ltr'><strong>necesse</strong></span> <span class='ocrx_word' id='word_1_429' title='bbox 511 3798 561 3857; x_wconf 89' lang='lat' dir='ltr'><strong>est,</strong></span> <span class='ocrx_word' id='word_1_430' title='bbox 579 3798 610 3846; x_wconf 94' lang='lat' dir='ltr'><strong>ut</strong></span> <span class='ocrx_word' id='word_1_431' title='bbox 632 3789 782 3847; x_wconf 87' lang='lat' dir='ltr'><strong>individue</strong></span> <span class='ocrx_word' id='word_1_432' title='bbox 835 3789 880 3846; x_wconf 89' lang='lat' dir='ltr'><strong>vir</strong></span> <span class='ocrx_word' id='word_1_433' title='bbox 894 3797 936 3846; x_wconf 92' lang='lat' dir='ltr'><strong>est</strong></span> <span class='ocrx_word' id='word_1_434' title='bbox 957 3796 985 3846; x_wconf 91' lang='lat' dir='ltr'><strong>et</strong></span> <span class='ocrx_word' id='word_1_435' title='bbox 1002 3804 1078 3846; x_wconf 90' lang='lat' dir='ltr'><strong>unus</strong></span> <span class='ocrx_word' id='word_1_436' title='bbox 1092 3797 1143 3858; x_wconf 89' lang='lat' dir='ltr'><strong>est,</strong></span> <span class='ocrx_word' id='word_1_437' title='bbox 1167 3791 1278 3859; x_wconf 65' lang='lat' dir='ltr'><strong>paciaci</strong></span> <span class='ocrx_word' id='word_1_438' title='bbox 1297 3788 1357 3859; x_wconf 82' lang='lat' dir='ltr'><strong>jam</strong></span> <span class='ocrx_word' id='word_1_439' title='bbox 1381 3790 1458 3859; x_wconf 92' lang='lat' dir='ltr'><strong>apud</strong></span> <span class='ocrx_word' id='word_1_440' title='bbox 1481 3791 1571 3846; x_wconf 87' lang='lat' dir='ltr'><strong>Deum</strong></span> <span class='ocrx_word' id='word_1_441' title='bbox 1587 3796 1614 3845; x_wconf 91' lang='lat' dir='ltr'><strong>et</strong></span> <span class='ocrx_word' id='word_1_442' title='bbox 1630 3787 1681 3844; x_wconf 93' lang='lat' dir='ltr'><strong>ho·</strong></span> 
     </span>
     <span class='ocr_line' id='line_1_36' title="bbox 56 3876 1681 3948; baseline -0.003 -12"><span class='ocrx_word' id='word_1_443' title='bbox 56 3886 128 3948; x_wconf 86' lang='lat' dir='ltr'><strong>ttur3</strong></span> <span class='ocrx_word' id='word_1_444' title='bbox 152 3879 232 3934; x_wconf 89' lang='lat' dir='ltr'><strong>nesi</strong></span> <span class='ocrx_word' id='word_1_445' title='bbox 256 3877 384 3934; x_wconf 86' lang='lat' dir='ltr'><strong>exterius</strong></span> <span class='ocrx_word' id='word_1_446' title='bbox 408 3877 535 3946; x_wconf 86' lang='lat' dir='ltr'><strong>prodeat,</strong></span> <span class='ocrx_word' id='word_1_447' title='bbox 561 3878 635 3934; x_wconf 89' lang='lat' dir='ltr'><strong>inter</strong></span> <span class='ocrx_word' id='word_1_448' title='bbox 648 3878 780 3935; x_wconf 93' lang='lat' dir='ltr'><strong>inanium</strong></span> <span class='ocrx_word' id='word_1_449' title='bbox 835 3877 927 3934; x_wconf 91' lang='lat' dir='ltr'><strong>mines</strong></span> <span class='ocrx_word' id='word_1_450' title='bbox 947 3880 1078 3933; x_wconf 80' lang='lat' dir='ltr'><strong>venimus.</strong></span> <span class='ocrx_word' id='word_1_451' title='bbox 1105 3877 1237 3948; x_wconf 81' lang='lat' dir='ltr'><strong>Cumque</strong></span> <span class='ocrx_word' id='word_1_452' title='bbox 1262 3878 1318 3933; x_wconf 88' lang='lat' dir='ltr'><strong>Deo</strong></span> <span class='ocrx_word' id='word_1_453' title='bbox 1342 3884 1369 3933; x_wconf 90' lang='lat' dir='ltr'><strong>et</strong></span> <span class='ocrx_word' id='word_1_454' title='bbox 1394 3876 1534 3946; x_wconf 85' lang='lat' dir='ltr'><strong>proximis</strong></span> <span class='ocrx_word' id='word_1_455' title='bbox 1554 3891 1604 3946; x_wconf 90' lang='lat' dir='ltr'><strong>pro</strong></span> <span class='ocrx_word' id='word_1_456' title='bbox 1624 3876 1681 3931; x_wconf 87' lang='lat' dir='ltr'><strong>Deo</strong></span> 
     </span>
     <span class='ocr_line' id='line_1_37' title="bbox 56 3963 1681 4037; baseline -0.002 -14"><span class='ocrx_word' id='word_1_457' title='bbox 56 3982 65 4024; x_wconf 88' lang='grc' dir='ltr'><strong>ι</strong></span> <span class='ocrx_word' id='word_1_458' title='bbox 79 3981 167 4023; x_wconf 87' lang='lat' dir='ltr'><strong>auras</strong></span> <span class='ocrx_word' id='word_1_459' title='bbox 181 3966 295 4022; x_wconf 92' lang='lat' dir='ltr'><strong>damnis</strong></span> <span class='ocrx_word' id='word_1_460' title='bbox 310 3965 458 4036; x_wconf 79' lang='lat' dir='ltr'><strong>aliquibus</strong></span> <span class='ocrx_word' id='word_1_461' title='bbox 472 3974 615 4023; x_wconf 89' lang='lat' dir='ltr'><strong>tenuetur.</strong></span> <span class='ocrx_word' id='word_1_462' title='bbox 836 3966 947 4037; x_wconf 87' lang='lat' dir='ltr'><strong>placere</strong></span> <span class='ocrx_word' id='word_1_463' title='bbox 962 3965 1110 4037; x_wconf 77' lang='lat' dir='ltr'><strong>gestimus,</strong></span> <span class='ocrx_word' id='word_1_464' title='bbox 1131 3963 1201 4035; x_wconf 93' lang='lat' dir='ltr'><strong>quid</strong></span> <span class='ocrx_word' id='word_1_465' title='bbox 1222 3964 1288 4021; x_wconf 88' lang='lat' dir='ltr'><strong>mali</strong></span> <span class='ocrx_word' id='word_1_466' title='bbox 1314 3964 1438 4020; x_wconf 78' lang='lat' dir='ltr'><strong>aestimas</strong></span> <span class='ocrx_word' id='word_1_467' title='bbox 1462 3964 1681 4020; x_wconf 82' lang='lat' dir='ltr'><strong>machinemur?</strong></span> 
     </span>
     <span class='ocr_line' id='line_1_38' title="bbox 72 4053 1682 4126; baseline -0.001 -19"><span class='ocrx_word' id='word_1_468' title='bbox 72 4056 97 4107; x_wconf 84' lang='lat'><strong>5.</strong></span> <span class='ocrx_word' id='word_1_469' title='bbox 120 4085 154 4094; x_wconf 90' lang='lat'><strong>—-</strong></span> <span class='ocrx_word' id='word_1_470' title='bbox 172 4056 289 4122; x_wconf 81' lang='lat' dir='ltr'><strong>inpressi</strong></span> <span class='ocrx_word' id='word_1_471' title='bbox 302 4059 366 4108; x_wconf 85' lang='lat' dir='ltr'><strong>sent</strong></span> <span class='ocrx_word' id='word_1_472' title='bbox 386 4059 486 4108; x_wconf 74' lang='lat' dir='ltr'><strong>tenum</strong></span> <span class='ocrx_word' id='word_1_473' title='bbox 501 4056 624 4125; x_wconf 76' lang='lat' dir='ltr'><strong>AEqypti,</strong></span> <span class='ocrx_word' id='word_1_474' title='bbox 640 4069 700 4108; x_wconf 85' lang='lat' dir='ltr'><strong>eum</strong></span> <span class='ocrx_word' id='word_1_475' title='bbox 719 4056 781 4110; x_wconf 87' lang='lat' dir='ltr'><strong>eliis</strong></span> <span class='ocrx_word' id='word_1_476' title='bbox 836 4054 935 4126; x_wconf 85' lang='lat' dir='ltr'><strong>(Vnus.</strong></span> <span class='ocrx_word' id='word_1_477' title='bbox 954 4053 1009 4125; x_wconf 68' lang='lat' dir='ltr'><strong>la.)</strong></span> <span class='ocrx_word' id='word_1_478' title='bbox 1020 4053 1234 4122; x_wconf 82' lang='lat' dir='ltr'><strong>lnmunt&#39;te,ait,</strong></span> <span class='ocrx_word' id='word_1_479' title='bbox 1248 4059 1324 4107; x_wconf 80' lang='lat' dir='ltr'><strong>terre</strong></span> <span class='ocrx_word' id='word_1_480' title='bbox 1335 4055 1416 4123; x_wconf 75' lang='lat' dir='ltr'><strong>liujus</strong></span> <span class='ocrx_word' id='word_1_481' title='bbox 1430 4054 1682 4109; x_wconf 72' lang='lat' dir='ltr'><strong>considerareoeni-</strong></span> 
     </span>
     <span class='ocr_line' id='line_1_39' title="bbox 56 4140 1681 4214; baseline 0 -17"><span class='ocrx_word' id='word_1_482' title='bbox 56 4142 156 4212; x_wconf 84' lang='lat' dir='ltr'><strong>pehent</strong></span> <span class='ocrx_word' id='word_1_483' title='bbox 178 4142 214 4196; x_wconf 86' lang='lat' dir='ltr'><strong>ed</strong></span> <span class='ocrx_word' id='word_1_484' title='bbox 237 4142 386 4197; x_wconf 83' lang='lat' dir='ltr'><strong>emendem.</strong></span> <span class='ocrx_word' id='word_1_485' title='bbox 406 4145 515 4199; x_wconf 80' lang='lat' dir='ltr'><strong>Yennn</strong></span> <span class='ocrx_word' id='word_1_486' title='bbox 541 4144 653 4212; x_wconf 78' lang='lat' dir='ltr'><strong>AEqppti</strong></span> <span class='ocrx_word' id='word_1_487' title='bbox 682 4142 781 4214; x_wconf 83' lang='lat' dir='ltr'><strong>ingre·</strong></span> <span class='ocrx_word' id='word_1_488' title='bbox 834 4143 894 4196; x_wconf 83' lang='lat' dir='ltr'><strong>stis.</strong></span> <span class='ocrx_word' id='word_1_489' title='bbox 915 4140 996 4208; x_wconf 84' lang='lat' dir='ltr'><strong>Quod</strong></span> <span class='ocrx_word' id='word_1_490' title='bbox 1011 4150 1054 4198; x_wconf 89' lang='lat' dir='ltr'><strong>est</strong></span> <span class='ocrx_word' id='word_1_491' title='bbox 1073 4142 1300 4212; x_wconf 90' lang='lat' dir='ltr'><strong>opportunitates</strong></span> <span class='ocrx_word' id='word_1_492' title='bbox 1319 4142 1416 4197; x_wconf 89' lang='lat' dir='ltr'><strong>adhue</strong></span> <span class='ocrx_word' id='word_1_493' title='bbox 1432 4142 1568 4213; x_wconf 89' lang='lat' dir='ltr'><strong>peccandi</strong></span> <span class='ocrx_word' id='word_1_494' title='bbox 1583 4141 1681 4197; x_wconf 90' lang='lat' dir='ltr'><strong>obser-</strong></span> 
     </span>
     <span class='ocr_line' id='line_1_40' title="bbox 57 4227 1682 4303; baseline -0.003 -16"><span class='ocrx_word' id='word_1_495' title='bbox 57 4271 66 4299; x_wconf 96' lang='lat'><strong>,</strong></span> <span class='ocrx_word' id='word_1_496' title='bbox 89 4244 157 4287; x_wconf 89' lang='lat' dir='ltr'><strong>eum</strong></span> <span class='ocrx_word' id='word_1_497' title='bbox 180 4237 299 4286; x_wconf 84' lang='lat' dir='ltr'><strong>terrenae</strong></span> <span class='ocrx_word' id='word_1_498' title='bbox 313 4229 470 4288; x_wconf 80' lang='lat' dir='ltr'><strong>allectionis</strong></span> <span class='ocrx_word' id='word_1_499' title='bbox 493 4231 626 4288; x_wconf 85' lang='lat' dir='ltr'><strong>tenebras</strong></span> <span class='ocrx_word' id='word_1_500' title='bbox 641 4239 668 4288; x_wconf 92' lang='lat' dir='ltr'><strong>et</strong></span> <span class='ocrx_word' id='word_1_501' title='bbox 692 4245 783 4303; x_wconf 83' lang='lat' dir='ltr'><strong>angn-</strong></span> <span class='ocrx_word' id='word_1_502' title='bbox 835 4229 920 4294; x_wconf 88' lang='lat' dir='ltr'><strong>vatis,</strong></span> <span class='ocrx_word' id='word_1_503' title='bbox 938 4242 990 4285; x_wconf 90' lang='lat' dir='ltr'><strong>nee</strong></span> <span class='ocrx_word' id='word_1_504' title='bbox 1012 4228 1047 4284; x_wconf 92' lang='lat' dir='ltr'><strong>ad</strong></span> <span class='ocrx_word' id='word_1_505' title='bbox 1064 4228 1140 4285; x_wconf 86' lang='lat' dir='ltr'><strong>vires</strong></span> <span class='ocrx_word' id='word_1_506' title='bbox 1154 4228 1255 4295; x_wconf 86' lang='lat' dir='ltr'><strong>aninri,</strong></span> <span class='ocrx_word' id='word_1_507' title='bbox 1276 4228 1326 4284; x_wconf 91' lang='lat' dir='ltr'><strong>sed</strong></span> <span class='ocrx_word' id='word_1_508' title='bbox 1341 4227 1442 4300; x_wconf 79' lang='lat' dir='ltr'><strong>fragile</strong></span> <span class='ocrx_word' id='word_1_509' title='bbox 1463 4242 1568 4298; x_wconf 90' lang='lat' dir='ltr'><strong>corpus</strong></span> <span class='ocrx_word' id='word_1_510' title='bbox 1589 4234 1682 4283; x_wconf 91' lang='lat' dir='ltr'><strong>atten-</strong></span> 
     </span>
     <span class='ocr_line' id='line_1_41' title="bbox 58 4316 1085 4391; baseline -0.002 -17"><span class='ocrx_word' id='word_1_511' title='bbox 58 4318 116 4374; x_wconf 89' lang='lat' dir='ltr'><strong>ires</strong></span> <span class='ocrx_word' id='word_1_512' title='bbox 135 4317 277 4375; x_wconf 91' lang='lat' dir='ltr'><strong>interioris</strong></span> <span class='ocrx_word' id='word_1_513' title='bbox 298 4319 423 4375; x_wconf 90' lang='lat' dir='ltr'><strong>hominis</strong></span> <span class='ocrx_word' id='word_1_514' title='bbox 449 4327 590 4391; x_wconf 85' lang='lat' dir='ltr'><strong>congestae</strong></span> <span class='ocrx_word' id='word_1_515' title='bbox 610 4320 780 4389; x_wconf 87' lang='lat' dir='ltr'><strong>irrumpere,</strong></span> <span class='ocrx_word' id='word_1_516' title='bbox 835 4317 934 4374; x_wconf 90' lang='lat' dir='ltr'><strong>dentes</strong></span> <span class='ocrx_word' id='word_1_517' title='bbox 949 4316 1085 4386; x_wconf 89' lang='lat' dir='ltr'><strong>desipitis.</strong></span> 
     </span>
     <span class='ocr_line' id='line_1_42' title="bbox 56 4399 1681 4478; baseline -0.002 -16"><span class='ocrx_word' id='word_1_518' title='bbox 56 4419 110 4463; x_wconf 84' lang='lat' dir='ltr'><strong>tere</strong></span> <span class='ocrx_word' id='word_1_519' title='bbox 132 4407 283 4475; x_wconf 92' lang='lat' dir='ltr'><strong>nituntur;</strong></span> <span class='ocrx_word' id='word_1_520' title='bbox 309 4406 704 4478; x_wconf 87' lang='lat' dir='ltr'><strong>undeetalios,quiiisde1n</strong></span> <span class='ocrx_word' id='word_1_521' title='bbox 729 4408 782 4478; x_wconf 92' lang='lat' dir='ltr'><strong>piis</strong></span> <span class='ocrx_word' id='word_1_522' title='bbox 872 4405 956 4462; x_wconf 85' lang='lat' dir='ltr'><strong>Vsus.</strong></span> <span class='ocrx_word' id='word_1_523' title='bbox 976 4406 1017 4459; x_wconf 76' lang='lat' dir='ltr'><strong>ll.</strong></span> <span class='ocrx_word' id='word_1_524' title='bbox 1038 4433 1075 4445; x_wconf 93' lang='lat'><em>-</em></span> <span class='ocrx_word' id='word_1_525' title='bbox 1096 4399 1251 4471; x_wconf 80' lang='lat' dir='ltr'><strong>Duodecim,</strong></span> <span class='ocrx_word' id='word_1_526' title='bbox 1274 4407 1412 4474; x_wconf 79' lang='lat' dir='ltr'><strong>inquiunt,</strong></span> <span class='ocrx_word' id='word_1_527' title='bbox 1430 4408 1502 4460; x_wconf 74' lang='lat' dir='ltr'><strong>serni</strong></span> <span class='ocrx_word' id='word_1_528' title='bbox 1522 4405 1563 4459; x_wconf 85' lang='lat' dir='ltr'><strong>tui</strong></span> <span class='ocrx_word' id='word_1_529' title='bbox 1577 4407 1681 4471; x_wconf 74' lang='lat' dir='ltr'><strong>fratres</strong></span> 
     </span>
     <span class='ocr_line' id='line_1_43' title="bbox 56 4491 1683 4563; baseline -0.003 -12"><span class='ocrx_word' id='word_1_530' title='bbox 56 4493 128 4551; x_wconf 84' lang='lat' dir='ltr'><strong>chiis</strong></span> <span class='ocrx_word' id='word_1_531' title='bbox 153 4493 302 4562; x_wconf 89' lang='lat' dir='ltr'><strong>institere,</strong></span> <span class='ocrx_word' id='word_1_532' title='bbox 333 4494 377 4550; x_wconf 88' lang='lat' dir='ltr'><strong>vel</strong></span> <span class='ocrx_word' id='word_1_533' title='bbox 404 4495 537 4562; x_wconf 91' lang='lat' dir='ltr'><strong>instant,</strong></span> <span class='ocrx_word' id='word_1_534' title='bbox 564 4504 678 4552; x_wconf 89' lang='lat' dir='ltr'><strong>sanctos</strong></span> <span class='ocrx_word' id='word_1_535' title='bbox 706 4496 782 4552; x_wconf 89' lang='lat' dir='ltr'><strong>viros</strong></span> <span class='ocrx_word' id='word_1_536' title='bbox 835 4508 937 4548; x_wconf 82' lang='lat' dir='ltr'><strong>sumes.</strong></span> <span class='ocrx_word' id='word_1_537' title='bbox 953 4491 1036 4560; x_wconf 87' lang='lat' dir='ltr'><strong>Quia,</strong></span> <span class='ocrx_word' id='word_1_538' title='bbox 1055 4506 1105 4563; x_wconf 93' lang='lat' dir='ltr'><strong>per</strong></span> <span class='ocrx_word' id='word_1_539' title='bbox 1122 4492 1270 4549; x_wconf 87' lang='lat' dir='ltr'><strong>Trinitatis</strong></span> <span class='ocrx_word' id='word_1_540' title='bbox 1291 4507 1430 4562; x_wconf 81' lang='lat' dir='ltr'><strong>autorem,</strong></span> <span class='ocrx_word' id='word_1_541' title='bbox 1446 4501 1572 4563; x_wconf 92' lang='lat' dir='ltr'><strong>quatuor</strong></span> <span class='ocrx_word' id='word_1_542' title='bbox 1584 4492 1683 4547; x_wconf 89' lang='lat' dir='ltr'><strong>Evan-</strong></span> 
     </span>
     <span class='ocr_line' id='line_1_44' title="bbox 56 4577 1683 4654; baseline -0.003 -15"><span class='ocrx_word' id='word_1_543' title='bbox 56 4597 97 4639; x_wconf 90' lang='lat' dir='ltr'><strong>ur.</strong></span> <span class='ocrx_word' id='word_1_544' title='bbox 114 4585 182 4638; x_wconf 77' lang='lat' dir='ltr'><strong>beet</strong></span> <span class='ocrx_word' id='word_1_545' title='bbox 197 4588 286 4637; x_wconf 84' lang='lat' dir='ltr'><strong>entem</strong></span> <span class='ocrx_word' id='word_1_546' title='bbox 306 4586 393 4650; x_wconf 74' lang='lat' dir='ltr'><strong>tontes</strong></span> <span class='ocrx_word' id='word_1_547' title='bbox 409 4586 439 4638; x_wconf 83' lang='lat' dir='ltr'><strong>in</strong></span> <span class='ocrx_word' id='word_1_548' title='bbox 454 4588 527 4638; x_wconf 82' lang='lat' dir='ltr'><strong>terro</strong></span> <span class='ocrx_word' id='word_1_549' title='bbox 547 4585 692 4639; x_wconf 70' lang='lat' dir='ltr'><strong>chosroen.</strong></span> <span class='ocrx_word' id='word_1_550' title='bbox 708 4583 782 4641; x_wconf 86' lang='lat' dir='ltr'><strong>Cha·</strong></span> <span class='ocrx_word' id='word_1_551' title='bbox 836 4581 987 4654; x_wconf 87' lang='lat' dir='ltr'><strong>geliornm,</strong></span> <span class='ocrx_word' id='word_1_552' title='bbox 1002 4580 1045 4636; x_wconf 82' lang='lat' dir='ltr'><strong>nel</strong></span> <span class='ocrx_word' id='word_1_553' title='bbox 1068 4588 1193 4651; x_wconf 91' lang='lat' dir='ltr'><strong>quatuor</strong></span> <span class='ocrx_word' id='word_1_554' title='bbox 1217 4579 1420 4652; x_wconf 85' lang='lat' dir='ltr'><strong>principalium</strong></span> <span class='ocrx_word' id='word_1_555' title='bbox 1445 4580 1585 4635; x_wconf 86' lang='lat' dir='ltr'><strong>virtutum</strong></span> <span class='ocrx_word' id='word_1_556' title='bbox 1599 4577 1683 4648; x_wconf 79' lang='lat' dir='ltr'><strong>pecie</strong></span> 
     </span>
     <span class='ocr_line' id='line_1_45' title="bbox 56 4666 1682 4743; baseline -0.004 -17"><span class='ocrx_word' id='word_1_557' title='bbox 56 4673 133 4727; x_wconf 86' lang='lat' dir='ltr'><strong>citur</strong></span> <span class='ocrx_word' id='word_1_558' title='bbox 150 4674 266 4740; x_wconf 84' lang='lat' dir='ltr'><strong>perotus</strong></span> <span class='ocrx_word' id='word_1_559' title='bbox 282 4672 440 4738; x_wconf 77' lang='lat' dir='ltr'><strong>numilitate,</strong></span> <span class='ocrx_word' id='word_1_560' title='bbox 458 4672 625 4743; x_wconf 72' lang='lat' dir='ltr'><strong>significans</strong></span> <span class='ocrx_word' id='word_1_561' title='bbox 639 4674 779 4739; x_wconf 91' lang='lat' dir='ltr'><strong>animum,</strong></span> <span class='ocrx_word' id='word_1_562' title='bbox 835 4670 942 4726; x_wconf 82' lang='lat' dir='ltr'><strong>stiones</strong></span> <span class='ocrx_word' id='word_1_563' title='bbox 964 4682 1103 4740; x_wconf 90' lang='lat' dir='ltr'><strong>germana</strong></span> <span class='ocrx_word' id='word_1_564' title='bbox 1127 4669 1234 4740; x_wconf 89' lang='lat' dir='ltr'><strong>pariter</strong></span> <span class='ocrx_word' id='word_1_565' title='bbox 1250 4669 1397 4736; x_wconf 85' lang='lat' dir='ltr'><strong>devotione</strong></span> <span class='ocrx_word' id='word_1_566' title='bbox 1418 4666 1631 4738; x_wconf 89' lang='lat' dir='ltr'><strong>prosequimur,</strong></span> <span class='ocrx_word' id='word_1_567' title='bbox 1654 4671 1682 4721; x_wconf 91' lang='lat' dir='ltr'><strong>et</strong></span> 
     </span>
     <span class='ocr_line' id='line_1_46' title="bbox 56 4753 1682 4831; baseline -0.004 -14"><span class='ocrx_word' id='word_1_568' title='bbox 56 4774 116 4831; x_wconf 76' lang='lat' dir='ltr'><strong>quae</strong></span> <span class='ocrx_word' id='word_1_569' title='bbox 142 4772 193 4829; x_wconf 92' lang='lat' dir='ltr'><strong>per</strong></span> <span class='ocrx_word' id='word_1_570' title='bbox 207 4759 364 4830; x_wconf 85' lang='lat' dir='ltr'><strong>AEgyptum</strong></span> <span class='ocrx_word' id='word_1_571' title='bbox 390 4759 549 4831; x_wconf 85' lang='lat' dir='ltr'><strong>figuratum</strong></span> <span class='ocrx_word' id='word_1_572' title='bbox 568 4761 695 4817; x_wconf 87' lang='lat' dir='ltr'><strong>terrestri</strong></span> <span class='ocrx_word' id='word_1_573' title='bbox 710 4760 779 4818; x_wconf 86' lang='lat' dir='ltr'><strong>alie-</strong></span> <span class='ocrx_word' id='word_1_574' title='bbox 836 4772 903 4815; x_wconf 89' lang='lat' dir='ltr'><strong>eum</strong></span> <span class='ocrx_word' id='word_1_575' title='bbox 919 4760 947 4811; x_wconf 83' lang='lat' dir='ltr'><strong>in</strong></span> <span class='ocrx_word' id='word_1_576' title='bbox 962 4763 1035 4812; x_wconf 80' lang='lat' dir='ltr'><strong>terro</strong></span> <span class='ocrx_word' id='word_1_577' title='bbox 1054 4759 1184 4815; x_wconf 77' lang='lat' dir='ltr'><strong>channen</strong></span> <span class='ocrx_word' id='word_1_578' title='bbox 1207 4771 1344 4821; x_wconf 86' lang='lat' dir='ltr'><strong>essemus,</strong></span> <span class='ocrx_word' id='word_1_579' title='bbox 1360 4756 1395 4811; x_wconf 90' lang='lat' dir='ltr'><strong>ad</strong></span> <span class='ocrx_word' id='word_1_580' title='bbox 1417 4754 1581 4812; x_wconf 85' lang='lat' dir='ltr'><strong>filiationem</strong></span> <span class='ocrx_word' id='word_1_581' title='bbox 1605 4753 1682 4810; x_wconf 91' lang='lat' dir='ltr'><strong>illius</strong></span> 
     </span>
     <span class='ocr_line' id='line_1_47' title="bbox 64 4844 1681 4921; baseline -0.005 -17"><span class='ocrx_word' id='word_1_582' title='bbox 64 4847 149 4920; x_wconf 88' lang='lat' dir='ltr'><strong>quasi</strong></span> <span class='ocrx_word' id='word_1_583' title='bbox 165 4847 266 4918; x_wconf 91' lang='lat' dir='ltr'><strong>iniqua</strong></span> <span class='ocrx_word' id='word_1_584' title='bbox 285 4847 412 4918; x_wconf 90' lang='lat' dir='ltr'><strong>quadam</strong></span> <span class='ocrx_word' id='word_1_585' title='bbox 436 4848 606 4918; x_wconf 90' lang='lat' dir='ltr'><strong>humilitate,</strong></span> <span class='ocrx_word' id='word_1_586' title='bbox 628 4850 780 4921; x_wconf 88' lang='lat' dir='ltr'><strong>dejectum,</strong></span> <span class='ocrx_word' id='word_1_587' title='bbox 836 4846 924 4903; x_wconf 92' lang='lat' dir='ltr'><strong>unius</strong></span> <span class='ocrx_word' id='word_1_588' title='bbox 937 4846 972 4902; x_wconf 90' lang='lat' dir='ltr'><strong>de</strong></span> <span class='ocrx_word' id='word_1_589' title='bbox 987 4860 1047 4916; x_wconf 93' lang='lat' dir='ltr'><strong>quo</strong></span> <span class='ocrx_word' id='word_1_590' title='bbox 1058 4847 1119 4918; x_wconf 81' lang='lat' dir='ltr'><strong>jam</strong></span> <span class='ocrx_word' id='word_1_591' title='bbox 1134 4847 1241 4903; x_wconf 91' lang='lat' dir='ltr'><strong>dictum</strong></span> <span class='ocrx_word' id='word_1_592' title='bbox 1257 4853 1299 4901; x_wconf 87' lang='lat' dir='ltr'><strong>est</strong></span> <span class='ocrx_word' id='word_1_593' title='bbox 1319 4844 1374 4900; x_wconf 86' lang='lat' dir='ltr'><strong>riri</strong></span> <span class='ocrx_word' id='word_1_594' title='bbox 1389 4844 1483 4900; x_wconf 82' lang='lat' dir='ltr'><strong>vocati</strong></span> <span class='ocrx_word' id='word_1_595' title='bbox 1498 4857 1609 4900; x_wconf 73' lang='lat' dir='ltr'><strong>sunaus.</strong></span> <span class='ocrx_word' id='word_1_596' title='bbox 1627 4844 1681 4898; x_wconf 81' lang='lat' dir='ltr'><strong>alt·</strong></span> 
     </span>
    </p>
   </div>
   <div class='ocr_carea' id='block_1_4' title="bbox 56 4929 1684 5448">
    <p class='ocr_par' dir='ltr' id='par_1_4' title="bbox 56 4929 1684 5448">
     <span class='ocr_line' id='line_1_48' title="bbox 56 4929 1681 5007; baseline -0.003 -15"><span class='ocrx_word' id='word_1_597' title='bbox 56 4949 111 4993; x_wconf 83' lang='lat' dir='ltr'><strong>rnae</strong></span> <span class='ocrx_word' id='word_1_598' title='bbox 140 4935 350 5006; x_wconf 77' lang='lat' dir='ltr'><strong>prestolantem</strong></span> <span class='ocrx_word' id='word_1_599' title='bbox 379 4936 463 4993; x_wconf 89' lang='lat' dir='ltr'><strong>lamis</strong></span> <span class='ocrx_word' id='word_1_600' title='bbox 492 4936 652 5005; x_wconf 90' lang='lat' dir='ltr'><strong>interitum,</strong></span> <span class='ocrx_word' id='word_1_601' title='bbox 681 4937 736 4994; x_wconf 89' lang='lat' dir='ltr'><strong>nisi</strong></span> <span class='ocrx_word' id='word_1_602' title='bbox 763 4929 926 4994; x_wconf 83' lang='lat' dir='ltr'><strong>aDnimes</strong></span> <span class='ocrx_word' id='word_1_603' title='bbox 946 4950 1002 4992; x_wconf 94' lang='lat' dir='ltr'><strong>non</strong></span> <span class='ocrx_word' id='word_1_604' title='bbox 1025 4943 1142 5006; x_wconf 92' lang='lat' dir='ltr'><strong>propter</strong></span> <span class='ocrx_word' id='word_1_605' title='bbox 1160 4933 1369 5007; x_wconf 91' lang='lat' dir='ltr'><strong>indignitatem,</strong></span> <span class='ocrx_word' id='word_1_606' title='bbox 1394 4933 1444 4989; x_wconf 89' lang='lat' dir='ltr'><strong>sed</strong></span> <span class='ocrx_word' id='word_1_607' title='bbox 1465 4940 1580 5004; x_wconf 91' lang='lat' dir='ltr'><strong>propter</strong></span> <span class='ocrx_word' id='word_1_608' title='bbox 1601 4932 1681 5002; x_wconf 92' lang='lat' dir='ltr'><strong>spiri·</strong></span> 
     </span>
     <span class='ocr_line' id='line_1_49' title="bbox 67 5020 1681 5105; baseline -0.003 -25"><span class='ocrx_word' id='word_1_609' title='bbox 67 5024 183 5094; x_wconf 78' lang='lat' dir='ltr'><strong>praelato</strong></span> <span class='ocrx_word' id='word_1_610' title='bbox 218 5024 333 5097; x_wconf 83' lang='lat' dir='ltr'><strong>AEgypti</strong></span> <span class='ocrx_word' id='word_1_611' title='bbox 360 5023 460 5105; x_wconf 77' lang='lat' dir='ltr'><strong>yitalis</strong></span> <span class='ocrx_word' id='word_1_612' title='bbox 491 5025 545 5082; x_wconf 92' lang='lat' dir='ltr'><strong>sihi</strong></span> <span class='ocrx_word' id='word_1_613' title='bbox 579 5025 664 5082; x_wconf 91' lang='lat' dir='ltr'><strong>tritici</strong></span> <span class='ocrx_word' id='word_1_614' title='bbox 695 5026 781 5083; x_wconf 88' lang='lat' dir='ltr'><strong>luerit</strong></span> <span class='ocrx_word' id='word_1_615' title='bbox 836 5024 976 5081; x_wconf 90' lang='lat' dir='ltr'><strong>tualitatis</strong></span> <span class='ocrx_word' id='word_1_616' title='bbox 993 5023 1190 5089; x_wconf 88' lang='lat' dir='ltr'><strong>subtilitatem,</strong></span> <span class='ocrx_word' id='word_1_617' title='bbox 1208 5037 1272 5094; x_wconf 88' lang='lat' dir='ltr'><strong>spes</strong></span> <span class='ocrx_word' id='word_1_618' title='bbox 1295 5022 1400 5080; x_wconf 89' lang='lat' dir='ltr'><strong>seilicet</strong></span> <span class='ocrx_word' id='word_1_619' title='bbox 1417 5028 1514 5078; x_wconf 88' lang='lat' dir='ltr'><strong>nostra</strong></span> <span class='ocrx_word' id='word_1_620' title='bbox 1535 5020 1601 5076; x_wconf 90' lang='lat' dir='ltr'><strong>cum</strong></span> <span class='ocrx_word' id='word_1_621' title='bbox 1625 5021 1681 5076; x_wconf 91' lang='lat' dir='ltr'><strong>Pa-</strong></span> 
     </span>
     <span class='ocr_line' id='line_1_50' title="bbox 56 5108 1681 5185; baseline -0.003 -16"><span class='ocrx_word' id='word_1_622' title='bbox 56 5127 89 5170; x_wconf 89' lang='lat' dir='ltr'><strong>ne</strong></span> <span class='ocrx_word' id='word_1_623' title='bbox 112 5113 296 5169; x_wconf 87' lang='lat' dir='ltr'><strong>subventum.</strong></span> <span class='ocrx_word' id='word_1_624' title='bbox 324 5111 420 5184; x_wconf 75' lang='lat' dir='ltr'><strong>(Vens.</strong></span> <span class='ocrx_word' id='word_1_625' title='bbox 446 5115 472 5180; x_wconf 87' lang='grc'><strong>6,</strong></span> <span class='ocrx_word' id='word_1_626' title='bbox 502 5114 540 5185; x_wconf 84' lang='lat'><strong>7.)</strong></span> <span class='ocrx_word' id='word_1_627' title='bbox 567 5114 685 5184; x_wconf 78' lang='lat' dir='ltr'><strong>cunque</strong></span> <span class='ocrx_word' id='word_1_628' title='bbox 711 5114 781 5170; x_wconf 87' lang='lat' dir='ltr'><strong>edo-</strong></span> <span class='ocrx_word' id='word_1_629' title='bbox 836 5120 878 5171; x_wconf 90' lang='lat' dir='ltr'><strong>tre</strong></span> <span class='ocrx_word' id='word_1_630' title='bbox 893 5112 998 5171; x_wconf 88' lang='lat' dir='ltr'><strong>coelesti</strong></span> <span class='ocrx_word' id='word_1_631' title='bbox 1020 5120 1071 5181; x_wconf 91' lang='lat' dir='ltr'><strong>est,</strong></span> <span class='ocrx_word' id='word_1_632' title='bbox 1090 5111 1140 5169; x_wconf 92' lang='lat' dir='ltr'><strong>ubi</strong></span> <span class='ocrx_word' id='word_1_633' title='bbox 1162 5111 1248 5168; x_wconf 89' lang='lat' dir='ltr'><strong>etiam</strong></span> <span class='ocrx_word' id='word_1_634' title='bbox 1270 5111 1430 5168; x_wconf 91' lang='lat' dir='ltr'><strong>secundum</strong></span> <span class='ocrx_word' id='word_1_635' title='bbox 1454 5109 1530 5166; x_wconf 90' lang='lat' dir='ltr'><strong>hanc</strong></span> <span class='ocrx_word' id='word_1_636' title='bbox 1550 5108 1681 5165; x_wconf 91' lang='lat' dir='ltr'><strong>diversa-</strong></span> 
     </span>
     <span class='ocr_line' id='line_1_51' title="bbox 56 5196 1681 5270; baseline -0.002 -14"><span class='ocrx_word' id='word_1_637' title='bbox 56 5203 241 5269; x_wconf 76' lang='lat' dir='ltr'><strong>eamtretres,</strong></span> <span class='ocrx_word' id='word_1_638' title='bbox 258 5206 284 5256; x_wconf 86' lang='lat' dir='ltr'><strong>et</strong></span> <span class='ocrx_word' id='word_1_639' title='bbox 298 5203 452 5270; x_wconf 78' lang='lat' dir='ltr'><strong>agnovisset</strong></span> <span class='ocrx_word' id='word_1_640' title='bbox 466 5216 520 5269; x_wconf 89' lang='lat' dir='ltr'><strong>eos,</strong></span> <span class='ocrx_word' id='word_1_641' title='bbox 537 5204 620 5270; x_wconf 83' lang='lat' dir='ltr'><strong>qnasi</strong></span> <span class='ocrx_word' id='word_1_642' title='bbox 633 5202 783 5257; x_wconf 71' lang='grc' dir='ltr'>αιιιιιιειιοι</span> <span class='ocrx_word' id='word_1_643' title='bbox 836 5215 913 5258; x_wconf 87' lang='lat' dir='ltr'><strong>mur.</strong></span> <span class='ocrx_word' id='word_1_644' title='bbox 938 5202 1019 5257; x_wconf 79' lang='lat' dir='ltr'><strong>Alius</strong></span> <span class='ocrx_word' id='word_1_645' title='bbox 1044 5215 1098 5255; x_wconf 90' lang='lat' dir='ltr'><strong>non</strong></span> <span class='ocrx_word' id='word_1_646' title='bbox 1121 5204 1274 5270; x_wconf 83' lang='lat' dir='ltr'><strong>estsuper,</strong></span> <span class='ocrx_word' id='word_1_647' title='bbox 1302 5200 1372 5270; x_wconf 87' lang='lat' dir='ltr'><strong>quia</strong></span> <span class='ocrx_word' id='word_1_648' title='bbox 1398 5196 1501 5254; x_wconf 90' lang='lat' dir='ltr'><strong>mundi</strong></span> <span class='ocrx_word' id='word_1_649' title='bbox 1526 5197 1681 5267; x_wconf 89' lang='lat' dir='ltr'><strong>appetitus,</strong></span> 
     </span>
     <span class='ocr_line' id='line_1_52' title="bbox 59 5285 1683 5360; baseline -0.002 -15"><span class='ocrx_word' id='word_1_650' title='bbox 59 5291 240 5360; x_wconf 79' lang='lat' dir='ltr'><strong>loquebatur,</strong></span> <span class='ocrx_word' id='word_1_651' title='bbox 265 5292 436 5359; x_wconf 65' lang='lat' dir='ltr'><strong>interrogans</strong></span> <span class='ocrx_word' id='word_1_652' title='bbox 459 5305 501 5346; x_wconf 87' lang='lat' dir='ltr'><strong>eos</strong></span> <span class='ocrx_word' id='word_1_653' title='bbox 525 5307 532 5346; x_wconf 93' lang='lat'><strong>:</strong></span> <span class='ocrx_word' id='word_1_654' title='bbox 560 5291 636 5348; x_wconf 79' lang='lat' dir='ltr'><strong>Unde</strong></span> <span class='ocrx_word' id='word_1_655' title='bbox 662 5290 781 5348; x_wconf 82' lang='lat' dir='ltr'><strong>venitis?</strong></span> <span class='ocrx_word' id='word_1_656' title='bbox 836 5289 888 5360; x_wconf 89' lang='lat' dir='ltr'><strong>qui</strong></span> <span class='ocrx_word' id='word_1_657' title='bbox 903 5303 955 5346; x_wconf 90' lang='lat' dir='ltr'><strong>nos</strong></span> <span class='ocrx_word' id='word_1_658' title='bbox 968 5303 1058 5359; x_wconf 86' lang='lat' dir='ltr'><strong>super</strong></span> <span class='ocrx_word' id='word_1_659' title='bbox 1071 5288 1252 5360; x_wconf 87' lang='lat' dir='ltr'><strong>equitaverat</strong></span> <span class='ocrx_word' id='word_1_660' title='bbox 1266 5287 1333 5345; x_wconf 89' lang='lat' dir='ltr'><strong>olim</strong></span> <span class='ocrx_word' id='word_1_661' title='bbox 1346 5287 1407 5358; x_wconf 85' lang='lat' dir='ltr'><strong>jam</strong></span> <span class='ocrx_word' id='word_1_662' title='bbox 1422 5299 1614 5356; x_wconf 86' lang='lat' dir='ltr'><strong>supernorum</strong></span> <span class='ocrx_word' id='word_1_663' title='bbox 1630 5285 1683 5341; x_wconf 89' lang='lat' dir='ltr'><strong>de-</strong></span> 
     </span>
     <span class='ocr_line' id='line_1_53' title="bbox 56 5372 1684 5448; baseline -0.001 -18"><span class='ocrx_word' id='word_1_664' title='bbox 56 5394 70 5447; x_wconf 88' lang='lat' dir='ltr'><strong>t,</strong></span> <span class='ocrx_word' id='word_1_665' title='bbox 93 5376 243 5447; x_wconf 88' lang='lat' dir='ltr'><strong>inquiunt,</strong></span> <span class='ocrx_word' id='word_1_666' title='bbox 269 5377 409 5444; x_wconf 77' lang='lat' dir='ltr'><strong>channen,</strong></span> <span class='ocrx_word' id='word_1_667' title='bbox 433 5382 464 5432; x_wconf 86' lang='lat' dir='ltr'><strong>nt</strong></span> <span class='ocrx_word' id='word_1_668' title='bbox 487 5391 605 5433; x_wconf 82' lang='lat' dir='ltr'><strong>ememus</strong></span> <span class='ocrx_word' id='word_1_669' title='bbox 626 5379 712 5433; x_wconf 72' lang='lat' dir='ltr'><strong>nieme·</strong></span> <span class='ocrx_word' id='word_1_670' title='bbox 732 5393 782 5432; x_wconf 83' lang='lat' dir='ltr'><strong>ne-</strong></span> <span class='ocrx_word' id='word_1_671' title='bbox 836 5377 938 5435; x_wconf 90' lang='lat' dir='ltr'><strong>siderio</strong></span> <span class='ocrx_word' id='word_1_672' title='bbox 962 5384 1005 5435; x_wconf 91' lang='lat' dir='ltr'><strong>est</strong></span> <span class='ocrx_word' id='word_1_673' title='bbox 1025 5378 1134 5435; x_wconf 84' lang='lat' dir='ltr'><strong>subter·</strong></span> <span class='ocrx_word' id='word_1_674' title='bbox 1158 5377 1256 5448; x_wconf 80' lang='lat' dir='ltr'><strong>(Vnus.</strong></span> <span class='ocrx_word' id='word_1_675' title='bbox 1282 5375 1337 5448; x_wconf 82' lang='lat' dir='ltr'><strong>lt.)</strong></span> <span class='ocrx_word' id='word_1_676' title='bbox 1352 5379 1408 5434; x_wconf 83' lang='lat' dir='ltr'><strong>llos</strong></span> <span class='ocrx_word' id='word_1_677' title='bbox 1425 5381 1475 5440; x_wconf 77' lang='lat' dir='ltr'><strong>eet,</strong></span> <span class='ocrx_word' id='word_1_678' title='bbox 1492 5377 1543 5441; x_wconf 78' lang='grc' dir='ltr'>(ιιι,</span> <span class='ocrx_word' id='word_1_679' title='bbox 1557 5372 1630 5441; x_wconf 83' lang='lat' dir='ltr'><strong>qaod</strong></span> <span class='ocrx_word' id='word_1_680' title='bbox 1645 5374 1684 5428; x_wconf 88' lang='lat' dir='ltr'><strong>lo·</strong></span> 
     </span>
    </p>
   </div>
   <div class='ocr_carea' id='block_1_5' title="bbox 0 0 1914 6008">
    <p class='ocr_par' dir='ltr' id='par_1_5' title="bbox 0 0 1914 6008">
     <span class='ocr_line' id='line_1_54' title="bbox 0 0 1914 6008; baseline 0 0"><span class='ocrx_word' id='word_1_681' title='bbox 0 0 1914 6008; x_wconf 95' lang='lat' dir='ltr'><strong> </strong></span> 
     </span>
    </p>
   </div>
  </div>
 </body>
</html>
