3818 6008
108 247 159 301 ιιι
513 245 566 336 ιι.
590 244 755 301 thiecurt
785 243 932 300 acueris
960 245 988 300 S.
1021 243 1145 300 tialllib*
1174 243 1219 298 DE
1244 242 1440 301 nollunnto
1805 245 1857 297 ιιι

107 381 168 453 jam
183 381 343 438 necessario
358 380 427 436 mibi
444 379 629 450 copulabitur
647 381 769 435 maritus
785 378 954 447 intellectus,
974 381 998 434 li
1013 379 1091 435 ritati
1101 379 1260 435 emerendae
1271 377 1464 443 militaverim,
1479 392 1546 433 cunr
1557 377 1619 433 baec
1632 385 1660 434 et
1668 384 1699 434 ιε
1712 391 1797 448 passa
1810 377 1856 433 sis.

111 471 181 541 quia
195 470 277 541 plene
298 468 437 525 evacuavi
453 482 519 539 quae
532 475 601 524 sunt
619 467 744 524 carnalis
758 467 886 524 aiiectus.
902 468 957 523 Za·
1046 468 1131 524 Vens.
1149 469 1192 534 ιι,
1213 469 1257 521 ιι.
1278 497 1313 506 -
1333 468 1384 521 Ait
1406 466 1500 521 toton
1515 467 1541 520 ei
1554 480 1561 519 :
1575 467 1717 521 incenium
1738 468 1858 533 prolium

110 560 199 616 bulon
222 559 329 614 dicitur
349 560 440 626 tineus
462 559 557 623 noctis,
575 557 619 612 vel
644 557 829 611 habitaculum
848 557 958 623 fortitu·
1009 557 1040 610 ιιι
1054 561 1195 625 conspectu
1214 561 1259 610 tuo
1275 569 1282 609 ε
1298 558 1491 624 Experimento
1504 554 1590 608 didici
1604 554 1677 622 quod
1693 553 1860 608 benedicerit

111 649 196 703 diois.
211 649 272 702 lam
288 661 367 701 nunc
382 645 479 716 itaque
495 645 576 701 nobis
594 645 819 714 impassibilibus
834 643 957 700 viventi·
1010 645 1080 697 mitti
1104 647 1171 699 lieris
1184 649 1296 712 propter
1323 649 1357 698 te.
1372 644 1508 699 Constitue
1522 642 1667 697 mercedem
1682 648 1757 696 tuam
1773 657 1855 711 quom

112 735 167 792 bus
182 734 246 790 iluit
262 747 329 800 nox,
356 731 439 788 idest
454 731 624 803 ignorantie
643 731 843 788 secularitatis
858 730 958 786 adver·
1010 731 1069 786 dem
1086 732 1146 787 tibi.
1171 732 1267 787 haban
1283 732 1319 787 ad
1333 731 1420 786 lacob
1443 731 1582 801 loquitur,
1606 745 1672 787 cum
1687 730 1858 786 candidatus

111 824 229 880 silatum
251 834 317 891 quae
342 820 373 876 iit
394 820 424 875 in
445 828 540 876 mente
562 819 699 886 deiectus,
725 826 752 876 et
777 818 875 888 incipit
897 832 956 874 mse
1011 819 1168 876 coeiestium
1198 819 1363 885 exercitus,
1402 819 1548 875 intellectu
1582 820 1737 889 interprete
1769 828 1796 875 ει
1823 820 1859 875 ad

112 909 308 968 babitaculum
331 908 507 965 tortitudinis
530 915 631 965 contra
650 908 747 964 omnia
769 906 897 977 pericula
916 907 958 960 in·
1010 906 1105 976 ipsum
1120 907 1205 963 etiam
1230 908 1404 964 intellectum
1419 907 1512 962 dicere
1534 907 1649 962 videtur
1664 921 1671 962 :
1689 906 1716 963 Si
1740 907 1791 962 tibi
1806 908 1858 962 ali·

111 999 198 1056 terior
217 996 303 1054 bomo
324 997 454 1054 reiectus.
481 996 579 1066 (Vens.
601 998 660 1067 ιι.)
679 1000 739 1052 Ροει
761 1011 840 1065 quem
852 997 959 1065 peperit
1010 995 1181 1066 quantisper
1204 994 1285 1051 labor
1305 1009 1431 1065 praesens
1452 994 1640 1064 protrahitur,
1663 1009 1857 1067 magnacum

110 1087 197 1158 tilium
210 1087 317 1140 somine
340 1087 451 1140 Dimum.
475 1085 550 1141 Licet
566 1085 616 1141 Dei
640 1083 838 1140 habitaculum
861 1082 958 1138 anima
1011 1081 1047 1137 ad
1062 1096 1147 1137 usum
1164 1082 1349 1139 beatitudinis
1374 1097 1443 1139 mem
1459 1082 1572 1138 veneris
1587 1096 1649 1138 mea
1674 1084 1767 1154 gratia
1782 1085 1857 1153 apud

112 1176 158 1243 sit,
173 1174 237 1232 licet
249 1181 350 1230 contra
366 1173 502 1229 incursus
517 1187 617 1229 omnes
633 1173 743 1230 iortiter
757 1172 841 1240 obsit,
855 1171 958 1226 ilinam
1011 1168 1176 1226 interiorem
1197 1169 1314 1226 oculum
1337 1177 1421 1226 tuum
1446 1169 1610 1227 invenietur
1626 1185 1632 1227 ι
1650 1179 1762 1227 certum
1780 1173 1857 1228 enim

111 1278 184 1334 opus
196 1270 247 1330 est,
274 1262 409 1319 feminam
431 1262 467 1317 ad
485 1268 648 1318 extremum
664 1275 776 1331 semper
796 1261 902 1331 pariat,
926 1267 958 1317 ut
1011 1257 1187 1326 experientia
1207 1256 1282 1324 iecit,
1304 1258 1381 1328 quod
1400 1259 1474 1314 [teus
1488 1258 1697 1315 incrementum
1713 1259 1811 1330 gloriae
1826 1274 1860 1317 ac

111 1352 219 1410 scilicet
242 1359 303 1422 post
321 1351 443 1407 virtutes
463 1350 646 1422 tragilitatem
672 1350 817 1420 propriam
839 1349 893 1405 sibi
907 1349 960 1405 ob·
1011 1343 1117 1401 letitie
1131 1345 1280 1414 spiritibus
1302 1345 1392 1401 beatis
1408 1345 1544 1413 conterat,
1561 1346 1673 1415 quoties
1691 1347 1727 1402 ad
1746 1347 1859 1404 celeste

109 1442 200 1513 jiciat,
222 1455 259 1496 ne
280 1440 459 1496 intumescat.
478 1439 551 1495 Dina
571 1452 639 1495 vero
660 1439 865 1509 interpretatur
882 1438 961 1508 y'adi-
1012 1432 1079 1503 quis
1093 1432 1860 1506 regnumgioriticandusaocedat.Namdicitmagnus

112 1531 182 1584 riom
206 1527 290 1593 istud
315 1527 359 1583 vei
384 1542 477 1582 causo.
498 1526 644 1583 iudicium
665 1541 734 1583 sane
758 1527 844 1595 istud,
868 1527 959 1583 idest
1011 1521 1148 1592 Origenes
1163 1522 1204 1590 (in
1224 1537 1284 1592 cop.
1299 1538 1319 1576 x
1336 1522 1423 1578 Levit.
1445 1522 1511 1578 hom
1534 1521 1551 1578 l.
1566 1527 1593 1587 i,
1610 1530 1676 1579 ante
1688 1524 1776 1592 med.)
1800 1540 1858 1580 non

112 1614 245 1670 discretio
268 1615 399 1670 habenda
421 1622 472 1682 est,
498 1615 571 1671 inter
594 1615 702 1685 optima
725 1630 850 1686 quaeque
872 1628 960 1672 cansa
1012 1607 1167 1679 perlectam
1182 1619 1296 1667 sanctos
1309 1611 1413 1667 habere
1427 1611 1564 1679 laetitiam,
1582 1611 1714 1681 quandiu
1735 1612 1860 1669 viderint

111 1702 243 1759 videlicet
255 1703 449 1772 subreptionis
464 1703 578 1773 ineptae.
980 1680 1137 1782 Biratrum
1167 1714 1287 1755 suorum
1310 1699 1364 1757 snb
1387 1699 1535 1770 temporali
1561 1705 1728 1769 tempestate
1751 1702 1858 1756 moesti·

145 1790 233 1847 Vnus.
259 1793 304 1858 ιι,
328 1792 374 1858 23,
397 1791 441 1845 ιι.
466 1821 500 1830 -
522 1791 651 1845 Rocbelis
676 1806 782 1860 quoque
801 1791 958 1847 reeordatus
1013 1787 1096 1855 tiam,
1124 1789 1202 1844 unde
1229 1795 1340 1845 constat
1370 1803 1457 1845 suum
1489 1788 1672 1845 vehementer
1695 1789 1796 1860 angeri
1825 1790 1859 1846 de

112 1880 239 1933 hominm
261 1877 404 1932 eaecztdisit
425 1893 494 1944 eom,
511 1884 536 1934 et
556 1881 664 1949 operuit
686 1881 794 1934 culoom
814 1880 882 1949 ejus,
899 1896 959 1951 qua
1011 1876 1186 1932 consortium
1212 1877 1356 1947 ereptione
1382 1877 1578 1947 triumphum,
1602 1884 1629 1933 ει
1653 1876 1784 1948 gloriani.
1811 1878 1860 1933 liic

111 1968 240 2036 correepit,
280 1971 305 2020 et
325 1970 432 2036 peperit
469 1968 568 2037 ilium.
597 1967 730 2035 Abstulit,
756 1968 860 2037 inquit,
889 1972 959 2025 Deos
1011 1979 1090 2036 ergo,
1113 1965 1142 2020 id
1165 1973 1207 2023 εει
1223 1965 1399 2035 providendo
1420 1965 1563 2035 perpende
1587 1965 1747 2021 mercedem
1770 1979 1858 2036 quam

111 2056 286 2127 opprobrium
310 2072 406 2111 meum.
436 2059 472 2111 Et
498 2061 604 2113 oocouit
638 2073 733 2113 εειιιεει
761 2057 819 2128 ejus
849 2061 956 2129 ioseph.
1012 2067 1096 2109 ame
1127 2051 1177 2109 tibi
1194 2054 1257 2109 dari
1279 2053 1394 2124 poscis?
1423 2052 1501 2109 Talia
1524 2053 1639 2124 agimus
1663 2068 1730 2110 cum
1754 2054 1859 2110 sanctis

111 2144 235 2200 Rachelis
249 2143 326 2200 Deus
342 2144 520 2211 recordatur,
534 2158 600 2201 cnm
614 2145 649 2200 ad
664 2145 708 2201 sui
722 2145 814 2217 ipsius
828 2147 958 2202 notitiam
1012 2140 1170 2210 spiritibus,
1188 2143 1300 2211 quoties
1313 2156 1414 2199 eorum
1430 2143 1589 2212 patrocinia
1604 2142 1639 2197 ad
1655 2142 1753 2214 gloriae
1768 2142 1860 2199 obten-

111 2231 324 2301 contemplativi
341 2231 503 2302 cujuspiam
519 2247 600 2289 mens
615 2234 672 2289 Deo
687 2235 831 2304 aspirante
846 2235 960 2292 reduci·
1014 2235 1074 2285 tum
1100 2230 1292 2300 exquirimus,
1318 2238 1345 2287 et
1363 2231 1418 2287 boc
1440 2231 1477 2288 ab
1500 2231 1542 2287 eis
1561 2231 1793 2288 intellectualiter
1812 2245 1860 2287 sa-

111 2327 169 2378 tur.
200 2320 337 2387 Exaudit,
372 2335 438 2377 cnm
470 2320 586 2378 aiieclui
609 2320 742 2378 ellectum
776 2323 906 2395 ingerere
930 2339 960 2380 se
1011 2317 1120 2387 pientes
1148 2319 1292 2375 audimus.
1316 2319 1413 2391 (Vnus.
1438 2319 1495 2390 ιιι.)
1530 2322 1570 2374 To
1590 2323 1671 2387 nosti,
1696 2321 1737 2376 ait
1762 2321 1858 2388 Jacob,

110 2408 244 2466 ostendit.
265 2409 380 2464 Voloom
394 2409 496 2478 aperit,
513 2424 579 2466 cum
594 2409 697 2465 semini
713 2409 811 2466 divino
826 2425 876 2481 per
890 2410 961 2468 dila·
1012 2420 1072 2477 qua
1095 2407 1224 2463 molestia
1246 2407 1297 2464 tibi
1320 2408 1410 2464 animi
1435 2409 1591 2479 carnisque
1614 2409 1764 2466 servierim
1788 2423 1861 2465 eme

112 2497 248 2554 tationem
267 2497 416 2553 charitatis
436 2497 465 2552 in
480 2504 574 2553 mente
590 2498 683 2554 locum
701 2499 776 2554 iacit.
799 2499 876 2557 Parit
891 2515 960 2572 crgo
1012 2495 1118 2563 rende,
1144 2501 1170 2550 ei
1192 2503 1306 2565 quarata,
1329 2512 1345 2553 0
1367 2498 1515 2554 beatorum
1538 2498 1667 2568 ὃῡῡὶθῑᾶὃ,
1683 2500 1713 2552 io
1735 2499 1860 2552 minibus
1903 2557 1905 2562 .

110 2587 208 2656 titium,
222 2599 260 2641 ex
276 2599 334 2655 quo
349 2599 437 2641 suum
450 2585 519 2643 dicit
531 2585 659 2642 ablatum
675 2587 860 2657 opprobrium,
876 2590 957 2661 qula,
1012 2586 1077 2638 meis
1099 2586 1186 2651 merit
1214 2587 1345 2654 possessio
1366 2591 1424 2653 tuo,
1457 2585 1485 2640 id
1508 2594 1551 2642 εει
1571 2585 1675 2657 quanti
1709 2586 1860 2643 habuerim

112 2681 263 2745 postquam
279 2673 315 2729 ad
330 2673 436 2729 divinae
450 2674 653 2744 speculationis
668 2676 805 2749 pertingit
820 2676 957 2746 cilicium,
1013 2673 1217 2743 possessionem
1245 2682 1335 2741 tuam,
1359 2689 1425 2744 quae
1447 2675 1523 2731 Deus
1537 2683 1587 2743 cst,
1604 2675 1634 2731 in
1655 2674 1792 2731 exercitio
1806 2689 1862 2731 ma·

112 2762 195 2818 idest
208 2761 373 2818 desideratae
387 2761 447 2832 spei
461 2763 597 2832 exprimit
617 2763 730 2819 tandem
748 2764 848 2833 lilium,
865 2768 959 2822 ancil·
1013 2775 1116 2829 εεειε,
1129 2762 1158 2817 id
1172 2769 1214 2818 cst
1223 2776 1342 2833 operum
1358 2777 1487 2819 meorum
1500 2764 1602 2834 patuit.
1613 2764 1722 2830 (Vnus.
1738 2764 1795 2832 30.)
1805 2764 1862 2818 Me

112 2849 181 2906 laris
213 2851 291 2922 quod
311 2850 365 2907 sibi
387 2850 574 2907 incumbebat
594 2851 727 2908 adulterii
751 2853 827 2908 Dens
848 2849 960 2920 repellit
1012 2848 1862 2920 dicumtrabeationteqoomoesiremadteimmtnntuserat

111 2939 308 3009 opprobrium.
336 2938 417 2997 Unde
440 2947 523 2995 vocat
541 2954 635 2994 nomen
656 2939 714 3009 ejus
736 2941 844 3009 loseph,
869 2939 897 2995 id
916 2946 958 2995 εει
977 2938 1220 3017 Csupercoelestis
1250 2953 1390 2996 numerus
1423 2946 1509 3008 tuus,
1542 2948 1698 3012 antequam
1732 2940 1861 2997 bumana

112 3032 305 3096 augmentum,
329 3027 398 3099 quia
414 3027 502 3098 hujus
523 3041 583 3098 qna
598 3028 792 3099 temporaliter
812 3028 908 3084 adbuc
931 3037 960 3086 ει
1013 3034 1120 3083 natura
1142 3026 1356 3084 consociaretur
1376 3027 1473 3099 glorie
1488 3035 1563 3099 tuae;
1586 3036 1614 3085 ει
1637 3043 1758 3096 εεεε,ο
1780 3029 1860 3085 beate

109 3114 196 3186 juxta
220 3130 301 3187 posse
324 3116 414 3171 Deum
442 3123 654 3187 praegustamus
676 3115 878 3187 speculationis
899 3117 959 3171 ini·
1012 3115 1158 3170 exercitus
1177 3115 1365 3183 salvatorum,
1385 3129 1448 3173 mco
1463 3117 1538 3171 dices
1561 3119 1654 3184 soclus
1675 3133 1701 3172 es
1716 3116 1857 3188 collegio:

113 3203 195 3271 tium,
211 3211 325 3259 eterne
341 3203 458 3259 visionis
482 3204 665 3274 prestolatur
686 3212 886 3276 augmentum.
901 3205 960 3259 Ad·
1014 3202 1205 3271 benedicitque
1219 3204 1281 3270 titi,
1301 3202 1385 3259 idest
1408 3203 1611 3274 multiplicavit
1636 3213 1662 3262 te
1676 3207 1808 3261 Dominus
1824 3205 1860 3259 od

111 3291 171 3359 dot,
188 3291 293 3363 inquil,
317 3292 388 3347 mibi
409 3295 479 3347 Deos
495 3293 593 3363 illium,
617 3293 646 3349 in
661 3293 777 3363 speculo
800 3293 915 3362 scilicet,
931 3299 960 3350 ει
1012 3292 1154 3346 introitum
1167 3306 1265 3346 meum.
1283 3293 1443 3347 lustumesi
1458 3295 1628 3361 ipsiusmet
1647 3309 1694 3361 eqo
1710 3293 1860 3362 aliquando

110 3380 263 3451 enigmate
293 3380 402 3437 videnti
433 3380 576 3450 conterat,
602 3389 629 3438 et
659 3381 803 3452 adaugeat
832 3396 909 3438 verae
931 3390 959 3439 ει
1013 3379 1107 3434 domm
1129 3395 1193 3434 mea
1213 3381 1382 3449 provideam.
1409 3381 1489 3446 Quod
1514 3389 1603 3439 totum
1628 3390 1670 3439 esi
1685 3407 1690 3437 =
1707 3384 1764 3440 Vos
1783 3389 1861 3439 ceria

111 3477 215 3538 apertae
237 3469 409 3542 cognitionis
433 3470 569 3526 iructum.
587 3469 690 3538 (Vens.
710 3473 769 3541 ιι.)
784 3473 855 3528 Noto
870 3477 959 3527 cotem
1013 3467 1146 3523 ieiicitate
1174 3468 1315 3539 gaudetis,
1341 3469 1475 3539 idemque
1504 3468 1534 3525 in
1561 3471 1676 3527 miseria
1698 3470 1860 3528 constitutis

110 3559 219 3629 ioseph,
235 3559 406 3615 dieitlooob
421 3561 768 3615 socerosu021limitteme
785 3563 957 3631 inpetriom,
1013 3555 1159 3627 postulare
1184 3556 1301 3625 debetis,
1331 3556 1408 3627 quod
1430 3564 1458 3613 ει
1479 3557 1590 3628 facitis3
1618 3558 1744 3615 obtineto
1771 3559 1867 3631 igitur-

110 3651 137 3701 et
150 3647 188 3701 od
205 3653 306 3703 terram
320 3664 417 3715 meum,
438 3655 491 3704 etc.
509 3648 664 3718 Postquam
681 3657 825 3718 perpetua
841 3650 960 3706 visionis
1012 3645 1084 3700 mihi
1106 3643 1185 3714 quod
1201 3645 1314 3715 justum
1331 3653 1382 3710 est,
1407 3653 1439 3701 ut
1459 3646 1534 3703 sicut
1548 3645 1637 3714 vobis,
1653 3646 1724 3703 dum
1747 3647 1861 3704 advixi-

111 3734 161 3791 iiei
182 3744 371 3807 augmentum
388 3750 439 3806 per
460 3750 538 3806 spem
559 3736 648 3793 menti
671 3737 843 3805 innascitur,
860 3738 957 3806 laceb,
1013 3732 1072 3801 stis,
1107 3733 1279 3802 providistis,
1304 3735 1345 3790 sic
1359 3741 1387 3791 ει
1414 3748 1467 3806 ego
1491 3734 1609 3791 domum
1631 3735 1723 3792 Patris
1753 3735 1861 3806 inqua

111 3823 203 3881 idest
224 3824 386 3882 intellectus
410 3825 446 3880 ad
468 3825 577 3894 haban,
600 3825 683 3881 idost
704 3826 857 3882 candorem
881 3833 959 3882 aetcr-
1013 3820 1177 3878 mansiones
1209 3821 1307 3878 multae
1337 3829 1406 3879 sunt
1437 3824 1523 3893 (loon.
1551 3838 1610 3892 xiv,
1635 3822 1664 3892 ι)
1695 3824 1767 3880 mihi
1795 3838 1858 3895 pro-

111 3926 193 3982 num,
219 3914 265 3969 cui
291 3913 343 3970 lux
369 3927 437 3969 vera
460 3912 606 3982 praesidet,
635 3912 781 3982 loquitur,
804 3913 856 3984 qui
874 3918 960 3969 'socer
1013 3909 1136 3965 videam.
1152 3910 1187 3966 Et
1197 3909 1296 3966 domui
1307 3918 1382 3967 certe
1396 3910 1598 3982 provideqqnl
1611 3919 1643 3967 ut
1658 3911 1695 3968 ειι
1704 3911 1739 3968 de
1753 3912 1862 3982 quibos

111 3999 228 4067 dicitur,
248 4001 318 4071 quia
333 3999 447 4057 duabus
466 4007 546 4069 pater
558 4007 600 4056 est
615 3999 741 4070 iiliabus,
762 4001 863 4058 active
883 4001 960 4056 scili·
1013 3996 1193 4054 honestanda
1209 4005 1251 4053 est
1265 3997 1483 4054 domusstudet.

111 4096 155 4145 cet
168 4096 197 4145 et
217 4088 456 4159 contemplative,
473 4103 539 4159 qnae
554 4089 591 4144 ad
612 4086 736 4145 formam
752 4090 960 4160 supercoelestis
1052 4090 1127 4141 ΙΝ
1141 4085 1226 4144 Vens.
1243 4088 1287 4154 il,
1308 4088 1352 4141 32.
1366 4085 1486 4152 —Quid
1504 4086 1575 4143 doto
1590 4087 1661 4142 tibi?
1681 4088 1728 4145 iiii
1745 4089 1805 4144 colo
1821 4092 1861 4143 cit

111 4177 244 4234 candoris
274 4176 352 4233 iliius
387 4177 581 4234 instituuntur
612 4176 641 4233 in
674 4177 783 4249 gremio
819 4178 960 4234 terrestris
1013 4179 1107 4248 Jacob,
1123 4180 1208 4236 sedet
1229 4183 1326 4248 seceris
1341 4181 1414 4252 quod
1426 4183 1543 4252 postulo,
1566 4184 1666 4238 iterum
1688 4197 1813 4253 poscam,
1836 4188 1861 4238 et

112 4265 253 4323 Ecclesiae.
270 4265 384 4321 Dimitte
393 4281 434 4319 me
450 4273 480 4322 ει
495 4273 626 4322 revortar
640 4269 670 4321 io
678 4269 801 4335 putrium
816 4271 843 4322 et
857 4271 959 4322 terrem
979 4258 1164 4325 Deustodiom
1183 4286 1281 4341 peroro
1303 4275 1360 4326 tuo.
1380 4272 1438 4337 Nil,
1462 4271 1502 4326 ait
1527 4271 1611 4339 ratio,
1637 4278 1704 4339 ate,
1722 4287 1739 4328 o
1760 4280 1861 4329 sancta

112 4370 209 4422 mecm,
236 4354 324 4411 idest
353 4353 475 4410 liberum
500 4368 555 4422 me,
584 4361 613 4410 et
636 4354 800 4412 absolutum
822 4370 958 4427 corporeo
1011 4356 1121 4423 civitas,
1146 4359 1252 4415 terreni
1266 4359 1451 4415 emolumenti
1472 4374 1581 4430 quaero,
1597 4359 1645 4416 sed
1669 4360 1693 4416 si
1712 4361 1861 4431 gyraveris

112 4442 247 4512 compede
261 4443 358 4513 accipe
370 4443 512 4499 volentem
527 4443 631 4500 reverti
646 4444 675 4499 in
697 4445 832 4514 patriam,
849 4446 884 4503 de
899 4459 959 4516 qua
1011 4462 1100 4502 omnes
1124 4462 1218 4517 qreqes
1245 4452 1318 4514 taos,
1344 4448 1371 4503 id
1395 4454 1438 4503 est
1462 4448 1487 4502 si
1513 4448 1570 4503 alio
1596 4447 1861 4517 circumspectionis

113 4531 267 4587 devolutus
290 4545 365 4599 sum,
387 4538 415 4587 et
430 4533 459 4587 in
483 4539 590 4589 terram
605 4533 657 4589 ubi
676 4533 883 4591 immobilitatis
898 4542 959 4591 sta·
1012 4534 1124 4592 ambitu
1139 4549 1252 4591 omnem
1267 4536 1383 4592 virtutis
1404 4535 1555 4592 utilitatem
1572 4536 1667 4592 videro
1680 4550 1727 4592 me
1741 4537 1860 4594 obtentu

113 4619 344 4677 tumobtineam.
365 4619 462 4687 (Vens.
485 4621 678 4690 toiliomitti
692 4637 801 4691 osores,
823 4624 959 4679 silibet-os
1013 4631 1063 4680 tuo
1092 4623 1199 4689 feceris,
1230 4630 1257 4679 et
1286 4624 1467 4694 separaveris
1497 4639 1586 4680 omncs
1614 4639 1674 4679 coes
1705 4629 1811 4694 corios,
1835 4631 1860 4680 et

112 4722 193 4770 meos.
215 4723 268 4778 pro
291 4708 390 4777 quibos
413 4711 514 4763 sercici
538 4710 603 4779 tibi,
629 4715 659 4765 ot
683 4711 787 4778 obeam,
812 4709 901 4767 idest
924 4726 960 4768 ne
1012 4726 1109 4782 sparso
1120 4712 1226 4780 celime,
1250 4712 1279 4767 in
1294 4712 1364 4783 ipsis
1382 4712 1488 4768 scilicet
1503 4713 1659 4770 virtutibus
1672 4713 1735 4770 vitii
1758 4716 1860 4786 cujus-

114 4797 267 4867 protrabos
290 4797 359 4853 mibi
385 4797 537 4868 actualem,
562 4813 622 4869 qua
642 4798 687 4856 dio
705 4808 732 4857 ει
756 4806 849 4866 εεειε,
873 4799 960 4869 juxta
1014 4814 1071 4871 que
1094 4798 1293 4857 admistionem
1318 4801 1470 4872 stuporis,
1495 4815 1546 4871 per
1565 4802 1699 4859 favorum
1725 4817 1813 4860 auras
1828 4817 1862 4860 ac

113 4885 321 4957 apocalypsim,
347 4886 475 4957 requiem
491 4901 549 4943 non
565 4887 687 4944 babeam
707 4889 798 4945 Deum
813 4887 961 4944 laudando
1013 4887 1038 4943 si
1066 4887 1179 4944 velleris
1212 4903 1270 4959 quo
1304 4890 1434 4946 membra
1463 4904 1550 4961 super
1581 4897 1688 4948 terram
1721 4900 1862 4965 teguntur

116 4973 211 5046 (Apso.
233 4989 294 5038 xiv,
317 4976 369 5044 ll),
391 4982 418 5031 et
433 4975 684 5046 contemplativam
700 4976 740 5033 nil
757 4976 835 5033 aliud
857 4984 961 5047 praeter
1014 4975 1205 5045 sparsionem,
1239 4975 1402 5034 discernere
1430 4977 1500 5034 mibi
1531 4978 1737 5050 impetraveris,
1773 4979 1863 5051 qood-

115 5061 206 5118 itcum
230 5064 390 5133 cogitando,
416 5071 444 5119 ει
465 5063 576 5121 tructus
598 5079 719 5136 operum
747 5066 776 5121 in
798 5065 876 5121 omlis
895 5080 961 5122 vere
1013 5080 1118 5135 cunque
1134 5063 1233 5122 rufum
1250 5064 1335 5122 luerit
1349 5066 1481 5136 passione
1496 5067 1628 5124 desiderii
1641 5069 1684 5125 vel
1699 5070 1864 5142 cognitione

115 5163 208 5220 reges,
233 5164 298 5206 vera
315 5151 422 5217 liberos,
449 5166 500 5222 pro
523 5151 568 5208 his
582 5152 659 5208 enim
683 5166 741 5208 non
764 5166 816 5223 pro
841 5153 961 5210 terrenis
1014 5153 1132 5224 peccati,
1157 5153 1209 5210 hoc
1231 5154 1308 5210 enim
1330 5155 1407 5211 color
1429 5155 1479 5213 iste
1502 5156 1662 5229 significat,
1685 5159 1864 5228 quodeunque

115 5243 174 5295 ιειε
195 5240 297 5293 scoies·
316 5238 425 5309 glorie,
449 5245 480 5295 ot
499 5240 603 5308 obeam,
619 5239 785 5310 etamplius
800 5254 857 5295 non
872 5240 960 5296 eroin
1013 5243 1178 5299 moesiorum
1199 5242 1364 5300 incursione
1385 5243 1490 5312 delicti,
1508 5253 1536 5300 ει
1550 5249 1662 5301 comum
1685 5247 1864 5319 subripiente

116 5327 264 5383 aerumnis.
284 5331 325 5382 ih
345 5330 417 5384 nosti
428 5331 596 5396 sevitutem
613 5344 669 5398 quc
689 5327 961 5384 semitertianae
1015 5330 1168 5402 hypocrisi,
1193 5345 1245 5402 pro
1268 5345 1374 5403 magno
1396 5332 1467 5388 mibi
1492 5336 1729 5406 munerepatiar
1749 5335 1863 5405 ascribi,

115 5413 192 5471 dieat
209 5429 215 5470 :
232 5414 275 5472 ιε
290 5415 468 5472 Hierusalem
482 5429 609 5486 superna
621 5423 713 5475 mater
723 5424 831 5484 nostra,
846 5416 962 5475 conscia
1014 5418 1056 5474 nil
1079 5433 1149 5476 sane
1169 5420 1240 5476 mibi
1263 5420 1364 5477 utilius
1390 5435 1479 5492 quam
1507 5424 1633 5494 cognitio
1657 5424 1724 5481 mei.
1754 5425 1865 5483 Dicitur

115 5502 168 5561 tibi
183 5502 487 5574 esquibuscamiset
502 5504 603 5562 mnndi
618 5504 960 5564 tentationibnstnaecla·
1014 5507 1091 5565 enim
1117 5523 1123 5563 :
1147 5508 1286 5564 iudicum
1317 5514 1343 5565 et
1369 5509 1472 5567 deinde
1495 5509 1640 5582 iustitium
1668 5515 1805 5572 inlocali
1834 5519 1863 5570 tu
