3818 6008
518 288 723 346 ot’tlscb'bttlt
746 289 792 344 titi
812 287 1047 346 vltttttltttnttt.
1602 293 1654 346 582

56 433 97 477 im
111 417 261 476 extaediari
277 419 446 489 debuerant,
463 420 613 477 videamus
633 420 662 476 in
684 427 753 477 tan·
770 425 853 477 Amo
867 420 945 490 quod
960 418 990 475 bi
1005 418 1136 490 igniculi,
1152 419 1234 489 quasi
1262 420 1381 491 qnidam
1402 422 1547 478 aeternalis
1575 422 1653 480 iliius

56 507 188 578 appetitui
204 520 261 563 non
278 507 373 563 valere
390 508 530 576 resistere,
547 507 678 579 quinimo
693 523 752 565 uon
806 507 874 564 solis
889 507 1001 576 radioli,
1032 522 1082 564 nos
1101 509 1137 563 ad
1160 508 1295 564 eumdem
1317 522 1334 564 a
1362 525 1420 581 qun
1445 510 1650 580 intunduntur,

55 595 199 651 mirentur
218 595 305 651 etiam
327 595 412 665 ipsos,
435 595 487 667 qui
508 609 538 652 se
552 596 699 652 continent
714 595 751 651 ab
802 595 946 666 arrigunt.
963 595 1016 652 Sed
1038 602 1168 666 patenter
1187 597 1226 652 rel
1251 598 1340 668 hujus
1355 599 1488 655 enuntiat
1515 599 1649 656 conside-

56 683 104 752 tio,
131 684 264 740 cohibere
289 696 319 739 se
347 698 437 753 posse.
471 683 553 751 Quod
580 684 751 755 plerumque
805 684 887 752 ratio,
903 692 930 741 el
945 692 1043 740 nostra
1056 686 1092 741 ab
1108 686 1169 755 ipso
1187 687 1338 755 procedere
1356 687 1459 743 debere
1475 687 1551 745 credi
1565 688 1651 757 bona,

56 771 132 829 erius
154 787 188 829 ac
217 773 309 844 magis
335 772 518 840 indomitum,
545 771 617 842 prob
642 770 749 842 pudorl
805 781 833 829 et
848 772 1025 829 nullomodo
1041 774 1118 829 credi
1133 773 1236 830 debere
1262 773 1381 841 bonnm,
1405 775 1482 843 quod
1497 775 1534 831 ad
1551 775 1608 832 ima
1622 783 1651 833 et

56 874 87 917 os
101 861 203 933 latigat
224 861 348 926 senium,
375 873 501 929 quornm
527 866 614 931 caput
630 860 752 930 pessima
806 868 920 917 terrena
934 869 1054 929 nostros,
1073 862 1209 932 quamvis
1224 861 1350 932 imagine
1364 861 1487 931 pietatis,
1502 862 1652 933 imprimat

56 958 85 1007 to
100 949 240 1016 incanuit,
257 949 376 1018 reperiri
393 948 472 1004 solet.
804 949 956 1021 cogitatus.
986 949 1013 1005 st
1034 964 1161 1020 namque
1180 949 1336 1006 materialis
1364 950 1425 1005 baec
1447 949 1565 1006 damma
1591 965 1652 1009 suae

56 1036 180 1093 imitatur
194 1036 245 1109 qui
264 1033 466 1108 virginitatem
480 1038 588 1092 emat.
610 1067 645 1076 -
665 1036 749 1106 Pene,
804 1039 845 1094 sic
859 1045 971 1094 naturae
985 1052 1097 1108 semper
1115 1036 1220 1093 indicat
1238 1037 1417 1109 qualitatem,
1434 1045 1467 1095 ut
1484 1038 1652 1095 indesinen-

61 1125 138 1182 vires
159 1123 308 1181 excedenti
328 1124 420 1180 Deum
437 1123 595 1181 imitatione
614 1131 750 1191 sectatur,
807 1133 850 1182 ter
862 1125 899 1181 ad
909 1139 1034 1196 superna
1047 1126 1209 1193 contendat,
1225 1135 1334 1196 quanto
1349 1126 1414 1196 plus
1426 1126 1652 1198 incorruptibilis

56 1233 87 1276 ra
101 1218 244 1276 naturalis
260 1217 440 1274 irritamento
450 1216 562 1286 caloris,
574 1225 603 1274 et
617 1217 753 1289 ingenite
806 1214 885 1271 illins
907 1213 983 1286 ignis
1006 1217 1159 1285 portiones,
1182 1214 1288 1271 scilicet
1316 1229 1333 1271 a
1359 1216 1417 1272 Deo
1445 1216 1527 1274 nobis
1557 1216 1650 1274 insitas

59 1305 235 1372 sacumina,
253 1319 310 1361 non
326 1305 354 1360 in
377 1305 511 1374 alterum,
530 1306 578 1363 sed
597 1306 628 1362 in
647 1315 752 1363 seruet-
807 1302 937 1369 virtutes,
962 1302 1058 1373 ipsum
1083 1302 1191 1360 imitari
1215 1304 1251 1359 ad
1283 1302 1435 1375 ipsumque
1461 1305 1576 1362 evolare
1601 1306 1650 1362 de-

56 1401 98 1450 n
121 1392 316 1460 decertando,
339 1391 417 1462 quod
438 1392 585 1449 difficilius
602 1402 654 1462 cst,
675 1408 753 1451 sem-
806 1392 891 1448 bent‘l
913 1392 962 1447 lise
976 1399 1045 1448 snut
1068 1391 1182 1448 illaDei
1205 1391 1371 1459 similitudo,
1397 1393 1433 1448 ad
1455 1406 1543 1463 quam
1566 1394 1650 1450 bomo

56 1479 177 1538 ›namine
193 1479 367 1549 refragatur.
386 1481 459 1536 inre
474 1479 602 1551 quolibet
616 1483 751 1538 exteriori
806 1481 836 1536 in
857 1479 957 1537 Genesi
976 1480 1084 1551 legitur
1101 1481 1194 1536 lactus
1216 1481 1298 1552 (Gen.
1315 1495 1334 1548 1,
1356 1479 1413 1552 26),
1431 1481 1484 1536 buc
1502 1481 1649 1552 signatum

56 1606 60 1625 .
92 1582 166 1638 saepe
203 1567 298 1623 valent
323 1574 419 1623 astuta
444 1567 570 1639 ingenia,
604 1584 751 1627 armorum
806 1582 893 1639 super
909 1583 961 1625 nos
973 1568 1071 1625 lumen
1087 1569 1186 1625 vultus
1199 1567 1289 1637 ipsius
1305 1568 1401 1640 (Psoi.
1417 1583 1465 1637 vn,
1481 1569 1517 1638 4),
1534 1577 1650 1639 propter

56 1655 178 1723 acbinae,
207 1653 391 1709 obsidionum
419 1653 557 1710 molestia.
588 1654 752 1726 operantur
771 1655 870 1753 Βἰιοο,
882 1657 969 1727 iuxta
983 1655 1054 1713 illud
1069 1656 1210 1727 poeticum
1227 1672 1233 1711 :

56 1755 78 1798 tr
97 1741 254 1798 verborum
282 1740 426 1797 fallaciam
445 1742 573 1811 plurimi,
598 1757 664 1813 quae
692 1759 749 1801 non
805 1746 843 1800 Os
854 1743 965 1799 boinini
976 1743 1098 1799 sublime
1113 1742 1201 1811 dedit,
1215 1743 1374 1814 caelumque
1386 1743 1483 1798 didm
1497 1743 1549 1815 [cl.
1563 1744 1649 1815 tueri]

56 1842 99 1886 ier
118 1828 232 1899 praelia3
258 1830 306 1884 sed
332 1830 436 1885 borum
459 1831 532 1886 nibil
556 1833 585 1888 in
611 1834 752 1891 intestinis
805 1832 905 1900 lussit,
919 1836 947 1887 el
961 1832 1117 1887 erectosud
1130 1831 1228 1889 sideru
1242 1832 1343 1888 tollere
1355 1832 1460 1887 vultus.

56 1917 215 1988 quidquam
227 1916 322 1988 Juvat.
349 1917 382 1973 Sc
396 1918 473 1973 enim
489 1919 613 1990 quisque
625 1936 709 1991 penes
722 1936 752 1979 so
1338 1920 1429 1992 (Ovio.
1444 1921 1613 1992 Metamor.)

56 2016 97 2058 mn
110 2016 140 2058 se
167 2002 196 2057 in
211 2016 240 2058 se
254 2001 358 2068 terens,
379 2003 450 2074 quia
462 2005 542 2061 aliud
562 2020 651 2077 qnam
673 2009 752 2079 quod
807 2008 842 2066 Ut
858 2009 943 2080 cnjus
962 2008 1089 2080 regionis
1106 2016 1179 2065 esset
1196 2008 1292 2065 accola
1312 2009 1438 2077 iuturus,
1460 2007 1529 2065 ilinc
1549 2010 1650 2066 crebro

56 2105 87 2148 ue
103 2105 162 2147 non
180 2097 232 2159 est,
254 2105 307 2146 nec
322 2090 351 2146 in
362 2092 420 2148 duo
439 2092 538 2162 dividi,
551 2103 582 2151 ut
597 2109 665 2166 pars
677 2098 751 2168 parti
805 2095 876 2152 laetae
892 2096 951 2167 spei
964 2095 1225 2152 interretintuitns.

56 2193 83 2247 r,
104 2186 205 2250 potest.
228 2178 359 2251 seipsum
379 2181 551 2252 plerumque
570 2197 706 2254 superare
722 2186 751 2242 in
839 2183 944 2240 Omnes
958 2183 1057 2254 itaque
1072 2183 1202 2249 virtutes,
1214 2197 1291 2249 cum,
1304 2188 1336 2238 nt
1355 2182 1646 2252 dicerecoeperamus,

56 2282 111 2324 ene
136 2283 194 2324 non
220 2276 310 2338 potest
331 2277 364 2325 ut
386 2283 479 2326 suaa
507 2271 597 2340 seipso
616 2273 751 2331 dissecari
805 2271 897 2327 simile
923 2271 995 2342 quid
1020 2286 1073 2327 sno
1098 2272 1269 2341 portendant
1297 2271 1399 2338 datori,
1434 2271 1504 2338 bec,
1529 2271 1564 2327 de
1586 2285 1646 2342 qua

56 2370 129 2427 iesse
144 2356 237 2414 levius
251 2358 372 2413 aestimet
385 2372 474 2429 qnam
490 2359 565 2416 nolle
580 2361 607 2416 id
629 2363 706 2432 quod
722 2378 751 2420 se
807 2360 964 2430 loquimur,
991 2361 1139 2430 integritas
1154 2367 1278 2415 utentem
1298 2359 1344 2415 sui
1370 2359 1493 2415 bominis
1518 2374 1647 2428 servans,

56 2453 167 2515 ppetere
183 2447 244 2515 ipsa
261 2446 442 2516 potissimum
456 2455 562 2504 natura
575 2450 713 2506 docuerit.
803 2454 832 2503 et
843 2461 948 2518 corpus
959 2448 1069 2519 integre
1085 2447 1227 2517 purificat,
1239 2447 1411 2518 geminoque
1423 2447 1649 2518 quodamolbcio

57 2532 116 2589 itur
131 2533 296 2590 voluntarie
316 2535 466 2605 quidpiam
483 2551 563 2592 niens
582 2538 690 2594 ambiat
705 2539 751 2609 (de
804 2536 1020 2593 similitudinem
1044 2537 1089 2593 sui
1110 2535 1271 2592 conditoris
1286 2535 1407 2592 allectat.
1422 2536 1455 2591 Et
1478 2537 1539 2592 baec
1553 2550 1648 2608 quan-

56 2621 173 2678 itatibus
196 2620 309 2693 loquor,
335 2638 401 2694 qnae
417 2638 469 2680 nos
492 2625 671 2697 originaliter
685 2627 752 2683 aib-
805 2629 866 2699 tum
881 2629 947 2680 'reor
962 2624 1072 2680 caeteris
1084 2623 1245 2694 specialius.
1269 2623 1401 2679 Aliarum
1421 2636 1489 2679 sane
1506 2623 1649 2694 pleneque

56 2749 59 2764 .
87 2710 214 2767 universi
237 2711 313 2768 illico
340 2714 468 2782 corporis
495 2727 576 2770 amor
610 2716 750 2772 voluntati
805 2711 844 2768 ita
858 2711 912 2768 soli
926 2711 1015 2769 menti
1040 2713 1181 2782 pertinent
1203 2712 1271 2768 utsi
1296 2710 1421 2782 plenarie
1441 2711 1604 2768 habeantur
1619 2712 1648 2768 in

56 2811 131 2855 omes
155 2799 278 2867 assistat,
308 2814 374 2856 cum
414 2799 537 2872 flagrent
569 2817 658 2870 venae,
683 2818 750 2861 cum
805 2799 912 2866 animo,
934 2800 1070 2870 quamvis
1095 2800 1209 2856 diversa
1230 2808 1258 2856 et
1277 2799 1391 2870 penitus
1412 2814 1488 2870 saepe
1503 2801 1648 2859 contraria

56 2901 102 2943 tur
118 2886 283 2959 elangueat,
311 2902 379 2944 cnm
403 2889 478 2961 ignis
499 2890 618 2949 intimus
640 2894 751 2951 viscera
803 2887 935 2944 exbiberi
958 2888 1111 2944 videantur
1147 2888 1285 2956 exterius,
1319 2901 1400 2943 mens
1433 2895 1529 2944 tamen
1557 2888 1648 2945 solida

57 2975 126 3043 lvat,
148 2989 214 3030 cunt
238 2990 304 3032 caro
319 2985 345 3033 et
358 2978 473 3034 animus
497 2979 525 3035 in
543 2995 634 3037 unum
662 2983 750 3039 mise.
768 2990 789 3045 c
804 2975 914 3047 absque
930 2976 1017 3033 ullius
1032 2976 1224 3041 destitutionis
1237 2977 1342 3032 domno
1355 2990 1450 3032 arcem
1465 2990 1525 3033 snae
1539 2977 1648 3033 obtinet

56 3065 389 3135 ·uant,qnaes0,innno
413 3067 462 3123 illo
483 3074 553 3124 tune
577 3070 751 3128 nominator
804 3064 949 3132 bonitatis,
978 3066 1059 3122 verbi
1090 3065 1194 3136 gratia,
1230 3063 1303 3120 inter
1332 3063 1512 3133 operandum
1542 3062 1648 3134 aliquis

56 3151 147 3219 bruto,
175 3167 241 3223 qnae
264 3167 331 3223 pars
349 3155 509 3212 remedium
538 3156 657 3214 aliunde
672 3159 750 3215 deta.
802 3161 875 3218 orat,
889 3160 916 3209 et
928 3167 977 3209 ore
991 3167 1162 3222 compresso,
1179 3151 1304 3208 immotis
1323 3151 1406 3208 labiis
1430 3151 1500 3207 dum
1520 3151 1648 3208 universi

56 3239 130 3308 insit,
148 3241 226 3296 unde
241 3241 277 3296 ad
293 3241 509 3311 reprimendum
525 3246 628 3300 mentis
648 3260 749 3318 rogum
803 3240 833 3296 in
858 3241 961 3311 quovis
983 3241 1122 3297 exercitio
1147 3239 1274 3311 corporis
1294 3239 1421 3309 implicat
1443 3247 1535 3307 artus,
1557 3241 1648 3296 mum

56 3339 128 3382 mam
165 3327 270 3384 stillam
298 3328 399 3396 eiiciet,
435 3337 510 3387 totus
536 3339 578 3387 est
613 3331 750 3390 damma?
802 3329 862 3384 sola
891 3328 1073 3385 meditatione
1099 3336 1243 3398 precatur.
1268 3328 1345 3384 Alter
1368 3327 1460 3384 tilium
1483 3341 1534 3397 pro
1558 3327 1649 3398 ipsius

56 3429 231 3485 impendum
244 3416 465 3488 aliquidcontra
478 3433 508 3474 se
522 3419 552 3474 in
570 3419 674 3478 bellum
691 3437 750 3479 suae
803 3416 930 3489 flagellat
964 3416 1106 3485 lacinore;
1138 3417 1275 3487 praelatus
1312 3416 1433 3487 quilibet
1458 3415 1487 3471 in
1517 3415 1648 3472 subditos

56 3504 208 3561 uoluntatis
232 3519 313 3575 posse
337 3521 521 3578 consurgere,
551 3516 582 3564 ut
611 3509 640 3565 in
665 3511 750 3582 cnjus
801 3506 950 3573 acerrime,
975 3513 1012 3572 et,
1038 3512 1069 3560 11¹
1091 3512 1220 3574 putator,
1252 3504 1317 3575 pius
1333 3518 1417 3574 aeqno
1442 3503 1594 3572 inssflssdssb
1622 3510 1650 3559 8¹

61 3592 204 3663 precipue
216 3593 358 3661 deiecerit,
374 3593 403 3650 id
414 3609 450 3650 ne
463 3604 529 3666 agat
546 3597 600 3653 sibi
618 3599 748 3668 imperet.
803 3600 898 3650 tamen
927 3592 1106 3648 discretionis
1134 3600 1234 3648 neuter
1266 3592 1503 3662 praetergreditur
1529 3589 1646 3660 libram,

57 3681 155 3738 scitari
171 3683 254 3738 docta
268 3682 450 3740 conflictibus
470 3684 518 3740 illa
533 3686 600 3741 viva
615 3688 749 3759 antiqno·
802 3683 853 3754 qui
864 3682 970 3738 scelera
983 3680 1077 3749 lenire,
1098 3696 1156 3737 non
1171 3679 1287 3751 explere
1307 3682 1419 3737 noverit
1431 3680 1514 3735 iram.

56 3770 142 3838 icitas,
156 3770 226 3827 dnm
250 3771 325 3827 inter
345 3785 375 3826 se
392 3779 420 3828 et
435 3772 539 3828 bestias
553 3775 625 3844 qnid
647 3776 750 3835 debeat
839 3770 884 3825 Ad
901 3771 1075 3826 secandam
1097 3768 1268 3842 pudicitiam
1288 3768 1422 3824 continuo
1440 3765 1651 3838 invigilandum

56 3856 156 3913 distare
171 3872 228 3913 non
244 3873 336 3915 unum
360 3873 378 3914 a
406 3860 463 3916 Deo
485 3861 514 3916 in
540 3862 623 3919 nobis
646 3878 751 3934 corpus
802 3861 904 3914 est-
927 3859 994 3915 ilaec
1017 3872 1164 3915 sanecum
1193 3858 1270 3914 cordi
1300 3857 1468 3914 mundando
1483 3856 1652 3914 cautissima

56 3960 84 4003 rc
101 3954 129 4003 el
150 3947 295 4017 spiritum,
313 3956 346 4005 ut
370 3948 410 4005 nil
426 3942 534 4006 citiciat
554 3951 673 4020 spiritus
695 3952 751 4008 nisi
803 3947 964 4018 provisione
987 3947 1144 4014 incumbat,
1163 3946 1292 4002 membra
1307 3945 1394 4001 totius
1415 3945 1549 4015 corporis,
1572 3959 1606 4001 ac
1627 3945 1652 4002 si

56 4034 127 4105 poris
142 4035 208 4090 usui
225 4035 323 4105 prosit,
340 4035 419 4106 quod
433 4037 502 4092 satis
526 4037 554 4092 in
581 4038 749 4096 animalium
806 4050 946 4107 quosque,
958 4035 1009 4107 qui
1025 4049 1085 4092 suae
1097 4034 1214 4105 praesint
1229 4033 1328 4090 domui
1342 4033 1489 4102 officiales,
1506 4034 1650 4102 observat,

56 4131 151 4194 sptum
176 4138 237 4180 esse
251 4124 440 4195 dignoscitur,
464 4127 684 4195 prudentissime
702 4143 750 4185 re-
804 4138 955 4181 neeorum
976 4123 1090 4192 inertia,
1114 4138 1165 4180 seu
1181 4121 1301 4179 libidine
1327 4121 1456 4179 interiori
1482 4121 1651 4183 substantiae

55 4218 86 4268 ut
114 4226 172 4267 non
202 4212 375 4269 alterutrum
398 4213 521 4269 alterum
546 4215 674 4271 vicissim
698 4223 749 4274 aut
804 4213 956 4269 diminutio
986 4211 1045 4269 fiat.
1080 4212 1114 4268 Et
1151 4211 1215 4268 licet
1236 4211 1341 4281 saepius
1369 4211 1485 4268 animus
1512 4211 1651 4283 quiddam

56 4339 60 4366 ‚
89 4307 140 4357 aut
164 4301 319 4371 praeterret,
343 4301 392 4357 sed
418 4302 544 4372 regimen
565 4303 653 4360 totius
678 4319 750 4361 mor·
769 4286 974 4372 I'polliceatur
989 4300 1132 4371 quietum,
1150 4314 1185 4356 ne
1204 4314 1233 4356 se
1249 4300 1322 4356 velle
1343 4299 1398 4356 nisi
1415 4300 1582 4370 pudicitiam
1600 4314 1651 4370 pa·

56 4389 130 4458 poris
146 4390 259 4459 spiritui
275 4397 383 4446 aeterna
397 4389 539 4446 soliditate
563 4400 701 4462 maneret,
723 4399 751 4449 et
803 4404 924 4461 cumque
937 4396 1065 4456 testetur,
1089 4386 1170 4445 nulla
1188 4395 1283 4445 tamen
1298 4390 1452 4445 securitate
1471 4403 1525 4445 sua
1542 4389 1651 4459 patitur

56 4475 195 4536 ‚dvcrsum
210 4493 239 4534 se
253 4478 377 4535 divisum
404 4486 540 4549 perpetua
555 4479 660 4537 borum
676 4481 748 4537 dno·
805 4479 934 4535 membra
956 4477 1060 4534 laxari.
1082 4478 1144 4532 lam
1168 4475 1246 4533 iilam
1262 4476 1323 4534 coeli
1339 4476 1447 4533 civium
1469 4477 1650 4534 serenitatem

56 4564 141 4622 ilitate
153 4575 259 4633 noscet,
270 4567 340 4623 dum
353 4566 461 4624 viveret
472 4582 524 4623 nos
535 4567 682 4623 instruxit.
697 4566 750 4623 Sed
804 4567 889 4623 ctiam
904 4567 978 4623 inter
997 4565 1093 4622 carnis
1108 4565 1209 4622 crebra
1223 4565 1348 4621 convitia
1374 4565 1458 4635 quasi
1473 4564 1650 4621 dissimulato

59 4651 137 4709 lente
151 4654 186 4710 de
201 4654 247 4710 bis
262 4653 333 4710 alias
346 4654 489 4710 morosius
504 4662 629 4711 tractate
644 4654 749 4711 licebit.
804 4654 983 4725 cogitatuum
999 4652 1121 4723 strepitu
1137 4652 1242 4709 imitari
1260 4651 1382 4720 allectat,
1399 4651 1455 4707 imo
1471 4651 1553 4708 illum
1571 4666 1650 4709 sum-

58 4757 73 4799 s
92 4757 181 4814 quain
204 4743 421 4814 praelibavimus
435 4744 583 4802 sententiae
600 4745 750 4802 redeamus
805 4756 885 4799 mum
899 4750 1014 4799 aeternae
1030 4740 1210 4811 quietudinis
1227 4738 1334 4807 sinum,
1362 4737 1409 4794 cni
1425 4738 1505 4795 nulla
1517 4739 1650 4797 admistio

804 4829 978 4887 incommodi
988 4829 1105 4898 accedit,
1123 4829 1171 4886 cui
1187 4827 1311 4898 proprie,
1327 4834 1355 4884 et
1371 4840 1429 4883 non
1443 4826 1584 4896 collative,
1601 4827 1650 4884 sed

240 4918 355 4977 CAPUT
375 4920 412 4976 lt.
804 4917 976 4975 naturaliter
999 4917 1157 4974 essentialis
1181 4917 1253 4973 inest
1280 4914 1439 4987 integritas,
1468 4915 1516 4972 cui
1535 4930 1584 4986 per
1609 4930 1649 4983 se,

56 5005 177 5062 ssimile
187 5007 257 5079 quid
272 5024 333 5064 mm
345 5010 412 5063 Deo.
425 5040 459 5048 -
472 5010 546 5064 Cum
557 5024 639 5065 omne
649 5009 750 5064 dolum
804 5014 878 5064 etex
892 5020 932 5075 se,
948 5005 1015 5063 etin
1028 5021 1058 5063 se
1072 5004 1205 5062 existenti
1224 5004 1296 5060 nibil
1319 5017 1420 5061 eorum
1435 5017 1501 5075 quae
1520 5017 1572 5075 per
1593 5003 1651 5060 ali-

71 5095 98 5150 et
109 5109 192 5149 omne
203 5094 309 5149 mnam
324 5095 485 5167 perfectum
499 5095 619 5151 aPutre
636 5095 751 5150 descen·
804 5093 886 5166 quid,
901 5102 952 5151 aut
968 5109 1004 5152 ex
1034 5093 1133 5165 aliquo
1161 5093 1236 5150 lacta
1259 5100 1327 5150 sunt
1351 5091 1511 5149 necessario
1534 5091 1647 5159 accidit,

56 5197 115 5236 ium
139 5185 211 5252 (luc.
230 5198 250 5250 t,
281 5183 334 5254 lt),
360 5184 511 5254 prudentis
530 5185 620 5241 animi
643 5184 750 5254 cuique
804 5197 857 5240 nec
870 5182 1034 5240 Creatorem
1048 5182 1223 5240 adminiculo
1240 5179 1416 5239 suffulcitur.
1445 5183 1537 5238 Extra
1562 5194 1650 5252 quem

56 5269 113 5326 inm
130 5279 181 5340 est,
207 5272 350 5342 quomodo
365 5286 489 5343 quaequc
504 5287 578 5344 quas
591 5288 628 5331 ex
648 5287 681 5329 co
699 5286 749 5329 ex·
804 5270 1007 5329 nihilomnino
1022 5270 1170 5327 conditum
1185 5271 1360 5327 continetur.

56 5356 129 5414 tonte
145 5357 276 5426 virtutes,
301 5359 440 5430 quiddam
455 5374 507 5416 suo
533 5374 645 5430 semper
658 5359 749 5416 simile
839 5358 913 5416 Vere
927 5358 1045 5415 teliciter
1061 5356 1176 5423 emula,
1193 5356 1233 5412 nil
1259 5357 1288 5412 in
1302 5371 1332 5412 se
1350 5362 1522 5414 extraneum
1545 5355 1650 5412 admit-

56 5444 200 5503 trtebitori.
217 5447 246 5503 Si
258 5448 336 5503 Deus
347 5451 498 5514 sosimus
512 5448 658 5516 scribitur,
674 5446 749 5521 ignis
805 5454 876 5514 tens,
903 5446 1047 5518 quidquid
1062 5444 1221 5515 corrumpit
1240 5445 1355 5518 lugiens
1373 5446 1494 5516 spiritus
1513 5450 1540 5502 et
1554 5444 1652 5501 carnis

56 5535 368 5606 assimilastis),
385 5536 665 5594 noninconcinnum
675 5537 750 5594 aesti·
804 5534 1032 5605 impassibilitate
1052 5532 1246 5605 prosequitui.
1271 5532 1364 5590 l'elixl
1395 5541 1423 5590 et
1456 5532 1558 5591 millies
1581 5529 1651 5587 lelix
