3818 6008
72 240 126 293 itti
322 235 552 293 TROPOLOGlAE
571 236 605 292 ΙΝ
623 235 724 297 OSEE.
744 235 836 292 AMOS
856 234 899 291 ΕΤ
917 234 993 292 ten.
1012 259 1047 279 -·
1066 234 1130 289 ite.
1151 235 1184 290 V.
1203 234 1239 288 lit
1257 231 1379 302 tum}
1394 232 1590 290 PROLOGUS.
1728 256 1737 267 ‘
1769 236 1822 288 450

76 386 86 412 ι
106 363 247 427 nationes,
273 376 307 418 eo
331 363 408 433 quod
436 362 600 420 invocatum
628 363 664 420 sit
692 377 796 420 nornen
824 377 919 419 uicum
939 370 1097 434 Aagreste,
1116 362 1188 419 nihil
1207 362 1342 431 insolens,
1361 362 1434 420 nihil
1454 363 1676 434 incornpositum
1700 364 1824 420 residere

76 473 87 502 ι
105 465 195 523 super
208 465 266 507 eos.
282 472 293 498 ι
311 451 388 506 Sicut
404 453 434 505 in
448 451 543 507 dietus
557 455 681 521 antiquis
700 442 920 520 eos‘reaedilicat,
977 452 1006 507 in
1022 452 1203 508 subditorum
1219 460 1312 508 mente
1325 452 1510 522 conspicitur.

73 555 141 597 cum
161 539 196 595 ad
222 539 385 610 exernplum
415 540 623 610 supercaelestis
649 541 817 607 Jerusalem,
838 541 924 612 cujus
1013 540 1098 598 Vnus.
1124 543 1164 595 tt.
1182 572 1216 579 -
1233 561 1244 590 ι
1259 541 1429 596 convertam
1446 540 1637 608 captivitatem
1655 542 1752 612 populi
1768 543 1825 598 mei

74 629 187 696 diebus,
202 630 227 683 id
245 637 286 685 est
301 628 468 695 virtutibus,
487 637 518 684 ut
533 630 573 684 sic
587 629 722 695 dixerim,
747 629 818 685 nihil
839 637 924 685 aeter·
980 650 991 677 »
1014 630 1111 696 lsrael,
1135 638 1161 685 ct
1178 628 1361 685 aedificabunt
1380 630 1509 685 civitates
1533 630 1670 696 desertae,
1696 638 1724 687 et
1746 631 1826 687 babi-

74 717 154 782 uius,
169 716 281 788 eosqui
297 717 406 773 militiae
422 715 462 772 illi
480 717 641 786 inequitant
656 717 779 774 instituit
793 724 821 773 et
836 719 924 775 retor-
981 739 992 766 ι
1011 718 1114 774 tabunt
1130 718 1159 774 ln
1172 719 1222 772 cis.
1239 738 1250 766 ι
1268 719 1466 788 captiuitatem
1480 718 1577 787 populi
1592 718 1638 772 sui
1660 720 1734 774 bens
1754 733 1826 775 con-

74 813 146 861 mat.
163 807 198 860 tlt
217 805 375 875 possideant
393 806 527 874 reliquias
545 805 671 871 idumea,
688 810 713 860 et
727 821 816 861 omues
834 810 923 861 natio·
979 805 1073 873 vertit,
1090 819 1155 860 cum
1180 805 1230 874 qui
1247 804 1374 873 captivos
1389 813 1500 859 nostros
1514 805 1659 860 duxerant
1687 804 1826 862 aninrales

73 909 132 961 aes,
153 895 346 950 terrenitatem
360 892 492 951 videlicet
512 895 557 950 sui
579 895 716 964 corporis,
736 905 763 951 et
787 897 925 965 concupi·
978 902 1083 961 motus,
1115 893 1166 962 ipsi
1197 893 1301 962 captivi
1326 881 1522 949 abducuntur
1543 893 1578 946 arl
1609 891 1691 948 liberi
1714 893 1826 950 arbitrii

75 983 200 1038 scantiae
215 996 264 1052 per
278 996 383 1052 corpus
396 991 561 1052 evagantes.
579 982 613 1037 Et
631 983 692 1050 hoc,
708 1000 737 1036 eu
761 984 833 1053 qumi
847 987 925 1038 inuo—
980 981 1133 1038 rationales
1145 989 1241 1037 lintris.
1255 980 1335 1036 Unde
1345 988 1387 1036 est
1399 996 1427 1034 z«
1446 980 1607 1050 Captivam,
1624 981 1729 1051 inquit,
1741 981 1827 1039 duxit

76 1077 168 1124 catum
191 1073 228 1124 sit
250 1085 345 1124 rromen
369 1085 457 1124 meum
475 1084 558 1139 super
582 1085 633 1135 eos,
662 1070 688 1125 id
718 1078 760 1127 est
785 1085 844 1127 nou
873 1085 926 1127 suo
979 1069 1173 1140 captivitatem
1189 1069 1298 1138 tpres
1320 1083 1357 1135 tv,
1378 1068 1416 1138 8).
1446 1068 1714 1124 Ciuitatesdesertns
1734 1068 1828 1125 edin-

76 1158 187 1213 nomini
222 1158 330 1228 peccati
363 1157 513 1214 victoriam
546 1160 750 1228 ascripserunt,
781 1159 830 1215 sed
860 1167 927 1215 ante
979 1164 1056 1224 caut,
1080 1171 1147 1213 cum
1171 1155 1370 1213 sensualitates
1395 1157 1445 1212 Dei
1468 1157 1656 1213 coutubernio
1675 1157 1825 1223 desolatas,

77 1245 217 1301 thronum
233 1245 283 1300 Del
298 1259 420 1301 coronas
441 1259 509 1301 suas
524 1245 579 1316 ipsi
590 1245 640 1303 soli
657 1247 874 1317 gratulabundi,
891 1248 926 1303 de
979 1255 1080 1302 contra
1108 1245 1194 1302 totins
1218 1245 1353 1301 incursus
1373 1245 1508 1301 vanitatis
1537 1244 1710 1302 instaurant.
1733 1247 1770 1300 ln
1788 1248 1829 1301 eis

76 1334 123 1389 sui
138 1332 244 1389 laboris
259 1336 455 1403 prosecutione
474 1335 624 1391 miserunt·
981 1334 1154 1399 inhabitant,
1169 1348 1236 1390 cnm
1248 1347 1298 1389 eas
1315 1332 1435 1389 sollicita
1455 1333 1586 1388 custodia
1601 1334 1828 1404 ireqneutautes,

112 1420 201 1478 Vnus.
218 1424 260 1476 la.
276 1452 311 1460 -
330 1444 340 1471 ι
365 1423 436 1478 Ecce
463 1423 523 1478 dies
538 1423 667 1488 veniunt,
686 1424 754 1481 dicit
776 1426 925 1495 Dominus,
980 1437 1041 1477 sure
1053 1420 1155 1478 ditioni
1170 1420 1228 1476 fixa
1243 1420 1447 1477 deliberatione
1470 1419 1638 1491 subjugant.
1657 1444 1668 1470 ι
1685 1422 1722 1477 Ει
1744 1421 1830 1492 plan-

79 1516 134 1564 ›et
167 1510 390 1579 comprehendet
420 1518 517 1567 arator
544 1525 708 1580 messorem,
743 1522 770 1570 et
803 1514 927 1570 calcator
984 1511 1113 1566 »tabunt
1127 1511 1237 1578 vineas,
1253 1517 1281 1566 et
1294 1509 1392 1565 bibent
1410 1509 1512 1565 vinnm
1536 1524 1648 1576 earnm,
1673 1517 1702 1566 et
1725 1510 1831 1566 lactent

80 1619 90 1643 ι
110 1611 176 1654 uva
191 1597 348 1654 mittentem
363 1613 470 1655 semen.
489 1623 500 1648 »
520 1603 584 1656 Dies
605 1605 725 1668 ueniunt,
748 1617 815 1658 crim
840 1604 927 1659 rneriti
985 1621 994 1647 ι
1015 1601 1118 1667 hortos,
1135 1606 1162 1654 et
1176 1598 1323 1656 comedent
1338 1597 1450 1654 tructus
1466 1613 1576 1654 eornm.
1597 1620 1608 1646 ι
1628 1600 1726 1653 Vincas
1746 1599 1831 1670 plan·

77 1684 224 1742 claritates
252 1685 371 1743 internae
393 1689 561 1745 succedunt.
588 1691 807 1760 comprehendit
834 1698 928 1745 arator
947 1667 967 1720 Β
983 1696 1054 1754 tant,
1070 1689 1121 1759 qni
1135 1702 1238 1744 causas
1251 1695 1366 1743 aterna
1382 1687 1485 1743 laetitlae
1500 1688 1544 1757 pie
1554 1687 1756 1743 collaborando
1766 1700 1833 1757 pro·

77 1788 233 1841 messorem,
251 1790 317 1830 enm
341 1776 509 1831 exercitium
536 1777 603 1832 boni
629 1777 835 1846 operis,etiam
860 1793 927 1834 nec·
985 1787 1102 1848 pagaut.
1136 1779 1236 1833 Vinum
1258 1791 1351 1830 earum
1376 1776 1489 1844 bibunt,
1518 1790 1584 1832 curn
1615 1776 1673 1846 spei
1691 1775 1831 1848 gaudium

77 1863 149 1919 dnm
169 1874 299 1933 promoto
319 1865 424 1931 studio,
435 1866 497 1935 jam
514 1865 582 1920 boui
597 1866 703 1934 operis,
715 1881 813 1922 secure
825 1867 929 1936 operiri
983 1867 1163 1936 sempiterne
1178 1865 1244 1920 inde
1260 1873 1449 1935 praesumunt.
1476 1865 1544 1921 lnde
1567 1865 1748 1932 debriantur,
1766 1879 1832 1922 enm

79 1952 182 2022 incipit
197 1955 378 2009 messionem.
395 1954 477 2021 Quod
495 1952 535 2008 iili
563 1954 782 2010 statniohviare
804 1956 928 2021 videtur,
984 1957 1019 2010 ad
1035 1954 1179 2011 anteriora
1203 1953 1359 2017 tendentes,
1383 1966 1417 2007 ea
1446 1966 1511 2022 qrrae
1537 1957 1703 2009 retroeunt
1726 1953 1833 2009 oblivi-

78 2055 139 2110 quo
170 2040 382 2111 perfectissimis
414 2049 481 2098 ante
512 2042 617 2099 Christi
645 2044 801 2099 adventum
832 2046 930 2113 negari
984 2051 1105 2098 scuntur
1128 2041 1241 2109 (Philip.
1268 2055 1309 2105 ru,
1339 2042 1392 2102 ta).
1418 2041 1524 2095 Hortos
1551 2040 1671 2108 iaciunt,
1700 2055 1768 2098 cum
1797 2041 1833 2097 ad

79 2128 173 2184 solere
186 2130 376 2199 cognovimus
394 2129 516 2186 coelestis
535 2131 635 2200 patrie
650 2131 839 2187 mansionem.
861 2133 931 2185 Cat·
985 2130 1079 2197 tortia,
1095 2137 1121 2186 et
1139 2129 1225 2185 etiarn
1241 2127 1397 2198 corporatis
1420 2129 1633 2185 exercitationis
1656 2130 1752 2185 studia
1773 2143 1833 2186 sese

79 2225 157 2274 cutm
177 2232 237 2272 uua
261 2220 411 2273 mittentem
425 2219 536 2274 semina
560 2219 787 2289 comprehcndit,
803 2235 868 2276 cnm
897 2221 929 2288 is,
986 2218 1157 2290 proripiunt.
1174 2220 1289 2272 Fructus
1303 2232 1394 2271 eorum
1410 2218 1575 2283 comedunt,
1592 2232 1659 2274 cum
1679 2217 1714 2274 de
1736 2217 1833 2274 labore

79 2306 133 2378 qui
148 2305 256 2362 divine
277 2308 377 2376 gratie
400 2315 500 2363 necmr
515 2322 565 2377 per
593 2323 674 2364 nonne
703 2307 932 2378 compunctionis
986 2308 1129 2375 torasdcc,
1142 2315 1169 2362 et
1184 2306 1219 2362 de
1232 2304 1426 2361 beneticentiae
1440 2306 1469 2360 in
1488 2306 1654 2375 proximum
1679 2305 1832 2376 impendio,

81 2392 218 2450 allmtum
235 2407 318 2450 asna
339 2402 434 2452 mente
447 2404 601 2466 extorquet
615 2402 643 2452 et
661 2396 749 2462 elicit,
765 2395 857 2464 illum,
880 2383 947 2467 qui'
986 2394 1140 2451 decretasti
1157 2394 1245 2450 menti
1259 2393 1400 2449 sectuitas
1414 2394 1499 2449 etiam
1516 2393 1777 2464 impresentiarum
1790 2394 1833 2449 in-

81 2483 222 2539 doctrinae
245 2483 380 2539 salutaris
399 2485 510 2555 spargit
531 2498 638 2549 seriien,
667 2484 779 2540 terrore
793 2483 832 2554 pii
852 2484 932 2540 'desi-
987 2485 1118 2540 nascitur
1134 2482 1243 2538 bravio.

81 2571 155 2629 derii
178 2572 359 2641 equiparare
382 2572 538 2629 contendit.
563 2595 574 2622 ‹
593 2571 626 2628 Et
648 2572 799 2629 stillabunt
823 2580 933 2628 rnontes
1007 2573 1106 2628 'Vnus
1121 2571 1162 2626 15.
1176 2601 1210 2609 -
1225 2593 1236 2620 ι
1250 2572 1285 2627 Ει
1297 2570 1433 2641 plantabo
1446 2585 1493 2626 eos
1507 2571 1727 2641 superhumurn
1740 2584 1834 2639 suam,

87 2659 307 2727 ›dulcediuem
332 2669 359 2716 et
372 2675 473 2717 omnes
495 2660 581 2718 colles
602 2661 672 2718 culti
698 2670 794 2719 erunt.
811 2683 825 2713 s
855 2664 933 2717 Muri·
991 2669 1044 2717 »et
1059 2675 1116 2716 uon
1129 2659 1250 2717 evellam
1264 2674 1312 2717 eos
1327 2658 1404 2716 ultra
1423 2660 1458 2716 de
1474 2667 1550 2715 terra
1564 2674 1654 2731 qnam
1669 2660 1734 2716 dudi
1753 2660 1805 2716 eis.
1822 2680 1833 2707 ν

83 2748 306 2804 tesdutcedinem
326 2749 446 2817 stillant,
470 2764 537 2806 cuni
560 2752 731 2806 excellentes
750 2752 780 2806 in
804 2758 934 2806 contern-
987 2751 1075 2820 super
1099 2750 1210 2804 trumum
1236 2766 1314 2805 suam
1338 2765 1380 2804 eos
1408 2750 1528 2818 plantat,
1557 2763 1624 2805 cum
1653 2747 1837 2805 immobiliter

85 2836 212 2907 piatione
226 2838 326 2905 animi,
340 2839 376 2895 dc
390 2852 523 2909 supernae
538 2839 637 2910 glorie
656 2839 762 2910 gaudio
776 2839 891 2904 sensim,
907 2845 934 2893 et
988 2839 1028 2895 eis
1043 2853 1163 2895 suorum
1191 2853 1356 2908 corporum,
1380 2852 1416 2894 ne
1443 2836 1566 2894 ulterius
1589 2847 1693 2908 praeter
1718 2837 1836 2894 modum

84 2925 213 2995 quadam
229 2926 384 2982 verborum
399 2924 581 2995 lentitudine,
594 2933 728 2982 tractant.
746 2927 781 2982 Et
800 2927 844 2982 hae
867 2930 935 2982 sunt
955 2927 1106 3010 Crebellia
1122 2927 1201 2993 fiant,
1218 2927 1379 2983 dominium
1399 2927 1496 2983 donat.
1514 2930 1548 2982 lte
1564 2933 1637 2980 terru
1654 2942 1740 2996 quum
1760 2925 1837 2982 dedit

84 3015 219 3070 scintillae
235 3015 313 3084 apud
330 3014 506 3071 Ezechielem
528 3015 594 3071 teris
617 3015 766 3071 candentis
787 3015 898 3085 (Eucti.
914 3031 933 3082 ι,
990 3019 1027 3071 cis
1041 3017 1116 3070 ultra
1130 3031 1173 3070 eos
1185 3031 1238 3069 raon
1250 3016 1355 3082 evellit,
1371 3016 1442 3085 quia
1456 3029 1545 3085 quain
1566 3017 1696 3085 protrusit
1720 3013 1838 3070 mitibus

85 3103 122 3173 Ἰ).
139 3103 175 3159 Et
189 3103 261 3173 qnid
279 3101 358 3158 aliud
373 3117 464 3173 quam
477 3102 586 3159 stillare
601 3102 727 3169 videtur,
744 3105 796 3172 qni
810 3104 886 3174 quod
900 3105 935 3160 de
991 3105 1190 3175 possidendam
1205 3106 1314 3174 (blattis.
1333 3120 1359 3171 r,
1384 3107 1423 3174 i),
1447 3118 1546 3160 eornm
1574 3104 1705 3161 videlicet
1734 3117 1837 3172 eorpo-

87 3189 144 3247 Deo
160 3190 257 3257 sentit,
275 3190 447 3262 nentiquam
471 3190 645 3248 elucubrare
660 3192 857 3261 permittitur?
872 3193 935 3248 Om·
993 3208 1058 3250 rum
1073 3201 1177 3250 terram
1191 3200 1298 3249 aeternc
1312 3195 1354 3248 eis
1366 3194 1432 3263 jure
1448 3192 1581 3263 pransis.

85 3294 133 3334 nes
151 3280 232 3335 codes
246 3281 314 3334 culti
336 3287 414 3346 sunt,
429 3293 496 3335 cnm
511 3280 547 3335 ab
571 3293 672 3336 eornm
696 3279 839 3336 stillicidio
863 3280 934 3337 nibil

744 3452 887 3496 EXPLICIT
909 3452 993 3496 Amos
1017 3452 1191 3498 enorme.

547 3798 803 3873 PROLOGUS
830 3800 895 3872 AD
926 3798 1109 3872 LIBRUM
1139 3796 1374 3884 QUINTUM.

127 4182 203 4233 2⁴8
214 4178 943 4249 Beatissimaeieremiasqui,exipsomatrisntero
997 4176 1044 4231 sed
1060 4190 1126 4231 cum
1147 4175 1182 4231 ad
1198 4176 1367 4233 charitatem
1391 4177 1441 4233 liei
1465 4186 1493 4233 et
1516 4179 1638 4248 proximi
1662 4194 1743 4237 mens
1765 4194 1843 4237 com·

90 4266 288 4323 sanetificatus
301 4276 329 4323 et
351 4268 489 4339 propheta
503 4266 638 4338 gentibus
659 4267 829 4333 destinatus,
847 4266 940 4322 iniens
956 4251 977 4305 ὓ
996 4272 1114 4334 puncta,
1135 4272 1162 4320 et
1185 4265 1290 4320 excidii
1310 4265 1355 4321 sui
1379 4265 1604 4336 lacrymabiliter
1627 4268 1776 4326 recordata
1796 4281 1845 4325 re—

90 4369 187 4412 nerum
203 4355 258 4413 sub
274 4355 442 4428 evangelica
457 4356 621 4427 virginitate
645 4355 792 4427 produxit,
809 4356 872 4426 qui,
895 4369 941 4410 se-
995 4350 1115 4421 digitur,
1130 4352 1252 4408 interius
1270 4354 1476 4411 exterminium
1499 4355 1606 4426 gemini
1632 4357 1764 4428 precepti
1785 4356 1846 4413 bre·

91 4444 224 4500 cundum
238 4443 367 4500 inolitam
382 4443 438 4501 sibi
462 4445 626 4513 puritatem,
643 4451 723 4500 tauto
746 4446 861 4501 acutius
881 4457 942 4500 sese
995 4440 1255 4510 vitatereparatnr.
1280 4441 1337 4498 Nos
1360 4457 1429 4513 ergo
1444 4442 1614 4500 deuteresim
1639 4445 1802 4502 omittentes
1815 4450 1843 4502 et

91 4531 129 4587 ad
144 4531 257 4587 interna
280 4532 432 4601 proripuit,
454 4539 562 4601 quanto
578 4531 614 4587 ah
633 4540 752 4588 externo
776 4531 889 4596 loedere,
914 4537 942 4586 ct

91 4619 279 4690 prosperitate
300 4621 457 4687 mundana,
480 4634 530 4690 pro
551 4619 686 4690 temporis
707 4619 897 4687 incommodo,
915 4626 942 4675 et

91 4708 178 4764 eorde
195 4709 382 4778 pudicissimo
401 4709 537 4765 secretior
549 4709 612 4765 luit.
628 4708 707 4766 Unde
722 4716 828 4765 sanctae
850 4708 943 4764 intor-

93 4797 210 4853 tunium
225 4796 349 4853 ciritatis
362 4798 398 4853 ad
423 4797 567 4855 interioris
587 4798 710 4853 hominis
734 4798 884 4854 conterens
898 4797 944 4852 la-

94 4898 191 4955 psum,
210 4886 393 4956 quadruplex
422 4886 549 4956 mysticis
570 4884 717 4942 doloribus
740 4886 874 4942 adhibuit
898 4885 940 4941 ai·

93 4972 266 5042 pbabetum,
283 4981 316 5030 nt
329 4989 417 5044 quem
430 4982 557 5046 quatuor
575 4974 782 5031 elementorum
806 4974 943 5031 immode-

93 5061 199 5117 rantiis
225 5061 318 5133 ruisse
344 5071 529 5133 compererat,
567 5077 619 5134 per
640 5063 840 5135 evangelicum
862 5073 944 5122 cata-

94 5150 208 5220 plasma
218 5159 344 5219 sanaret,
358 5158 386 5207 et
399 5151 451 5222 qui
464 5150 637 5222 decalogum
653 5151 830 5221 duplicitatis
850 5160 944 5209 traus-

94 5238 243 5311 gresainne
273 5237 446 5308 calcaverat,
477 5239 531 5296 suh
557 5238 725 5311 evangelica
750 5254 779 5297 se
807 5241 945 5300 dualitate

94 5326 292 5398 restringeret.
322 5326 431 5399 Viginti
462 5327 540 5384 enim
562 5327 628 5384 dna
654 5326 847 5383 litterarum
875 5328 944 5399 siut,

94 5415 279 5474 dentereoeca
290 5429 455 5487 eumaeum,
466 5429 533 5487 que
548 5416 620 5487 legis
647 5428 737 5472 sacrae
753 5416 945 5474 sinceritatem

94 5498 287 5557 traditionum
311 5500 439 5557 noritue
457 5507 635 5570 corruperat,
665 5499 813 5556 vicenario
832 5499 944 5571 signam

997 4527 1180 4598 hypocrisim,
1193 4544 1260 4601 quae
1274 4530 1335 4588 suis
1350 4532 1494 4587 mloribns
1513 4533 1653 4601 plurimos
1671 4530 1701 4588 in
1717 4532 1847 4589 Ecclesia

996 4617 1187 4687 conduplicat,
1211 4627 1398 4687 assumentes,
1424 4620 1453 4674 in
1472 4633 1558 4676 casus
1586 4628 1613 4676 et
1632 4620 1742 4676 damna
1764 4634 1846 4678 men-

997 4705 1078 4773 tium,
1092 4720 1158 4777 quae
1174 4707 1202 4762 in
1220 4708 1391 4777 quotidiana
1405 4707 1564 4764 vastatione
1577 4711 1763 4778 perpetimur,
1779 4710 1847 4767 suh

997 4792 1085 4849 tiliter
1105 4795 1287 4863 intuebamur,
1320 4803 1347 4851 et
1373 4795 1566 4852 simulationis
1592 4810 1707 4867 rugam,
1725 4811 1785 4868 qua
1809 4799 1846 4854 ad

998 4881 1089 4937 lleum
1105 4881 1221 4952 quidem
1236 4891 1439 4953 angustamur,
1460 4883 1496 4939 ud
1515 4884 1653 4941 saeculum
1669 4897 1739 4941 vero
1755 4887 1846 4957 pessi-

998 4983 1046 5025 ma
1060 4970 1198 5026 vicenarii
1213 4971 1450 5041 multiplicatione
1466 4972 1650 5041 replicamur,
1665 4973 1701 5030 de
1717 4975 1848 5045 pmxlmo

998 5067 1098 5116 euntes
1111 5059 1141 5115 iu
1166 5060 1266 5127 lteum,
1288 5060 1316 5114 in
1343 5060 1450 5116 amicos
1471 5068 1499 5116 et
1522 5061 1651 5118 inimicos
1671 5063 1764 5120 multa
1777 5078 1848 5136 qua·

998 5161 1174 5217 quaversum
1189 5147 1359 5204 liberalitate
1388 5149 1552 5223 mudantur.
1595 5131 1751 5209 indeiecta
1779 5167 1849 5226 ergo

999 5236 1128 5304 urbium,
1145 5236 1247 5293 ruinas
1262 5237 1433 5294 meditemur
1457 5237 1631 5308 animorum,
1655 5248 1683 5297 et
1697 5240 1850 5299 rideamus

999 5324 1070 5395 quid
1084 5327 1195 5396 primus
1209 5325 1291 5382 nobis
1303 5325 1454 5383 character
1467 5327 1604 5397 insinuet,
1620 5342 1657 5386 ex
1676 5343 1736 5401 quo
1757 5328 1801 5387 uti
1814 5329 1849 5388 de

999 5417 1111 5470 crateris
1123 5421 1244 5484 consul,
1259 5413 1329 5485 quia
1344 5415 1474 5488 subjecta
1485 5418 1629 5475 seumntia
1642 5417 1755 5488 pendat.
1771 5417 1850 5490 Ergo

1000 5512 1099 5562 sancto
1112 5519 1165 5561 uos
1176 5504 1285 5576 Spiritu
1299 5504 1467 5577 accingente
1480 5519 1646 5578 pergarnus.
