3818 6008
70 206 99 261 ut
520 206 550 261 V.
568 203 735 262 uniscunt
758 202 904 260 ABBleS
929 201 957 259 S.
979 201 1097 259 MARIAE
1114 201 1162 260 DE
1183 202 1376 260 uovtcbnro
1785 205 1818 258 bi

70 340 257 399 delectatione
281 340 495 412 suspendimus.
525 341 649 407 Tn'stepa
681 353 750 397 vero
776 354 793 396 a
823 338 917 396 tribus
934 337 958 392 Δ
973 338 1088 396 duobus
1113 337 1262 409 discipulis
1293 339 1331 395 ad
1354 345 1576 396 monumentum
1603 351 1687 396 mane
1707 338 1819 402 venisse

70 429 207 487 videntur
231 430 287 487 dici
315 430 451 496 statibus;
482 437 574 486 status
603 436 701 485 autern
733 428 823 486 nostri
859 434 917 484 tres

71 532 171 576 revera
183 527 262 576 sunt.
292 520 406 576 Primus
430 519 459 574 in
475 518 584 575 visione
606 531 756 589 corporea3
774 516 918 574 secundus

72 605 311 676 imaginationum
324 605 476 673 memoria;
500 607 601 663 tertius
624 604 811 662 intellectuali
845 619 916 676 pru-

71 694 178 750 dentia.
211 694 245 749 Et
272 693 378 750 habent
406 694 537 764 proprias
559 694 701 750 trinitates
723 693 819 757 etiam,
844 708 918 765 quas

71 781 206 852 prosequi
223 783 342 852 longum
357 790 408 851 est,
421 783 524 838 borum
545 782 670 854 singula,
686 782 916 853 quorumquali-

57 869 180 925 tatibus
192 869 317 939 quisque
346 868 499 939 diiigenter
523 870 661 940 pensatis,
677 870 734 926 duo
758 869 851 939 prima
867 883 918 938 pro

71 955 114 1012 sui
129 955 251 1012 utilitate
282 963 442 1027 postponat,
467 964 495 1013 et
523 971 590 1013 curn
616 958 705 1014 Paulo
733 956 861 1028 apostolo
882 958 916 1013 ad

71 1044 189 1100 tertium
204 1044 321 1113 ciclum,
334 1044 526 1102 intellectuale
552 1045 658 1103 scilicet
674 1045 841 1117 mysterium
858 1060 919 1101 sese

71 1132 211 1204 proripiat
226 1134 270 1191 ll!
288 1135 348 1190 dor.
378 1148 428 1199 xu,
458 1137 494 1202 ι).
510 1134 621 1190 Dicitur
649 1134 725 1191 enirn
756 1133 919 1203 aplurimis

971 427 1144 485 describitur
1165 429 1259 499 (Joan.
1283 442 1334 493 xx,
1364 429 1448 498 l-3):
1472 442 1549 484 uror
1567 434 1663 484 nostra
1685 427 1820 484 voluntas

971 525 1022 584 est,
1040 532 1105 588 qure
1126 531 1241 573 annexa
1273 517 1394 573 fideliter
1418 517 1522 573 rationi
1548 516 1658 586 pietatis
1684 516 1820 586 operibus

971 606 1158 672 iocundatur3
1176 620 1281 662 uxores
1296 605 1420 661 liliorum
1435 611 1503 661 sunt
1516 604 1580 672 illae,
1602 620 1668 675 quae
1689 605 1818 676 singula·

972 709 1038 751 rum
1048 708 1235 766 quarumque
1252 693 1458 764 professionum
1473 692 1819 763 destinationibussubja-

971 791 1036 839 cent
1050 782 1220 838 voluntates.
1237 783 1300 839 Una
1313 789 1355 838 est
1375 781 1511 846 Ecclesia,
1527 781 1590 837 licet
1606 781 1704 838 multae
1717 781 1820 836 dican-

973 878 1021 927 tur
1034 870 1071 926 ob
1091 869 1197 940 situm3
1227 870 1267 926 ita
1286 870 1419 940 plurimre
1444 875 1513 925 surrt
1537 869 1620 926 dicte
1647 868 1819 934 voluntates,

972 960 1036 1016 licet
1052 974 1110 1016 una
1126 958 1162 1014 sit
1175 958 1212 1015 ob
1227 957 1427 1021 diilerentiam,
1456 971 1530 1026 quas
1550 956 1684 1013 volumus
1704 969 1818 1023 rerum;

972 1047 1112 1103 distinctae
1127 1054 1223 1102 autem
1238 1052 1386 1116 ponuntur
1410 1060 1461 1115 pcr
1473 1060 1502 1101 se
1518 1045 1585 1112 ll'oc,
1611 1052 1638 1100 et
1654 1044 1715 1112 ιιιιι,
1739 1044 1819 1100 scili-

972 1143 1115 1202 coroner,
1141 1142 1168 1191 et
1192 1148 1298 1191 uxores
1321 1134 1458 1199 liliorum,
1486 1133 1556 1204 quia
1571 1132 1671 1190 subtili
1700 1132 1819 1188 omnino

72 1220 101 1277 in
125 1222 209 1278 tertia
225 1221 355 1277 homines
371 1220 515 1278 habitasse
528 1236 651 1288 camera,
681 1237 734 1278 nec
749 1222 776 1278 id
794 1222 916 1293 iujuria;
972 1230 1037 1279 astu
1055 1223 1243 1280 discernenda
1257 1230 1324 1278 sunt
1339 1221 1459 1293 spiritus
1473 1230 1579 1289 noster,
1592 1235 1626 1277 ac
1638 1222 1702 1292 ejus
1720 1233 1818 1290 opera,

73 1316 184 1366 namet
206 1308 340 1376 visiones,
367 1317 395 1365 et
420 1309 641 1381 imaginationes
668 1324 822 1380 corporum
851 1325 917 1365 cum
972 1318 1042 1368 tunc
1067 1312 1184 1368 denium
1208 1311 1341 1368 voluntas
1368 1311 1431 1382 ojus
1456 1309 1621 1380 principalis
1649 1310 1685 1365 ad
1717 1311 1817 1374 licum,

72 1397 170 1455 bestris
182 1397 323 1454 habemus
337 1398 514 1464 communia,
541 1399 589 1454 sed
615 1412 682 1455 cunr
699 1399 793 1454 benet
808 1397 919 1469 angelis
973 1400 1262 1471 promiscuarumque
1286 1400 1470 1457 voluntatum
1489 1400 1640 1464 examina;
1657 1406 1727 1455 suut
1741 1398 1819 1454 enim

72 1485 283 1557 participamur
297 1485 415 1542 rationis
436 1486 537 1557 gloria.
555 1486 666 1543 Dicitur
692 1501 809 1558 quoque
826 1487 918 1558 prima
972 1488 1126 1559 inquibus
1147 1487 1368 1545 conlunduntur
1395 1487 1506 1554 omnim
1529 1488 1589 1543 lraec
1606 1487 1703 1543 omnia
1720 1486 1818 1556 igitur,

72 1574 157 1632 statio
182 1572 271 1631 luisse
294 1574 473 1638 stercoraria,
505 1590 563 1645 quo
589 1575 674 1631 durus
701 1575 807 1632 scilicet
844 1573 913 1630 inibi
973 1576 1145 1644 voluntates,
1169 1574 1299 1631 videlicet
1322 1574 1541 1631 exsecutionum
1562 1588 1595 1629 ac
1621 1576 1821 1630 exsecutiones

74 1661 238 1733 degentium
266 1662 436 1719 animalium
458 1670 486 1719 et
518 1663 669 1719 bominum
696 1663 915 1733 exponebatur3
936 1632 1163 1730 ”voluntatum
1178 1662 1253 1718 intra
1282 1670 1405 1719 mentem
1418 1662 1478 1733 jam
1500 1662 1640 1732 placidam
1657 1662 1819 1718 recondun-

72 1751 199 1807 secunda
212 1750 405 1822 apothecaria,
420 1766 478 1821 quo
494 1750 584 1807 victui
600 1751 731 1822 utrisque
745 1760 813 1822 apta
827 1766 919 1807 serva·
973 1761 1031 1820 tur,
1047 1768 1113 1824 quse
1128 1767 1184 1808 non
1201 1751 1326 1808 inaniter
1341 1751 1416 1807 loros
1437 1751 1596 1821 spargitur,
1619 1751 1667 1807 sed
1682 1749 1819 1807 intrinse-

73 1835 195 1906 bautur3
208 1835 292 1892 tertia
307 1837 512 1903 mansionaria,
530 1850 588 1906 quo
599 1836 652 1891 soli
677 1836 806 1893 nomines
817 1851 917 1893 versu·
973 1856 1024 1898 cus
1037 1843 1068 1897 in
1083 1841 1204 1897 Domino
1215 1841 1365 1912 gloriatur.

73 1921 189 1980 bantur.
214 1923 328 1981 Primus
353 1925 440 1981 etiam
467 1932 564 1980 noster
585 1931 677 1980 status
706 1925 735 1981 in
771 1925 919 1982 vocatione
1009 1931 1093 1987 Vnus.
1122 1932 1164 1985 lli.
1181 1960 1214 1970 —
1237 1931 1276 1984 Et
1291 1946 1326 1984 ec
1356 1931 1459 1984 cunctis
1483 1929 1670 1983 animantibus
1686 1931 1821 1983 univesa

72 2011 210 2069 conlesslo
244 2013 350 2082 peceati
387 2021 443 2082 esl;
468 2013 622 2081 secundus,
647 2013 675 2068 ln
715 2013 919 2084 jtlslllleallonc-
973 2021 1063 2074 curnis
1078 2020 1143 2074 bino
1157 2019 1267 2073 induces
1283 2022 1312 2073 in
1326 2035 1428 2084 orcum,
1452 2023 1484 2073 nt
1498 2022 1593 2075 uiuunt
1609 2024 1693 2073 tecum
1717 2032 1821 2071 musen-

72 2101 360 2158 cxaeoutiovitalium
377 2115 498 2172 operum
517 2109 573 2168 est;
603 2101 919 2173 tertiusiinglorilico-
974 2106 1026 2163 lini
1052 2121 1142 2173 secus,
1169 2112 1194 2161 et
1219 2109 1325 2174 semini.
1351 2108 1396 2162 liar
1420 2107 1598 2177 quibuslibet
1627 2105 1820 2176 cupiditatum

73 2187 158 2253 tione,
175 2189 292 2260 quando
305 2189 445 2246 solielocti
463 2190 491 2245 iu
508 2191 726 2262 cognominus,
742 2198 793 2247 est.
973 2194 1137 2265 generibus,
1153 2209 1190 2253 ex
1203 2195 1481 2267 quacunqueiragili
1492 2194 1819 2251 allectnalitateuascon-

109 2277 195 2333 Vens.
222 2281 264 2333 ιι.
292 2307 328 2319 -
365 2280 431 2333 Ecce
469 2294 517 2347 epo
550 2279 686 2333 adducam
703 2279 804 2333 diluvii
833 2294 919 2350 aquus
974 2284 1052 2341 tibus
1066 2285 1134 2340 bina
1146 2284 1176 2340 in
1191 2297 1288 2341 arcam
1304 2284 1480 2349 inducimus,
1496 2283 1644 2354 inquibus
1657 2289 1699 2338 est
1715 2282 1821 2337 lomina

72 2379 154 2434 iulii?
176 2371 287 2431 littam.
310 2372 340 2421 til
369 2369 529 2437 llieidlissm
543 2382 645 2422 ⁰m'22m
671 2383 789 2434 tillim·
813 2369 843 2422 5²¹
865 2384 920 2438 lilii
973 2372 1172 2439 etmasculus,
1188 2386 1255 2429 cum
1281 2372 1376 2427 lluxos
1399 2379 1426 2427 et
1458 2371 1540 2442 quasi
1566 2371 1701 2426 femineos
1724 2370 1821 2424 carnis

72 2455 189 2523 spiritus
211 2458 275 2510 uita
299 2460 338 2510 est
355 2455 446 2510 srrbtcr
460 2457 569 2522 culum,
583 2459 711 2510 nirioerse
729 2472 789 2525 qna
802 2459 831 2510 in
847 2461 920 2511 terro
974 2468 1070 2518 motus
1082 2474 1119 2517 ex
1140 2460 1306 2517 necessitate
1332 2458 1477 2529 peccandi,
1498 2458 1622 2514 velimus
1648 2456 1821 2527 plerumque

72 2546 137 2596 sant
148 2548 345 2599 consumentur.
363 2544 455 2613 aque
471 2543 574 2599 diluvii
588 2544 710 2600 coelestis
730 2552 772 2601 est
802 2544 921 2601 scientia
976 2549 1109 2616 nolimus,
1138 2549 1234 2604 animo
1260 2548 1459 2614 admovemus,
1489 2546 1537 2602 secl
1561 2554 1656 2600 tamen
1673 2544 1747 2601 illico
1761 2544 1820 2615 juri

73 2630 256 2698 sacramenti,
287 2645 347 2703 qua
371 2631 525 2688 diluuntur
540 2646 628 2701 super
644 2640 760 2700 terram,
789 2632 875 2689 idest
891 2633 920 2688 iu
974 2638 1038 2694 illos
1054 2636 1174 2693 masculi
1190 2636 1399 2705 mancipemus,
1430 2633 1548 2690 rationis
1573 2633 1713 2700 vidcliret,
1738 2634 1822 2704 cuius

74 2732 192 2789 corpore
206 2719 474 2790 nostroeujuslibet
488 2721 611 2777 obscena
627 2721 742 2791 peccati.
760 2720 919 2789 dinarium,
974 2727 1003 2782 vi
1020 2727 1056 2782 ad
1070 2724 1200 2797 regulam
1217 2723 1464 2794 constringantur,
1487 2729 1518 2778 ut
1541 2722 1638 2777 vivere
1657 2719 1819 2788 nobiscum,

74 2807 179 2879 inquit,
203 2823 345 2877 supernos
374 2825 477 2878 aquom
505 2810 647 2871 mnndum,
665 2818 691 2864 et
719 2809 921 2865 mundabimini
976 2815 1059 2872 idest
1074 2821 1105 2871 ut
1132 2812 1194 2869 vitii
1222 2812 1305 2868 virus
1337 2826 1395 2867 non
1422 2810 1701 2876 inlunderr,sedad
1731 2811 1820 2865 vitam

73 2895 181 2966 idmst.
197 2911 295 2965 xxxvr,
310 2896 370 2968 25.)
388 2898 454 2954 llaec
469 2912 556 2969 aqua,
574 2898 602 2954 id
615 2906 658 2955 est
671 2898 811 2969 sapientia
826 2898 919 2954 addu·
938 2930 958 2986 C
976 2902 1155 2974 pertinentia,
1171 2907 1199 2957 et
1213 2901 1319 2956 sentire
1341 2899 1488 2956 nobiscum
1513 2906 1540 2954 et
1556 2912 1640 2969 agere
1669 2904 1819 2968 cogantur.

74 2984 151 3042 citur
163 3001 245 3056 super
260 2990 371 3052 terrum,
382 2986 499 3056 qnando
512 2986 672 3057 spiritualis
685 2986 810 3059 dignitas
823 2994 922 3044 tenore
976 2992 1021 3048 Sic
1035 2991 1111 3048 enirn
1123 2991 1215 3047 Adam
1230 2996 1257 3045 et
1272 2989 1333 3045 Eva
1347 2989 1537 3045 connectitur.

72 3074 192 3146 justitiae
212 3080 510 3145 exsuperati-‚amem
532 3075 627 3131 omnis
648 3090 724 3144 caro,
747 3078 844 3145 irrqnu
863 3078 921 3146 spi*
1013 3081 1098 3136 Vens.
1114 3081 1159 3133 iil.
1183 3109 1210 3120 -
1227 3081 1265 3134 lie
1279 3077 1443 3143 uolneribus,
1457 3077 1543 3144 jacto
1563 3090 1645 3144 pertus
1672 3089 1762 3142 snum,
1792 3072 1821 3129 id

74 3162 382 3217 ritmoitaeestsnbtrr
400 3163 493 3217 colum
512 3162 694 3229 interlicitur,
711 3164 923 3220 cumnrembra
975 3175 1018 3225 est
1043 3168 1078 3224 de
1104 3166 1246 3236 superbire
1285 3166 1419 3232 motibus,
1449 3178 1625 3235 quocunque
1650 3162 1741 3226 modo,
1772 3169 1823 3217 aut

76 3257 183 3318 nostra,
214 3265 280 3321 quae
305 3258 374 3306 sunt
392 3265 480 3321 super
505 3260 620 3318 terram,
649 3251 791 3308 ct'adlruc
818 3251 922 3309 vivunt
977 3256 1163 3323 seculariter,
1179 3264 1229 3311 aut
1245 3254 1299 3311 sub
1320 3261 1385 3324 typo
1399 3253 1546 3324 religionis
1564 3251 1758 3322 superbiatur,
1790 3249 1822 3304 de

75 3337 232 3410 vigentque
260 3338 394 3407 innubis,
430 3339 642 3396 mortillcantur
667 3339 732 3410 (Get.
763 3354 803 3407 ιιι,
825 3339 861 3408 5),
891 3347 924 3396 ut
974 3346 1253 3415 jarnmtisinpenere
1273 3342 1381 3411 suade
1405 3341 1612 3411 cupiditatibus
1630 3339 1824 3408 scilicetqua-

75 3425 169 3483 dicere
188 3427 330 3497 poscimus
351 3441 418 3484 cum
442 3427 531 3484 Paulo
559 3427 703 3499 apostolo:
740 3430 807 3485 Vino
834 3432 923 3484 eutem
977 3447 1094 3503 cunque
1113 3432 1335 3503 concupiscatur
1362 3431 1390 3486 in
1414 3444 1511 3497 causa,
1528 3435 1553 3483 et
1585 3445 1619 3483 cc
1639 3430 1711 3483 omni
1729 3427 1824 3495 reptiti

73 3517 133 3585 jorn
152 3531 206 3570 non
220 3530 281 3584 epm
306 3518 376 3570 uiuit
402 3531 464 3570 nero
479 3519 508 3571 in
521 3531 563 3570 mc
581 3517 705 3573 Christus
728 3515 805 3585 (Gal.
822 3532 850 3585 ιι,
867 3520 921 3584 ab).
978 3519 1210 3578 terrasecundnm
1233 3534 1419 3586 generenam,
1449 3518 1477 3573 id
1503 3525 1545 3574 est
1559 3531 1596 3573 cx
1622 3515 1699 3571 omni
1722 3513 1823 3585 llagitil

78 3604 222 3660 liactcnus
245 3610 343 3661 autern
367 3618 401 3660 ea
429 3603 648 3671 mortificantur,
666 3618 723 3660 non
750 3612 783 3661 ut
806 3620 924 3677 prorsus

76 3692 291 3762 interimantur,
320 3700 465 3763 quatenus
483 3692 512 3748 in
529 3692 609 3748 nullo
636 3705 759 3764 regnare
779 3694 921 3752 icruntur.

76 3781 389 3839 spumantemamnem
417 3781 535 3852 spiritus
559 3781 639 3849 vivit,
657 3796 723 3838 cum
751 3783 815 3839 licet
843 3797 924 3854 pres-

75 3884 125 3927 sus
150 3871 267 3927 rationis
282 3869 410 3940 imperio,
444 3883 510 3941 quae
528 3868 633 3926 coctum
662 3870 823 3939 obdivina,
858 3886 924 3942 que

76 3958 212 4029 continet,
242 3958 378 4028 mysteria
407 3964 537 4025 vocatur,
570 3958 736 4016 tentationis
762 3974 815 4016 nos
838 3961 924 4017 llatus

79 4045 204 4117 impellit.
223 4048 276 4103 Per
294 4046 374 4103 bunc
402 4045 502 4117 itaque
529 4060 660 4117 saporem
687 4048 835 4118 sapientia
855 4049 923 4105 uni-

77 4149 242 4206 versaque
258 4136 287 4192 in
302 4142 380 4191 terra
393 4142 691 4201 suntmnsumuntur,
707 4136 776 4192 dum
794 4138 925 4193 mundia-

978 3624 1091 3682 geuere,
1108 3622 1166 3679 quo
1192 3621 1242 3678 por
1265 3607 1362 3664 carnis
1376 3613 1511 3676 peccatur
1533 3604 1689 3670 desideria3
1706 3602 1775 3660 bina
1789 3603 1826 3658 de

977 3698 1113 3754 omnibus
1140 3696 1347 3766 ingrediuntur
1370 3694 1530 3751 nobiscum.
1547 3697 1578 3747 nt
1601 3694 1705 3762 possint
1724 3694 1825 3755 cirre-e,

978 3786 1064 3843 luxui
1087 3785 1210 3856 prolecto
1234 3782 1370 3854 quaelibet
1387 3790 1465 3853 apta,
1490 3790 1517 3838 et
1541 3780 1634 3851 culpae
1657 3793 1723 3835 cum
1748 3779 1826 3835 intra

979 3889 1030 3932 nos
1046 3873 1198 3946 cogitando
1211 3871 1337 3927 admissa
1362 3870 1479 3938 luerint,
1505 3869 1576 3941 iugo
1602 3868 1699 3925 statim
1730 3868 1824 3938 depri-

979 3967 1100 4016 muntur
1116 3954 1323 4022 virilisanimi,
1355 3961 1387 4010 ut
1406 3953 1442 4008 ad
1468 3952 1555 4009 vitam
1585 3952 1668 4008 uobis
1696 3950 1825 4016 valeant,

978 4049 1048 4104 dum
1077 4046 1148 4102 bene
1173 4045 1292 4112 utimur,
1322 4043 1477 4099 tentatione
1505 4041 1648 4111 prodesse.
1678 4040 1743 4095 llaee
1772 4039 1827 4094 tria

979 4134 1113 4208 peccandi
1131 4147 1237 4205 genera
1252 4138 1301 4188 da
1314 4130 1534 4188 etiamloannes
1558 4129 1703 4199 apostulus
1718 4140 1825 4183 memo·

15 4284 22 4290 .
78 4221 217 4281 lisiervor
229 4223 348 4280 allectus
367 4223 485 4292 superni
500 4224 607 4279 amoris
622 4224 700 4280 unda
722 4225 920 4297 restinguitur,
941 4223 1031 4289 brat,
1051 4235 1085 4278 ac
1112 4222 1135 4278 si
1152 4221 1352 4277 universorum
1380 4218 1534 4274 criminum
1554 4216 1713 4280 materiam,
1742 4228 1828 4271 omne

79 4308 108 4367 iu
118 4319 263 4382 quantum
275 4311 355 4367 carni
370 4310 488 4380 spiritus
497 4313 653 4382 prevalere
667 4314 850 4383 permittitur.

115 4399 200 4455 Virus.
216 4401 258 4454 l8.
275 4426 309 4440 -
324 4399 477 4468 Pontumque
488 4401 579 4465 (ndns
599 4416 685 4455 meum
709 4407 804 4471 lecum,
824 4407 851 4457 et
877 4407 924 4458 ιιι-

79 4488 211 4557 preda'cris
235 4501 337 4555 rocem,
368 4491 408 4556 tn,
435 4493 462 4543 el
475 4490 529 4558 pili
546 4492 596 4556 tui,
611 4505 681 4544 naor
706 4495 764 4558 inu,
783 4497 810 4546 ei
828 4508 925 4548 naeres

78 4577 200 4648 {iliorum
213 4580 320 4629 tuorum
334 4581 426 4631 tecum.
440 4576 544 4633 Foedus
559 4591 645 4633 suurn
674 4579 822 4636 nobiscum
836 4582 924 4653 ponit,

79 4678 146 4721 cum
161 4662 302 4720 exstincta
311 4664 498 4721 oblectatione
513 4665 610 4739 secuml
625 4665 706 4723 docet
734 4667 855 4725 interius
875 4684 927 4726 nos

81 4751 370 4824 gustarectvidere,
401 4754 471 4824 quia
491 4753 639 4810 adhaerere
667 4755 775 4812 bonum
804 4765 845 4814 cst
873 4759 927 4814 sibi

82 4841 163 4910 (Psoi.
192 4855 276 4910 uxxrr,
293 4845 352 4914 ι8);
382 4857 432 4913 per
459 4842 573 4899 loederis
607 4843 695 4914 nujus
722 4847 780 4902 vim
808 4847 836 4902 in
854 4863 926 4920 quo·

81 4929 215 4986 rumdam
231 4931 261 4987 tlt
280 4938 445 4988 sanctorum
461 4931 597 4988 cordibus
609 4939 690 4989 tauta
703 4935 864 4992 constantia
885 4942 926 5001 ut,

81 5018 106 5074 si
131 5018 213 5075 nulla
236 5027 330 5076 essent
355 5019 459 5076 inlerni
481 5021 631 5091 supplicia,
658 5036 810 5093 uunquam
832 5031 927 5079 tamen

82 5114 196 5178 accepta
229 5107 363 5165 desistere
392 5108 499 5165 vellent
520 5109 643 5180 iustitia.
677 5110 843 5182 Ingreditur
869 5110 929 5167 Noe

81 5201 188 5261 noster,
211 5202 240 5252 et
261 5194 312 5251 lilii
335 5195 399 5265 ejus
413 5210 523 5266 arcam,
542 5197 613 5255 dom
636 5198 727 5255 libera
750 5211 767 5253 a
792 5197 927 5254 vitiorum

83 5282 283 5356 inquietudine
298 5297 378 5340 mens
391 5299 456 5341 cum
472 5299 593 5342 suarum
610 5285 687 5354 prole
704 5285 844 5341 virtutum
862 5287 930 5342 inte-

82 5372 151 5429 riori
166 5376 300 5428 contenta
319 5372 479 5430 testimonio
496 5374 574 5429 intra
587 5372 767 5430 conscientie
783 5372 880 5430 abdita
900 5389 930 5431 se

70 5459 245 5522 abscondit:
260 5457 308 5515 cui
324 5459 396 5517 miro
414 5460 539 5518 conciuit
553 5459 638 5517 modo
652 5459 730 5531 quod
758 5461 848 5518 liaris
862 5475 930 5519 cum

978 4312 1055 4384 quod
1085 4311 1114 4366 iu
1138 4310 1246 4366 mundo
1273 4317 1316 4365 est
1343 4321 1481 4375 asserens,
1499 4314 1550 4363 aut
1565 4304 1826 4374 concupiscentiam

978 4393 1826 4467 carnis,autconcupiscentiamoculorum,autsuperbiam

980 4492 1046 4547 vitae
1058 4491 1083 4557 (Ι
1094 4491 1173 4544 loun.
1185 4502 1214 4553 rr,
1229 4489 1283 4556 to).

1015 4580 1101 4636 Vltus.
1128 4579 1173 4644 tt,
1198 4579 1243 4630 ιι.
1272 4605 1306 4615 -
1332 4575 1418 4628 Tellus
1439 4575 1527 4640 ipitur
1541 4577 1626 4626 lecum
1643 4586 1677 4624 ec
1703 4569 1827 4624 omnibus

979 4671 1046 4723 escis
1061 4681 1122 4738 quar
1140 4664 1238 4719 mundi
1262 4667 1385 4733 possunt,
1407 4666 1432 4716 et
1454 4660 1634 4730 comportabis
1658 4659 1734 4728 opnd
1754 4663 1790 4724 te,
1803 4664 1828 4712 et

979 4760 1059 4812 erunt
1077 4760 1133 4809 ium
1149 4753 1200 4807 tibi
1220 4767 1304 4820 qnam
1319 4752 1375 4804 illis
1396 4752 1426 4804 in
1441 4750 1540 4804 cibum.
1570 4751 1611 4803 lic
1625 4747 1748 4802 omnibns
1763 4748 1829 4800 escis

980 4858 1040 4914 qne
1068 4840 1164 4895 mundi
1187 4843 1301 4909 possunt
1324 4838 1402 4907 apud
1424 4851 1475 4892 nos
1504 4843 1729 4904 comportamus,
1761 4847 1828 4890 curn

982 4928 1168 4986 multitariam
1196 4927 1354 4996 multisque
1382 4925 1514 4981 ruodisa
1545 4922 1679 4978 Patribus
1704 4921 1781 4978 dicta
1801 4928 1829 4976 et

981 5019 1056 5074 lacta
1074 5017 1110 5073 ad
1134 5016 1298 5086 exemplum
1331 5015 1397 5071 vitae
1421 5013 1688 5080 institutionemque
1706 5008 1829 5066 conleri·

982 5120 1057 5175 mus,
1069 5104 1178 5176 quibus
1192 5119 1225 5161 ac
1243 5105 1265 5161 si
1278 5103 1385 5174 pabulo
1400 5117 1451 5158 nos
1467 5103 1608 5167 levemur,
1644 5107 1671 5154 et
1697 5098 1746 5153 illa
1764 5111 1830 5168 que

983 5208 1034 5252 nos
1063 5200 1168 5265 urgent
1196 5192 1347 5264 pravilatis
1379 5191 1524 5247 incentiva
1560 5187 1778 5257 compescimus,
1802 5194 1830 5241 et

983 5283 1044 5340 baec
1057 5282 1146 5339 veluti
1164 5281 1307 5352 pascimus
1329 5280 1399 5336 dum
1414 5279 1517 5335 borum
1533 5273 1710 5348 suggestioni
1731 5273 1832 5331 vitalia

983 5379 1148 5430 sanctorum
1172 5371 1249 5428 dicta
1273 5370 1383 5427 laetave
1423 5366 1617 5437 rependimus.
1652 5363 1728 5418 Fecit
1768 5378 1831 5430 erpo

983 5463 1038 5519 Noe
1051 5463 1143 5518 omnin
1157 5474 1217 5531 qnae
1224 5461 1389 5530 praeeperat
1400 5457 1445 5512 illi
1461 5456 1544 5511 Deru.
