<?xml version="1.0" encoding="UTF-8"?>
<!DOCTYPE html PUBLIC "-//W3C//DTD XHTML 1.0 Transitional//EN"
    "http://www.w3.org/TR/xhtml1/DTD/xhtml1-transitional.dtd">
<html xmlns="http://www.w3.org/1999/xhtml" xml:lang="en" lang="en">
 <head>
  <title>
</title>
<meta http-equiv="Content-Type" content="text/html;charset=utf-8" />
  <meta name='ocr-system' content='tesseract 3.04.00' />
  <meta name='ocr-capabilities' content='ocr_page ocr_carea ocr_par ocr_line ocrx_word'/>
</head>
<body>
  <div class='ocr_page' id='page_1' title='image "./patrologiaecurs05unkngoog_0022.png"; bbox 0 0 3818 6008; ppageno 0'>
   <div class='ocr_carea' id='block_1_1' title="bbox 565 202 1696 265">
    <p class='ocr_par' dir='ltr' id='par_1_1' title="bbox 565 202 1696 265">
     <span class='ocr_line' id='line_1_1' title="bbox 565 202 1696 265; baseline 0.004 -5"><span class='ocrx_word' id='word_1_1' title='bbox 565 203 751 262; x_wconf 72' lang='lat' dir='ltr'><strong>nonantula</strong></span> <span class='ocrx_word' id='word_1_2' title='bbox 771 203 805 260; x_wconf 83' lang='lat' dir='ltr'><strong>lrt</strong></span> <span class='ocrx_word' id='word_1_3' title='bbox 825 203 974 261; x_wconf 76' lang='lat' dir='ltr'><strong>GENESIN</strong></span> <span class='ocrx_word' id='word_1_4' title='bbox 994 203 1060 260; x_wconf 79' lang='lat' dir='ltr'><strong>tiit.</strong></span> <span class='ocrx_word' id='word_1_5' title='bbox 1080 202 1107 261; x_wconf 86' lang='lat' dir='ltr'><strong>i.</strong></span> <span class='ocrx_word' id='word_1_6' title='bbox 1661 211 1696 265; x_wconf 75' lang='lat'><strong>³4</strong></span> 
     </span>
    </p>
   </div>
   <div class='ocr_carea' id='block_1_2' title="bbox 55 337 1756 5526">
    <p class='ocr_par' dir='ltr' id='par_1_2' title="bbox 55 337 1695 678">
     <span class='ocr_line' id='line_1_2' title="bbox 56 337 1695 413; baseline 0.001 -14"><span class='ocrx_word' id='word_1_7' title='bbox 56 347 178 406; x_wconf 86' lang='lat' dir='ltr'><strong>emoto.</strong></span> <span class='ocrx_word' id='word_1_8' title='bbox 200 353 266 397; x_wconf 86' lang='lat' dir='ltr'><strong>eum</strong></span> <span class='ocrx_word' id='word_1_9' title='bbox 290 346 370 397; x_wconf 83' lang='grc' dir='ltr'><strong>ιεειε</strong></span> <span class='ocrx_word' id='word_1_10' title='bbox 393 338 497 396; x_wconf 88' lang='lat' dir='ltr'><strong>barum</strong></span> <span class='ocrx_word' id='word_1_11' title='bbox 520 337 646 394; x_wconf 88' lang='lat' dir='ltr'><strong>duarum</strong></span> <span class='ocrx_word' id='word_1_12' title='bbox 671 337 833 408; x_wconf 75' lang='lat' dir='ltr'><strong>partiumd</strong></span> <span class='ocrx_word' id='word_1_13' title='bbox 852 343 910 403; x_wconf 88' lang='lat' dir='ltr'><strong>tur,</strong></span> <span class='ocrx_word' id='word_1_14' title='bbox 936 350 1002 394; x_wconf 87' lang='lat' dir='ltr'><strong>cum</strong></span> <span class='ocrx_word' id='word_1_15' title='bbox 1022 337 1146 395; x_wconf 87' lang='lat' dir='ltr'><strong>duorum</strong></span> <span class='ocrx_word' id='word_1_16' title='bbox 1167 338 1287 396; x_wconf 89' lang='lat' dir='ltr'><strong>istorum</strong></span> <span class='ocrx_word' id='word_1_17' title='bbox 1312 339 1501 413; x_wconf 79' lang='lat' dir='ltr'><strong>intelligentia</strong></span> <span class='ocrx_word' id='word_1_18' title='bbox 1515 348 1542 399; x_wconf 92' lang='lat' dir='ltr'><strong>et</strong></span> <span class='ocrx_word' id='word_1_19' title='bbox 1565 341 1695 400; x_wconf 86' lang='lat' dir='ltr'><strong>ordinata</strong></span> 
     </span>
     <span class='ocr_line' id='line_1_3' title="bbox 55 425 1694 497; baseline 0.001 -10"><span class='ocrx_word' id='word_1_20' title='bbox 55 431 94 487; x_wconf 89' lang='lat' dir='ltr'><strong>lia</strong></span> <span class='ocrx_word' id='word_1_21' title='bbox 114 437 229 486; x_wconf 84' lang='lat' dir='ltr'><strong>creatus</strong></span> <span class='ocrx_word' id='word_1_22' title='bbox 248 435 299 496; x_wconf 96' lang='grc' dir='ltr'><strong>εει,</strong></span> <span class='ocrx_word' id='word_1_23' title='bbox 324 435 357 485; x_wconf 91' lang='grc' dir='ltr'><strong>ει</strong></span> <span class='ocrx_word' id='word_1_24' title='bbox 371 426 412 484; x_wconf 92' lang='lat' dir='ltr'><strong>nil</strong></span> <span class='ocrx_word' id='word_1_25' title='bbox 429 428 637 497; x_wconf 87' lang='lat' dir='ltr'><strong>inseprorsue</strong></span> <span class='ocrx_word' id='word_1_26' title='bbox 659 425 794 483; x_wconf 77' lang='lat' dir='ltr'><strong>molestia</strong></span> <span class='ocrx_word' id='word_1_27' title='bbox 848 426 1007 483; x_wconf 88' lang='lat' dir='ltr'><strong>secundum</strong></span> <span class='ocrx_word' id='word_1_28' title='bbox 1036 427 1178 497; x_wconf 76' lang='lat' dir='ltr'><strong>iustitiam</strong></span> <span class='ocrx_word' id='word_1_29' title='bbox 1212 426 1374 485; x_wconf 88' lang='lat' dir='ltr'><strong>dillerentia</strong></span> <span class='ocrx_word' id='word_1_30' title='bbox 1409 429 1437 485; x_wconf 93' lang='lat' dir='ltr'><strong>in</strong></span> <span class='ocrx_word' id='word_1_31' title='bbox 1470 429 1566 486; x_wconf 92' lang='lat' dir='ltr'><strong>animo</strong></span> <span class='ocrx_word' id='word_1_32' title='bbox 1597 430 1694 489; x_wconf 89' lang='lat' dir='ltr'><strong>haberi</strong></span> 
     </span>
     <span class='ocr_line' id='line_1_4' title="bbox 56 513 1695 590; baseline -0.001 -13"><span class='ocrx_word' id='word_1_33' title='bbox 56 533 99 586; x_wconf 90' lang='lat' dir='ltr'><strong>ur,</strong></span> <span class='ocrx_word' id='word_1_34' title='bbox 123 519 214 575; x_wconf 91' lang='lat' dir='ltr'><strong>donec</strong></span> <span class='ocrx_word' id='word_1_35' title='bbox 235 518 367 573; x_wconf 92' lang='lat' dir='ltr'><strong>divinum</strong></span> <span class='ocrx_word' id='word_1_36' title='bbox 401 515 565 586; x_wconf 86' lang='lat' dir='ltr'><strong>imperium,</strong></span> <span class='ocrx_word' id='word_1_37' title='bbox 590 514 715 584; x_wconf 77' lang='lat' dir='ltr'><strong>serpenti</strong></span> <span class='ocrx_word' id='word_1_38' title='bbox 739 513 794 570; x_wconf 92' lang='lat' dir='ltr'><strong>ob-</strong></span> <span class='ocrx_word' id='word_1_39' title='bbox 848 513 958 584; x_wconf 85' lang='lat' dir='ltr'><strong>incipit.</strong></span> <span class='ocrx_word' id='word_1_40' title='bbox 974 513 1027 571; x_wconf 85' lang='lat' dir='ltr'><strong>Sed</strong></span> <span class='ocrx_word' id='word_1_41' title='bbox 1042 515 1132 585; x_wconf 84' lang='lat' dir='ltr'><strong>ipsam</strong></span> <span class='ocrx_word' id='word_1_42' title='bbox 1149 524 1253 573; x_wconf 90' lang='lat' dir='ltr'><strong>terram</strong></span> <span class='ocrx_word' id='word_1_43' title='bbox 1269 517 1396 588; x_wconf 77' lang='lat' dir='ltr'><strong>qualiter</strong></span> <span class='ocrx_word' id='word_1_44' title='bbox 1408 518 1531 589; x_wconf 83' lang='lat' dir='ltr'><strong>explicet</strong></span> <span class='ocrx_word' id='word_1_45' title='bbox 1545 522 1695 590; x_wconf 83' lang='lat' dir='ltr'><strong>sequentia</strong></span> 
     </span>
     <span class='ocr_line' id='line_1_5' title="bbox 56 602 1007 678; baseline -0.006 -14"><span class='ocrx_word' id='word_1_46' title='bbox 56 622 114 675; x_wconf 90' lang='lat' dir='ltr'><strong>ans,</strong></span> <span class='ocrx_word' id='word_1_47' title='bbox 132 606 406 678; x_wconf 89' lang='lat' dir='ltr'><strong>transgrederetur:</strong></span> <span class='ocrx_word' id='word_1_48' title='bbox 422 611 579 675; x_wconf 86' lang='lat' dir='ltr'><strong>quopacto</strong></span> <span class='ocrx_word' id='word_1_49' title='bbox 597 603 672 659; x_wconf 86' lang='lat' dir='ltr'><strong>iliico</strong></span> <span class='ocrx_word' id='word_1_50' title='bbox 683 609 794 659; x_wconf 89' lang='lat' dir='ltr'><strong>contra-</strong></span> <span class='ocrx_word' id='word_1_51' title='bbox 847 602 1007 660; x_wconf 85' lang='lat' dir='ltr'><strong>videamus.</strong></span> 
     </span>
    </p>

    <p class='ocr_par' dir='ltr' id='par_1_3' title="bbox 55 690 1756 3761">
     <span class='ocr_line' id='line_1_6' title="bbox 56 690 1694 762; baseline 0.001 -10"><span class='ocrx_word' id='word_1_52' title='bbox 56 695 181 753; x_wconf 92' lang='lat' dir='ltr'><strong>dominio</strong></span> <span class='ocrx_word' id='word_1_53' title='bbox 207 695 310 751; x_wconf 90' lang='lat' dir='ltr'><strong>mentis</strong></span> <span class='ocrx_word' id='word_1_54' title='bbox 340 694 428 750; x_wconf 88' lang='lat' dir='ltr'><strong>sensit</strong></span> <span class='ocrx_word' id='word_1_55' title='bbox 454 706 580 749; x_wconf 87' lang='lat' dir='ltr'><strong>carnem.</strong></span> <span class='ocrx_word' id='word_1_56' title='bbox 619 692 656 748; x_wconf 81' lang='grc' dir='ltr'><strong>ιιι</strong></span> <span class='ocrx_word' id='word_1_57' title='bbox 681 690 793 762; x_wconf 84' lang='lat' dir='ltr'><strong>justum</strong></span> <span class='ocrx_word' id='word_1_58' title='bbox 884 691 968 749; x_wconf 87' lang='lat' dir='ltr'><strong>Vnns.</strong></span> <span class='ocrx_word' id='word_1_59' title='bbox 984 695 1011 747; x_wconf 81' lang='lat'><strong>2.</strong></span> <span class='ocrx_word' id='word_1_60' title='bbox 1028 721 1062 733; x_wconf 90' lang='lat'>-</span> <span class='ocrx_word' id='word_1_61' title='bbox 1086 694 1170 748; x_wconf 79' lang='lat' dir='ltr'><strong>Terra</strong></span> <span class='ocrx_word' id='word_1_62' title='bbox 1184 698 1274 748; x_wconf 83' lang='lat' dir='ltr'><strong>cutem</strong></span> <span class='ocrx_word' id='word_1_63' title='bbox 1287 698 1347 749; x_wconf 83' lang='lat' dir='ltr'><strong>erat</strong></span> <span class='ocrx_word' id='word_1_64' title='bbox 1361 697 1453 749; x_wconf 82' lang='lat' dir='ltr'><strong>inanis</strong></span> <span class='ocrx_word' id='word_1_65' title='bbox 1467 699 1494 750; x_wconf 84' lang='grc' dir='ltr'><strong>ει</strong></span> <span class='ocrx_word' id='word_1_66' title='bbox 1514 711 1610 752; x_wconf 84' lang='lat' dir='ltr'><strong>uacuo.</strong></span> <span class='ocrx_word' id='word_1_67' title='bbox 1626 697 1694 753; x_wconf 83' lang='lat' dir='ltr'><strong>&#39;ler-</strong></span> 
     </span>
     <span class='ocr_line' id='line_1_7' title="bbox 56 779 1696 853; baseline 0 -13"><span class='ocrx_word' id='word_1_68' title='bbox 56 783 144 851; x_wconf 87' lang='grc' dir='ltr'><strong>ιιειι,</strong></span> <span class='ocrx_word' id='word_1_69' title='bbox 161 790 194 840; x_wconf 90' lang='grc' dir='ltr'><strong>ει</strong></span> <span class='ocrx_word' id='word_1_70' title='bbox 214 781 346 853; x_wconf 90' lang='lat' dir='ltr'><strong>quandiu</strong></span> <span class='ocrx_word' id='word_1_71' title='bbox 363 783 422 852; x_wconf 91' lang='lat' dir='ltr'><strong>ipse</strong></span> <span class='ocrx_word' id='word_1_72' title='bbox 443 782 498 838; x_wconf 88' lang='lat' dir='ltr'><strong>[leo</strong></span> <span class='ocrx_word' id='word_1_73' title='bbox 513 780 679 836; x_wconf 80' lang='lat' dir='ltr'><strong>obedienter</strong></span> <span class='ocrx_word' id='word_1_74' title='bbox 697 779 794 850; x_wconf 83' lang='lat' dir='ltr'><strong>subji—</strong></span> <span class='ocrx_word' id='word_1_75' title='bbox 846 794 919 849; x_wconf 88' lang='lat' dir='ltr'><strong>ram‚</strong></span> <span class='ocrx_word' id='word_1_76' title='bbox 939 787 971 838; x_wconf 90' lang='grc' dir='ltr'><strong>ει</strong></span> <span class='ocrx_word' id='word_1_77' title='bbox 988 780 1059 848; x_wconf 82' lang='lat' dir='ltr'><strong>dlxi,</strong></span> <span class='ocrx_word' id='word_1_78' title='bbox 1076 781 1121 837; x_wconf 89' lang='lat' dir='ltr'><strong>vel</strong></span> <span class='ocrx_word' id='word_1_79' title='bbox 1140 795 1247 852; x_wconf 88' lang='lat' dir='ltr'><strong>eorpus</strong></span> <span class='ocrx_word' id='word_1_80' title='bbox 1260 791 1401 851; x_wconf 90' lang='lat' dir='ltr'><strong>nostrum,</strong></span> <span class='ocrx_word' id='word_1_81' title='bbox 1426 797 1477 840; x_wconf 89' lang='grc' dir='ltr'><strong>εεε</strong></span> <span class='ocrx_word' id='word_1_82' title='bbox 1494 783 1629 842; x_wconf 83' lang='lat' dir='ltr'><strong>allectum</strong></span> <span class='ocrx_word' id='word_1_83' title='bbox 1648 791 1696 841; x_wconf 84' lang='grc' dir='ltr'><strong>Ιι)</strong></span> 
     </span>
     <span class='ocr_line' id='line_1_8' title="bbox 56 868 1695 942; baseline 0.001 -13"><span class='ocrx_word' id='word_1_84' title='bbox 56 891 67 941; x_wconf 52' lang='lat'><strong>¹,</strong></span> <span class='ocrx_word' id='word_1_85' title='bbox 84 872 195 929; x_wconf 89' lang='lat' dir='ltr'><strong>nullam</strong></span> <span class='ocrx_word' id='word_1_86' title='bbox 216 870 439 942; x_wconf 78' lang='lat' dir='ltr'><strong>repugnantiam</strong></span> <span class='ocrx_word' id='word_1_87' title='bbox 455 868 794 938; x_wconf 86' lang='lat' dir='ltr'><strong>suiadversussepate-</strong></span> <span class='ocrx_word' id='word_1_88' title='bbox 846 869 992 926; x_wconf 86' lang='lat' dir='ltr'><strong>carnalem</strong></span> <span class='ocrx_word' id='word_1_89' title='bbox 1024 870 1160 927; x_wconf 87' lang='lat' dir='ltr'><strong>debemus</strong></span> <span class='ocrx_word' id='word_1_90' title='bbox 1193 870 1257 926; x_wconf 89' lang='lat' dir='ltr'><strong>istie</strong></span> <span class='ocrx_word' id='word_1_91' title='bbox 1287 871 1423 941; x_wconf 87' lang='lat' dir='ltr'><strong>accipere.</strong></span> <span class='ocrx_word' id='word_1_92' title='bbox 1459 871 1591 928; x_wconf 79' lang='lat' dir='ltr'><strong>carnalis</strong></span> <span class='ocrx_word' id='word_1_93' title='bbox 1626 888 1695 931; x_wconf 89' lang='lat' dir='ltr'><strong>vero</strong></span> 
     </span>
     <span class='ocr_line' id='line_1_9' title="bbox 56 949 1694 1030; baseline 0.001 -14"><span class='ocrx_word' id='word_1_94' title='bbox 56 973 107 1016; x_wconf 88' lang='lat' dir='ltr'><strong>nee</strong></span> <span class='ocrx_word' id='word_1_95' title='bbox 129 958 352 1028; x_wconf 80' lang='lat' dir='ltr'><strong>minusjustum</strong></span> <span class='ocrx_word' id='word_1_96' title='bbox 369 958 511 1028; x_wconf 89' lang='lat' dir='ltr'><strong>luitquod</strong></span> <span class='ocrx_word' id='word_1_97' title='bbox 526 971 593 1013; x_wconf 88' lang='lat' dir='ltr'><strong>curn</strong></span> <span class='ocrx_word' id='word_1_98' title='bbox 608 957 667 1013; x_wconf 85' lang='lat' dir='ltr'><strong>Deo</strong></span> <span class='ocrx_word' id='word_1_99' title='bbox 689 949 793 1026; x_wconf 82' lang='lat' dir='ltr'><strong>subjici</strong></span> <span class='ocrx_word' id='word_1_100' title='bbox 846 956 966 1013; x_wconf 87' lang='lat' dir='ltr'><strong>allectus</strong></span> <span class='ocrx_word' id='word_1_101' title='bbox 981 957 1075 1014; x_wconf 88' lang='lat' dir='ltr'><strong>inanis</strong></span> <span class='ocrx_word' id='word_1_102' title='bbox 1092 971 1159 1015; x_wconf 95' lang='lat' dir='ltr'><strong>vere</strong></span> <span class='ocrx_word' id='word_1_103' title='bbox 1172 958 1287 1024; x_wconf 82' lang='lat' dir='ltr'><strong>dieitur,</strong></span> <span class='ocrx_word' id='word_1_104' title='bbox 1310 960 1380 1030; x_wconf 91' lang='lat' dir='ltr'><strong>qnia</strong></span> <span class='ocrx_word' id='word_1_105' title='bbox 1395 959 1466 1016; x_wconf 91' lang='lat' dir='ltr'><strong>nibil</strong></span> <span class='ocrx_word' id='word_1_106' title='bbox 1483 959 1617 1030; x_wconf 90' lang='lat' dir='ltr'><strong>solidum,</strong></span> <span class='ocrx_word' id='word_1_107' title='bbox 1633 970 1694 1018; x_wconf 89' lang='lat' dir='ltr'><strong>sta·</strong></span> 
     </span>
     <span class='ocr_line' id='line_1_10' title="bbox 66 1045 1693 1121; baseline 0.001 -17"><span class='ocrx_word' id='word_1_108' title='bbox 66 1061 120 1104; x_wconf 89' lang='lat' dir='ltr'><strong>nec</strong></span> <span class='ocrx_word' id='word_1_109' title='bbox 135 1049 260 1118; x_wconf 87' lang='lat' dir='ltr'><strong>seipsum</strong></span> <span class='ocrx_word' id='word_1_110' title='bbox 283 1048 339 1104; x_wconf 91' lang='lat' dir='ltr'><strong>sub</strong></span> <span class='ocrx_word' id='word_1_111' title='bbox 354 1061 407 1102; x_wconf 90' lang='lat' dir='ltr'><strong>suo</strong></span> <span class='ocrx_word' id='word_1_112' title='bbox 419 1047 485 1116; x_wconf 77' lang='lat' dir='ltr'><strong>lure</strong></span> <span class='ocrx_word' id='word_1_113' title='bbox 509 1045 636 1102; x_wconf 89' lang='lat' dir='ltr'><strong>baberet.</strong></span> <span class='ocrx_word' id='word_1_114' title='bbox 662 1045 743 1102; x_wconf 88' lang='lat' dir='ltr'><strong>Unde</strong></span> <span class='ocrx_word' id='word_1_115' title='bbox 765 1052 794 1101; x_wconf 92' lang='grc' dir='ltr'><strong>ει</strong></span> <span class='ocrx_word' id='word_1_116' title='bbox 847 1045 912 1112; x_wconf 89' lang='grc' dir='ltr'><strong>ιιιιε,</strong></span> <span class='ocrx_word' id='word_1_117' title='bbox 928 1046 973 1102; x_wconf 91' lang='lat' dir='ltr'><strong>vel</strong></span> <span class='ocrx_word' id='word_1_118' title='bbox 998 1053 1143 1113; x_wconf 91' lang='lat' dir='ltr'><strong>constans,</strong></span> <span class='ocrx_word' id='word_1_119' title='bbox 1171 1055 1313 1116; x_wconf 86' lang='lat' dir='ltr'><strong>quantum</strong></span> <span class='ocrx_word' id='word_1_120' title='bbox 1338 1047 1375 1103; x_wconf 88' lang='lat' dir='ltr'><strong>ad</strong></span> <span class='ocrx_word' id='word_1_121' title='bbox 1397 1060 1428 1104; x_wconf 88' lang='lat' dir='ltr'><strong>se</strong></span> <span class='ocrx_word' id='word_1_122' title='bbox 1442 1048 1574 1117; x_wconf 86' lang='lat' dir='ltr'><strong>pertinet,</strong></span> <span class='ocrx_word' id='word_1_123' title='bbox 1592 1049 1693 1121; x_wconf 82' lang='lat' dir='ltr'><strong>babet3</strong></span> 
     </span>
     <span class='ocr_line' id='line_1_11' title="bbox 56 1133 1694 1208; baseline 0.002 -17"><span class='ocrx_word' id='word_1_124' title='bbox 56 1152 60 1191; x_wconf 82' lang='lat' dir='ltr'><strong>t</strong></span> <span class='ocrx_word' id='word_1_125' title='bbox 80 1136 169 1193; x_wconf 89' lang='lat' dir='ltr'><strong>vetito</strong></span> <span class='ocrx_word' id='word_1_126' title='bbox 188 1135 386 1203; x_wconf 79' lang='lat' dir='ltr'><strong>comedissent,</strong></span> <span class='ocrx_word' id='word_1_127' title='bbox 405 1134 490 1190; x_wconf 88' lang='lat' dir='ltr'><strong>ambo</strong></span> <span class='ocrx_word' id='word_1_128' title='bbox 509 1134 565 1191; x_wconf 89' lang='lat' dir='ltr'><strong>sibl</strong></span> <span class='ocrx_word' id='word_1_129' title='bbox 584 1133 723 1189; x_wconf 88' lang='lat' dir='ltr'><strong>dicuntur</strong></span> <span class='ocrx_word' id='word_1_130' title='bbox 741 1146 793 1204; x_wconf 89' lang='lat' dir='ltr'><strong>pe-</strong></span> <span class='ocrx_word' id='word_1_131' title='bbox 846 1134 905 1202; x_wconf 90' lang='lat' dir='ltr'><strong>sed,</strong></span> <span class='ocrx_word' id='word_1_132' title='bbox 922 1134 996 1190; x_wconf 89' lang='lat' dir='ltr'><strong>sicut</strong></span> <span class='ocrx_word' id='word_1_133' title='bbox 1015 1148 1083 1191; x_wconf 88' lang='lat' dir='ltr'><strong>caro</strong></span> <span class='ocrx_word' id='word_1_134' title='bbox 1101 1134 1256 1190; x_wconf 82' lang='lat' dir='ltr'><strong>subtractis</strong></span> <span class='ocrx_word' id='word_1_135' title='bbox 1279 1134 1393 1192; x_wconf 90' lang='lat' dir='ltr'><strong>ossibus</strong></span> <span class='ocrx_word' id='word_1_136' title='bbox 1412 1143 1470 1192; x_wconf 91' lang='lat' dir='ltr'><strong>tota</strong></span> <span class='ocrx_word' id='word_1_137' title='bbox 1488 1136 1622 1203; x_wconf 86' lang='lat' dir='ltr'><strong>concidit,</strong></span> <span class='ocrx_word' id='word_1_138' title='bbox 1645 1152 1694 1208; x_wconf 93' lang='lat' dir='ltr'><strong>per</strong></span> 
     </span>
     <span class='ocr_line' id='line_1_12' title="bbox 56 1218 1695 1293; baseline 0.002 -14"><span class='ocrx_word' id='word_1_139' title='bbox 56 1223 218 1292; x_wconf 84' lang='lat' dir='ltr'><strong>ta(Gen1u‚</strong></span> <span class='ocrx_word' id='word_1_140' title='bbox 235 1226 274 1290; x_wconf 82' lang='lat'><strong>7),</strong></span> <span class='ocrx_word' id='word_1_141' title='bbox 291 1220 375 1277; x_wconf 90' lang='lat' dir='ltr'><strong>idest</strong></span> <span class='ocrx_word' id='word_1_142' title='bbox 391 1218 641 1276; x_wconf 86' lang='lat' dir='ltr'><strong>circumcinctoria</strong></span> <span class='ocrx_word' id='word_1_143' title='bbox 657 1219 791 1287; x_wconf 84' lang='lat' dir='ltr'><strong>texuisse,</strong></span> <span class='ocrx_word' id='word_1_144' title='bbox 845 1235 875 1279; x_wconf 88' lang='lat' dir='ltr'><strong>sc</strong></span> <span class='ocrx_word' id='word_1_145' title='bbox 891 1229 967 1278; x_wconf 88' lang='lat' dir='ltr'><strong>stare</strong></span> <span class='ocrx_word' id='word_1_146' title='bbox 983 1236 1041 1279; x_wconf 93' lang='lat' dir='ltr'><strong>non</strong></span> <span class='ocrx_word' id='word_1_147' title='bbox 1059 1222 1168 1291; x_wconf 88' lang='lat' dir='ltr'><strong>valens,</strong></span> <span class='ocrx_word' id='word_1_148' title='bbox 1190 1223 1230 1278; x_wconf 89' lang='lat' dir='ltr'><strong>ita</strong></span> <span class='ocrx_word' id='word_1_149' title='bbox 1249 1235 1317 1293; x_wconf 93' lang='lat' dir='ltr'><strong>pars</strong></span> <span class='ocrx_word' id='word_1_150' title='bbox 1334 1224 1423 1279; x_wconf 89' lang='lat' dir='ltr'><strong>nostri</strong></span> <span class='ocrx_word' id='word_1_151' title='bbox 1439 1223 1565 1292; x_wconf 88' lang='lat' dir='ltr'><strong>interior,</strong></span> <span class='ocrx_word' id='word_1_152' title='bbox 1588 1225 1695 1283; x_wconf 89' lang='lat' dir='ltr'><strong>scilicet</strong></span> 
     </span>
     <span class='ocr_line' id='line_1_13' title="bbox 60 1306 1696 1384; baseline 0.004 -18"><span class='ocrx_word' id='word_1_153' title='bbox 60 1311 171 1367; x_wconf 91' lang='lat' dir='ltr'><strong>idelicet</strong></span> <span class='ocrx_word' id='word_1_154' title='bbox 198 1310 238 1376; x_wconf 88' lang='grc' dir='ltr'><strong>ιιι,</strong></span> <span class='ocrx_word' id='word_1_155' title='bbox 275 1309 326 1381; x_wconf 91' lang='lat' dir='ltr'><strong>qui</strong></span> <span class='ocrx_word' id='word_1_156' title='bbox 353 1308 435 1379; x_wconf 89' lang='lat' dir='ltr'><strong>prius</strong></span> <span class='ocrx_word' id='word_1_157' title='bbox 464 1307 535 1364; x_wconf 89' lang='lat' dir='ltr'><strong>nibil</strong></span> <span class='ocrx_word' id='word_1_158' title='bbox 565 1306 792 1378; x_wconf 88' lang='lat' dir='ltr'><strong>concupiscendo</strong></span> <span class='ocrx_word' id='word_1_159' title='bbox 845 1310 1019 1377; x_wconf 87' lang='lat' dir='ltr'><strong>animalitas,</strong></span> <span class='ocrx_word' id='word_1_160' title='bbox 1039 1311 1094 1366; x_wconf 91' lang='lat' dir='ltr'><strong>nisi</strong></span> <span class='ocrx_word' id='word_1_161' title='bbox 1117 1310 1190 1367; x_wconf 91' lang='lat' dir='ltr'><strong>adsit</strong></span> <span class='ocrx_word' id='word_1_162' title='bbox 1210 1310 1282 1367; x_wconf 91' lang='lat' dir='ltr'><strong>ratio</strong></span> <span class='ocrx_word' id='word_1_163' title='bbox 1301 1325 1368 1382; x_wconf 76' lang='lat' dir='ltr'><strong>quae</strong></span> <span class='ocrx_word' id='word_1_164' title='bbox 1383 1319 1473 1382; x_wconf 84' lang='lat' dir='ltr'><strong>regat,</strong></span> <span class='ocrx_word' id='word_1_165' title='bbox 1491 1313 1531 1368; x_wconf 93' lang='lat' dir='ltr'><strong>nil</strong></span> <span class='ocrx_word' id='word_1_166' title='bbox 1556 1314 1696 1384; x_wconf 89' lang='lat' dir='ltr'><strong>pondero·</strong></span> 
     </span>
     <span class='ocr_line' id='line_1_14' title="bbox 56 1394 1694 1470; baseline 0.002 -15"><span class='ocrx_word' id='word_1_167' title='bbox 56 1407 85 1468; x_wconf 88' lang='lat' dir='ltr'><strong>rt,</strong></span> <span class='ocrx_word' id='word_1_168' title='bbox 112 1401 173 1470; x_wconf 83' lang='lat' dir='ltr'><strong>jam</strong></span> <span class='ocrx_word' id='word_1_169' title='bbox 200 1412 285 1469; x_wconf 83' lang='lat' dir='ltr'><strong>aequo</strong></span> <span class='ocrx_word' id='word_1_170' title='bbox 307 1397 419 1469; x_wconf 86' lang='lat' dir='ltr'><strong>judicio</strong></span> <span class='ocrx_word' id='word_1_171' title='bbox 446 1397 570 1467; x_wconf 87' lang='lat' dir='ltr'><strong>turpiter</strong></span> <span class='ocrx_word' id='word_1_172' title='bbox 595 1396 738 1452; x_wconf 88' lang='lat' dir='ltr'><strong>stimulari</strong></span> <span class='ocrx_word' id='word_1_173' title='bbox 762 1394 792 1452; x_wconf 93' lang='lat' dir='ltr'><strong>in</strong></span> <span class='ocrx_word' id='word_1_174' title='bbox 845 1413 920 1467; x_wconf 91' lang='lat' dir='ltr'><strong>sum,</strong></span> <span class='ocrx_word' id='word_1_175' title='bbox 936 1399 976 1455; x_wconf 91' lang='lat' dir='ltr'><strong>nil</strong></span> <span class='ocrx_word' id='word_1_176' title='bbox 991 1399 1071 1466; x_wconf 90' lang='lat' dir='ltr'><strong>utile,</strong></span> <span class='ocrx_word' id='word_1_177' title='bbox 1087 1399 1137 1455; x_wconf 90' lang='lat' dir='ltr'><strong>sed</strong></span> <span class='ocrx_word' id='word_1_178' title='bbox 1153 1406 1245 1456; x_wconf 91' lang='lat' dir='ltr'><strong>toturn</strong></span> <span class='ocrx_word' id='word_1_179' title='bbox 1261 1412 1382 1466; x_wconf 88' lang='lat' dir='ltr'><strong>vanum,</strong></span> <span class='ocrx_word' id='word_1_180' title='bbox 1400 1406 1484 1470; x_wconf 89' lang='lat' dir='ltr'><strong>turpe</strong></span> <span class='ocrx_word' id='word_1_181' title='bbox 1498 1406 1526 1457; x_wconf 92' lang='lat' dir='ltr'><strong>et</strong></span> <span class='ocrx_word' id='word_1_182' title='bbox 1541 1401 1694 1459; x_wconf 87' lang='lat' dir='ltr'><strong>incommo</strong></span> 
     </span>
     <span class='ocr_line' id='line_1_15' title="bbox 56 1486 1694 1559; baseline 0.001 -16"><span class='ocrx_word' id='word_1_183' title='bbox 56 1502 115 1543; x_wconf 89' lang='lat' dir='ltr'><strong>rum</strong></span> <span class='ocrx_word' id='word_1_184' title='bbox 131 1488 302 1543; x_wconf 85' lang='lat' dir='ltr'><strong>sentiebant.</strong></span> <span class='ocrx_word' id='word_1_185' title='bbox 845 1487 915 1543; x_wconf 92' lang='lat' dir='ltr'><strong>dum</strong></span> <span class='ocrx_word' id='word_1_186' title='bbox 931 1500 1016 1558; x_wconf 87' lang='lat' dir='ltr'><strong>agere</strong></span> <span class='ocrx_word' id='word_1_187' title='bbox 1031 1487 1121 1543; x_wconf 89' lang='lat' dir='ltr'><strong>novit.</strong></span> <span class='ocrx_word' id='word_1_188' title='bbox 1136 1491 1212 1552; x_wconf 71' lang='lat' dir='ltr'><strong>&#39;Quae</strong></span> <span class='ocrx_word' id='word_1_189' title='bbox 1228 1486 1352 1543; x_wconf 90' lang='lat' dir='ltr'><strong>inanitas</strong></span> <span class='ocrx_word' id='word_1_190' title='bbox 1367 1490 1512 1559; x_wconf 86' lang='lat' dir='ltr'><strong>praecipue</strong></span> <span class='ocrx_word' id='word_1_191' title='bbox 1526 1489 1562 1545; x_wconf 92' lang='lat' dir='ltr'><strong>ad</strong></span> <span class='ocrx_word' id='word_1_192' title='bbox 1576 1490 1694 1546; x_wconf 90' lang='lat' dir='ltr'><strong>interio-</strong></span> 
     </span>
     <span class='ocr_line' id='line_1_16' title="bbox 56 1573 1695 1648; baseline 0 -15"><span class='ocrx_word' id='word_1_193' title='bbox 56 1591 109 1633; x_wconf 83' lang='lat' dir='ltr'><strong>nnc</strong></span> <span class='ocrx_word' id='word_1_194' title='bbox 122 1591 193 1648; x_wconf 82' lang='lat' dir='ltr'><strong>ergo</strong></span> <span class='ocrx_word' id='word_1_195' title='bbox 209 1577 237 1631; x_wconf 89' lang='lat' dir='ltr'><strong>in</strong></span> <span class='ocrx_word' id='word_1_196' title='bbox 252 1573 792 1645; x_wconf 83' lang='lat' dir='ltr'><strong>uobismneupiscentialisinobedien·</strong></span> <span class='ocrx_word' id='word_1_197' title='bbox 846 1587 906 1630; x_wconf 91' lang='lat' dir='ltr'><strong>rem</strong></span> <span class='ocrx_word' id='word_1_198' title='bbox 928 1575 1049 1645; x_wconf 87' lang='lat' dir='ltr'><strong>pertinet</strong></span> <span class='ocrx_word' id='word_1_199' title='bbox 1075 1575 1229 1642; x_wconf 84' lang='lat' dir='ltr'><strong>bominem,</strong></span> <span class='ocrx_word' id='word_1_200' title='bbox 1253 1575 1289 1631; x_wconf 87' lang='lat' dir='ltr'><strong>ad</strong></span> <span class='ocrx_word' id='word_1_201' title='bbox 1311 1575 1459 1631; x_wconf 86' lang='lat' dir='ltr'><strong>deterioris</strong></span> <span class='ocrx_word' id='word_1_202' title='bbox 1482 1575 1612 1632; x_wconf 88' lang='lat' dir='ltr'><strong>videlicet</strong></span> <span class='ocrx_word' id='word_1_203' title='bbox 1630 1576 1695 1633; x_wconf 85' lang='lat' dir='ltr'><strong>alle</strong></span> 
     </span>
     <span class='ocr_line' id='line_1_17' title="bbox 56 1643 1696 1736; baseline -0.001 -14"><span class='ocrx_word' id='word_1_204' title='bbox 56 1673 114 1729; x_wconf 85' lang='lat' dir='ltr'><strong>nat,</strong></span> <span class='ocrx_word' id='word_1_205' title='bbox 133 1680 199 1736; x_wconf 83' lang='lat' dir='ltr'><strong>quae</strong></span> <span class='ocrx_word' id='word_1_206' title='bbox 213 1665 299 1721; x_wconf 91' lang='lat' dir='ltr'><strong>etiam</strong></span> <span class='ocrx_word' id='word_1_207' title='bbox 319 1664 446 1720; x_wconf 89' lang='lat' dir='ltr'><strong>nolentes</strong></span> <span class='ocrx_word' id='word_1_208' title='bbox 466 1663 502 1718; x_wconf 89' lang='lat' dir='ltr'><strong>ad</strong></span> <span class='ocrx_word' id='word_1_209' title='bbox 523 1669 617 1718; x_wconf 91' lang='lat' dir='ltr'><strong>motus</strong></span> <span class='ocrx_word' id='word_1_210' title='bbox 636 1676 687 1717; x_wconf 90' lang='lat' dir='ltr'><strong>nos</strong></span> <span class='ocrx_word' id='word_1_211' title='bbox 706 1661 790 1717; x_wconf 90' lang='lat' dir='ltr'><strong>inde·</strong></span> <span class='ocrx_word' id='word_1_212' title='bbox 806 1643 825 1696; x_wconf 78' lang='grc' dir='ltr'><strong>Β</strong></span> <span class='ocrx_word' id='word_1_213' title='bbox 844 1671 908 1719; x_wconf 88' lang='grc' dir='ltr'><strong>ειεε</strong></span> <span class='ocrx_word' id='word_1_214' title='bbox 933 1663 1022 1733; x_wconf 91' lang='lat' dir='ltr'><strong>ipsius</strong></span> <span class='ocrx_word' id='word_1_215' title='bbox 1038 1671 1157 1733; x_wconf 90' lang='lat' dir='ltr'><strong>partem,</strong></span> <span class='ocrx_word' id='word_1_216' title='bbox 1179 1678 1246 1720; x_wconf 90' lang='lat' dir='ltr'><strong>cum</strong></span> <span class='ocrx_word' id='word_1_217' title='bbox 1268 1663 1352 1735; x_wconf 88' lang='lat' dir='ltr'><strong>longe</strong></span> <span class='ocrx_word' id='word_1_218' title='bbox 1372 1664 1462 1721; x_wconf 85' lang='lat' dir='ltr'><strong>aileu</strong></span> <span class='ocrx_word' id='word_1_219' title='bbox 1478 1664 1612 1735; x_wconf 88' lang='lat' dir='ltr'><strong>cogitatio</strong></span> <span class='ocrx_word' id='word_1_220' title='bbox 1632 1665 1696 1736; x_wconf 89' lang='lat' dir='ltr'><strong>ejus</strong></span> 
     </span>
     <span class='ocr_line' id='line_1_18' title="bbox 56 1747 1695 1823; baseline -0.001 -13"><span class='ocrx_word' id='word_1_221' title='bbox 56 1755 147 1810; x_wconf 75' lang='lat' dir='ltr'><strong>evitat.</strong></span> <span class='ocrx_word' id='word_1_222' title='bbox 168 1753 262 1809; x_wconf 87' lang='lat' dir='ltr'><strong>initis</strong></span> <span class='ocrx_word' id='word_1_223' title='bbox 278 1751 536 1823; x_wconf 88' lang='lat' dir='ltr'><strong>igiturqulcbeos</strong></span> <span class='ocrx_word' id='word_1_224' title='bbox 551 1749 688 1807; x_wconf 88' lang='lat' dir='ltr'><strong>vitiorum</strong></span> <span class='ocrx_word' id='word_1_225' title='bbox 707 1747 790 1805; x_wconf 89' lang='lat' dir='ltr'><strong>devi-</strong></span> <span class='ocrx_word' id='word_1_226' title='bbox 845 1758 872 1807; x_wconf 91' lang='lat' dir='ltr'><strong>et</strong></span> <span class='ocrx_word' id='word_1_227' title='bbox 894 1766 965 1807; x_wconf 83' lang='lat' dir='ltr'><strong>cura</strong></span> <span class='ocrx_word' id='word_1_228' title='bbox 989 1760 1132 1818; x_wconf 87' lang='lat' dir='ltr'><strong>versatur,</strong></span> <span class='ocrx_word' id='word_1_229' title='bbox 1158 1760 1185 1808; x_wconf 90' lang='grc' dir='ltr'><strong>ει</strong></span> <span class='ocrx_word' id='word_1_230' title='bbox 1212 1759 1263 1808; x_wconf 83' lang='grc' dir='ltr'><strong>εει</strong></span> <span class='ocrx_word' id='word_1_231' title='bbox 1282 1752 1406 1808; x_wconf 88' lang='grc' dir='ltr'><strong>οιιεεειε</strong></span> <span class='ocrx_word' id='word_1_232' title='bbox 1431 1765 1549 1822; x_wconf 91' lang='lat' dir='ltr'><strong>prorsus</strong></span> <span class='ocrx_word' id='word_1_233' title='bbox 1570 1760 1621 1816; x_wconf 88' lang='lat' dir='ltr'><strong>est,</strong></span> <span class='ocrx_word' id='word_1_234' title='bbox 1643 1759 1695 1808; x_wconf 90' lang='lat' dir='ltr'><strong>aut</strong></span> 
     </span>
     <span class='ocr_line' id='line_1_19' title="bbox 58 1838 1696 1912; baseline -0.002 -15"><span class='ocrx_word' id='word_1_235' title='bbox 58 1840 204 1912; x_wconf 88' lang='lat' dir='ltr'><strong>principia</strong></span> <span class='ocrx_word' id='word_1_236' title='bbox 221 1840 417 1896; x_wconf 86' lang='lat' dir='ltr'><strong>conversionis</strong></span> <span class='ocrx_word' id='word_1_237' title='bbox 437 1838 631 1895; x_wconf 90' lang='lat' dir='ltr'><strong>benevolendo</strong></span> <span class='ocrx_word' id='word_1_238' title='bbox 651 1838 790 1904; x_wconf 88' lang='lat' dir='ltr'><strong>iecerunt,</strong></span> <span class='ocrx_word' id='word_1_239' title='bbox 845 1839 967 1896; x_wconf 87' lang='lat' dir='ltr'><strong>noxium</strong></span> <span class='ocrx_word' id='word_1_240' title='bbox 984 1841 1062 1910; x_wconf 94' lang='lat' dir='ltr'><strong>quod</strong></span> <span class='ocrx_word' id='word_1_241' title='bbox 1077 1840 1241 1897; x_wconf 85' lang='lat' dir='ltr'><strong>meditatur.</strong></span> <span class='ocrx_word' id='word_1_242' title='bbox 1257 1839 1330 1897; x_wconf 86' lang='lat' dir='ltr'><strong>Cum</strong></span> <span class='ocrx_word' id='word_1_243' title='bbox 1343 1854 1414 1912; x_wconf 81' lang='lat' dir='ltr'><strong>ergo</strong></span> <span class='ocrx_word' id='word_1_244' title='bbox 1428 1840 1506 1897; x_wconf 91' lang='lat' dir='ltr'><strong>sitin</strong></span> <span class='ocrx_word' id='word_1_245' title='bbox 1520 1840 1696 1911; x_wconf 81' lang='lat' dir='ltr'><strong>vagabundo</strong></span> 
     </span>
     <span class='ocr_line' id='line_1_20' title="bbox 56 1925 1690 1998; baseline -0.001 -12"><span class='ocrx_word' id='word_1_246' title='bbox 56 1930 137 1986; x_wconf 79' lang='lat' dir='ltr'><strong>alum</strong></span> <span class='ocrx_word' id='word_1_247' title='bbox 159 1936 186 1985; x_wconf 91' lang='lat' dir='ltr'><strong>et</strong></span> <span class='ocrx_word' id='word_1_248' title='bbox 199 1937 304 1985; x_wconf 90' lang='lat' dir='ltr'><strong>terram</strong></span> <span class='ocrx_word' id='word_1_249' title='bbox 320 1936 407 1994; x_wconf 85' lang='lat' dir='ltr'><strong>creat,</strong></span> <span class='ocrx_word' id='word_1_250' title='bbox 432 1926 501 1998; x_wconf 86' lang='lat' dir='ltr'><strong>quia</strong></span> <span class='ocrx_word' id='word_1_251' title='bbox 523 1927 672 1998; x_wconf 86' lang='lat' dir='ltr'><strong>Spiritum,</strong></span> <span class='ocrx_word' id='word_1_252' title='bbox 699 1925 727 1981; x_wconf 95' lang='lat' dir='ltr'><strong>id</strong></span> <span class='ocrx_word' id='word_1_253' title='bbox 750 1933 792 1983; x_wconf 92' lang='lat' dir='ltr'><strong>est</strong></span> <span class='ocrx_word' id='word_1_254' title='bbox 845 1927 939 1983; x_wconf 89' lang='lat' dir='ltr'><strong>cordis</strong></span> <span class='ocrx_word' id='word_1_255' title='bbox 961 1928 1089 1998; x_wconf 88' lang='lat' dir='ltr'><strong>appetitu</strong></span> <span class='ocrx_word' id='word_1_256' title='bbox 1112 1928 1246 1996; x_wconf 85' lang='lat' dir='ltr'><strong>inanitas,</strong></span> <span class='ocrx_word' id='word_1_257' title='bbox 1266 1935 1294 1984; x_wconf 92' lang='lat' dir='ltr'><strong>et</strong></span> <span class='ocrx_word' id='word_1_258' title='bbox 1313 1943 1330 1984; x_wconf 90' lang='lat' dir='ltr'><strong>a</strong></span> <span class='ocrx_word' id='word_1_259' title='bbox 1349 1929 1458 1995; x_wconf 89' lang='lat' dir='ltr'><strong>divino,</strong></span> <span class='ocrx_word' id='word_1_260' title='bbox 1483 1936 1517 1985; x_wconf 94' lang='lat' dir='ltr'><strong>ut</strong></span> <span class='ocrx_word' id='word_1_261' title='bbox 1540 1929 1580 1984; x_wconf 89' lang='lat' dir='ltr'><strong>ita</strong></span> <span class='ocrx_word' id='word_1_262' title='bbox 1599 1928 1690 1985; x_wconf 87' lang='lat' dir='ltr'><strong>dicam</strong></span> 
     </span>
     <span class='ocr_line' id='line_1_21' title="bbox 56 2014 1695 2088; baseline -0.002 -13"><span class='ocrx_word' id='word_1_263' title='bbox 56 2032 94 2086; x_wconf 90' lang='lat' dir='ltr'><strong>m,</strong></span> <span class='ocrx_word' id='word_1_264' title='bbox 114 2025 143 2074; x_wconf 90' lang='lat' dir='ltr'><strong>et</strong></span> <span class='ocrx_word' id='word_1_265' title='bbox 163 2026 279 2083; x_wconf 85' lang='lat' dir='ltr'><strong>terram,</strong></span> <span class='ocrx_word' id='word_1_266' title='bbox 305 2016 334 2072; x_wconf 93' lang='lat' dir='ltr'><strong>id</strong></span> <span class='ocrx_word' id='word_1_267' title='bbox 348 2023 390 2072; x_wconf 92' lang='lat' dir='ltr'><strong>est</strong></span> <span class='ocrx_word' id='word_1_268' title='bbox 406 2016 551 2072; x_wconf 87' lang='lat' dir='ltr'><strong>carnalem</strong></span> <span class='ocrx_word' id='word_1_269' title='bbox 571 2014 705 2072; x_wconf 85' lang='lat' dir='ltr'><strong>allectum</strong></span> <span class='ocrx_word' id='word_1_270' title='bbox 726 2028 792 2085; x_wconf 85' lang='lat' dir='ltr'><strong>quae</strong></span> <span class='ocrx_word' id='word_1_271' title='bbox 845 2016 952 2072; x_wconf 87' lang='lat' dir='ltr'><strong>semine</strong></span> <span class='ocrx_word' id='word_1_272' title='bbox 974 2017 1137 2073; x_wconf 87' lang='lat' dir='ltr'><strong>miseranda</strong></span> <span class='ocrx_word' id='word_1_273' title='bbox 1155 2016 1301 2083; x_wconf 88' lang='lat' dir='ltr'><strong>sterilitas,</strong></span> <span class='ocrx_word' id='word_1_274' title='bbox 1322 2023 1457 2074; x_wconf 73' lang='lat' dir='ltr'><strong>restitut</strong></span> <span class='ocrx_word' id='word_1_275' title='bbox 1480 2025 1621 2088; x_wconf 87' lang='lat' dir='ltr'><strong>sequatur</strong></span> <span class='ocrx_word' id='word_1_276' title='bbox 1642 2032 1695 2073; x_wconf 90' lang='lat' dir='ltr'><strong>ne-</strong></span> 
     </span>
     <span class='ocr_line' id='line_1_22' title="bbox 56 2103 1693 2176; baseline -0.001 -13"><span class='ocrx_word' id='word_1_277' title='bbox 56 2106 159 2163; x_wconf 88' lang='lat' dir='ltr'><strong>oniuso</strong></span> <span class='ocrx_word' id='word_1_278' title='bbox 175 2107 203 2161; x_wconf 91' lang='lat' dir='ltr'><strong>in</strong></span> <span class='ocrx_word' id='word_1_279' title='bbox 219 2105 303 2161; x_wconf 91' lang='lat' dir='ltr'><strong>corde</strong></span> <span class='ocrx_word' id='word_1_280' title='bbox 319 2104 445 2160; x_wconf 90' lang='lat' dir='ltr'><strong>ildelium</strong></span> <span class='ocrx_word' id='word_1_281' title='bbox 461 2103 611 2160; x_wconf 88' lang='lat' dir='ltr'><strong>commista</strong></span> <span class='ocrx_word' id='word_1_282' title='bbox 626 2103 793 2160; x_wconf 83' lang='lat' dir='ltr'><strong>terebantur</strong></span> <span class='ocrx_word' id='word_1_283' title='bbox 846 2104 968 2160; x_wconf 89' lang='lat' dir='ltr'><strong>cessario</strong></span> <span class='ocrx_word' id='word_1_284' title='bbox 993 2105 1022 2160; x_wconf 91' lang='lat' dir='ltr'><strong>in</strong></span> <span class='ocrx_word' id='word_1_285' title='bbox 1045 2118 1166 2176; x_wconf 89' lang='lat' dir='ltr'><strong>operum</strong></span> <span class='ocrx_word' id='word_1_286' title='bbox 1188 2106 1328 2162; x_wconf 92' lang='lat' dir='ltr'><strong>bonorum</strong></span> <span class='ocrx_word' id='word_1_287' title='bbox 1353 2105 1529 2163; x_wconf 83' lang='lat' dir='ltr'><strong>exhibitione</strong></span> <span class='ocrx_word' id='word_1_288' title='bbox 1552 2106 1693 2173; x_wconf 87' lang='lat' dir='ltr'><strong>vacuitas,</strong></span> 
     </span>
     <span class='ocr_line' id='line_1_23' title="bbox 63 2191 1697 2264; baseline -0.001 -13"><span class='ocrx_word' id='word_1_289' title='bbox 63 2194 200 2251; x_wconf 88' lang='lat' dir='ltr'><strong>discernit</strong></span> <span class='ocrx_word' id='word_1_290' title='bbox 215 2201 240 2250; x_wconf 93' lang='lat' dir='ltr'><strong>et</strong></span> <span class='ocrx_word' id='word_1_291' title='bbox 256 2194 385 2257; x_wconf 87' lang='lat' dir='ltr'><strong>suscitat,</strong></span> <span class='ocrx_word' id='word_1_292' title='bbox 402 2200 430 2250; x_wconf 90' lang='lat' dir='ltr'><strong>et</strong></span> <span class='ocrx_word' id='word_1_293' title='bbox 451 2191 555 2249; x_wconf 71' lang='lat' dir='ltr'><strong>coelum</strong></span> <span class='ocrx_word' id='word_1_294' title='bbox 573 2192 690 2262; x_wconf 87' lang='lat' dir='ltr'><strong>quidem</strong></span> <span class='ocrx_word' id='word_1_295' title='bbox 706 2206 791 2262; x_wconf 89' lang='lat' dir='ltr'><strong>supe·</strong></span> <span class='ocrx_word' id='word_1_296' title='bbox 846 2194 916 2264; x_wconf 89' lang='lat' dir='ltr'><strong>quia</strong></span> <span class='ocrx_word' id='word_1_297' title='bbox 932 2192 1015 2248; x_wconf 91' lang='lat' dir='ltr'><strong>valde</strong></span> <span class='ocrx_word' id='word_1_298' title='bbox 1033 2197 1140 2249; x_wconf 84' lang='lat' dir='ltr'><strong>mirum</strong></span> <span class='ocrx_word' id='word_1_299' title='bbox 1158 2201 1240 2261; x_wconf 89' lang='lat' dir='ltr'><strong>esset,</strong></span> <span class='ocrx_word' id='word_1_300' title='bbox 1262 2195 1286 2250; x_wconf 92' lang='grc' dir='ltr'><strong>ει</strong></span> <span class='ocrx_word' id='word_1_301' title='bbox 1307 2194 1421 2250; x_wconf 89' lang='lat' dir='ltr'><strong>vitalem</strong></span> <span class='ocrx_word' id='word_1_302' title='bbox 1438 2208 1557 2252; x_wconf 83' lang='lat' dir='ltr'><strong>succum</strong></span> <span class='ocrx_word' id='word_1_303' title='bbox 1578 2194 1697 2250; x_wconf 81' lang='lat' dir='ltr'><strong>arbore</strong></span> 
     </span>
     <span class='ocr_line' id='line_1_24' title="bbox 56 2280 1697 2353; baseline -0.002 -13"><span class='ocrx_word' id='word_1_304' title='bbox 56 2291 169 2351; x_wconf 80' lang='lat' dir='ltr'><strong>alueus,</strong></span> <span class='ocrx_word' id='word_1_305' title='bbox 193 2281 345 2353; x_wconf 82' lang='lat' dir='ltr'><strong>cujusdam</strong></span> <span class='ocrx_word' id='word_1_306' title='bbox 369 2281 395 2336; x_wconf 93' lang='lat' dir='ltr'><strong>ei</strong></span> <span class='ocrx_word' id='word_1_307' title='bbox 424 2280 603 2351; x_wconf 89' lang='lat' dir='ltr'><strong>principatus</strong></span> <span class='ocrx_word' id='word_1_308' title='bbox 625 2281 792 2351; x_wconf 89' lang='lat' dir='ltr'><strong>dignitatem</strong></span> <span class='ocrx_word' id='word_1_309' title='bbox 847 2280 993 2337; x_wconf 88' lang='lat' dir='ltr'><strong>radicibus</strong></span> <span class='ocrx_word' id='word_1_310' title='bbox 1017 2281 1195 2351; x_wconf 90' lang='lat' dir='ltr'><strong>perdidisset,</strong></span> <span class='ocrx_word' id='word_1_311' title='bbox 1228 2290 1256 2338; x_wconf 93' lang='lat' dir='ltr'><strong>et</strong></span> <span class='ocrx_word' id='word_1_312' title='bbox 1284 2282 1409 2338; x_wconf 86' lang='lat' dir='ltr'><strong>arelacta</strong></span> <span class='ocrx_word' id='word_1_313' title='bbox 1443 2284 1599 2339; x_wconf 90' lang='lat' dir='ltr'><strong>introrsum</strong></span> <span class='ocrx_word' id='word_1_314' title='bbox 1630 2281 1697 2337; x_wconf 85' lang='lat' dir='ltr'><strong>lolia</strong></span> 
     </span>
     <span class='ocr_line' id='line_1_25' title="bbox 71 2367 1696 2443; baseline -0.002 -15"><span class='ocrx_word' id='word_1_315' title='bbox 71 2371 107 2429; x_wconf 91' lang='lat' dir='ltr'><strong>de</strong></span> <span class='ocrx_word' id='word_1_316' title='bbox 118 2373 206 2443; x_wconf 84' lang='lat' dir='ltr'><strong>cujus</strong></span> <span class='ocrx_word' id='word_1_317' title='bbox 224 2377 298 2426; x_wconf 90' lang='lat' dir='ltr'><strong>nutu</strong></span> <span class='ocrx_word' id='word_1_318' title='bbox 324 2378 400 2426; x_wconf 89' lang='lat' dir='ltr'><strong>terra</strong></span> <span class='ocrx_word' id='word_1_319' title='bbox 413 2383 480 2425; x_wconf 89' lang='lat' dir='ltr'><strong>cum</strong></span> <span class='ocrx_word' id='word_1_320' title='bbox 505 2369 566 2425; x_wconf 90' lang='lat' dir='ltr'><strong>suis</strong></span> <span class='ocrx_word' id='word_1_321' title='bbox 585 2369 720 2425; x_wconf 91' lang='lat' dir='ltr'><strong>omnibus</strong></span> <span class='ocrx_word' id='word_1_322' title='bbox 735 2382 794 2439; x_wconf 83' lang='lat' dir='ltr'><strong>spo</strong></span> <span class='ocrx_word' id='word_1_323' title='bbox 846 2367 1017 2438; x_wconf 77' lang='lat' dir='ltr'><strong>fructusque</strong></span> <span class='ocrx_word' id='word_1_324' title='bbox 1034 2368 1212 2437; x_wconf 88' lang='lat' dir='ltr'><strong>produceret.</strong></span> <span class='ocrx_word' id='word_1_325' title='bbox 1230 2371 1315 2424; x_wconf 70' lang='lat' dir='ltr'><strong>Temo</strong></span> <span class='ocrx_word' id='word_1_326' title='bbox 1327 2382 1396 2439; x_wconf 88' lang='lat' dir='ltr'><strong>ergo</strong></span> <span class='ocrx_word' id='word_1_327' title='bbox 1411 2368 1504 2438; x_wconf 89' lang='lat' dir='ltr'><strong>primo</strong></span> <span class='ocrx_word' id='word_1_328' title='bbox 1517 2372 1607 2424; x_wconf 78' lang='lat' dir='ltr'><strong>inuno</strong></span> <span class='ocrx_word' id='word_1_329' title='bbox 1621 2368 1696 2425; x_wconf 89' lang='lat' dir='ltr'><strong>inte-</strong></span> 
     </span>
     <span class='ocr_line' id='line_1_26' title="bbox 56 2455 1697 2524; baseline -0.002 -8"><span class='ocrx_word' id='word_1_330' title='bbox 56 2461 146 2517; x_wconf 86' lang='lat' dir='ltr'><strong>ebeat.</strong></span> <span class='ocrx_word' id='word_1_331' title='bbox 170 2459 250 2515; x_wconf 87' lang='lat' dir='ltr'><strong>Sicut</strong></span> <span class='ocrx_word' id='word_1_332' title='bbox 272 2459 349 2515; x_wconf 88' lang='lat' dir='ltr'><strong>enirn</strong></span> <span class='ocrx_word' id='word_1_333' title='bbox 364 2458 399 2514; x_wconf 91' lang='lat' dir='ltr'><strong>de</strong></span> <span class='ocrx_word' id='word_1_334' title='bbox 413 2455 482 2514; x_wconf 77' lang='lat' dir='ltr'><strong>coelo</strong></span> <span class='ocrx_word' id='word_1_335' title='bbox 506 2457 604 2514; x_wconf 91' lang='lat' dir='ltr'><strong>lumen</strong></span> <span class='ocrx_word' id='word_1_336' title='bbox 630 2457 793 2514; x_wconf 75' lang='lat' dir='ltr'><strong>infunditur</strong></span> <span class='ocrx_word' id='word_1_337' title='bbox 847 2456 917 2524; x_wconf 89' lang='lat' dir='ltr'><strong>rius,</strong></span> <span class='ocrx_word' id='word_1_338' title='bbox 946 2461 972 2511; x_wconf 81' lang='lat' dir='ltr'><strong>et</strong></span> <span class='ocrx_word' id='word_1_339' title='bbox 989 2471 1075 2510; x_wconf 81' lang='lat' dir='ltr'><strong>coeno</strong></span> <span class='ocrx_word' id='word_1_340' title='bbox 1100 2457 1137 2512; x_wconf 91' lang='lat' dir='ltr'><strong>ab</strong></span> <span class='ocrx_word' id='word_1_341' title='bbox 1166 2456 1288 2513; x_wconf 91' lang='lat' dir='ltr'><strong>utilitate</strong></span> <span class='ocrx_word' id='word_1_342' title='bbox 1315 2458 1451 2513; x_wconf 80' lang='lat' dir='ltr'><strong>exterius.</strong></span> <span class='ocrx_word' id='word_1_343' title='bbox 1479 2456 1533 2524; x_wconf 89' lang='lat' dir='ltr'><strong>Qui</strong></span> <span class='ocrx_word' id='word_1_344' title='bbox 1566 2457 1601 2513; x_wconf 93' lang='lat' dir='ltr'><strong>de</strong></span> <span class='ocrx_word' id='word_1_345' title='bbox 1620 2461 1697 2513; x_wconf 88' lang='lat' dir='ltr'><strong>terra</strong></span> 
     </span>
     <span class='ocr_line' id='line_1_27' title="bbox 56 2544 1697 2618; baseline -0.001 -14"><span class='ocrx_word' id='word_1_346' title='bbox 56 2549 177 2605; x_wconf 89' lang='lat' dir='ltr'><strong>liscursu</strong></span> <span class='ocrx_word' id='word_1_347' title='bbox 193 2546 317 2604; x_wconf 91' lang='lat' dir='ltr'><strong>nubium</strong></span> <span class='ocrx_word' id='word_1_348' title='bbox 337 2546 447 2618; x_wconf 90' lang='lat' dir='ltr'><strong>ubique</strong></span> <span class='ocrx_word' id='word_1_349' title='bbox 462 2554 605 2602; x_wconf 90' lang='lat' dir='ltr'><strong>terrarum</strong></span> <span class='ocrx_word' id='word_1_350' title='bbox 622 2545 728 2616; x_wconf 85' lang='lat' dir='ltr'><strong>pluviae</strong></span> <span class='ocrx_word' id='word_1_351' title='bbox 744 2546 794 2602; x_wconf 92' lang='lat' dir='ltr'><strong>mi·</strong></span> <span class='ocrx_word' id='word_1_352' title='bbox 847 2552 897 2613; x_wconf 90' lang='grc' dir='ltr'><strong>εει,</strong></span> <span class='ocrx_word' id='word_1_353' title='bbox 915 2547 964 2611; x_wconf 86' lang='lat' dir='ltr'><strong>ait,</strong></span> <span class='ocrx_word' id='word_1_354' title='bbox 979 2545 1013 2601; x_wconf 92' lang='lat' dir='ltr'><strong>de</strong></span> <span class='ocrx_word' id='word_1_355' title='bbox 1037 2552 1113 2602; x_wconf 91' lang='lat' dir='ltr'><strong>terra</strong></span> <span class='ocrx_word' id='word_1_356' title='bbox 1142 2545 1227 2601; x_wconf 88' lang='lat' dir='ltr'><strong>babet</strong></span> <span class='ocrx_word' id='word_1_357' title='bbox 1240 2559 1311 2614; x_wconf 91' lang='lat' dir='ltr'><strong>esse,</strong></span> <span class='ocrx_word' id='word_1_358' title='bbox 1335 2553 1362 2601; x_wconf 91' lang='lat' dir='ltr'><strong>et</strong></span> <span class='ocrx_word' id='word_1_359' title='bbox 1383 2545 1444 2602; x_wconf 88' lang='lat' dir='ltr'><strong>ideo</strong></span> <span class='ocrx_word' id='word_1_360' title='bbox 1459 2544 1546 2602; x_wconf 80' lang='lat' dir='ltr'><strong>babet</strong></span> <span class='ocrx_word' id='word_1_361' title='bbox 1571 2544 1606 2602; x_wconf 92' lang='lat' dir='ltr'><strong>de</strong></span> <span class='ocrx_word' id='word_1_362' title='bbox 1620 2554 1697 2603; x_wconf 92' lang='lat' dir='ltr'><strong>terra</strong></span> 
     </span>
     <span class='ocr_line' id='line_1_28' title="bbox 57 2622 1698 2706; baseline -0.002 -12"><span class='ocrx_word' id='word_1_363' title='bbox 57 2644 114 2703; x_wconf 90' lang='lat' dir='ltr'><strong>tur,</strong></span> <span class='ocrx_word' id='word_1_364' title='bbox 129 2650 166 2693; x_wconf 82' lang='lat' dir='ltr'><strong>ex</strong></span> <span class='ocrx_word' id='word_1_365' title='bbox 182 2642 309 2706; x_wconf 91' lang='lat' dir='ltr'><strong>quatuor</strong></span> <span class='ocrx_word' id='word_1_366' title='bbox 323 2647 440 2705; x_wconf 92' lang='lat' dir='ltr'><strong>quoque</strong></span> <span class='ocrx_word' id='word_1_367' title='bbox 455 2634 548 2689; x_wconf 91' lang='lat' dir='ltr'><strong>ventis</strong></span> <span class='ocrx_word' id='word_1_368' title='bbox 561 2633 624 2689; x_wconf 89' lang='lat' dir='ltr'><strong>coeli</strong></span> <span class='ocrx_word' id='word_1_369' title='bbox 637 2640 713 2689; x_wconf 88' lang='lat' dir='ltr'><strong>terra</strong></span> <span class='ocrx_word' id='word_1_370' title='bbox 727 2622 794 2704; x_wconf 83' lang='lat' dir='ltr'><strong>per·</strong></span> <span class='ocrx_word' id='word_1_371' title='bbox 847 2632 927 2703; x_wconf 89' lang='lat' dir='ltr'><strong>loqui</strong></span> <span class='ocrx_word' id='word_1_372' title='bbox 948 2634 1033 2701; x_wconf 77' lang='lat' dir='ltr'><strong>licon.</strong></span> <span class='ocrx_word' id='word_1_373' title='bbox 1058 2648 1098 2699; x_wconf 87' lang='lat' dir='ltr'><strong>nr,</strong></span> <span class='ocrx_word' id='word_1_374' title='bbox 1125 2636 1181 2704; x_wconf 77' lang='grc'><strong>31),</strong></span> <span class='ocrx_word' id='word_1_375' title='bbox 1206 2634 1277 2704; x_wconf 92' lang='lat' dir='ltr'><strong>qnia</strong></span> <span class='ocrx_word' id='word_1_376' title='bbox 1292 2634 1315 2689; x_wconf 90' lang='lat' dir='ltr'><strong>si</strong></span> <span class='ocrx_word' id='word_1_377' title='bbox 1330 2634 1464 2690; x_wconf 87' lang='lat' dir='ltr'><strong>conderet</strong></span> <span class='ocrx_word' id='word_1_378' title='bbox 1485 2633 1571 2690; x_wconf 91' lang='lat' dir='ltr'><strong>homo</strong></span> <span class='ocrx_word' id='word_1_379' title='bbox 1597 2633 1698 2704; x_wconf 89' lang='lat' dir='ltr'><strong>quida</strong></span> 
     </span>
     <span class='ocr_line' id='line_1_29' title="bbox 70 2721 1696 2794; baseline -0.002 -13"><span class='ocrx_word' id='word_1_380' title='bbox 70 2724 111 2781; x_wconf 87' lang='lat' dir='ltr'><strong>ita</strong></span> <span class='ocrx_word' id='word_1_381' title='bbox 124 2725 160 2780; x_wconf 89' lang='lat' dir='ltr'><strong>de</strong></span> <span class='ocrx_word' id='word_1_382' title='bbox 182 2724 384 2794; x_wconf 71' lang='lat' dir='ltr'><strong>rationeque</strong></span> <span class='ocrx_word' id='word_1_383' title='bbox 408 2735 521 2777; x_wconf 87' lang='lat' dir='ltr'><strong>summa</strong></span> <span class='ocrx_word' id='word_1_384' title='bbox 544 2722 633 2777; x_wconf 88' lang='lat' dir='ltr'><strong>nostri</strong></span> <span class='ocrx_word' id='word_1_385' title='bbox 655 2736 721 2791; x_wconf 89' lang='lat' dir='ltr'><strong>pars</strong></span> <span class='ocrx_word' id='word_1_386' title='bbox 740 2729 791 2789; x_wconf 89' lang='lat' dir='ltr'><strong>est,</strong></span> <span class='ocrx_word' id='word_1_387' title='bbox 847 2735 876 2778; x_wconf 91' lang='grc' dir='ltr'><strong>εε</strong></span> <span class='ocrx_word' id='word_1_388' title='bbox 890 2721 1003 2789; x_wconf 85' lang='lat' dir='ltr'><strong>lrabeat,</strong></span> <span class='ocrx_word' id='word_1_389' title='bbox 1026 2721 1066 2777; x_wconf 92' lang='lat' dir='ltr'><strong>nil</strong></span> <span class='ocrx_word' id='word_1_390' title='bbox 1083 2722 1335 2792; x_wconf 83' lang='lat' dir='ltr'><strong>prorsusinvenlt,</strong></span> <span class='ocrx_word' id='word_1_391' title='bbox 1352 2722 1406 2778; x_wconf 87' lang='lat' dir='ltr'><strong>nisi</strong></span> <span class='ocrx_word' id='word_1_392' title='bbox 1421 2722 1499 2793; x_wconf 91' lang='lat' dir='ltr'><strong>quod</strong></span> <span class='ocrx_word' id='word_1_393' title='bbox 1518 2722 1635 2778; x_wconf 89' lang='lat' dir='ltr'><strong>absente</strong></span> <span class='ocrx_word' id='word_1_394' title='bbox 1648 2722 1696 2778; x_wconf 86' lang='lat' dir='ltr'><strong>Dei</strong></span> 
     </span>
     <span class='ocr_line' id='line_1_30' title="bbox 56 2809 1697 2880; baseline -0.002 -11"><span class='ocrx_word' id='word_1_395' title='bbox 56 2814 150 2878; x_wconf 81' lang='lat' dir='ltr'><strong>entire,</strong></span> <span class='ocrx_word' id='word_1_396' title='bbox 175 2820 259 2869; x_wconf 79' lang='lat' dir='ltr'><strong>rectm</strong></span> <span class='ocrx_word' id='word_1_397' title='bbox 287 2810 453 2867; x_wconf 92' lang='lat' dir='ltr'><strong>intentionis</strong></span> <span class='ocrx_word' id='word_1_398' title='bbox 477 2809 715 2879; x_wconf 78' lang='lat' dir='ltr'><strong>discretionisque</strong></span> <span class='ocrx_word' id='word_1_399' title='bbox 735 2810 794 2866; x_wconf 90' lang='lat' dir='ltr'><strong>cla·</strong></span> <span class='ocrx_word' id='word_1_400' title='bbox 848 2810 942 2879; x_wconf 87' lang='lat' dir='ltr'><strong>gratia</strong></span> <span class='ocrx_word' id='word_1_401' title='bbox 963 2809 1077 2866; x_wconf 90' lang='lat' dir='ltr'><strong>asinum</strong></span> <span class='ocrx_word' id='word_1_402' title='bbox 1089 2809 1184 2880; x_wconf 85' lang='lat' dir='ltr'><strong>juvat.</strong></span> <span class='ocrx_word' id='word_1_403' title='bbox 1204 2809 1278 2876; x_wconf 86' lang='lat' dir='ltr'><strong>Quid</strong></span> <span class='ocrx_word' id='word_1_404' title='bbox 1300 2809 1376 2866; x_wconf 93' lang='lat' dir='ltr'><strong>enim</strong></span> <span class='ocrx_word' id='word_1_405' title='bbox 1393 2818 1435 2866; x_wconf 91' lang='lat' dir='ltr'><strong>est</strong></span> <span class='ocrx_word' id='word_1_406' title='bbox 1449 2811 1545 2879; x_wconf 88' lang='lat' dir='ltr'><strong>bomo,</strong></span> <span class='ocrx_word' id='word_1_407' title='bbox 1560 2824 1618 2866; x_wconf 90' lang='lat' dir='ltr'><strong>non</strong></span> <span class='ocrx_word' id='word_1_408' title='bbox 1634 2811 1697 2866; x_wconf 87' lang='lat' dir='ltr'><strong>dico</strong></span> 
     </span>
     <span class='ocr_line' id='line_1_31' title="bbox 58 2896 1695 2968; baseline -0.004 -9"><span class='ocrx_word' id='word_1_409' title='bbox 58 2902 176 2968; x_wconf 85' lang='lat' dir='ltr'><strong>recedit,</strong></span> <span class='ocrx_word' id='word_1_410' title='bbox 202 2900 232 2956; x_wconf 91' lang='lat' dir='ltr'><strong>in</strong></span> <span class='ocrx_word' id='word_1_411' title='bbox 250 2910 285 2955; x_wconf 86' lang='lat' dir='ltr'><strong>ea</strong></span> <span class='ocrx_word' id='word_1_412' title='bbox 309 2901 427 2955; x_wconf 84' lang='lat' dir='ltr'><strong>Petrum</strong></span> <span class='ocrx_word' id='word_1_413' title='bbox 452 2898 640 2968; x_wconf 88' lang='lat' dir='ltr'><strong>antiquorum</strong></span> <span class='ocrx_word' id='word_1_414' title='bbox 668 2898 795 2954; x_wconf 77' lang='lat' dir='ltr'><strong>celestes</strong></span> <span class='ocrx_word' id='word_1_415' title='bbox 848 2896 908 2953; x_wconf 93' lang='lat' dir='ltr'><strong>sine</strong></span> <span class='ocrx_word' id='word_1_416' title='bbox 932 2896 1053 2964; x_wconf 89' lang='lat' dir='ltr'><strong>ratione,</strong></span> <span class='ocrx_word' id='word_1_417' title='bbox 1077 2897 1126 2954; x_wconf 90' lang='lat' dir='ltr'><strong>sed</strong></span> <span class='ocrx_word' id='word_1_418' title='bbox 1149 2898 1211 2953; x_wconf 92' lang='lat' dir='ltr'><strong>sine</strong></span> <span class='ocrx_word' id='word_1_419' title='bbox 1232 2897 1299 2963; x_wconf 84' lang='lat' dir='ltr'><strong>lieo,</strong></span> <span class='ocrx_word' id='word_1_420' title='bbox 1325 2898 1376 2968; x_wconf 93' lang='lat' dir='ltr'><strong>qui</strong></span> <span class='ocrx_word' id='word_1_421' title='bbox 1391 2897 1530 2954; x_wconf 88' lang='lat' dir='ltr'><strong>olarilicat</strong></span> <span class='ocrx_word' id='word_1_422' title='bbox 1544 2900 1695 2965; x_wconf 85' lang='lat' dir='ltr'><strong>rationem,</strong></span> 
     </span>
     <span class='ocr_line' id='line_1_32' title="bbox 56 2985 1695 3058; baseline -0.002 -12"><span class='ocrx_word' id='word_1_423' title='bbox 56 3000 141 3058; x_wconf 86' lang='lat' dir='ltr'><strong>ntur,</strong></span> <span class='ocrx_word' id='word_1_424' title='bbox 166 2996 321 3046; x_wconf 88' lang='lat' dir='ltr'><strong>servantur</strong></span> <span class='ocrx_word' id='word_1_425' title='bbox 343 2995 370 3044; x_wconf 93' lang='lat' dir='ltr'><strong>et</strong></span> <span class='ocrx_word' id='word_1_426' title='bbox 384 2987 448 3043; x_wconf 90' lang='lat' dir='ltr'><strong>aliis</strong></span> <span class='ocrx_word' id='word_1_427' title='bbox 467 2985 613 3042; x_wconf 81' lang='lat' dir='ltr'><strong>tradendae</strong></span> <span class='ocrx_word' id='word_1_428' title='bbox 634 2987 790 3053; x_wconf 77' lang='lat' dir='ltr'><strong>sententias,</strong></span> <span class='ocrx_word' id='word_1_429' title='bbox 847 2985 901 3041; x_wconf 89' lang='lat' dir='ltr'><strong>nisi</strong></span> <span class='ocrx_word' id='word_1_430' title='bbox 914 2986 1020 3055; x_wconf 79' lang='lat' dir='ltr'><strong>pecus?</strong></span> <span class='ocrx_word' id='word_1_431' title='bbox 1033 2986 1115 3042; x_wconf 86' lang='lat' dir='ltr'><strong>ilatio</strong></span> <span class='ocrx_word' id='word_1_432' title='bbox 1130 3000 1255 3057; x_wconf 91' lang='lat' dir='ltr'><strong>namque</strong></span> <span class='ocrx_word' id='word_1_433' title='bbox 1266 2986 1321 3042; x_wconf 87' lang='lat' dir='ltr'><strong>nisi</strong></span> <span class='ocrx_word' id='word_1_434' title='bbox 1336 2987 1425 3042; x_wconf 90' lang='lat' dir='ltr'><strong>amori</strong></span> <span class='ocrx_word' id='word_1_435' title='bbox 1438 2987 1537 3043; x_wconf 89' lang='lat' dir='ltr'><strong>divino</strong></span> <span class='ocrx_word' id='word_1_436' title='bbox 1548 2988 1695 3058; x_wconf 83' lang='lat' dir='ltr'><strong>adjuncta,</strong></span> 
     </span>
     <span class='ocr_line' id='line_1_33' title="bbox 56 3073 1698 3147; baseline -0.002 -11"><span class='ocrx_word' id='word_1_437' title='bbox 56 3094 101 3136; x_wconf 86' lang='lat' dir='ltr'><strong>tus</strong></span> <span class='ocrx_word' id='word_1_438' title='bbox 124 3093 192 3135; x_wconf 90' lang='lat' dir='ltr'><strong>curn</strong></span> <span class='ocrx_word' id='word_1_439' title='bbox 207 3076 357 3147; x_wconf 88' lang='lat' dir='ltr'><strong>compluti,</strong></span> <span class='ocrx_word' id='word_1_440' title='bbox 382 3083 409 3131; x_wconf 94' lang='grc' dir='ltr'><strong>ει</strong></span> <span class='ocrx_word' id='word_1_441' title='bbox 432 3074 481 3131; x_wconf 90' lang='lat' dir='ltr'><strong>alii</strong></span> <span class='ocrx_word' id='word_1_442' title='bbox 505 3075 622 3142; x_wconf 87' lang='lat' dir='ltr'><strong>luerint,</strong></span> <span class='ocrx_word' id='word_1_443' title='bbox 647 3074 693 3131; x_wconf 93' lang='lat' dir='ltr'><strong>sui</strong></span> <span class='ocrx_word' id='word_1_444' title='bbox 707 3074 792 3131; x_wconf 89' lang='lat' dir='ltr'><strong>etiam</strong></span> <span class='ocrx_word' id='word_1_445' title='bbox 849 3074 976 3130; x_wconf 88' lang='lat' dir='ltr'><strong>versutia</strong></span> <span class='ocrx_word' id='word_1_446' title='bbox 1002 3073 1096 3144; x_wconf 88' lang='lat' dir='ltr'><strong>potius</strong></span> <span class='ocrx_word' id='word_1_447' title='bbox 1118 3074 1266 3130; x_wconf 71' lang='lat' dir='ltr'><strong>secularis</strong></span> <span class='ocrx_word' id='word_1_448' title='bbox 1289 3081 1318 3131; x_wconf 90' lang='lat' dir='ltr'><strong>et</strong></span> <span class='ocrx_word' id='word_1_449' title='bbox 1341 3074 1485 3133; x_wconf 85' lang='lat' dir='ltr'><strong>diabolica</strong></span> <span class='ocrx_word' id='word_1_450' title='bbox 1510 3076 1633 3132; x_wconf 85' lang='lat' dir='ltr'><strong>dicenda</strong></span> <span class='ocrx_word' id='word_1_451' title='bbox 1655 3084 1698 3132; x_wconf 91' lang='lat' dir='ltr'><strong>est</strong></span> 
     </span>
     <span class='ocr_line' id='line_1_34' title="bbox 56 3161 1696 3240; baseline -0.002 -16"><span class='ocrx_word' id='word_1_452' title='bbox 56 3183 71 3224; x_wconf 93' lang='lat' dir='ltr'><strong>s</strong></span> <span class='ocrx_word' id='word_1_453' title='bbox 85 3175 203 3233; x_wconf 85' lang='lat' dir='ltr'><strong>terram,</strong></span> <span class='ocrx_word' id='word_1_454' title='bbox 220 3166 248 3221; x_wconf 90' lang='lat' dir='ltr'><strong>id</strong></span> <span class='ocrx_word' id='word_1_455' title='bbox 263 3173 305 3222; x_wconf 90' lang='lat' dir='ltr'><strong>est</strong></span> <span class='ocrx_word' id='word_1_456' title='bbox 318 3178 417 3221; x_wconf 89' lang='lat' dir='ltr'><strong>omnes</strong></span> <span class='ocrx_word' id='word_1_457' title='bbox 432 3177 570 3240; x_wconf 88' lang='lat' dir='ltr'><strong>sensuum</strong></span> <span class='ocrx_word' id='word_1_458' title='bbox 590 3176 711 3219; x_wconf 91' lang='lat' dir='ltr'><strong>snorum</strong></span> <span class='ocrx_word' id='word_1_459' title='bbox 728 3176 792 3234; x_wconf 88' lang='lat' dir='ltr'><strong>par·</strong></span> <span class='ocrx_word' id='word_1_460' title='bbox 849 3176 938 3233; x_wconf 92' lang='lat' dir='ltr'><strong>quam</strong></span> <span class='ocrx_word' id='word_1_461' title='bbox 961 3161 997 3217; x_wconf 95' lang='lat' dir='ltr'><strong>ad</strong></span> <span class='ocrx_word' id='word_1_462' title='bbox 1012 3162 1125 3233; x_wconf 87' lang='lat' dir='ltr'><strong>aliquid</strong></span> <span class='ocrx_word' id='word_1_463' title='bbox 1145 3162 1211 3219; x_wconf 87' lang='lat' dir='ltr'><strong>boni</strong></span> <span class='ocrx_word' id='word_1_464' title='bbox 1235 3162 1334 3218; x_wconf 89' lang='lat' dir='ltr'><strong>valens</strong></span> <span class='ocrx_word' id='word_1_465' title='bbox 1348 3164 1511 3233; x_wconf 87' lang='lat' dir='ltr'><strong>prudentia.</strong></span> <span class='ocrx_word' id='word_1_466' title='bbox 1538 3165 1604 3220; x_wconf 77' lang='lat' dir='ltr'><strong>ileo</strong></span> <span class='ocrx_word' id='word_1_467' title='bbox 1618 3179 1696 3231; x_wconf 89' lang='lat' dir='ltr'><strong>cum,</strong></span> 
     </span>
     <span class='ocr_line' id='line_1_35' title="bbox 56 3247 1698 3326; baseline -0.004 -14"><span class='ocrx_word' id='word_1_468' title='bbox 56 3271 78 3312; x_wconf 82' lang='lat' dir='ltr'><strong>c</strong></span> <span class='ocrx_word' id='word_1_469' title='bbox 103 3253 263 3326; x_wconf 87' lang='lat' dir='ltr'><strong>spiritualis</strong></span> <span class='ocrx_word' id='word_1_470' title='bbox 289 3253 414 3309; x_wconf 78' lang='lat' dir='ltr'><strong>scientiae</strong></span> <span class='ocrx_word' id='word_1_471' title='bbox 443 3251 621 3323; x_wconf 89' lang='lat' dir='ltr'><strong>plenitudine</strong></span> <span class='ocrx_word' id='word_1_472' title='bbox 645 3250 681 3307; x_wconf 83' lang='lat' dir='ltr'><strong>ad</strong></span> <span class='ocrx_word' id='word_1_473' title='bbox 712 3250 794 3306; x_wconf 87' lang='lat' dir='ltr'><strong>bonis</strong></span> <span class='ocrx_word' id='word_1_474' title='bbox 849 3249 906 3305; x_wconf 86' lang='lat' dir='ltr'><strong>Deo</strong></span> <span class='ocrx_word' id='word_1_475' title='bbox 924 3249 1090 3318; x_wconf 86' lang='lat' dir='ltr'><strong>inspirante,</strong></span> <span class='ocrx_word' id='word_1_476' title='bbox 1112 3247 1202 3319; x_wconf 91' lang='lat' dir='ltr'><strong>legem</strong></span> <span class='ocrx_word' id='word_1_477' title='bbox 1224 3249 1310 3319; x_wconf 77' lang='lat' dir='ltr'><strong>Juxta</strong></span> <span class='ocrx_word' id='word_1_478' title='bbox 1328 3250 1496 3320; x_wconf 83' lang='lat' dir='ltr'><strong>Apostolum</strong></span> <span class='ocrx_word' id='word_1_479' title='bbox 1518 3252 1698 3322; x_wconf 85' lang='lat' dir='ltr'><strong>spiritualem</strong></span> 
     </span>
     <span class='ocr_line' id='line_1_36' title="bbox 56 3336 1698 3413; baseline -0.004 -12"><span class='ocrx_word' id='word_1_480' title='bbox 56 3359 81 3401; x_wconf 91' lang='grc' dir='ltr'><strong>ιε</strong></span> <span class='ocrx_word' id='word_1_481' title='bbox 93 3342 327 3400; x_wconf 74' lang='lat' dir='ltr'><strong>fructificandum</strong></span> <span class='ocrx_word' id='word_1_482' title='bbox 345 3341 455 3413; x_wconf 88' lang='lat' dir='ltr'><strong>irrigat,</strong></span> <span class='ocrx_word' id='word_1_483' title='bbox 471 3348 499 3396; x_wconf 91' lang='lat' dir='ltr'><strong>et</strong></span> <span class='ocrx_word' id='word_1_484' title='bbox 513 3347 640 3410; x_wconf 88' lang='lat' dir='ltr'><strong>quatuor</strong></span> <span class='ocrx_word' id='word_1_485' title='bbox 655 3339 795 3410; x_wconf 90' lang='lat' dir='ltr'><strong>spiritua·</strong></span> <span class='ocrx_word' id='word_1_486' title='bbox 847 3339 900 3394; x_wconf 90' lang='lat' dir='ltr'><strong>seit</strong></span> <span class='ocrx_word' id='word_1_487' title='bbox 923 3344 952 3393; x_wconf 91' lang='lat' dir='ltr'><strong>et</strong></span> <span class='ocrx_word' id='word_1_488' title='bbox 975 3336 1167 3407; x_wconf 85' lang='lat' dir='ltr'><strong>amplectitur,</strong></span> <span class='ocrx_word' id='word_1_489' title='bbox 1184 3338 1329 3395; x_wconf 88' lang='lat' dir='ltr'><strong>carnalem</strong></span> <span class='ocrx_word' id='word_1_490' title='bbox 1355 3346 1451 3395; x_wconf 91' lang='lat' dir='ltr'><strong>tamen</strong></span> <span class='ocrx_word' id='word_1_491' title='bbox 1468 3339 1603 3396; x_wconf 88' lang='lat' dir='ltr'><strong>allectum</strong></span> <span class='ocrx_word' id='word_1_492' title='bbox 1627 3339 1698 3409; x_wconf 88' lang='lat' dir='ltr'><strong>pati·</strong></span> 
     </span>
     <span class='ocr_line' id='line_1_37' title="bbox 56 3425 1697 3501; baseline -0.002 -15"><span class='ocrx_word' id='word_1_493' title='bbox 56 3428 316 3500; x_wconf 80' lang='lat' dir='ltr'><strong>principalibusque</strong></span> <span class='ocrx_word' id='word_1_494' title='bbox 331 3429 499 3495; x_wconf 89' lang='lat' dir='ltr'><strong>virtutibus,</strong></span> <span class='ocrx_word' id='word_1_495' title='bbox 511 3427 664 3498; x_wconf 89' lang='lat' dir='ltr'><strong>prudentia</strong></span> <span class='ocrx_word' id='word_1_496' title='bbox 677 3425 794 3494; x_wconf 85' lang='lat' dir='ltr'><strong>scilicet,</strong></span> <span class='ocrx_word' id='word_1_497' title='bbox 849 3433 906 3492; x_wconf 90' lang='lat' dir='ltr'><strong>tur,</strong></span> <span class='ocrx_word' id='word_1_498' title='bbox 933 3425 1052 3482; x_wconf 88' lang='lat' dir='ltr'><strong>vanitati</strong></span> <span class='ocrx_word' id='word_1_499' title='bbox 1084 3425 1214 3496; x_wconf 84' lang='lat' dir='ltr'><strong>subjecta</strong></span> <span class='ocrx_word' id='word_1_500' title='bbox 1236 3441 1294 3483; x_wconf 95' lang='lat' dir='ltr'><strong>non</strong></span> <span class='ocrx_word' id='word_1_501' title='bbox 1315 3426 1414 3501; x_wconf 53' lang='lat' dir='ltr'><strong>volve</strong></span> <span class='ocrx_word' id='word_1_502' title='bbox 1435 3428 1465 3499; x_wconf 89' lang='lat' dir='ltr'><strong>(l</strong></span> <span class='ocrx_word' id='word_1_503' title='bbox 1485 3432 1545 3484; x_wconf 83' lang='lat' dir='ltr'><strong>cor.</strong></span> <span class='ocrx_word' id='word_1_504' title='bbox 1566 3443 1616 3495; x_wconf 90' lang='lat' dir='ltr'><strong>vrr,</strong></span> <span class='ocrx_word' id='word_1_505' title='bbox 1634 3431 1697 3500; x_wconf 50' lang='lat' dir='ltr'><strong>ts„</strong></span> 
     </span>
     <span class='ocr_line' id='line_1_38' title="bbox 58 3513 1699 3587; baseline -0.002 -13"><span class='ocrx_word' id='word_1_506' title='bbox 58 3557 67 3584; x_wconf 91' lang='lat'><strong>,</strong></span> <span class='ocrx_word' id='word_1_507' title='bbox 84 3517 260 3584; x_wconf 84' lang='lat' dir='ltr'><strong>tortitudine,</strong></span> <span class='ocrx_word' id='word_1_508' title='bbox 278 3516 466 3587; x_wconf 85' lang='lat' dir='ltr'><strong>temperantia</strong></span> <span class='ocrx_word' id='word_1_509' title='bbox 480 3515 623 3586; x_wconf 91' lang='lat' dir='ltr'><strong>quidquid</strong></span> <span class='ocrx_word' id='word_1_510' title='bbox 640 3515 734 3572; x_wconf 90' lang='lat' dir='ltr'><strong>vitiosi</strong></span> <span class='ocrx_word' id='word_1_511' title='bbox 752 3524 795 3572; x_wconf 92' lang='lat' dir='ltr'><strong>est</strong></span> <span class='ocrx_word' id='word_1_512' title='bbox 850 3513 968 3570; x_wconf 88' lang='lat' dir='ltr'><strong>undeet</strong></span> <span class='ocrx_word' id='word_1_513' title='bbox 983 3513 1060 3584; x_wconf 92' lang='lat' dir='ltr'><strong>quod</strong></span> <span class='ocrx_word' id='word_1_514' title='bbox 1075 3520 1212 3583; x_wconf 89' lang='lat' dir='ltr'><strong>operatur</strong></span> <span class='ocrx_word' id='word_1_515' title='bbox 1234 3529 1291 3571; x_wconf 92' lang='lat' dir='ltr'><strong>non</strong></span> <span class='ocrx_word' id='word_1_516' title='bbox 1302 3514 1450 3586; x_wconf 79' lang='lat' dir='ltr'><strong>intelligit,</strong></span> <span class='ocrx_word' id='word_1_517' title='bbox 1469 3514 1553 3572; x_wconf 88' lang='lat' dir='ltr'><strong>idest</strong></span> <span class='ocrx_word' id='word_1_518' title='bbox 1568 3529 1625 3571; x_wconf 88' lang='grc' dir='ltr'><strong>εεε</strong></span> <span class='ocrx_word' id='word_1_519' title='bbox 1649 3530 1699 3587; x_wconf 80' lang='lat' dir='ltr'><strong>ap</strong></span> 
     </span>
     <span class='ocr_line' id='line_1_39' title="bbox 55 3601 1756 3677; baseline -0.002 -15"><span class='ocrx_word' id='word_1_520' title='bbox 55 3605 186 3676; x_wconf 72' lang='lat' dir='ltr'><strong>tequasr</strong></span> <span class='ocrx_word' id='word_1_521' title='bbox 199 3605 352 3677; x_wconf 81' lang='lat' dir='ltr'><strong>cujusdam</strong></span> <span class='ocrx_word' id='word_1_522' title='bbox 364 3618 444 3662; x_wconf 81' lang='lat' dir='ltr'><strong>aurae</strong></span> <span class='ocrx_word' id='word_1_523' title='bbox 456 3603 577 3676; x_wconf 89' lang='lat' dir='ltr'><strong>potentis</strong></span> <span class='ocrx_word' id='word_1_524' title='bbox 587 3602 713 3673; x_wconf 90' lang='lat' dir='ltr'><strong>impulsu</strong></span> <span class='ocrx_word' id='word_1_525' title='bbox 728 3604 793 3660; x_wconf 88' lang='lat' dir='ltr'><strong>abs·</strong></span> <span class='ocrx_word' id='word_1_526' title='bbox 850 3601 961 3671; x_wconf 88' lang='lat' dir='ltr'><strong>probat,</strong></span> <span class='ocrx_word' id='word_1_527' title='bbox 985 3615 1045 3658; x_wconf 94' lang='lat' dir='ltr'><strong>non</strong></span> <span class='ocrx_word' id='word_1_528' title='bbox 1069 3602 1170 3672; x_wconf 86' lang='lat' dir='ltr'><strong>diligit.</strong></span> <span class='ocrx_word' id='word_1_529' title='bbox 1197 3604 1250 3658; x_wconf 86' lang='lat' dir='ltr'><strong>Per</strong></span> <span class='ocrx_word' id='word_1_530' title='bbox 1267 3603 1400 3672; x_wconf 90' lang='lat' dir='ltr'><strong>spiritum</strong></span> <span class='ocrx_word' id='word_1_531' title='bbox 1420 3603 1507 3669; x_wconf 92' lang='lat' dir='ltr'><strong>enim,</strong></span> <span class='ocrx_word' id='word_1_532' title='bbox 1533 3603 1561 3658; x_wconf 91' lang='lat' dir='ltr'><strong>id</strong></span> <span class='ocrx_word' id='word_1_533' title='bbox 1585 3613 1627 3661; x_wconf 90' lang='lat' dir='ltr'><strong>est</strong></span> <span class='ocrx_word' id='word_1_534' title='bbox 1652 3617 1697 3660; x_wconf 91' lang='lat' dir='ltr'><strong>ra·</strong></span> <span class='ocrx_word' id='word_1_535' title='bbox 1749 3657 1756 3672; x_wconf 73' lang='lat'><strong>.</strong></span> 
     </span>
     <span class='ocr_line' id='line_1_40' title="bbox 56 3689 1698 3761; baseline 0.001 -13"><span class='ocrx_word' id='word_1_536' title='bbox 56 3694 393 3760; x_wconf 72' lang='lat' dir='ltr'><strong>calceatsicutenim,</strong></span> <span class='ocrx_word' id='word_1_537' title='bbox 417 3692 532 3749; x_wconf 89' lang='lat' dir='ltr'><strong>sibene</strong></span> <span class='ocrx_word' id='word_1_538' title='bbox 554 3691 695 3760; x_wconf 88' lang='lat' dir='ltr'><strong>attendas,</strong></span> <span class='ocrx_word' id='word_1_539' title='bbox 719 3700 795 3748; x_wconf 88' lang='lat' dir='ltr'><strong>terra</strong></span> <span class='ocrx_word' id='word_1_540' title='bbox 851 3689 966 3755; x_wconf 90' lang='lat' dir='ltr'><strong>tionem,</strong></span> <span class='ocrx_word' id='word_1_541' title='bbox 993 3704 1060 3761; x_wconf 71' lang='lat' dir='ltr'><strong>quae</strong></span> <span class='ocrx_word' id='word_1_542' title='bbox 1081 3704 1148 3746; x_wconf 86' lang='lat' dir='ltr'><strong>curn</strong></span> <span class='ocrx_word' id='word_1_543' title='bbox 1173 3690 1229 3746; x_wconf 85' lang='lat' dir='ltr'><strong>Deo</strong></span> <span class='ocrx_word' id='word_1_544' title='bbox 1253 3690 1349 3753; x_wconf 84' lang='lat' dir='ltr'><strong>sentit,</strong></span> <span class='ocrx_word' id='word_1_545' title='bbox 1373 3699 1459 3747; x_wconf 85' lang='lat' dir='ltr'><strong>etex</strong></span> <span class='ocrx_word' id='word_1_546' title='bbox 1485 3692 1551 3761; x_wconf 84' lang='lat' dir='ltr'><strong>Deo,</strong></span> <span class='ocrx_word' id='word_1_547' title='bbox 1578 3701 1698 3749; x_wconf 89' lang='lat' dir='ltr'><strong>etcum</strong></span> 
     </span>
    </p>

    <p class='ocr_par' dir='ltr' id='par_1_4' title="bbox 56 3776 1697 3853">
     <span class='ocr_line' id='line_1_41' title="bbox 56 3776 1697 3853; baseline -0.001 -15"><span class='ocrx_word' id='word_1_548' title='bbox 56 3796 104 3839; x_wconf 81' lang='lat' dir='ltr'><strong>ene</strong></span> <span class='ocrx_word' id='word_1_549' title='bbox 118 3789 170 3848; x_wconf 86' lang='lat' dir='ltr'><strong>est,</strong></span> <span class='ocrx_word' id='word_1_550' title='bbox 186 3782 241 3837; x_wconf 90' lang='lat' dir='ltr'><strong>nisi</strong></span> <span class='ocrx_word' id='word_1_551' title='bbox 256 3782 292 3838; x_wconf 94' lang='lat' dir='ltr'><strong>de</strong></span> <span class='ocrx_word' id='word_1_552' title='bbox 304 3782 374 3838; x_wconf 89' lang='lat' dir='ltr'><strong>coelo</strong></span> <span class='ocrx_word' id='word_1_553' title='bbox 389 3779 533 3853; x_wconf 90' lang='lat' dir='ltr'><strong>quidquid</strong></span> <span class='ocrx_word' id='word_1_554' title='bbox 548 3779 616 3836; x_wconf 88' lang='lat' dir='ltr'><strong>boni</strong></span> <span class='ocrx_word' id='word_1_555' title='bbox 637 3780 729 3850; x_wconf 85' lang='lat' dir='ltr'><strong>gignit</strong></span> <span class='ocrx_word' id='word_1_556' title='bbox 744 3794 795 3837; x_wconf 89' lang='lat' dir='ltr'><strong>ac·</strong></span> <span class='ocrx_word' id='word_1_557' title='bbox 850 3777 907 3833; x_wconf 82' lang='lat' dir='ltr'><strong>lieo</strong></span> <span class='ocrx_word' id='word_1_558' title='bbox 920 3777 1006 3845; x_wconf 88' lang='lat' dir='ltr'><strong>videt,</strong></span> <span class='ocrx_word' id='word_1_559' title='bbox 1026 3776 1147 3833; x_wconf 89' lang='lat' dir='ltr'><strong>attendit</strong></span> <span class='ocrx_word' id='word_1_560' title='bbox 1162 3777 1282 3842; x_wconf 89' lang='lat' dir='ltr'><strong>bonum,</strong></span> <span class='ocrx_word' id='word_1_561' title='bbox 1294 3777 1373 3847; x_wconf 95' lang='lat' dir='ltr'><strong>quod</strong></span> <span class='ocrx_word' id='word_1_562' title='bbox 1390 3778 1451 3834; x_wconf 90' lang='lat' dir='ltr'><strong>lieri</strong></span> <span class='ocrx_word' id='word_1_563' title='bbox 1463 3780 1609 3849; x_wconf 89' lang='lat' dir='ltr'><strong>convenit,</strong></span> <span class='ocrx_word' id='word_1_564' title='bbox 1622 3780 1697 3836; x_wconf 88' lang='lat' dir='ltr'><strong>desi-</strong></span> 
     </span>
    </p>

    <p class='ocr_par' dir='ltr' id='par_1_5' title="bbox 56 3864 1719 4030">
     <span class='ocr_line' id='line_1_42' title="bbox 64 3864 1719 3941; baseline -0.001 -15"><span class='ocrx_word' id='word_1_565' title='bbox 64 3870 105 3928; x_wconf 92' lang='lat' dir='ltr'><strong>ita</strong></span> <span class='ocrx_word' id='word_1_566' title='bbox 128 3885 234 3941; x_wconf 89' lang='lat' dir='ltr'><strong>corpus</strong></span> <span class='ocrx_word' id='word_1_567' title='bbox 254 3880 385 3926; x_wconf 89' lang='lat' dir='ltr'><strong>nostrum</strong></span> <span class='ocrx_word' id='word_1_568' title='bbox 407 3868 485 3926; x_wconf 91' lang='lat' dir='ltr'><strong>omni</strong></span> <span class='ocrx_word' id='word_1_569' title='bbox 512 3868 659 3925; x_wconf 88' lang='lat' dir='ltr'><strong>sterilitate</strong></span> <span class='ocrx_word' id='word_1_570' title='bbox 683 3869 795 3925; x_wconf 89' lang='lat' dir='ltr'><strong>boniet</strong></span> <span class='ocrx_word' id='word_1_571' title='bbox 848 3866 930 3923; x_wconf 90' lang='lat' dir='ltr'><strong>derat</strong></span> <span class='ocrx_word' id='word_1_572' title='bbox 957 3865 1057 3930; x_wconf 84' lang='lat' dir='ltr'><strong>iacere,</strong></span> <span class='ocrx_word' id='word_1_573' title='bbox 1081 3864 1129 3922; x_wconf 88' lang='lat' dir='ltr'><strong>sed</strong></span> <span class='ocrx_word' id='word_1_574' title='bbox 1153 3879 1220 3922; x_wconf 89' lang='lat' dir='ltr'><strong>caro</strong></span> <span class='ocrx_word' id='word_1_575' title='bbox 1242 3866 1386 3934; x_wconf 88' lang='lat' dir='ltr'><strong>renititur,</strong></span> <span class='ocrx_word' id='word_1_576' title='bbox 1401 3874 1429 3923; x_wconf 93' lang='lat' dir='ltr'><strong>et</strong></span> <span class='ocrx_word' id='word_1_577' title='bbox 1452 3866 1649 3936; x_wconf 89' lang='lat' dir='ltr'><strong>venundatur,</strong></span> <span class='ocrx_word' id='word_1_578' title='bbox 1671 3868 1719 3926; x_wconf 88' lang='lat' dir='ltr'><strong>id.</strong></span> 
     </span>
     <span class='ocr_line' id='line_1_43' title="bbox 56 3953 1699 4030; baseline 0 -16"><span class='ocrx_word' id='word_1_579' title='bbox 56 3980 62 4014; x_wconf 91' lang='lat' dir='ltr'><strong>t</strong></span> <span class='ocrx_word' id='word_1_580' title='bbox 83 3960 190 4030; x_wconf 90' lang='lat' dir='ltr'><strong>peceati</strong></span> <span class='ocrx_word' id='word_1_581' title='bbox 206 3958 372 4030; x_wconf 90' lang='lat' dir='ltr'><strong>squalidum</strong></span> <span class='ocrx_word' id='word_1_582' title='bbox 389 3964 528 4020; x_wconf 89' lang='lat' dir='ltr'><strong>remanet,</strong></span> <span class='ocrx_word' id='word_1_583' title='bbox 549 3957 604 4013; x_wconf 91' lang='lat' dir='ltr'><strong>nisi</strong></span> <span class='ocrx_word' id='word_1_584' title='bbox 623 3957 733 4013; x_wconf 87' lang='lat' dir='ltr'><strong>ratione</strong></span> <span class='ocrx_word' id='word_1_585' title='bbox 746 3971 795 4014; x_wconf 92' lang='lat' dir='ltr'><strong>re·</strong></span> <span class='ocrx_word' id='word_1_586' title='bbox 848 3961 891 4010; x_wconf 90' lang='grc' dir='ltr'><strong>εει</strong></span> <span class='ocrx_word' id='word_1_587' title='bbox 903 3953 1046 4011; x_wconf 90' lang='lat' dir='ltr'><strong>alienatus</strong></span> <span class='ocrx_word' id='word_1_588' title='bbox 1066 3954 1151 4010; x_wconf 89' lang='lat' dir='ltr'><strong>bomo</strong></span> <span class='ocrx_word' id='word_1_589' title='bbox 1175 3967 1193 4009; x_wconf 90' lang='lat' dir='ltr'><strong>a</strong></span> <span class='ocrx_word' id='word_1_590' title='bbox 1216 3962 1354 4025; x_wconf 86' lang='lat' dir='ltr'><strong>potestate</strong></span> <span class='ocrx_word' id='word_1_591' title='bbox 1374 3956 1419 4011; x_wconf 88' lang='grc' dir='ltr'><strong>εει</strong></span> <span class='ocrx_word' id='word_1_592' title='bbox 1441 3968 1493 4026; x_wconf 93' lang='lat' dir='ltr'><strong>per</strong></span> <span class='ocrx_word' id='word_1_593' title='bbox 1513 3957 1699 4014; x_wconf 89' lang='lat' dir='ltr'><strong>consuetudi-</strong></span> 
     </span>
    </p>

    <p class='ocr_par' dir='ltr' id='par_1_6' title="bbox 67 4041 1700 4116">
     <span class='ocr_line' id='line_1_44' title="bbox 67 4041 1700 4116; baseline -0.002 -12"><span class='ocrx_word' id='word_1_594' title='bbox 67 4047 150 4104; x_wconf 85' lang='lat' dir='ltr'><strong>ltatio</strong></span> <span class='ocrx_word' id='word_1_595' title='bbox 175 4061 241 4104; x_wconf 92' lang='lat' dir='ltr'><strong>vero</strong></span> <span class='ocrx_word' id='word_1_596' title='bbox 264 4046 336 4103; x_wconf 90' lang='lat' dir='ltr'><strong>nibil</strong></span> <span class='ocrx_word' id='word_1_597' title='bbox 357 4047 436 4103; x_wconf 79' lang='lat' dir='ltr'><strong>aliud</strong></span> <span class='ocrx_word' id='word_1_598' title='bbox 455 4053 498 4102; x_wconf 88' lang='grc' dir='ltr'><strong>εει</strong></span> <span class='ocrx_word' id='word_1_599' title='bbox 517 4059 607 4116; x_wconf 90' lang='lat' dir='ltr'><strong>quam</strong></span> <span class='ocrx_word' id='word_1_600' title='bbox 623 4044 793 4113; x_wconf 88' lang='lat' dir='ltr'><strong>intellectus,</strong></span> <span class='ocrx_word' id='word_1_601' title='bbox 849 4056 914 4098; x_wconf 90' lang='lat' dir='ltr'><strong>nem</strong></span> <span class='ocrx_word' id='word_1_602' title='bbox 938 4041 1085 4113; x_wconf 86' lang='lat' dir='ltr'><strong>peccandi,</strong></span> <span class='ocrx_word' id='word_1_603' title='bbox 1110 4042 1189 4114; x_wconf 91' lang='lat' dir='ltr'><strong>quod</strong></span> <span class='ocrx_word' id='word_1_604' title='bbox 1212 4056 1269 4099; x_wconf 93' lang='lat' dir='ltr'><strong>non</strong></span> <span class='ocrx_word' id='word_1_605' title='bbox 1295 4041 1380 4100; x_wconf 91' lang='lat' dir='ltr'><strong>vellet</strong></span> <span class='ocrx_word' id='word_1_606' title='bbox 1408 4057 1459 4114; x_wconf 91' lang='lat' dir='ltr'><strong>per</strong></span> <span class='ocrx_word' id='word_1_607' title='bbox 1480 4043 1614 4112; x_wconf 90' lang='lat' dir='ltr'><strong>spiritum</strong></span> <span class='ocrx_word' id='word_1_608' title='bbox 1634 4044 1700 4101; x_wconf 91' lang='lat' dir='ltr'><strong>lacit</strong></span> 
     </span>
    </p>

    <p class='ocr_par' dir='ltr' id='par_1_7' title="bbox 56 4129 1700 4205">
     <span class='ocr_line' id='line_1_45' title="bbox 56 4129 1700 4205; baseline 0 -16"><span class='ocrx_word' id='word_1_609' title='bbox 56 4152 62 4189; x_wconf 91' lang='lat' dir='ltr'><strong>t</strong></span> <span class='ocrx_word' id='word_1_610' title='bbox 84 4135 133 4192; x_wconf 84' lang='lat' dir='ltr'><strong>liei</strong></span> <span class='ocrx_word' id='word_1_611' title='bbox 152 4140 180 4191; x_wconf 89' lang='lat' dir='ltr'><strong>et</strong></span> <span class='ocrx_word' id='word_1_612' title='bbox 195 4134 365 4205; x_wconf 84' lang='lat' dir='ltr'><strong>angelorum</strong></span> <span class='ocrx_word' id='word_1_613' title='bbox 383 4133 492 4189; x_wconf 90' lang='lat' dir='ltr'><strong>similes</strong></span> <span class='ocrx_word' id='word_1_614' title='bbox 511 4132 665 4198; x_wconf 84' lang='lat' dir='ltr'><strong>allicimur,</strong></span> <span class='ocrx_word' id='word_1_615' title='bbox 688 4145 795 4202; x_wconf 91' lang='lat' dir='ltr'><strong>quoea</strong></span> <span class='ocrx_word' id='word_1_616' title='bbox 851 4145 901 4201; x_wconf 93' lang='lat' dir='ltr'><strong>per</strong></span> <span class='ocrx_word' id='word_1_617' title='bbox 923 4129 1068 4197; x_wconf 86' lang='lat' dir='ltr'><strong>allectum,</strong></span> <span class='ocrx_word' id='word_1_618' title='bbox 1094 4138 1121 4187; x_wconf 92' lang='lat' dir='ltr'><strong>et</strong></span> <span class='ocrx_word' id='word_1_619' title='bbox 1142 4144 1179 4187; x_wconf 86' lang='lat' dir='ltr'><strong>ex</strong></span> <span class='ocrx_word' id='word_1_620' title='bbox 1194 4145 1227 4186; x_wconf 92' lang='lat' dir='ltr'><strong>eo</strong></span> <span class='ocrx_word' id='word_1_621' title='bbox 1250 4131 1328 4201; x_wconf 91' lang='lat' dir='ltr'><strong>qnod</strong></span> <span class='ocrx_word' id='word_1_622' title='bbox 1352 4131 1461 4187; x_wconf 89' lang='lat' dir='ltr'><strong>invitus</strong></span> <span class='ocrx_word' id='word_1_623' title='bbox 1484 4131 1562 4202; x_wconf 85' lang='lat' dir='ltr'><strong>lacit,</strong></span> <span class='ocrx_word' id='word_1_624' title='bbox 1585 4145 1622 4188; x_wconf 82' lang='lat' dir='ltr'><strong>en</strong></span> <span class='ocrx_word' id='word_1_625' title='bbox 1647 4132 1700 4189; x_wconf 90' lang='lat' dir='ltr'><strong>boc</strong></span> 
     </span>
    </p>

    <p class='ocr_par' dir='ltr' id='par_1_8' title="bbox 56 4217 1520 4295">
     <span class='ocr_line' id='line_1_46' title="bbox 56 4217 1520 4295; baseline -0.003 -17"><span class='ocrx_word' id='word_1_626' title='bbox 56 4222 73 4278; x_wconf 77' lang='lat' dir='ltr'><strong>ti</strong></span> <span class='ocrx_word' id='word_1_627' title='bbox 85 4231 153 4279; x_wconf 92' lang='lat' dir='ltr'><strong>sunt</strong></span> <span class='ocrx_word' id='word_1_628' title='bbox 165 4222 304 4293; x_wconf 86' lang='lat' dir='ltr'><strong>sapimus,</strong></span> <span class='ocrx_word' id='word_1_629' title='bbox 320 4236 378 4293; x_wconf 94' lang='lat' dir='ltr'><strong>quo</strong></span> <span class='ocrx_word' id='word_1_630' title='bbox 397 4222 482 4278; x_wconf 90' lang='lat' dir='ltr'><strong>etlam</strong></span> <span class='ocrx_word' id='word_1_631' title='bbox 497 4220 558 4277; x_wconf 92' lang='lat' dir='ltr'><strong>solo</strong></span> <span class='ocrx_word' id='word_1_632' title='bbox 580 4220 609 4275; x_wconf 90' lang='lat' dir='ltr'><strong>in</strong></span> <span class='ocrx_word' id='word_1_633' title='bbox 623 4220 683 4275; x_wconf 90' lang='lat' dir='ltr'><strong>vita</strong></span> <span class='ocrx_word' id='word_1_634' title='bbox 705 4219 760 4275; x_wconf 92' lang='lat' dir='ltr'><strong>bac</strong></span> <span class='ocrx_word' id='word_1_635' title='bbox 777 4233 795 4274; x_wconf 89' lang='lat' dir='ltr'><strong>a</strong></span> <span class='ocrx_word' id='word_1_636' title='bbox 811 4241 832 4295; x_wconf 76' lang='lat' dir='ltr'><strong>p</strong></span> <span class='ocrx_word' id='word_1_637' title='bbox 851 4221 913 4290; x_wconf 92' lang='lat' dir='ltr'><strong>ipso</strong></span> <span class='ocrx_word' id='word_1_638' title='bbox 927 4217 982 4290; x_wconf 79' lang='lat' dir='ltr'><strong>logi</strong></span> <span class='ocrx_word' id='word_1_639' title='bbox 994 4217 1044 4274; x_wconf 79' lang='lat' dir='ltr'><strong>liei</strong></span> <span class='ocrx_word' id='word_1_640' title='bbox 1057 4219 1196 4289; x_wconf 90' lang='lat' dir='ltr'><strong>quoniam</strong></span> <span class='ocrx_word' id='word_1_641' title='bbox 1212 4219 1288 4275; x_wconf 91' lang='lat' dir='ltr'><strong>bona</strong></span> <span class='ocrx_word' id='word_1_642' title='bbox 1302 4227 1353 4288; x_wconf 91' lang='lat' dir='ltr'><strong>est,</strong></span> <span class='ocrx_word' id='word_1_643' title='bbox 1369 4221 1520 4276; x_wconf 89' lang='lat' dir='ltr'><strong>consentit.</strong></span> 
     </span>
    </p>

    <p class='ocr_par' dir='ltr' id='par_1_9' title="bbox 65 4306 1700 4378">
     <span class='ocr_line' id='line_1_47' title="bbox 65 4306 1700 4378; baseline -0.001 -10"><span class='ocrx_word' id='word_1_644' title='bbox 65 4311 234 4378; x_wconf 80' lang='lat' dir='ltr'><strong>diberimus,</strong></span> <span class='ocrx_word' id='word_1_645' title='bbox 251 4312 306 4367; x_wconf 87' lang='lat' dir='ltr'><strong>boc</strong></span> <span class='ocrx_word' id='word_1_646' title='bbox 327 4310 534 4367; x_wconf 85' lang='lat' dir='ltr'><strong>animalitatem</strong></span> <span class='ocrx_word' id='word_1_647' title='bbox 552 4317 689 4375; x_wconf 87' lang='lat' dir='ltr'><strong>nostram,</strong></span> <span class='ocrx_word' id='word_1_648' title='bbox 710 4306 795 4364; x_wconf 87' lang='lat' dir='ltr'><strong>idest</strong></span> <span class='ocrx_word' id='word_1_649' title='bbox 884 4307 930 4373; x_wconf 81' lang='lat' dir='ltr'><strong>lit,</strong></span> <span class='ocrx_word' id='word_1_650' title='bbox 952 4312 985 4363; x_wconf 89' lang='grc' dir='ltr'><strong>ει</strong></span> <span class='ocrx_word' id='word_1_651' title='bbox 1007 4307 1144 4376; x_wconf 92' lang='lat' dir='ltr'><strong>probetur</strong></span> <span class='ocrx_word' id='word_1_652' title='bbox 1159 4308 1251 4378; x_wconf 87' lang='lat' dir='ltr'><strong>magis</strong></span> <span class='ocrx_word' id='word_1_653' title='bbox 1272 4307 1332 4363; x_wconf 79' lang='lat' dir='ltr'><strong>brec</strong></span> <span class='ocrx_word' id='word_1_654' title='bbox 1355 4316 1437 4365; x_wconf 78' lang='lat' dir='ltr'><strong>terre</strong></span> <span class='ocrx_word' id='word_1_655' title='bbox 1461 4308 1597 4377; x_wconf 85' lang='lat' dir='ltr'><strong>inanitas,</strong></span> <span class='ocrx_word' id='word_1_656' title='bbox 1620 4309 1700 4367; x_wconf 91' lang='lat' dir='ltr'><strong>addit</strong></span> 
     </span>
    </p>

    <p class='ocr_par' dir='ltr' id='par_1_10' title="bbox 56 4393 1699 4472">
     <span class='ocr_line' id='line_1_48' title="bbox 56 4393 1699 4472; baseline -0.001 -16"><span class='ocrx_word' id='word_1_657' title='bbox 56 4407 154 4468; x_wconf 83' lang='lat' dir='ltr'><strong>tatem,</strong></span> <span class='ocrx_word' id='word_1_658' title='bbox 179 4414 267 4472; x_wconf 87' lang='lat' dir='ltr'><strong>quarn</strong></span> <span class='ocrx_word' id='word_1_659' title='bbox 288 4414 355 4456; x_wconf 93' lang='lat' dir='ltr'><strong>cum</strong></span> <span class='ocrx_word' id='word_1_660' title='bbox 378 4398 476 4455; x_wconf 87' lang='lat' dir='ltr'><strong>bestiis</strong></span> <span class='ocrx_word' id='word_1_661' title='bbox 499 4396 640 4454; x_wconf 88' lang='lat' dir='ltr'><strong>babemus</strong></span> <span class='ocrx_word' id='word_1_662' title='bbox 662 4410 795 4452; x_wconf 91' lang='lat' dir='ltr'><strong>commu·</strong></span> <span class='ocrx_word' id='word_1_663' title='bbox 849 4393 955 4451; x_wconf 90' lang='lat' dir='ltr'><strong>ibidem</strong></span> <span class='ocrx_word' id='word_1_664' title='bbox 978 4395 1140 4464; x_wconf 82' lang='lat' dir='ltr'><strong>Apostolus.</strong></span> <span class='ocrx_word' id='word_1_665' title='bbox 1166 4394 1237 4451; x_wconf 85' lang='lat' dir='ltr'><strong>Nam</strong></span> <span class='ocrx_word' id='word_1_666' title='bbox 1262 4408 1329 4452; x_wconf 91' lang='lat' dir='ltr'><strong>cum</strong></span> <span class='ocrx_word' id='word_1_667' title='bbox 1353 4394 1488 4452; x_wconf 85' lang='lat' dir='ltr'><strong>dixisset:</strong></span> <span class='ocrx_word' id='word_1_668' title='bbox 1514 4399 1593 4454; x_wconf 82' lang='lat' dir='ltr'><strong>Nunc</strong></span> <span class='ocrx_word' id='word_1_669' title='bbox 1607 4402 1699 4454; x_wconf 82' lang='lat' dir='ltr'><strong>antem</strong></span> 
     </span>
    </p>

    <p class='ocr_par' dir='ltr' id='par_1_11' title="bbox 56 4482 1699 4559">
     <span class='ocr_line' id='line_1_49' title="bbox 56 4482 1699 4559; baseline -0.001 -15"><span class='ocrx_word' id='word_1_670' title='bbox 56 4501 139 4559; x_wconf 89' lang='lat' dir='ltr'><strong>egere</strong></span> <span class='ocrx_word' id='word_1_671' title='bbox 153 4494 181 4544; x_wconf 92' lang='lat' dir='ltr'><strong>et</strong></span> <span class='ocrx_word' id='word_1_672' title='bbox 196 4487 330 4544; x_wconf 88' lang='lat' dir='ltr'><strong>ordinere</strong></span> <span class='ocrx_word' id='word_1_673' title='bbox 344 4486 491 4543; x_wconf 90' lang='lat' dir='ltr'><strong>debemus.</strong></span> <span class='ocrx_word' id='word_1_674' title='bbox 848 4496 902 4536; x_wconf 84' lang='lat' dir='ltr'><strong>non</strong></span> <span class='ocrx_word' id='word_1_675' title='bbox 915 4497 1011 4552; x_wconf 83' lang='lat' dir='ltr'><strong>operor</strong></span> <span class='ocrx_word' id='word_1_676' title='bbox 1024 4497 1071 4550; x_wconf 83' lang='lat' dir='ltr'><strong>epo</strong></span> <span class='ocrx_word' id='word_1_677' title='bbox 1084 4482 1164 4548; x_wconf 82' lang='lat' dir='ltr'><strong>iilrtd,</strong></span> <span class='ocrx_word' id='word_1_678' title='bbox 1184 4482 1232 4537; x_wconf 84' lang='lat' dir='ltr'><strong>sed</strong></span> <span class='ocrx_word' id='word_1_679' title='bbox 1250 4483 1323 4552; x_wconf 84' lang='lat' dir='ltr'><strong>quod</strong></span> <span class='ocrx_word' id='word_1_680' title='bbox 1335 4485 1442 4538; x_wconf 69' lang='lat' dir='ltr'><strong>leobitot</strong></span> <span class='ocrx_word' id='word_1_681' title='bbox 1460 4487 1490 4538; x_wconf 85' lang='lat' dir='ltr'><strong>in</strong></span> <span class='ocrx_word' id='word_1_682' title='bbox 1504 4499 1547 4540; x_wconf 86' lang='lat' dir='ltr'><strong>me</strong></span> <span class='ocrx_word' id='word_1_683' title='bbox 1559 4492 1699 4556; x_wconf 70' lang='grc' dir='ltr'><strong>ρεεεειιεε</strong></span> 
     </span>
    </p>

    <p class='ocr_par' dir='ltr' id='par_1_12' title="bbox 56 4569 1699 4646">
     <span class='ocr_line' id='line_1_50' title="bbox 56 4569 1699 4646; baseline -0.001 -15"><span class='ocrx_word' id='word_1_684' title='bbox 56 4589 128 4632; x_wconf 85' lang='lat' dir='ltr'><strong>unus</strong></span> <span class='ocrx_word' id='word_1_685' title='bbox 147 4575 236 4646; x_wconf 86' lang='lat' dir='ltr'><strong>igitur</strong></span> <span class='ocrx_word' id='word_1_686' title='bbox 256 4575 360 4631; x_wconf 80' lang='lat' dir='ltr'><strong>cutum</strong></span> <span class='ocrx_word' id='word_1_687' title='bbox 384 4575 413 4634; x_wconf 93' lang='lat' dir='ltr'><strong>in</strong></span> <span class='ocrx_word' id='word_1_688' title='bbox 436 4573 528 4641; x_wconf 89' lang='lat' dir='ltr'><strong>nobis,</strong></span> <span class='ocrx_word' id='word_1_689' title='bbox 549 4586 608 4643; x_wconf 90' lang='lat' dir='ltr'><strong>quo</strong></span> <span class='ocrx_word' id='word_1_690' title='bbox 627 4571 655 4627; x_wconf 91' lang='lat' dir='ltr'><strong>in</strong></span> <span class='ocrx_word' id='word_1_691' title='bbox 670 4570 795 4628; x_wconf 86' lang='lat' dir='ltr'><strong>coelestia</strong></span> <span class='ocrx_word' id='word_1_692' title='bbox 849 4570 941 4636; x_wconf 76' lang='lat' dir='ltr'><strong>(Rom.</strong></span> <span class='ocrx_word' id='word_1_693' title='bbox 964 4584 1016 4637; x_wconf 90' lang='lat' dir='ltr'><strong>vn,</strong></span> <span class='ocrx_word' id='word_1_694' title='bbox 1043 4574 1088 4638; x_wconf 79' lang='grc' dir='ltr'><strong>ιι,</strong></span> <span class='ocrx_word' id='word_1_695' title='bbox 1114 4569 1142 4627; x_wconf 94' lang='lat' dir='ltr'><strong>id</strong></span> <span class='ocrx_word' id='word_1_696' title='bbox 1163 4577 1206 4627; x_wconf 90' lang='lat' dir='ltr'><strong>est</strong></span> <span class='ocrx_word' id='word_1_697' title='bbox 1224 4585 1282 4626; x_wconf 92' lang='lat' dir='ltr'><strong>non</strong></span> <span class='ocrx_word' id='word_1_698' title='bbox 1297 4584 1334 4626; x_wconf 81' lang='lat' dir='ltr'><strong>ex</strong></span> <span class='ocrx_word' id='word_1_699' title='bbox 1353 4585 1416 4628; x_wconf 91' lang='lat' dir='ltr'><strong>mea</strong></span> <span class='ocrx_word' id='word_1_700' title='bbox 1438 4571 1573 4630; x_wconf 87' lang='lat' dir='ltr'><strong>rationali</strong></span> <span class='ocrx_word' id='word_1_701' title='bbox 1598 4573 1699 4631; x_wconf 92' lang='lat' dir='ltr'><strong>volun-</strong></span> 
     </span>
    </p>

    <p class='ocr_par' dir='ltr' id='par_1_13' title="bbox 56 4657 1699 4732">
     <span class='ocr_line' id='line_1_51' title="bbox 56 4657 1699 4732; baseline 0.001 -14"><span class='ocrx_word' id='word_1_702' title='bbox 56 4677 140 4732; x_wconf 89' lang='lat' dir='ltr'><strong>mus;</strong></span> <span class='ocrx_word' id='word_1_703' title='bbox 166 4663 341 4720; x_wconf 80' lang='lat' dir='ltr'><strong>habemuse</strong></span> <span class='ocrx_word' id='word_1_704' title='bbox 365 4661 511 4718; x_wconf 88' lang='lat' dir='ltr'><strong>contrario</strong></span> <span class='ocrx_word' id='word_1_705' title='bbox 532 4668 649 4724; x_wconf 88' lang='lat' dir='ltr'><strong>terram,</strong></span> <span class='ocrx_word' id='word_1_706' title='bbox 674 4674 734 4730; x_wconf 91' lang='lat' dir='ltr'><strong>qua</strong></span> <span class='ocrx_word' id='word_1_707' title='bbox 758 4660 794 4716; x_wconf 90' lang='lat' dir='ltr'><strong>ad</strong></span> <span class='ocrx_word' id='word_1_708' title='bbox 849 4665 906 4714; x_wconf 90' lang='lat' dir='ltr'><strong>tate</strong></span> <span class='ocrx_word' id='word_1_709' title='bbox 929 4658 1066 4728; x_wconf 89' lang='lat' dir='ltr'><strong>procedit,</strong></span> <span class='ocrx_word' id='word_1_710' title='bbox 1081 4665 1114 4715; x_wconf 89' lang='lat' dir='ltr'><strong>ut</strong></span> <span class='ocrx_word' id='word_1_711' title='bbox 1133 4657 1241 4715; x_wconf 91' lang='lat' dir='ltr'><strong>malum</strong></span> <span class='ocrx_word' id='word_1_712' title='bbox 1263 4658 1377 4728; x_wconf 76' lang='lat' dir='ltr'><strong>daciam,</strong></span> <span class='ocrx_word' id='word_1_713' title='bbox 1402 4661 1449 4716; x_wconf 91' lang='lat' dir='ltr'><strong>scd</strong></span> <span class='ocrx_word' id='word_1_714' title='bbox 1473 4673 1509 4716; x_wconf 82' lang='grc' dir='ltr'><strong>ει</strong></span> <span class='ocrx_word' id='word_1_715' title='bbox 1533 4663 1699 4719; x_wconf 85' lang='lat' dir='ltr'><strong>necessitate</strong></span> 
     </span>
    </p>

    <p class='ocr_par' dir='ltr' id='par_1_14' title="bbox 56 4747 1700 4822">
     <span class='ocr_line' id='line_1_52' title="bbox 56 4747 1700 4822; baseline 0 -15"><span class='ocrx_word' id='word_1_716' title='bbox 56 4751 105 4808; x_wconf 82' lang='lat' dir='ltr'><strong>ida</strong></span> <span class='ocrx_word' id='word_1_717' title='bbox 132 4752 230 4808; x_wconf 82' lang='lat' dir='ltr'><strong>infima</strong></span> <span class='ocrx_word' id='word_1_718' title='bbox 249 4765 383 4822; x_wconf 90' lang='lat' dir='ltr'><strong>pecorum</strong></span> <span class='ocrx_word' id='word_1_719' title='bbox 399 4763 479 4806; x_wconf 90' lang='lat' dir='ltr'><strong>more</strong></span> <span class='ocrx_word' id='word_1_720' title='bbox 497 4749 704 4820; x_wconf 88' lang='lat' dir='ltr'><strong>demergimur.</strong></span> <span class='ocrx_word' id='word_1_721' title='bbox 730 4751 796 4805; x_wconf 77' lang='lat' dir='ltr'><strong>llaec</strong></span> <span class='ocrx_word' id='word_1_722' title='bbox 850 4759 946 4816; x_wconf 77' lang='lat' dir='ltr'><strong>prava</strong></span> <span class='ocrx_word' id='word_1_723' title='bbox 969 4747 1196 4815; x_wconf 88' lang='lat' dir='ltr'><strong>consuetudinis,</strong></span> <span class='ocrx_word' id='word_1_724' title='bbox 1227 4748 1350 4820; x_wconf 82' lang='lat' dir='ltr'><strong>adjecit:</strong></span> <span class='ocrx_word' id='word_1_725' title='bbox 1377 4751 1438 4806; x_wconf 82' lang='lat' dir='ltr'><strong>scio</strong></span> <span class='ocrx_word' id='word_1_726' title='bbox 1461 4751 1532 4804; x_wconf 78' lang='lat' dir='ltr'><strong>mim</strong></span> <span class='ocrx_word' id='word_1_727' title='bbox 1557 4754 1700 4822; x_wconf 83' lang='lat' dir='ltr'><strong>quianon</strong></span> 
     </span>
    </p>

    <p class='ocr_par' dir='ltr' id='par_1_15' title="bbox 56 4835 1696 4910">
     <span class='ocr_line' id='line_1_53' title="bbox 56 4835 1696 4910; baseline 0 -14"><span class='ocrx_word' id='word_1_728' title='bbox 56 4838 198 4897; x_wconf 88' lang='lat' dir='ltr'><strong>eeundum</strong></span> <span class='ocrx_word' id='word_1_729' title='bbox 228 4837 406 4909; x_wconf 77' lang='lat' dir='ltr'><strong>Apostolum,</strong></span> <span class='ocrx_word' id='word_1_730' title='bbox 442 4837 565 4894; x_wconf 88' lang='lat' dir='ltr'><strong>invicem</strong></span> <span class='ocrx_word' id='word_1_731' title='bbox 591 4836 793 4906; x_wconf 87' lang='lat' dir='ltr'><strong>adversantur,</strong></span> <span class='ocrx_word' id='word_1_732' title='bbox 849 4835 956 4889; x_wconf 77' lang='lat' dir='ltr'><strong>traditor</strong></span> <span class='ocrx_word' id='word_1_733' title='bbox 974 4837 1066 4902; x_wconf 67' lang='lat' dir='ltr'><strong>inane,</strong></span> <span class='ocrx_word' id='word_1_734' title='bbox 1082 4836 1130 4890; x_wconf 79' lang='lat' dir='ltr'><strong>loc</strong></span> <span class='ocrx_word' id='word_1_735' title='bbox 1145 4840 1184 4891; x_wconf 86' lang='lat' dir='ltr'><strong>ert</strong></span> <span class='ocrx_word' id='word_1_736' title='bbox 1198 4838 1228 4890; x_wconf 80' lang='lat' dir='ltr'><strong>in</strong></span> <span class='ocrx_word' id='word_1_737' title='bbox 1245 4852 1411 4905; x_wconf 85' lang='lat' dir='ltr'><strong>cornemco,</strong></span> <span class='ocrx_word' id='word_1_738' title='bbox 1429 4841 1527 4892; x_wconf 82' lang='lat' dir='ltr'><strong>borram</strong></span> <span class='ocrx_word' id='word_1_739' title='bbox 1543 4839 1621 4909; x_wconf 78' lang='lat' dir='ltr'><strong>(ibid.</strong></span> <span class='ocrx_word' id='word_1_740' title='bbox 1641 4840 1696 4910; x_wconf 84' lang='lat' dir='ltr'><strong>ta).</strong></span> 
     </span>
    </p>

    <p class='ocr_par' dir='ltr' id='par_1_16' title="bbox 56 4922 1696 4996">
     <span class='ocr_line' id='line_1_54' title="bbox 56 4922 1696 4996; baseline 0.004 -18"><span class='ocrx_word' id='word_1_741' title='bbox 56 4948 59 4978; x_wconf 95' lang='lat' dir='ltr'><strong>t</strong></span> <span class='ocrx_word' id='word_1_742' title='bbox 86 4926 162 4983; x_wconf 92' lang='lat' dir='ltr'><strong>bona</strong></span> <span class='ocrx_word' id='word_1_743' title='bbox 181 4928 315 4996; x_wconf 89' lang='lat' dir='ltr'><strong>cupimus</strong></span> <span class='ocrx_word' id='word_1_744' title='bbox 337 4926 438 4993; x_wconf 87' lang='lat' dir='ltr'><strong>lacere,</strong></span> <span class='ocrx_word' id='word_1_745' title='bbox 454 4925 560 4995; x_wconf 77' lang='lat' dir='ltr'><strong>septus</strong></span> <span class='ocrx_word' id='word_1_746' title='bbox 582 4938 640 4980; x_wconf 92' lang='lat' dir='ltr'><strong>non</strong></span> <span class='ocrx_word' id='word_1_747' title='bbox 655 4925 795 4994; x_wconf 81' lang='lat' dir='ltr'><strong>possimus</strong></span> <span class='ocrx_word' id='word_1_748' title='bbox 848 4922 947 4978; x_wconf 90' lang='lat' dir='ltr'><strong>Omnis</strong></span> <span class='ocrx_word' id='word_1_749' title='bbox 961 4922 1038 4978; x_wconf 93' lang='lat' dir='ltr'><strong>enirn</strong></span> <span class='ocrx_word' id='word_1_750' title='bbox 1060 4930 1194 4980; x_wconf 86' lang='lat' dir='ltr'><strong>creatura</strong></span> <span class='ocrx_word' id='word_1_751' title='bbox 1214 4923 1276 4981; x_wconf 87' lang='lat' dir='ltr'><strong>sine</strong></span> <span class='ocrx_word' id='word_1_752' title='bbox 1300 4925 1367 4993; x_wconf 88' lang='lat' dir='ltr'><strong>Deo,</strong></span> <span class='ocrx_word' id='word_1_753' title='bbox 1390 4927 1419 4982; x_wconf 89' lang='lat' dir='ltr'><strong>in</strong></span> <span class='ocrx_word' id='word_1_754' title='bbox 1435 4936 1578 4996; x_wconf 87' lang='lat' dir='ltr'><strong>qnantum</strong></span> <span class='ocrx_word' id='word_1_755' title='bbox 1594 4927 1630 4982; x_wconf 88' lang='lat' dir='ltr'><strong>ad</strong></span> <span class='ocrx_word' id='word_1_756' title='bbox 1646 4942 1696 4985; x_wconf 87' lang='lat' dir='ltr'><strong>ve-</strong></span> 
     </span>
    </p>

    <p class='ocr_par' dir='ltr' id='par_1_17' title="bbox 58 5010 1696 5085">
     <span class='ocr_line' id='line_1_55' title="bbox 58 5010 1696 5085; baseline 0.001 -15"><span class='ocrx_word' id='word_1_757' title='bbox 58 5017 138 5085; x_wconf 69' lang='lat' dir='ltr'><strong>,iit</strong></span> <span class='ocrx_word' id='word_1_758' title='bbox 159 5016 231 5071; x_wconf 85' lang='lat' dir='ltr'><strong>Cum</strong></span> <span class='ocrx_word' id='word_1_759' title='bbox 252 5015 349 5085; x_wconf 90' lang='lat' dir='ltr'><strong>itaque</strong></span> <span class='ocrx_word' id='word_1_760' title='bbox 366 5013 402 5069; x_wconf 92' lang='lat' dir='ltr'><strong>ad</strong></span> <span class='ocrx_word' id='word_1_761' title='bbox 416 5015 506 5070; x_wconf 80' lang='grc' dir='ltr'><strong>ιιειιιε</strong></span> <span class='ocrx_word' id='word_1_762' title='bbox 521 5013 727 5079; x_wconf 87' lang='lat' dir='ltr'><strong>convertimur,</strong></span> <span class='ocrx_word' id='word_1_763' title='bbox 745 5028 794 5069; x_wconf 89' lang='lat' dir='ltr'><strong>ra·</strong></span> <span class='ocrx_word' id='word_1_764' title='bbox 850 5023 914 5066; x_wconf 89' lang='lat' dir='ltr'><strong>rum</strong></span> <span class='ocrx_word' id='word_1_765' title='bbox 929 5023 989 5066; x_wconf 87' lang='lat' dir='ltr'><strong>esse</strong></span> <span class='ocrx_word' id='word_1_766' title='bbox 1011 5010 1142 5080; x_wconf 88' lang='lat' dir='ltr'><strong>pertinet,</strong></span> <span class='ocrx_word' id='word_1_767' title='bbox 1161 5011 1232 5067; x_wconf 89' lang='lat' dir='ltr'><strong>nibil</strong></span> <span class='ocrx_word' id='word_1_768' title='bbox 1247 5020 1299 5079; x_wconf 88' lang='lat' dir='ltr'><strong>est,</strong></span> <span class='ocrx_word' id='word_1_769' title='bbox 1324 5025 1361 5079; x_wconf 88' lang='lat' dir='ltr'><strong>er,</strong></span> <span class='ocrx_word' id='word_1_770' title='bbox 1379 5016 1402 5068; x_wconf 86' lang='lat' dir='ltr'><strong>si</strong></span> <span class='ocrx_word' id='word_1_771' title='bbox 1418 5026 1522 5085; x_wconf 77' lang='lat' dir='ltr'><strong>expers</strong></span> <span class='ocrx_word' id='word_1_772' title='bbox 1541 5017 1576 5071; x_wconf 90' lang='lat' dir='ltr'><strong>sit</strong></span> <span class='ocrx_word' id='word_1_773' title='bbox 1591 5017 1696 5072; x_wconf 90' lang='lat' dir='ltr'><strong>summi</strong></span> 
     </span>
    </p>

    <p class='ocr_par' dir='ltr' id='par_1_18' title="bbox 56 5098 1697 5174">
     <span class='ocr_line' id='line_1_56' title="bbox 56 5098 1697 5174; baseline 0.001 -14"><span class='ocrx_word' id='word_1_774' title='bbox 56 5103 206 5174; x_wconf 82' lang='lat' dir='ltr'><strong>,quesub</strong></span> <span class='ocrx_word' id='word_1_775' title='bbox 220 5101 325 5159; x_wconf 82' lang='lat' dir='ltr'><strong>ellectu</strong></span> <span class='ocrx_word' id='word_1_776' title='bbox 346 5101 454 5158; x_wconf 86' lang='lat' dir='ltr'><strong>carnali</strong></span> <span class='ocrx_word' id='word_1_777' title='bbox 476 5100 560 5172; x_wconf 88' lang='lat' dir='ltr'><strong>quasi</strong></span> <span class='ocrx_word' id='word_1_778' title='bbox 575 5100 680 5157; x_wconf 86' lang='lat' dir='ltr'><strong>ancilla</strong></span> <span class='ocrx_word' id='word_1_779' title='bbox 695 5101 794 5157; x_wconf 84' lang='lat' dir='ltr'><strong>ordine</strong></span> <span class='ocrx_word' id='word_1_780' title='bbox 849 5098 926 5164; x_wconf 94' lang='lat' dir='ltr'><strong>boni,</strong></span> <span class='ocrx_word' id='word_1_781' title='bbox 949 5112 1049 5168; x_wconf 90' lang='lat' dir='ltr'><strong>perse</strong></span> <span class='ocrx_word' id='word_1_782' title='bbox 1070 5113 1222 5170; x_wconf 85' lang='lat' dir='ltr'><strong>nunquam</strong></span> <span class='ocrx_word' id='word_1_783' title='bbox 1244 5100 1319 5156; x_wconf 91' lang='lat' dir='ltr'><strong>bona</strong></span> <span class='ocrx_word' id='word_1_784' title='bbox 1334 5110 1388 5157; x_wconf 90' lang='lat' dir='ltr'><strong>est.</strong></span> <span class='ocrx_word' id='word_1_785' title='bbox 1411 5101 1510 5158; x_wconf 89' lang='lat' dir='ltr'><strong>Omnis</strong></span> <span class='ocrx_word' id='word_1_786' title='bbox 1529 5112 1624 5161; x_wconf 89' lang='lat' dir='ltr'><strong>autem</strong></span> <span class='ocrx_word' id='word_1_787' title='bbox 1647 5119 1697 5161; x_wconf 89' lang='lat' dir='ltr'><strong>na-</strong></span> 
     </span>
    </p>

    <p class='ocr_par' dir='ltr' id='par_1_19' title="bbox 56 5186 1697 5263">
     <span class='ocr_line' id='line_1_57' title="bbox 56 5186 1697 5263; baseline 0.004 -21"><span class='ocrx_word' id='word_1_788' title='bbox 56 5197 130 5256; x_wconf 82' lang='lat' dir='ltr'><strong>tero,</strong></span> <span class='ocrx_word' id='word_1_789' title='bbox 154 5198 182 5246; x_wconf 89' lang='lat' dir='ltr'><strong>et</strong></span> <span class='ocrx_word' id='word_1_790' title='bbox 197 5191 280 5246; x_wconf 89' lang='lat' dir='ltr'><strong>valde</strong></span> <span class='ocrx_word' id='word_1_791' title='bbox 301 5203 434 5260; x_wconf 86' lang='lat' dir='ltr'><strong>perverso</strong></span> <span class='ocrx_word' id='word_1_792' title='bbox 453 5189 576 5260; x_wconf 86' lang='lat' dir='ltr'><strong>jacebat,</strong></span> <span class='ocrx_word' id='word_1_793' title='bbox 596 5188 744 5260; x_wconf 87' lang='lat' dir='ltr'><strong>erigimus,</strong></span> <span class='ocrx_word' id='word_1_794' title='bbox 767 5196 795 5245; x_wconf 87' lang='lat' dir='ltr'><strong>et</strong></span> <span class='ocrx_word' id='word_1_795' title='bbox 849 5196 916 5243; x_wconf 83' lang='lat' dir='ltr'><strong>tura</strong></span> <span class='ocrx_word' id='word_1_796' title='bbox 939 5186 1040 5257; x_wconf 81' lang='lat' dir='ltr'><strong>quiae</strong></span> <span class='ocrx_word' id='word_1_797' title='bbox 1056 5187 1113 5242; x_wconf 82' lang='lat' dir='ltr'><strong>liro</strong></span> <span class='ocrx_word' id='word_1_798' title='bbox 1127 5187 1168 5254; x_wconf 80' lang='lat' dir='ltr'><strong>itt,</strong></span> <span class='ocrx_word' id='word_1_799' title='bbox 1192 5187 1266 5243; x_wconf 92' lang='lat' dir='ltr'><strong>bona</strong></span> <span class='ocrx_word' id='word_1_800' title='bbox 1279 5197 1336 5259; x_wconf 85' lang='grc' dir='ltr'><strong>εει;</strong></span> <span class='ocrx_word' id='word_1_801' title='bbox 1352 5190 1485 5248; x_wconf 84' lang='grc' dir='ltr'><strong>(ιιειιειεε</strong></span> <span class='ocrx_word' id='word_1_802' title='bbox 1497 5193 1697 5263; x_wconf 85' lang='grc' dir='ltr'><strong>εειιε,εεειιε-</strong></span> 
     </span>
    </p>

    <p class='ocr_par' dir='ltr' id='par_1_20' title="bbox 61 5273 1696 5349">
     <span class='ocr_line' id='line_1_58' title="bbox 61 5273 1696 5349; baseline 0.003 -15"><span class='ocrx_word' id='word_1_803' title='bbox 61 5291 140 5347; x_wconf 89' lang='lat' dir='ltr'><strong>enm,</strong></span> <span class='ocrx_word' id='word_1_804' title='bbox 160 5279 211 5349; x_wconf 95' lang='lat' dir='ltr'><strong>qui</strong></span> <span class='ocrx_word' id='word_1_805' title='bbox 231 5277 328 5335; x_wconf 88' lang='lat' dir='ltr'><strong>servili</strong></span> <span class='ocrx_word' id='word_1_806' title='bbox 344 5276 467 5333; x_wconf 83' lang='lat' dir='ltr'><strong>audacia</strong></span> <span class='ocrx_word' id='word_1_807' title='bbox 481 5276 605 5332; x_wconf 77' lang='lat' dir='ltr'><strong>domine</strong></span> <span class='ocrx_word' id='word_1_808' title='bbox 620 5291 680 5333; x_wconf 82' lang='lat' dir='ltr'><strong>sure</strong></span> <span class='ocrx_word' id='word_1_809' title='bbox 697 5276 794 5332; x_wconf 85' lang='lat' dir='ltr'><strong>insur·</strong></span> <span class='ocrx_word' id='word_1_810' title='bbox 848 5275 918 5330; x_wconf 91' lang='lat' dir='ltr'><strong>dum</strong></span> <span class='ocrx_word' id='word_1_811' title='bbox 936 5274 1001 5338; x_wconf 86' lang='lat' dir='ltr'><strong>boc,</strong></span> <span class='ocrx_word' id='word_1_812' title='bbox 1018 5273 1177 5343; x_wconf 89' lang='lat' dir='ltr'><strong>bonusest,</strong></span> <span class='ocrx_word' id='word_1_813' title='bbox 1199 5275 1247 5332; x_wconf 93' lang='lat' dir='ltr'><strong>sed</strong></span> <span class='ocrx_word' id='word_1_814' title='bbox 1268 5286 1372 5334; x_wconf 82' lang='lat' dir='ltr'><strong>exano</strong></span> <span class='ocrx_word' id='word_1_815' title='bbox 1388 5280 1530 5348; x_wconf 84' lang='lat' dir='ltr'><strong>pessimus</strong></span> <span class='ocrx_word' id='word_1_816' title='bbox 1548 5288 1599 5338; x_wconf 88' lang='lat' dir='ltr'><strong>est.</strong></span> <span class='ocrx_word' id='word_1_817' title='bbox 1614 5281 1696 5339; x_wconf 90' lang='lat' dir='ltr'><strong>Unde</strong></span> 
     </span>
    </p>

    <p class='ocr_par' dir='ltr' id='par_1_21' title="bbox 56 5362 1696 5438">
     <span class='ocr_line' id='line_1_59' title="bbox 56 5362 1696 5438; baseline 0.002 -16"><span class='ocrx_word' id='word_1_818' title='bbox 56 5372 72 5435; x_wconf 93' lang='lat' dir='ltr'><strong>t,</strong></span> <span class='ocrx_word' id='word_1_819' title='bbox 95 5373 268 5438; x_wconf 71' lang='lat' dir='ltr'><strong>perpetuu·</strong></span> <span class='ocrx_word' id='word_1_820' title='bbox 285 5371 431 5422; x_wconf 76' lang='lat' dir='ltr'><strong>carumen</strong></span> <span class='ocrx_word' id='word_1_821' title='bbox 445 5377 580 5421; x_wconf 83' lang='lat' dir='ltr'><strong>exercere</strong></span> <span class='ocrx_word' id='word_1_822' title='bbox 597 5363 793 5434; x_wconf 86' lang='lat' dir='ltr'><strong>proponimus.</strong></span> <span class='ocrx_word' id='word_1_823' title='bbox 848 5376 954 5419; x_wconf 88' lang='lat' dir='ltr'><strong>verum</strong></span> <span class='ocrx_word' id='word_1_824' title='bbox 970 5371 1013 5420; x_wconf 86' lang='lat' dir='ltr'><strong>est</strong></span> <span class='ocrx_word' id='word_1_825' title='bbox 1030 5362 1101 5434; x_wconf 90' lang='lat' dir='ltr'><strong>quia</strong></span> <span class='ocrx_word' id='word_1_826' title='bbox 1120 5370 1205 5430; x_wconf 87' lang='lat' dir='ltr'><strong>terra,</strong></span> <span class='ocrx_word' id='word_1_827' title='bbox 1221 5372 1367 5437; x_wconf 90' lang='lat' dir='ltr'><strong>quantum</strong></span> <span class='ocrx_word' id='word_1_828' title='bbox 1381 5380 1416 5422; x_wconf 87' lang='lat' dir='ltr'><strong>ex</strong></span> <span class='ocrx_word' id='word_1_829' title='bbox 1434 5381 1464 5424; x_wconf 88' lang='lat' dir='ltr'><strong>se</strong></span> <span class='ocrx_word' id='word_1_830' title='bbox 1485 5368 1578 5431; x_wconf 88' lang='lat' dir='ltr'><strong>babet.</strong></span> <span class='ocrx_word' id='word_1_831' title='bbox 1600 5369 1696 5426; x_wconf 87' lang='lat' dir='ltr'><strong>inanis</strong></span> 
     </span>
    </p>

    <p class='ocr_par' dir='ltr' id='par_1_22' title="bbox 56 5449 1694 5526">
     <span class='ocr_line' id='line_1_60' title="bbox 56 5449 1694 5526; baseline 0.001 -15"><span class='ocrx_word' id='word_1_832' title='bbox 56 5467 119 5526; x_wconf 80' lang='lat' dir='ltr'><strong>ergo</strong></span> <span class='ocrx_word' id='word_1_833' title='bbox 137 5455 264 5525; x_wconf 74' lang='lat' dir='ltr'><strong>mimum</strong></span> <span class='ocrx_word' id='word_1_834' title='bbox 288 5451 318 5509; x_wconf 91' lang='lat' dir='ltr'><strong>ln</strong></span> <span class='ocrx_word' id='word_1_835' title='bbox 342 5451 426 5510; x_wconf 88' lang='lat' dir='ltr'><strong>nobis</strong></span> <span class='ocrx_word' id='word_1_836' title='bbox 440 5449 546 5509; x_wconf 73' lang='lat' dir='ltr'><strong>colunt</strong></span> <span class='ocrx_word' id='word_1_837' title='bbox 568 5459 693 5508; x_wconf 85' lang='lat' dir='ltr'><strong>aeterra</strong></span> <span class='ocrx_word' id='word_1_838' title='bbox 710 5462 796 5506; x_wconf 81' lang='grc' dir='ltr'><strong>ειει-</strong></span> <span class='ocrx_word' id='word_1_839' title='bbox 848 5457 900 5517; x_wconf 85' lang='grc' dir='ltr'><strong>ειι,</strong></span> <span class='ocrx_word' id='word_1_840' title='bbox 914 5451 997 5508; x_wconf 86' lang='lat' dir='ltr'><strong>nulla</strong></span> <span class='ocrx_word' id='word_1_841' title='bbox 1018 5451 1099 5508; x_wconf 87' lang='lat' dir='ltr'><strong>utilia</strong></span> <span class='ocrx_word' id='word_1_842' title='bbox 1114 5453 1260 5524; x_wconf 85' lang='lat' dir='ltr'><strong>cogitans;</strong></span> <span class='ocrx_word' id='word_1_843' title='bbox 1281 5466 1374 5511; x_wconf 74' lang='lat' dir='ltr'><strong>vacua</strong></span> <span class='ocrx_word' id='word_1_844' title='bbox 1392 5461 1444 5523; x_wconf 86' lang='lat' dir='ltr'><strong>est,</strong></span> <span class='ocrx_word' id='word_1_845' title='bbox 1463 5455 1536 5512; x_wconf 88' lang='lat' dir='ltr'><strong>nibil</strong></span> <span class='ocrx_word' id='word_1_846' title='bbox 1560 5455 1694 5512; x_wconf 89' lang='lat' dir='ltr'><strong>idoneum</strong></span> 
     </span>
    </p>
   </div>
   <div class='ocr_carea' id='block_1_3' title="bbox 0 0 1917 6008">
    <p class='ocr_par' dir='ltr' id='par_1_23' title="bbox 0 0 1917 6008">
     <span class='ocr_line' id='line_1_61' title="bbox 0 0 1917 6008; baseline 0 0"><span class='ocrx_word' id='word_1_847' title='bbox 0 0 1917 6008; x_wconf 95' lang='lat' dir='ltr'><strong> </strong></span> 
     </span>
    </p>
   </div>
  </div>
 </body>
</html>
