3818 6008
114 220 185 279 1039
280 184 289 198 Ι
632 215 680 271 Ab
699 214 775 271 OPP.
796 214 875 273 VEN.
896 213 1058 271 Gulosum
1079 213 1123 268 ott
1143 210 1342 269 dottendto
1801 209 1872 265 toto

114 364 280 415 sanctorum
293 353 416 412 exuvias
434 351 587 409 identidem
603 357 732 436 argento,
747 363 828 415 auro,
844 348 964 420 gemmis
983 352 1007 404 Α
1055 347 1246 424 Nibilosecios
1259 345 1327 402 olim
1341 353 1368 402 et
1384 345 1412 400 in
1432 345 1511 402 bunc
1526 359 1619 417 usque
1637 344 1714 401 diem
1740 343 1872 400 diversas

113 444 342 502 circumvestisse
370 448 398 497 et
427 441 591 496 adornasse.
629 436 770 508 Exempla
803 443 961 520 suppetunt
1016 451 1066 506 per
1087 436 1228 492 Ecclesias
1249 436 1336 491 nnius
1361 433 1485 505 alicujus
1507 433 1597 490 sancti
1616 447 1681 489 ossa
1704 432 1870 502 dispertire,

112 533 284 598 innumera;
306 544 371 601 quae
397 528 545 586 brevitatis
565 541 633 598 ergo
648 533 774 582 attexere
790 524 960 595 supersede-
1014 539 1073 594 quo
1088 524 1116 580 in
1133 524 1266 581 cumdem
1287 523 1384 592 popuii
1400 530 1555 594 angeretur
1577 521 1691 577 devotio
1713 528 1744 577 et
1763 521 1870 589 cuitus,

113 635 188 678 ntus.
215 621 309 675 instar
337 617 395 674 sint
421 616 551 673 omniunt
579 615 606 670 S.
637 612 751 669 Salvius
774 612 959 668 ambianens.
1013 612 1144 668 stabilem
1155 611 1344 681 permansisse
1354 608 1873 679 consuetudinemproduntEvodius

114 708 196 774 «Qui
219 706 384 777 sepulcrum
400 704 427 761 S.
456 703 573 760 Firmiui
596 716 668 758 auro
689 701 867 772 gemmisque
882 699 961 755 nobi·
1013 701 1053 755 De
1069 701 1167 755 mirac.
1183 699 1209 755 S.
1226 699 1373 769 Stephani,
1389 698 1438 754 iib.
1455 713 1474 765 1,
1488 712 1551 767 cap.
1564 701 1596 768 i;
1612 697 1690 768 apud
1700 699 1830 768 August.
1845 697 1872 753 iu

111 796 176 853 liter
198 795 384 851 decoravit.»
408 793 481 849 Vitae
500 791 527 848 S.
553 790 639 846 Salvii
660 803 723 859 cap.
745 791 768 843 3.
796 789 831 843 Ει
850 787 878 844 S.
898 787 960 845 Au·
1014 788 1143 858 append.
1160 795 1227 844 tom.
1241 788 1264 843 X
1278 804 1286 854 ι
1302 786 1469 842 Theodorei.
1487 785 1558 841 Hist.
1573 785 1622 842 lib.
1636 800 1665 852 v,
1677 799 1743 855 cap.
1762 787 1815 854 36;
1828 785 1872 841 Ni·

111 884 221 941 doenus
235 882 265 937 in
280 881 346 939 Vita
361 880 388 937 S.
415 877 502 951 Eligii
517 878 565 934 lib.
582 893 601 940 ι.
617 891 680 947 cap.
708 879 741 931 32
758 891 764 930 :
781 898 795 926 «
819 874 871 932 iiic
886 875 959 930 idem
1013 876 1127 946 cepbor.
1141 876 1190 932 iib.
1204 890 1252 937 vu,
1260 890 1324 946 cap.
1334 872 1716 944 iti.0uinctiamscriptores
1726 879 1872 929 testantur

109 973 282 1038 virbeatus,
306 971 496 1026 intercaetera
517 966 658 1022 bonorum
679 978 798 1035 operum
826 963 959 1035 iusignia,
1012 963 1089 1020 viros
1117 963 1254 1034 religione
1283 962 1453 1033 conspicuos
1477 975 1592 1018 summa
1617 976 1686 1017 cnm
1717 961 1872 1017 devotione

109 1059 203 1117 multa
218 1065 384 1114 sanctorum
400 1068 472 1112 auro
487 1061 666 1125 argentoque
681 1051 860 1123 etgcnmmis
875 1050 960 1106 labri·
1012 1058 1178 1106 sanctornm
1205 1057 1329 1120 gestasse
1355 1047 1502 1118 reliquias,
1536 1048 1616 1104 velut
1645 1047 1673 1104 S.
1704 1047 1872 1105 Germanus

110 1148 188 1203 cavit
210 1144 352 1215 sepulcra,
379 1144 468 1200 idest
489 1141 633 1209 Germani,
661 1138 800 1205 Severini,
825 1138 959 1202 Piatouis,
1013 1138 1267 1194 Autissiodorensis
1279 1145 1349 1194 teste
1365 1136 1455 1206 ipsius
1470 1136 1629 1208 biographo
1645 1136 1728 1206 apud
1751 1134 1871 1193 Surium

110 1233 249 1303 Quintini,
268 1231 355 1298 Lucii,
373 1230 532 1295 Genovelae,
561 1228 716 1296 Columbae,
740 1225 909 1285 Maximiani
932 1233 960 1280 et
1013 1229 1047 1282 30
1065 1226 1122 1283 Jui.
1148 1226 1193 1282 SS.
1212 1226 1381 1283 Benedictus
1400 1233 1428 1282 et
1451 1227 1578 1294 Maurus,
1603 1225 1749 1282 referente
1766 1225 1872 1282 Fausto

110 1321 231 1390 hulieni,
259 1328 286 1377 et
310 1319 429 1384 iuliani,
454 1317 550 1374 adbuc
577 1325 605 1374 et
634 1317 757 1372 aiiornm
789 1314 957 1381 multorum,
1014 1315 1043 1371 in
1059 1316 1123 1372 Vita
1143 1315 1170 1372 S.
1188 1315 1292 1381 Mauri,
1307 1329 1370 1385 cap.
1396 1316 1422 1382 3,
1447 1323 1535 1385 atque
1564 1313 1613 1371 alii
1630 1313 1869 1385 quamplurimi.

109 1411 158 1468 sed
188 1409 332 1480 praecipue
357 1405 472 1463 Martini
497 1405 620 1461 Turonis
648 1403 774 1471 civitate,
801 1410 854 1459 etc.
880 1403 958 1458 Prae·
1013 1405 1050 1460 At
1079 1418 1156 1472 vcro,
1187 1426 1199 1453 ‹
1227 1405 1280 1461 Per
1303 1404 1356 1460 boc
1389 1403 1519 1475 (gemens
1557 1403 1659 1460 scribit
1693 1403 1744 1458 bic
1774 1410 1869 1459 noster

109 1505 188 1554 terea
209 1494 322 1566 Eligins
353 1491 506 1548 fabricavit
524 1498 551 1547 et
578 1491 756 1547 mausoleum
776 1489 803 1545 S.
827 1489 960 1560 Martyris
1013 1493 1178 1561 Guibertus)
1208 1493 1322 1564 quode
1351 1491 1472 1548 tumulis
1496 1500 1652 1558 eruuntur,
1682 1491 1868 1547 membratim

110 1582 238 1654 Dionysii
265 1582 393 1638 Parisios
422 1580 546 1647 civitate,
574 1587 601 1635 et
625 1580 777 1649 tugurium
802 1592 889 1648 super
914 1577 957 1648 ip·
1013 1580 1071 1636 buc
1100 1580 1230 1651 illucque
1255 1579 1397 1645 ieruutur,
1430 1587 1457 1636 et
1487 1595 1552 1636 cum
1585 1579 1701 1650 pietatis
1733 1580 1869 1636 obtentus

109 1686 174 1729 snm
199 1684 393 1726 marmoreum
407 1668 486 1740 {miro
506 1682 590 1738 opere
617 1668 652 1723 de
675 1680 747 1723 auro
761 1673 789 1723 et
814 1667 957 1737 gemmis:
979 1644 1128 1725 Boccasio'
1153 1669 1378 1725 circumlationis
1395 1668 1546 1737 exstiterit,
1573 1668 1609 1723 ad
1638 1668 1694 1724 boc
1725 1669 1868 1725 subeunte
1885 1662 1907 1715 Ἴ

109 1760 226 1815 cristam
242 1772 359 1829 quoque
373 1765 401 1812 et
420 1758 526 1826 species
541 1756 575 1810 de
591 1755 683 1811 fronte
707 1754 859 1824 magnilica
882 1768 958 1809 com-
1014 1757 1143 1828 nequitia
1158 1755 1323 1826 detorqueri
1338 1763 1431 1826 crepta
1444 1765 1485 1810 est
1500 1755 1666 1811 intentionis
1680 1756 1839 1813 rectitudo.
1857 1778 1866 1804 ι

110 1848 222 1918 posuit3
240 1860 361 1902 necnon
376 1851 404 1900 et
420 1858 489 1900 axes
503 1843 533 1899 io
548 1843 672 1899 circuitu
691 1842 799 1911 altaris,
818 1863 829 1891 ι
846 1851 899 1899 etc.
916 1843 959 1898 Ita
1012 1844 1108 1911 Quare
1134 1844 1262 1914 synnodus
1289 1843 1403 1899 Bracar.
1430 1859 1469 1910 m,
1500 1857 1563 1914 cap.
1578 1847 1615 1897 6:
1645 1862 1659 1894 e
1685 1843 1868 1913 agnovimus

107 1949 161 1992 nis.
178 1935 268 1991 codex
283 1933 446 1991 corbeiens.
1013 1933 1153 2002 quosdam
1194 1933 1229 1988 de
1270 1932 1415 2002 episcopis,
1449 1932 1528 2002 quod
1564 1933 1594 1986 iu
1635 1931 1867 1988 solemnitatibus

144 2025 231 2080 Porro
258 2021 286 2077 id
312 2034 404 2092 genus
426 2020 574 2075 tbecarnm
602 2032 675 2074 auro
698 2025 726 2074 et
749 2025 868 2089 argento
887 2032 959 2073 con-
1014 2029 1174 2090 martyrum
1199 2020 1235 2076 ad
1258 2020 1407 2076 ecclesiam
1432 2021 1612 2091 progressuri
1634 2020 1782 2090 reliquias
1800 2021 1865 2077 collo

107 2112 260 2177 lectarum,
279 2118 366 2180 atque
390 2108 512 2179 gemmis
534 2108 654 2178 sparsim
679 2114 859 2174 ornatarum,
879 2105 957 2163 anti·
1013 2122 1066 2164 suo
1088 2109 1247 2177 imponant,
1270 2114 1298 2163 et
1325 2115 1356 2164 ut
1382 2109 1498 2179 majoris
1520 2107 1610 2164 iastus
1631 2109 1713 2179 apud
1738 2109 1865 2164 homines

107 2199 208 2271 quitus
233 2199 261 2253 in
284 2197 411 2253 Ecclesia
434 2210 520 2252 usum
542 2195 697 2250 invaluisse
724 2193 844 2250 tradunt
871 2197 959 2252 Sozo-
1013 2195 1103 2267 gloria
1135 2196 1327 2251 intumescant
1363 2196 1457 2266 (quasi
1485 2196 1539 2266 ipsi
1571 2196 1629 2251 sint
1671 2193 1864 2266 reliquiarum

107 2300 210 2342 menus
230 2285 279 2342 iib.
305 2300 344 2353 ιιι,
367 2297 430 2353 cap.
451 2288 477 2349 a,
501 2283 528 2338 in
555 2282 629 2352 ssue3
650 2281 800 2352 Nicephor.
824 2282 873 2337 iib.
898 2296 956 2350 xvv,
1013 2286 1091 2354 arca)
1105 2282 1208 2339 Levitae
1231 2282 1305 2339 albis
1318 2276 1411 2339 induti
1443 2284 1472 2339 in
1492 2283 1601 2339 sellulis
1628 2298 1677 2340 eos
1702 2285 1862 2355 deportant.

107 2387 170 2445 cap.
189 2373 411 2444 453Aimoinus
431 2371 585 2427 Demirac.
605 2370 749 2426 benedict.
769 2370 818 2426 lib.
843 2386 872 2437 n,
892 2383 955 2440 cap.
1012 2373 1080 2437 Quae
1105 2372 1274 2427 detestanda
1303 2371 1489 2442 presumptio
1521 2371 1655 2442 abrogari
1691 2373 1865 2442 peremnia

109 2464 142 2516 ts
158 2462 213 2518 sub
229 2461 325 2517 linem.
1012 2459 1105 2527 debet,
1129 2473 1165 2515 ne
1189 2459 1244 2515 sub
1272 2459 1433 2515 sanctitatis
1459 2459 1553 2529 specie
1581 2461 1722 2517 simulata
1752 2461 1864 2517 vanitas

143 2549 238 2606 Solere
262 2556 358 2606 autem
384 2549 509 2604 Francos
533 2546 562 2602 in
585 2545 684 2602 abside
707 2545 832 2601 ecciesiae
857 2558 958 2614 capsas
1013 2548 1073 2604 sola
1087 2546 1253 2618 prevaleat,
1279 2569 1289 2595 ι
1312 2555 1365 2603 etc.
1391 2547 1507 2604 Minime
1529 2556 1625 2604 autem
1646 2547 1736 2604 bocce
1754 2548 1865 2605 decreto

107 2645 275 2693 sanctornm
312 2635 443 2706 reliquiis
478 2634 597 2690 refertas
629 2632 777 2700 collocare,
814 2633 897 2703 queis
929 2639 958 2687 et
1013 2635 1302 2706 reliquiasapopulo
1318 2634 1382 2698 coli,
1400 2635 1442 2692 vei
1460 2637 1535 2699 ipsas
1548 2636 1653 2692 deterri
1668 2637 1708 2693 ab
1727 2637 1866 2708 episcopis

106 2724 207 2792 lintea,
241 2736 275 2778 ac
305 2723 397 2779 serica
423 2720 510 2792 pallia
533 2721 780 2791 supponebantur,
811 2720 889 2776 testis
917 2727 959 2775 est
1012 2724 1203 2795 improbatur.
1233 2747 1243 2772 ι
1271 2723 1352 2790 Quod
1380 2725 1404 2779 si
1426 2724 1511 2780 etiam
1534 2725 1689 2794 episcopus
1714 2727 1865 2795 (subinfert
1903 2698 1907 2817 Ι

106 2812 258 2883 Eginbart.
282 2824 345 2879 cap.
376 2809 428 2865 ult.
459 2808 508 2864 lib.
538 2808 577 2864 De
602 2808 731 2864 translat.
760 2807 807 2864 SS.
833 2808 907 2864 Petri
931 2815 958 2863 et
1012 2812 1140 2882 synodus
1158 2813 1268 2879 eadem)
1288 2813 1426 2882 reliquias
1447 2826 1496 2882 per
1518 2827 1547 2868 se
1564 2813 1718 2882 deportare
1735 2815 1864 2886 elegerit,
1905 2822 1907 2859 ῑ

107 2899 277 2966 Marcellini,
291 2897 369 2968 apud
386 2896 502 2953 Surium
516 2897 550 2951 ad
566 2896 640 2952 diem
654 2899 670 2950 a
683 2896 772 2952 iunii.
975 2915 1069 2992 cnon
1087 2902 1144 2970 ipse
1165 2914 1183 2955 a
1207 2900 1376 2957 diaconibus
1393 2901 1422 2956 in
1446 2900 1564 2968 sellulis,
1581 2901 1631 2957 sed
1650 2901 1750 2972 potius
1774 2904 1864 2973 pedis-
1905 2942 1907 2969 ,

143 2988 186 3044 dd
213 2985 283 3057 quid
313 2986 429 3042 demum
459 2984 630 3056 ejuscemodi
657 2984 686 3039 in
714 2983 840 3054 capsulis
868 2997 956 3040 sacrae
1011 3004 1102 3060 sequa
1125 3003 1167 3057 eo,
1195 3002 1255 3044 nna
1283 3003 1350 3046 cum
1379 2990 1493 3060 populis
1529 2992 1731 3061 progressione
1759 3006 1863 3062 praec·
1905 3016 1907 3041 t

107 3075 238 3146 reliquia
251 3081 445 3139 asserventur,
466 3073 546 3129 docet
560 3071 730 3128 Theolridus
747 3072 836 3128 abbas
864 3085 956 3127 servm

107 3165 143 3219 de
156 3161 296 3233 reliquiis,
313 3170 380 3217 ante
395 3160 502 3217 linem:
522 3181 532 3210 ι
551 3161 583 3215 in
603 3159 787 3230 dispositione
812 3174 882 3216 sane
906 3159 956 3215 Dei

106 3260 186 3308 tanta
213 3250 296 3322 quasi
331 3248 544 3320 patrisfamilias
569 3249 662 3314 domo,
691 3262 762 3304 vasa
790 3248 819 3303 in
848 3249 956 3304 bonore

105 3353 167 3396 esse
192 3352 227 3395 ac
251 3338 340 3394 luisse
370 3336 451 3393 electi
480 3336 662 3404 creduntur;
696 3337 759 3392 ideo
795 3343 823 3392 et
854 3350 955 3392 eorum

103 3427 234 3498 reliquiae
262 3426 384 3482 invasis
410 3425 506 3480 aureis
527 3432 614 3493 atque
642 3424 798 3494 argenteis,
823 3432 851 3480 et
879 3438 956 3495 gern-

103 3516 198 3584 matis,
215 3529 248 3570 ac
262 3513 292 3569 in
313 3512 447 3568 omnibus
461 3526 527 3581 quae
548 3512 671 3581 pretiosa
692 3519 769 3578 sunt,
792 3502 954 3568 'recondun-

104 3610 164 3670 tnr,
182 3624 192 3652 ι
210 3610 262 3659 etc.
291 3600 348 3657 Nec
377 3600 413 3655 ab
438 3599 482 3655 bis
506 3599 657 3656 dissimilia
685 3598 789 3657 ellatus
815 3608 856 3656 est
887 3608 954 3656 ante

1011 3074 1104 3143 dente,
1135 3096 1145 3122 ι
1173 3082 1227 3130 etc.
1265 3075 1377 3132 videsis
1408 3076 1444 3131 ad
1481 3076 1576 3147 ipsunt
1617 3083 1707 3146 caput
1747 3078 1863 3135 adnota-

1011 3162 1127 3218 tionem.

1045 3250 1131 3305 Abest
1153 3265 1241 3320 quam
1264 3251 1429 3323 longissime
1449 3252 1485 3308 ab
1502 3251 1604 3323 synodi
1626 3252 1705 3309 iliius
1725 3254 1860 3325 reiigione

1009 3344 1037 3393 et
1064 3337 1123 3393 zelo
1152 3353 1234 3394 mens
1262 3353 1363 3395 eornm
1393 3341 1445 3410 qui
1475 3341 1711 3410 ecclesiasticam,
1745 3344 1806 3400 imo
1836 3351 1858 3398 et

1009 3427 1160 3482 arctiorem
1176 3428 1265 3483 vitam
1287 3427 1414 3497 professi,
1435 3430 1530 3484 nescio
1550 3444 1610 3499 qua
1634 3431 1754 3500 pietate,
1777 3446 1859 3503 prope

1008 3515 1139 3572 dixeram
1155 3513 1309 3585 impietate,
1327 3515 1416 3582 ducti,
1437 3517 1590 3588 purissima
1604 3519 1859 3590 sacratissimaque

1008 3607 1175 3660 sanctorum
1195 3617 1260 3659 ossa
1279 3604 1442 3660 minutatim
1466 3605 1641 3676 discerpunt.
1663 3614 1697 3663 ut
1724 3622 1799 3665 auro
1813 3615 1860 3663 aut

102 3690 289 3749 'l'beolridum
302 3688 329 3744 S.
357 3689 458 3746 Petrus
473 3689 616 3758 Damieni,
639 3703 770 3745 sermone
784 3689 819 3743 de
834 3688 953 3744 transla-

106 3778 223 3836 tiones.
241 3777 354 3846 Hilarii,
372 3777 463 3834 initio.

1008 3698 1136 3761 argento,
1177 3705 1211 3747 ac
1246 3693 1367 3762 gemmis
1405 3701 1534 3749 contecta
1571 3693 1757 3752 mulierculis
1794 3696 1860 3751 dant

1007 3787 1188 3847 ornamenta,
1212 3780 1342 3843 monilia,
1371 3781 1506 3846 indibria,
1530 3788 1558 3837 et
1578 3781 1698 3851 perditis
1718 3797 1754 3840 ac
1774 3785 1860 3840 disso-

139 3866 183 3938 (¹⁸)
197 3869 263 3924 cae.
288 3865 366 3931 tv,§
388 3880 406 3919 ι.
423 3894 458 3904 -
482 3866 567 3918 certe
594 3861 621 3916 si
642 3867 807 3918 cunctorum
832 3879 954 3935 corpora
1008 3866 1162 3938 iutissvepe
1177 3868 1248 3923 viris
1269 3868 1410 3925 scelerum
1436 3868 1547 3938 species
1560 3877 1587 3924 et
1610 3870 1760 3928 obtentus.
1786 3871 1859 3929 Menl

101 3970 157 4009 aaa
180 3953 264 4021 iuxta
288 3954 399 4005 natura
436 3950 561 4006 debitum
588 3950 663 4017 ioca,
690 3948 721 4004 id
748 3954 790 4004 esi
818 3951 953 4022 sepulcro
1007 3955 1109 4026 ecquid
1135 3963 1241 4026 ageret,
1269 3956 1378 4025 quibus
1405 3956 1501 4013 verbis
1529 3958 1726 4015 ”sabbas
1756 3970 1860 4028 noster,

100 4042 274 4107 servassent,
290 4047 343 4095 etc.
369 4039 410 4094 Eo
424 4038 477 4094 loci
494 4042 607 4109 propter
621 4038 741 4108 impium
755 4039 952 4094 tautummodo
1007 4043 1162 4114 Patraeque
1183 4043 1290 4115 praelati
1317 4045 1429 4114 synodi,
1451 4060 1511 4116 quo
1534 4044 1674 4103 nelariam
1702 4048 1780 4105 adeo
1804 4064 1861 4106 rem

101 4128 315 4195 commercium,
343 4136 371 4182 et
398 4126 498 4183 ialsam
525 4127 676 4182 hominum
710 4125 889 4198 religionem,
920 4140 954 4183 ao
1006 4131 1128 4187 emedio
1144 4132 1284 4200 tollerent,
1300 4140 1462 4190 uterentur.
1474 4135 1562 4191 Pareo
1578 4134 1703 4206 scriptis,
1732 4137 1862 4209 nequid

101 4216 244 4283 fraudem,
286 4213 423 4272 Guiberto
459 4229 517 4271 non
564 4215 723 4285 probantur
763 4214 953 4284 reliquiarum
972 4219 1136 4290 ngravius.

100 4303 311 4371 translationes
352 4302 586 4372 divisionesque:
626 4316 714 4372 quam
754 4302 790 4358 ob
831 4315 948 4358 causam
1039 4307 1175 4364 Andeant
1195 4308 1524 4382 nihilominusquitam
1549 4311 1664 4368 iunesta
1686 4322 1772 4383 peste
1790 4314 1862 4372 labo

101 4392 202 4449 beatus
223 4391 406 4464 Augustinus
422 4391 456 4448 de
480 4404 565 4461 opere
584 4390 790 4447 Monachorum
810 4403 873 4460 cap.
889 4392 946 4446 28:
1008 4403 1084 4460 rant,
1121 4403 1149 4452 et
1186 4397 1271 4453 corde
1305 4398 1474 4467 percipiant,
1511 4399 1546 4455 de
1583 4408 1662 4456 recto
1689 4411 1860 4461 sanctorum

102 4500 117 4530 u
132 4480 235 4536 Multos
250 4479 414 4550 hypocritas
428 4479 482 4534 snb
498 4478 598 4533 babitu
615 4478 821 4533 monachorum
840 4491 949 4548 usque-

100 4583 218 4640 quaque
232 4567 365 4638 dispersit
392 4565 525 4637 (daemon)
547 4565 759 4621 circumeuntes
774 4566 947 4635 provincias,

99 4670 247 4729 nusquam
262 4657 373 4722 missos,
390 4667 536 4726 nusquam
552 4653 636 4721 dxos,
658 4667 804 4724 nusquam
831 4662 948 4723 stantes,

99 4759 245 4816 nusquam
256 4745 404 4810 sedentes;
422 4742 469 4799 alii
482 4743 610 4800 membra
626 4751 796 4813 martyrum,
814 4742 836 4798 si
853 4751 948 4799 tamen

98 4841 260 4902 martyrum
300 4830 440 4898 membra,
493 4831 653 4895 venditant,
706 4837 760 4887 etc.
803 4830 949 4901 Siquidem

99 4919 303 4977 callidissimos
328 4919 417 4974 bostis
436 4919 575 4990 (loquitur
596 4919 749 4989 baronius)
769 4920 881 4977 studuit
905 4920 949 4976 iu·

97 5007 208 5065 iamare
231 5005 424 5063 clarissimum
454 5007 660 5063 monachorum
686 5021 801 5063 nomen.
829 5028 840 5054 ι
869 5006 949 5073 Quod

97 5095 254 5153 Theodosio
281 5094 348 5163 imp.
380 5094 540 5151 sanciendae
573 5095 695 5166 hujusce
722 5094 795 5165 legis
819 5093 873 5150 luit
902 5109 949 5151 oc·

97 5183 399 5240 caslo:‹i1umatum
418 5196 522 5252 corpus
542 5198 626 5240 nemo
649 5183 683 5238 ad
708 5183 831 5240 aiterum
855 5182 949 5239 locum

98 5272 274 5328 transierat:
301 5285 384 5326 nemo
407 5277 564 5341 martyrem
588 5270 740 5336 distrabat,
764 5284 849 5328 nemo
867 5284 949 5327 mer-

96 5367 188 5428 cetur,
207 5378 219 5407 »
235 5366 288 5415 etc.
304 5357 334 5414 C.
361 5357 379 5414 i.
396 5357 448 5415 uit.
471 5358 509 5414 be
531 5358 657 5428 sepulcr.
680 5357 777 5415 violat.
798 5358 828 5414 C.
854 5359 947 5416 'ibeo-

95 5447 206 5506 dusius.

1005 4481 1177 4552 pignoribus
1192 4483 1274 4539 cultu
1288 4485 1462 4554 exhibendo,
1486 4501 1635 4558 quamque
1649 4488 1789 4561 religiose
1806 4493 1862 4548 sint
1905 4520 1907 4526 ·

1003 4571 1181 4627 asservanda
1204 4572 1274 4643 quid
1306 4575 1454 4643 edoceant,
1482 4576 1701 4648 decernantque
1727 4581 1860 4648 coucilia,

1003 4665 1031 4715 et
1050 4661 1154 4715 summi
1176 4660 1302 4716 ecciesiae
1334 4669 1465 4718 rectores.
1490 4662 1596 4720 Concii.
1625 4665 1804 4735 Epaonensc
1829 4672 1860 4725 Α.

1004 4746 1033 4802 C.
1051 4749 1102 4801 atr
1117 4746 1302 4816 celebratum,
1324 4763 1386 4819 cap.
1410 4753 1467 4806 25:
1490 4773 1500 4800 ι
1524 4751 1697 4810 Sanctorum
1729 4756 1861 4828 reliquie

1002 4833 1032 4890 in
1058 4836 1189 4893 oratoriis
1211 4837 1363 4894 villaribus
1386 4854 1442 4894 non
1475 4849 1632 4909 ponantur,
1649 4841 1708 4918 nisi
1741 4844 1860 4904 lorsitan

1003 4921 1120 4980 ciericos
1155 4924 1357 4996 cujuscunque
1383 4925 1527 4996 parochia
1554 4929 1666 4985 viciuos
1695 4935 1859 5006 contingat,

1003 5011 1054 5080 qni
1077 5011 1166 5067 sacris
1187 5012 1333 5070 cineribus
1357 5015 1495 5085 psallendi
1520 5015 1683 5088 irequentia
1712 5020 1859 5079 iamuieu-

1004 5104 1060 5154 tur.
1092 5120 1106 5146 ι
1131 5099 1222 5155 Caroli
1252 5101 1349 5172 Magni
1373 5105 1458 5174 capit.
1488 5107 1503 5160 3
1539 5105 1645 5162 Eccics.
1678 5121 1749 5181 cap.
1782 5132 1794 5160 ‹
1825 5112 1858 5169 b't

1003 5185 1208 5257 unusquisque
1235 5190 1368 5245 sacerdos
1395 5191 1544 5250 ecclesiam
1570 5207 1654 5251 suam
1679 5200 1764 5255 omni
1790 5200 1857 5256 dili·

1003 5273 1099 5344 gentia
1113 5274 1244 5343 aedificet,
1261 5285 1289 5333 et
1308 5278 1446 5349 reliquias
1464 5289 1631 5339 sanctorum
1651 5299 1722 5343 cnm
1744 5301 1857 5346 summo

1002 5361 1098 5418 studio
1122 5362 1288 5433 vigiliarum
1315 5367 1405 5435 noctis
1431 5374 1459 5425 et
1487 5368 1595 5426 divinis
1616 5370 1724 5431 oidciis
1742 5391 1858 5434 conser-

1003 5454 1061 5505 vet.
1081 5447 1262 5521 »Gregorius
1283 5452 1359 5525 Mag.
1387 5455 1436 5512 iib.
1459 5469 1487 5525 v,
1509 5457 1593 5527 epist.
1612 5460 1660 5532 iii,
1681 5462 1783 5522 missis
1810 5464 1855 5522 SS
