3818 6008
69 254 122 309 stt
512 253 542 306 V.
562 251 729 309 udluultul
746 251 893 309 acuaris
911 252 943 309 S.
965 251 1087 309 ssahim
1108 251 1153 308 DE
1173 250 1369 309 notificato
1772 256 1821 310 828

71 386 124 443 sihi
141 385 287 443 incassum
303 384 524 450 obsecundante,
541 382 689 452 Liburnis,
709 396 776 439 cum
787 382 848 440 dux
864 395 916 452 per
933 381 1062 439 Acausa
1077 382 1221 451 miraculi,
1237 382 1357 440 luminis
1376 397 1475 440 omnes
1489 396 1598 441 munus
1619 382 1763 463 unimoda
1777 384 1820 440 iu·

71 474 198 546 eiusdem
211 473 345 543 aequoris,
367 472 436 528 satis
462 471 595 528 mediocri
612 472 760 536 comitatu,
778 485 916 542 propera·
969 474 1095 532 tentione
1125 471 1246 543 precari.
1263 471 1321 529 Nec
1349 478 1419 528 tunc
1445 481 1507 529 erat
1531 473 1704 544 importuna
1725 469 1819 528 dilatio

72 569 114 617 ret
137 575 248 628 arenas,
278 560 456 617 ferventibus
481 560 577 628 remis,
605 559 762 629 rostrisque
792 561 918 615 cavanti·
969 562 1042 635 quin
1057 560 1205 618 desideriis
1216 567 1345 629 ‚astuata
1361 559 1468 631 petitio,
1485 560 1574 617 alacri
1594 560 1739 617 leniretur
1752 556 1820 614 elie·

72 648 127 704 bus
147 649 249 715 uttdas,
274 649 389 705 obviant
416 664 445 705 se
464 648 592 718 praebere
622 656 801 715 concertans,
827 648 916 704 littori
970 658 1029 706 ctu.
1057 648 1165 705 Audivi
1186 661 1203 702 a
1223 647 1363 718 personis,
1385 661 1451 718 quae
1474 647 1543 704 illuc
1577 647 1646 715 iere,
1670 644 1820 712 senilibus,

71 735 188 791 classem
205 735 347 805 appellere
363 735 538 792 maturabat.
560 741 636 791 ‘¹⁶⁰
651 737 687 792 Αῑ
703 736 774 804 dux,
788 735 917 792 Omnium
971 742 1048 815 quod
1064 754 1193 812 papyrus
1205 740 1249 795 vel
1265 739 1391 795 lichinus
1408 740 1559 810 (namutro
1570 747 1696 796 utantur
1711 737 1821 795 utrius·

71 838 137 895 quae
158 824 219 880 lieri
235 824 344 881 dextris
361 826 478 895 quirent
493 824 799 893 mortalibusexpers,
814 837 917 880 mucro·
971 846 1029 904 qua
1055 844 1112 887 nun
1140 826 1221 900 novi)
1252 827 1367 900 gentilis
1386 829 1471 885 semel
1497 827 1653 899 cujusdam
1680 825 1717 883 sit
1739 824 1822 881 theca

71 913 152 970 ribus
168 913 276 969 intimis
291 913 587 985 pulsathltissimum.
602 922 630 969 et
652 914 788 986 proponit
801 912 827 968 ei
840 911 918 983 quod
971 920 1114 987 sublatus,
1138 917 1304 987 ternumque
1331 916 1470 973 remansit
1494 916 1595 985 inane;
1620 915 1683 982 sed,
1710 913 1823 970 coelitus

71 999 224 1057 subiturus
251 1001 417 1058 Obedlessier
450 1009 522 1068 erat,
546 1016 596 1073 pro
627 1002 681 1058 fidi
705 1003 769 1073 eJ'US
799 1001 916 1062 luendas
971 1008 1085 1065 labente
1100 1004 1249 1072 miraculo,
1270 1018 1306 1060 ex
1324 1003 1398 1060 terro
1423 1005 1519 1060 lumen
1543 1002 1672 1059 emersit.
1688 1001 1823 1071 Dumque

73 1092 154 1162 regni
167 1091 327 1162 negotium,
349 1093 384 1147 Et
398 1106 472 1159 ecce,
491 1107 555 1162 quae
580 1091 736 1148 mobilitate
751 1092 919 1148 terebantur
970 1095 1073 1152 fraude
1100 1094 1222 1150 virtutes
1254 1091 1335 1163 cupit
1371 1105 1510 1148 enervare
1534 1103 1689 1161 supernas,
1712 1087 1822 1154 didicit,

73 1178 191 1250 aligera,
210 1193 307 1249 naves,
324 1179 445 1237 limacea
464 1181 627 1236 morositate
651 1181 799 1248 resistunt,
822 1187 918 1250 etque
974 1191 1103 1241 «contra
1116 1197 1200 1240 suam
1216 1180 1344 1252 ipsarum
1369 1187 1516 1247 naturam,
1541 1178 1598 1235 lieo
1623 1191 1680 1234 suu
1700 1175 1824 1233 militare

73 1268 241 1339 ampliorem
258 1271 347 1327 tunsis
361 1270 455 1326 salum
474 1269 658 1326 verrentibus
673 1268 799 1340 quisque
815 1269 919 1324 nititur
972 1279 1102 1328 naturas.
1118 1290 1132 1320 »

73 1356 109 1412 ad
138 1372 314 1427 processum,
330 1366 419 1428 tanto,
439 1358 499 1429 spei
526 1372 586 1414 suae
609 1358 768 1414 mutatione
786 1357 917 1424 ridicula,
1009 1358 1092 1432 [illa]
1109 1358 1149 1411 Oh
1163 1350 1668 1428 pecculuchrialiuaorumamplt'ua
1682 1349 1824 1419 baudup
1862 1340 1865 1351 '

72 1443 228 1500 studiosius
243 1457 336 1514 prorae
363 1446 535 1502 rotabantur
554 1444 589 1500 ad
608 1459 726 1516 puppes.
753 1446 794 1501 lta
817 1445 920 1514 impru
968 1451 1064 1522 purat.
1080 1477 1115 1487 -
1134 1445 1218 1501 Anno
1229 1457 1308 1516 ergo,
1319 1458 1360 1515 ex
1375 1457 1433 1514 quo
1444 1456 1496 1499 rex
1509 1441 1646 1513 prelatus
1658 1441 1823 1508 susceperat

74 1530 177 1586 borum
199 1530 263 1587 luso
276 1531 430 1601 molimine,
453 1533 514 1589 dux
529 1533 631 1589 merita
647 1532 778 1588 libertate
801 1532 917 1602 potitus,
971 1545 1093 1606 sceptra,
1118 1532 1261 1604 sequenti,
1287 1532 1352 1601 eius
1387 1530 1475 1587 luisse
1504 1528 1629 1585 traditur
1665 1523 1822 1584 diluentes
1865 1550 1867 1631 p

73 1615 108 1672 de
121 1618 283 1688 recipienda
306 1632 437 1689 purpura
457 1619 575 1676 evidens
592 1618 706 1675 coelitus
727 1619 849 1688 sumpsit
867 1631 918 1673 au·
971 1630 1052 1680 tanta
1076 1620 1210 1678 miraculi
1232 1626 1264 1674 ut
1290 1618 1340 1673 vix
1362 1616 1529 1673 imminente
1561 1622 1646 1672 nocte
1677 1610 1822 1670 orantium

72 1706 204 1775 spicium.
220 1705 294 1763 lllud
310 1721 355 1763 rne
371 1708 546 1778 praeterierat
559 1706 638 1778 quod
654 1706 776 1763 Pisanus
799 1704 917 1762 antistes
936 1676 1163 1780 Bdentiumque
1186 1707 1344 1778 potuissent
1373 1712 1440 1762 vota
1461 1703 1609 1774 compleri.
1630 1701 1735 1759 Sestum
1757 1713 1823 1771 pra

73 1793 236 1858 Daibertus,
263 1807 329 1850 cunt
351 1793 451 1865 aliqua
475 1808 534 1850 sure
555 1793 644 1863 plebis
670 1791 844 1862 frequentia,
859 1790 918 1860 cpi·
972 1799 1023 1855 lati
1038 1796 1169 1868 presulis
1184 1795 1277 1852 lactus
1303 1795 1340 1850 ad
1356 1794 1505 1865 populum,
1526 1794 1560 1850 de
1572 1791 1755 1850 confessione
1767 1789 1822 1846 sula

72 1895 157 1951 scopo
174 1881 300 1951 quodam
315 1881 410 1952 hpulo
425 1882 527 1938 comite
541 1881 766 1952 Hierosolymam
779 1879 840 1951 iam
851 1894 917 1936 cum
972 1886 1063 1944 licitat
1100 1891 1293 1956 peccatorum.
1333 1883 1395 1940 ilex
1428 1890 1456 1939 et
1492 1880 1597 1952 praesul
1632 1877 1822 1937 resarciendis

72 1969 248 2037 mentuque,
259 1977 286 2026 et
304 1969 357 2026 hcc
371 1969 433 2038 ipso
445 1969 518 2025 duce
532 1976 725 2039 praecesserat.
972 1975 1093 2047 pacilius
1109 1974 1228 2040 instant,
1245 1971 1269 2027 si
1285 1985 1344 2042 qua
1359 1970 1426 2027 lidei
1444 1969 1649 2041 honestatique
1672 1980 1735 2025 nun
1759 1981 1823 2023 con·

106 2059 201 2128 Regno
237 2056 380 2129 capessito
412 2054 574 2111 lietduinus
600 2055 712 2111 Arabes
737 2057 854 2112 coercet.
883 2083 918 2093 -

72 2146 182 2202 Primos
200 2160 268 2202 suos
286 2153 349 2217 post
373 2159 464 2217 regna
482 2153 598 2215 accepta
624 2144 800 2215 procinctus,
822 2150 850 2199 et
872 2143 917 2197 iu-

72 2240 117 2289 tra
153 2232 234 2289 sinus
281 2233 444 2291 exercuisse
473 2233 641 2304 perhibetur
682 2232 827 2289 Arabicus.
863 2230 918 2287 Ubi

71 2321 141 2379 dum
156 2322 192 2379 ad
211 2321 290 2378 Sinai
312 2322 526 2393 mentiensque
547 2322 659 2378 devexa
674 2322 847 2392 procederet,
870 2334 917 2376 re-

72 2411 145 2482 perit
172 2411 324 2477 incultum,
348 2418 376 2467 et
394 2409 564 2480 AEthiopicis
586 2409 678 2466 simile
703 2408 852 2465 huminum
870 2423 917 2480 ge·

71 2512 136 2555 nus.
150 2496 272 2565 Quibus,
282 2511 333 2568 pro
348 2496 455 2568 agresti
470 2510 526 2553 usu
541 2510 575 2552 ac
589 2495 769 2553 deformitate
792 2495 917 2561 insolita,

71 2586 137 2641 vitae
162 2585 281 2642 indulsit
296 2598 413 2640 munus.
433 2582 476 2639 lbi
496 2583 526 2639 in
548 2582 667 2639 ecclesia
682 2596 748 2652 quae
763 2582 860 2639 Sancti
877 2582 920 2638 di·

71 2672 190 2730 uebatur
219 2674 316 2729 Aaron
331 2672 435 2738 oravit,
454 2670 504 2727 ubi
526 2683 581 2727 sua
604 2671 681 2726 licus
698 2683 764 2728 cum
786 2670 918 2740 patribus

71 2761 189 2820 oracula
210 2760 367 2819 celebravit
393 2768 422 2818 ct
449 2760 594 2817 exercitus
617 2759 652 2814 de
676 2758 918 2816 contradictionis

72 2850 147 2907 lente
164 2849 280 2920 potavit.
297 2848 362 2912 Ubi,
379 2848 450 2920 quia
467 2847 577 2917 lloyscs
593 2846 623 2903 in
639 2846 721 2903 labiis
734 2846 915 2916 distinxerat,

972 2061 1206 2135 gruunt,corrigi
1214 2059 1432 2130 promittuntur.
1441 2060 1562 2125 interea,
1571 2053 1821 2129 urgentenegutio,

974 2159 1031 2208 tam
1056 2149 1220 2205 enormium
1241 2146 1397 2203 criminum
1422 2146 1462 2202 ihi
1481 2160 1515 2203 eu
1533 2144 1578 2201 die
1601 2151 1646 2201 est
1661 2142 1741 2200 lacta
1757 2156 1823 2199 cuu-

972 2237 1064 2300 iessio,
1083 2243 1114 2292 ut
1132 2235 1185 2290 nisi
1203 2233 1351 2304 poenitudo
1379 2233 1553 2299 succederet,
1570 2230 1659 2302 digne
1676 2228 1823 2286 derividc·

973 2333 1053 2383 retur
1064 2323 1191 2390 lucrinis,
1208 2321 1309 2390 sancti,
1322 2321 1571 2388 ablatadilatione,
1583 2317 1722 2375 sublatio.
1739 2317 1824 2388 Cujus

972 2422 1068 2472 tamen
1084 2413 1172 2469 etiarn
1200 2419 1280 2478 tunc,
1301 2420 1362 2480 post
1381 2409 1599 2480 correptionem,
1619 2423 1680 2466 non
1700 2421 1825 2464 remora·

974 2512 1022 2560 tur
1037 2500 1177 2558 accensio.
1206 2504 1240 2555 hl
1262 2497 1352 2555 altero
1377 2500 1495 2570 posthac
1517 2512 1605 2565 anno,
1631 2495 1682 2553 ubi
1706 2494 1825 2551 adeam

973 2604 1093 2652 ventum
1106 2600 1149 2648 est
1164 2592 1264 2647 horam
1278 2589 1513 2660 quasepulcrum
1536 2585 1696 2658 gloriosum
1707 2582 1825 2640 damma

973 2679 1245 2742 coelestiselticeret,
1274 2677 1478 2734 universorum
1501 2674 1615 2746 penitus
1639 2679 1710 2729 vota
1733 2668 1825 2739 suspi-

973 2772 1064 2837 ciunt,
1085 2768 1191 2826 Graecis
1219 2766 1310 2839 igitur
1332 2779 1366 2822 ac
1387 2764 1474 2836 Syris,
1500 2761 1646 2820 Armeniis
1667 2758 1779 2830 pariter
1792 2768 1826 2811 ac

973 2859 1093 2925 Latinis,
1110 2856 1278 2928 quibusque
1292 2868 1341 2925 per
1355 2866 1476 2911 suarum
1491 2851 1661 2923 linguarum
1672 2846 1824 2912 idiomata,

71 2954 124 2997 nec
138 2942 228 2996 Deum
241 2952 337 2996 curam
362 2937 427 2994 liliis
441 2937 529 2993 lsrael
544 2935 783 3003 sanctificaverat,
810 2943 918 2992 aleria
938 2951 1065 3011 gneum
1089 2960 1124 3002 gc
1145 2945 1209 3016 ujus
1222 2941 1447 2999 convocantibus
1471 2947 1600 3006 sanctos,
1629 2951 1709 3009 rege.
1734 2947 1826 3005 procu

70 3040 138 3083 eum
154 3027 230 3083 Deus
243 3025 438 3097 promissionis
465 3023 606 3081 absentat.
623 3023 659 3079 Et
680 3023 743 3080 istic
760 3023 916 3094 presbyteri
971 3038 1063 3105 ribus,
1089 3042 1118 3091 et
1142 3031 1258 3104 pupulo,
1288 3029 1456 3101 poeuirentia
1467 3028 1660 3097 cordiumque
1676 3023 1826 3096 rugitibus

70 3116 148 3174 illius
174 3115 229 3172 mei
249 3114 384 3171 muham
415 3113 529 3185 ⁰l11ssi⁰si
555 3127 615 3168 1¹0ss
646 3112 724 3169 0⁰1⁰}
750 3112 839 3180 Sinai,
868 3112 917 3168 sed
971 3120 1335 3197 prosequentibuscleros;
1361 3119 1465 3175 misero
1491 3130 1590 3174 omues
1612 3112 1825 3172 exulceraban-

71 3216 153 3259 mons
173 3201 212 3259 Oi
226 3200 406 3273 ffissfl⁰⁵⁰illlr
420 3215 491 3268 08⁸0,
513 3199 603 3256 Ρθῐΐῑθ
622 3199 770 3270 diffindam
786 3198 915 3255 Arabum
970 3221 1019 3271 tur
1034 3211 1149 3276 aflectu,
1162 3207 1240 3279 quod
1261 3221 1295 3264 ea
1307 3207 1378 3263 urbe
1390 3206 1450 3278 jam
1472 3202 1674 3262 aChristiauis
1696 3202 1824 3266 obtenta,

71 3289 267 3348 conterminus
285 3288 361 3357 urbi,
383 3288 433 3346 ubi
450 3295 478 3345 et
492 3289 591 3345 Aaron
617 3287 761 3343 huminem
785 3285 917 3352 exultet
971 3301 1040 3358 intpp
1067 3295 1275 3368 oenangggam
1303 3309 1369 3366 quq,
1393 3307 1546 3364 „unquam
1560 3290 1693 3348 evenisso
1708 3289 1766 3346 gub
1781 3301 1825 3360 pq.

70 3393 148 3450 aqua
159 3377 193 3436 de
200 3378 306 3435 intimo
321 3391 463 3448 percussae
480 3375 562 3447 rupis
574 3376 704 3447 emergit.
971 3389 1055 3463 ganas
1070 3386 1231 3444 audierant,

106 3466 346 3541 [xxtuxicupe
360 3460 918 3536 mirmumflmwltlmi'idelimim
1007 3474 1124 3533 interim
1162 3470 1333 3528 Fulcherius
1364 3467 1556 3533 carnotensis,
1592 3472 1748 3535 assumpto
1771 3462 1824 3520 sibi

69 3555 206 3613 divinitus
220 3572 348 3612 “cvm
371 3587 406 3597 ··
421 3556 455 3612 ln
473 3555 522 3612 illi
536 3562 636 3612 sancia
648 3552 913 3623 Hills080¹lffl⁰fflm
971 3562 1144 3634 patriarchae
1164 3558 1290 3615 Daiberti
1307 3555 1653 3627 superargumentum
1670 3551 1825 3623 proficisci·

70 3646 185 3703 civitate
198 3656 281 3704 vetus
291 3648 437 3718 quoddam
453 3648 627 3706 miraculum
648 3647 826 3716 inoleverat3
839 3645 916 3717 quod
970 3657 1019 3707 tur
1034 3646 1157 3705 Olivetii
1187 3646 1228 3702 lbi
1257 3645 1335 3702 enim
1359 3643 1485 3700 suboriri
1500 3642 1550 3699 Dei
1565 3641 1687 3697 lucerna
1703 3638 1823 3706 solebat,

71 3741 153 3791 vetus
171 3735 277 3792 idcirco
296 3735 420 3793 dixerim
436 3736 507 3807 quia
528 3750 565 3792 ex
576 3750 635 3806 quo
656 3735 731 3793 idem
747 3734 808 3791 lieri
823 3748 916 3804 coepc·
970 3735 1127 3808 siquando
1147 3734 1351 3803 lilerosolymis
1367 3747 1425 3788 non
1439 3731 1548 3789 aderat.
1567 3728 1621 3786 Sed
1641 3727 1778 3793 reversis,
1791 3734 1824 3793 ‚et

71 3822 118 3888 rit,
142 3823 220 3879 orbis
245 3823 304 3880 lere
325 3824 444 3880 Latinus
465 3825 586 3894 ignorat.
612 3823 649 3879 ht
666 3837 717 3878 nos
740 3822 917 3893 conjiciendo
969 3826 1011 3883 nil
1038 3833 1154 3897 gratum
1178 3822 1214 3877 ad
1251 3819 1443 3892 praestolautis
1472 3816 1598 3874 ecclesiae
1629 3812 1825 3871 retexentibus

71 3910 362 3984 perpendimusqnia,
379 3920 531 3983 postquam
546 3912 651 3969 calcari
662 3919 728 3967 ante
741 3910 803 3968 haec
820 3918 917 3967 nostra
970 3927 1065 3980 aures,
1086 3910 1230 3968 orationes
1244 3923 1261 3966 a
1277 3909 1398 3966 dirersis
1421 3905 1607 3979 geminantur
1615 3904 1650 3959 ad
1666 3902 1821 3974 populum,

71 4009 201 4070 tempora
224 4000 309 4069 cupit
328 4013 346 4055 ἃ
365 3999 509 4070 gentibus,
541 3999 852 4070 idlif⁰⁵¹1⁰l11mti11i
877 3998 916 4054 ibi
970 4016 1028 4060 nou
1054 4009 1149 4057 tamen
1166 4012 1233 4070 quae
1256 4011 1349 4069 aegros
1372 3996 1497 4062 luceant,
1523 3993 1572 4050 sed
1593 3990 1752 4049 incentivae
1775 3989 1823 4047 lu-

71 4086 223 4159 dcgebant,
248 4100 299 4156 per
320 4086 385 4144 idve
415 4087 550 4157 temporis
571 4088 789 4156 conveniebant,
811 4101 918 4144 annue
971 4088 1166 4165 gentiumlia
1180 4085 1250 4153 dies,
1275 4100 1305 4142 re
1320 4084 1435 4153 iniecta,
1451 4082 1601 4141 universos
1623 4082 1654 4138 in
1669 4094 1728 4137 sua
1746 4087 1823 4137 recta

71 4179 108 4235 rit
124 4177 276 4248 bominus3
292 4177 371 4249 quod
394 4177 525 4235 videlicet
553 4179 582 4235 in
611 4179 672 4249 ipso
698 4179 824 4250 paschali
844 4179 914 4236 Sah-
970 4177 1094 4243 remisit,
1111 4189 1170 4231 uox
1186 4173 1302 4247 gemina
1316 4171 1416 4242 irruit,
1433 4170 1566 4242 acrisque
1585 4168 1724 4226 moestitia
1741 4180 1824 4240 gene

72 4268 147 4336 bato,
161 4266 286 4338 sepulcri
314 4265 425 4337 lampas
446 4266 586 4324 Dominici
610 4267 745 4324 rideatur
759 4269 917 4338 quotannis
934 4235 956 4289 ⁰
971 4268 1069 4325 raliter
1080 4265 1211 4322 omnium
1227 4269 1341 4333 pectora
1357 4260 1448 4318 torsit.
1471 4261 1502 4315 ln
1517 4258 1644 4316 crastino
1661 4256 1824 4315 deliberant

71 4368 190 4412 accensa
218 4354 368 4411 divinitus.
390 4355 461 4410 Erat
474 4362 571 4411 autem
587 4354 615 4411 id
631 4355 718 4412 moris
734 4355 764 4410 in
788 4355 860 4412 urbe
875 4362 916 4422 nt,

7 4467 11 4479 ·
71 4442 229 4499 circumitis
244 4442 350 4514 pagani
371 4443 572 4500 universorum
587 4443 708 4509 aedibus,
734 4442 917 4516 singularum

71 4532 148 4588 locos
171 4544 265 4601 usque
288 4531 326 4587 ad
353 4530 466 4588 lavillas
488 4530 719 4602 exstinguerent,
734 4539 763 4589 et
785 4538 866 4588 unu
890 4531 916 4587 id

72 4618 158 4675 tiebat
169 4618 206 4674 ab
218 4618 340 4675 ethnicis
358 4618 505 4690 indagine,
521 4626 666 4689 quantum
685 4619 810 4690 idipsum
830 4627 917 4690 puta-

72 4705 159 4762 batur
174 4705 235 4762 heri
255 4705 382 4763 lidelium
403 4705 515 4771 iraude,
531 4719 589 4762 non
609 4704 673 4761 lide.
690 4706 761 4763 Cum
780 4720 850 4778 ergo
865 4705 920 4763 hoc

72 4793 156 4850 modu
178 4793 327 4851 Vulcanus
354 4793 556 4850 eliminaretur
578 4792 615 4850 ab
643 4794 758 4864 oppido,
783 4808 818 4850 ea
848 4794 919 4851 hora

73 4897 133 4952 qua
148 4891 254 4939 nostre
268 4882 416 4955 religionis
437 4881 608 4953 obsequium
625 4881 735 4951 plebem
750 4881 920 4938 catholicam

73 4971 193 5028 solemni
216 4969 434 5028 resurrectionis
453 4977 542 5040 atque
561 4968 767 5039 baptismatum
783 4969 920 5024 interesse

74 5057 193 5114 mandat
205 5057 309 5126 cilicio,
324 5057 445 5113 vidisses
459 5070 510 5127 per
529 5057 696 5113 universam
709 5055 829 5128 gentiles
843 5068 921 5111 exer·

74 5145 110 5201 tis
126 5147 314 5204 mucronibus
329 5147 465 5203 oberrare
484 5145 643 5213 basilicam,
665 5152 845 5215 mortemque
865 5158 918 5199 no-

972 4365 1005 4413 nt
1030 4355 1064 4411 ad
1080 4351 1219 4423 templum
1237 4364 1330 4421 usque
1353 4348 1479 4416 Domini,
1493 4347 1588 4404 debite
1610 4360 1680 4402 cum
1702 4358 1824 4403 moerore

972 4443 1136 4517 procedant
1158 4440 1265 4507 lerant,
1290 4437 1388 4510 gandii
1412 4450 1531 4509 prorsus
1554 4433 1706 4491 Paschalis
1728 4434 1825 4490 imme-

972 4547 1076 4595 mores,
1093 4530 1164 4587 dum
1190 4527 1290 4585 nullus
1309 4527 1412 4585 habitu
1431 4524 1559 4583 diherta
1579 4523 1625 4580 die
1639 4524 1823 4589 parasceves,

972 4634 1038 4678 cum
1060 4633 1126 4675 eece
1146 4618 1183 4674 ab
1206 4615 1321 4674 aedituis
1341 4615 1466 4672 ecclesie
1491 4619 1554 4684 post
1576 4612 1716 4668 euntium
1747 4619 1824 4683 terga

972 4709 1136 4766 concinitur
1151 4707 1221 4778 quia
1235 4704 1312 4763 sacri
1327 4702 1507 4760 monumenti
1516 4701 1628 4770 lampas
1641 4699 1821 4756 accenditur.

972 4795 1047 4861 Quid
1062 4799 1135 4849 ⁴5¹
1168 4790 1322 4849 immorer?
1338 4791 1428 4846 Tanto
1437 4804 1469 4846 eo
1484 4788 1529 4844 die
1539 4786 1644 4859 gratia,
1660 4793 1823 4843 auctusne

973 4883 1112 4941 ubertatis
1132 4896 1170 4939 ex
1185 4881 1322 4938 dilatione
1342 4893 1489 4946 successu,
1504 4876 1632 4944 emicuit,
1651 4884 1685 4934 ut
1702 4875 1754 4933 illa
1776 4873 1821 4930 bei

973 4972 1091 5029 claritas
1100 4985 1157 5027 nou
1171 4969 1290 5041 quidem
1303 4968 1400 5036 simul,
1417 4968 1465 5024 sed
1476 4965 1612 5032 uicissim,
1634 4965 1715 5021 iutra
1729 4961 1822 5034 sepul-

973 5059 1015 5116 cri
1034 5058 1192 5122 ecclesiam,
1212 5055 1357 5127 lampades
1374 5056 1462 5112 lerme
1486 5052 1706 5125 quinquaginta
1731 5052 1824 5124 tetige

975 5148 1021 5203 rit.
1043 5147 1110 5202 llaec
1129 5159 1185 5201 nou
1207 5144 1291 5201 modo
1307 5145 1380 5199 inter
1400 5155 1483 5199 sacra
1501 5141 1647 5213 contigere
1677 5140 1822 5213 mysteria,

75 5243 200 5291 strorum
224 5235 390 5308 quibusque
405 5236 509 5292 minari
516 5250 525 5305 ;
551 5249 681 5292 carneres
701 5233 765 5290 lidei
787 5240 921 5289 nostraee
975 5247 1078 5290 verum
1093 5246 1161 5289 cum
1185 5231 1307 5303 peractis
1322 5230 1424 5289 ciliciis
1448 5245 1500 5287 rex
1525 5230 1679 5300 pranderet
1703 5231 1733 5287 in
1747 5229 1821 5295 aula,

77 5321 193 5390 regione
214 5323 337 5381 culturus
360 5324 519 5396 indigenas,
535 5323 617 5395 gravi
640 5337 727 5394 penes
748 5323 839 5379 Deum
854 5337 922 5380 moe·
974 5322 1088 5393 cogitur
1099 5320 1301 5392 frequentibus
1315 5320 1427 5377 nuntiis
1438 5319 1473 5375 ad
1487 5332 1563 5375 nova
1576 5317 1707 5375 videnda
1716 5317 1823 5375 lumina

77 5420 141 5462 rure
155 5411 292 5476 torqueri,
306 5426 354 5467 eus
376 5425 443 5468 vero
466 5411 506 5467 nil
532 5411 637 5477 minus,
663 5424 737 5481 quos
762 5410 797 5466 de
818 5408 922 5466 abditis
976 5411 1080 5480 rejecta
1105 5422 1278 5480 consurgere
1300 5422 1407 5464 mensa.
1434 5407 1492 5463 Dici
1517 5421 1575 5461 nun
1599 5413 1694 5476 potest
1719 5406 1823 5478 quibus

79 5492 181 5550 usundi
203 5494 310 5555 linibus
334 5499 473 5556 orationis
495 5506 562 5556 vota
582 5498 631 5556 illo
652 5505 860 5556 contraxerant
879 5497 922 5555 vel
976 5496 1158 5556 convaluerit
1183 5509 1288 5554 inseror
1315 5495 1361 5553 ille
1379 5495 1499 5564 solatiis,
1526 5508 1592 5551 cuin
1611 5508 1645 5551 eo
1662 5493 1721 5565 die,
1749 5493 1822 5568 quud
