3818 6008
79 188 130 246 tos

530 188 561 242 V.
581 185 745 242 edisseri
767 185 912 242 hBBthS
932 187 960 242 S.
982 187 1102 241 nihils
1121 186 1168 242 lte
1187 186 1380 244 novissimo
1784 193 1830 247 tili

81 329 203 379 terram
235 324 354 390 crescite,
384 325 409 374 et
430 319 653 388 multiplicamini
678 331 760 386 super
783 332 851 371 eam.
873 318 927 386 Qui
946 315 1163 387 haogitationis
1186 315 1363 387 pervenitur,
1386 325 1414 374 et
1438 318 1475 374 ad
1497 318 1704 376 exhibitionem
1728 322 1829 390 operis,

80 411 169 467 educit
184 413 288 466 uirtalos
307 412 336 464 ia
360 407 533 477 fortitudine,
552 421 648 474 eosque
676 407 724 474 qai
750 409 926 475 exasperant,

80 503 129 570 qui
142 500 270 555 habitant
289 502 318 552 ia
340 497 472 567 sepulcris
496 496 583 566 (Psal.
608 509 674 560 avii,
690 494 728 563 7),
751 508 927 565 quocunque

79 587 164 644 moda
187 600 339 659 peccemus
374 585 428 654 piis
452 597 564 648 sentper
593 583 724 639 exundat
756 581 926 649 visceribus,

80 675 191 746 lapsum
206 675 295 746 igitur
306 672 548 742 desperatumque
561 670 621 741 jam
633 671 746 727 iuterna
756 670 928 727 allocutione

78 778 128 821 aar
140 764 246 830 visitat,
261 771 289 818 et
309 769 341 818 nt
363 761 400 817 ad
415 775 445 817 se
462 761 561 817 redeat
584 759 683 815 incitat
704 773 738 815 ac
752 759 776 815 si
790 760 816 814 ei
831 758 925 815 dicat:

78 850 131 917 Qui
147 849 176 905 in
198 848 305 918 peceati
331 847 409 918 apud
436 855 463 904 te
488 846 559 902 lates
580 844 765 912 couscientia,
792 843 927 914 egredere

78 936 340 995 ooalessionelacta
364 936 500 1007 viamque
524 942 603 991 tuam
627 932 698 989 mihi
723 932 836 999 revela;
862 948 928 1002 «quac

22 1082 25 1087 .
73 1025 154 1082 enim
182 1034 360 1097 arguuntur,
389 1024 611 1081 manilestantur
633 1021 669 1077 ab
692 1021 746 1089 his,
774 1021 825 1092 qui
853 1020 928 1076 liant

77 1113 428 1184 lumina(liples.v,13).
453 1114 503 1178 Ta,
520 1110 625 1181 inquit,
646 1115 671 1164 et
695 1126 767 1164 assor
788 1115 846 1192 tua,
868 1122 926 1164 non

77 1200 126 1258 illa
140 1216 206 1273 quae
221 1215 318 1258 arcam
337 1199 512 1257 intrantibus
527 1200 606 1256 adest
627 1196 762 1254 voluntas
777 1199 861 1264 bona,
877 1198 926 1253 scd

77 1289 320 1360 eoncupiscentia,
347 1303 414 1359 quae
434 1302 471 1344 ex
494 1288 619 1359 ingestu,
641 1286 794 1342 leaundala
820 1286 925 1342 diaboli

77 1378 185 1448 peperit
202 1378 252 1436 libi
272 1383 399 1449 peecata.
431 1381 482 1440 Ta,
508 1376 613 1446 inquil,
636 1380 661 1430 et
675 1391 747 1429 usar
767 1379 825 1442 tao,
841 1374 926 1430 idest

76 1466 206 1522 descena
232 1466 370 1523 vitiorum
393 1465 517 1535 teipsum
536 1463 628 1535 pmmn
654 1463 781 1531 elimina,
809 1462 924 1519 demum

76 1553 112 1610 de
142 1566 186 1619 aa,
214 1553 260 1609 cui
301 1553 472 1624 subjacuisti
508 1552 644 1609 confitere
684 1550 923 1622 eoncupiscentia.

76 1640 160 1698 Multi
175 1655 301 1712 namque
314 1656 366 1697 sna
382 1641 464 1696 laaile
478 1642 606 1697 latentur
621 1641 705 1708 mala,
729 1640 777 1696 sed
794 1640 847 1711 ipsi
867 1655 924 1695 non

76 1737 185 1787 exeunt
200 1744 218 1785 a
231 1728 441 1787 consuetudine
465 1742 565 1801 prava.
583 1728 628 1785 Sic
644 1729 724 1796 tilios,
743 1729 770 1786 id
784 1736 825 1784 est
837 1742 923 1798 opera

77 1832 204 1889 nequam
217 1818 315 1889 prode,
330 1824 363 1874 ut
385 1818 425 1873 nil
442 1817 472 1873 in
494 1825 521 1873 tc
543 1816 667 1873 residere
686 1816 805 1887 patiaris
819 1817 854 1872 de
870 1817 923 1872 ite-

77 1907 235 1964 randorum
274 1906 442 1963 eorumdem
477 1920 598 1976 opernm
641 1904 836 1963 delectatione.
873 1907 923 1971 Tu,

77 1995 182 2066 inquit,
210 2001 236 2050 el
249 2011 328 2060 acor,
347 1997 410 2065 alii,
435 2008 469 2051 aa
483 2009 604 2059 uaores;
629 1994 773 2049 accedenti
795 1991 871 2049 enim
887 1993 922 2048 ad

76 2083 262 2141 conlessionis
303 2096 452 2146 auroram,
481 2083 588 2139 icteris
626 2080 865 2151 concupiscentiae
894 2095 924 2137 se

76 2172 209 2229 nubilum
232 2172 348 2244 ingerit,
370 2179 398 2227 et
416 2171 508 2241 operis
531 2171 675 2241 etrjnsque
695 2170 775 2226 noxii
799 2182 923 2225 consue-

76 2262 157 2329 tudo,
188 2275 222 2317 ac
250 2262 272 2317 si
303 2261 436 2331 quaedam
462 2260 627 2330 importuna
653 2259 763 2330 iugalis
790 2258 924 2329 adjungit

76 2351 178 2405 Cuncta
211 2351 374 2416 animantia,
411 2348 437 2404 id
464 2355 507 2404 est
540 2347 731 2418 cupiditatum
772 2345 922 2412 desideria,

75 2452 141 2508 quae
160 2451 244 2508 penes
255 2445 280 2493 te
296 2437 383 2493 latent
398 2451 433 2492 ex
453 2435 581 2506 quolibet
595 2434 753 2492 allectionis
764 2433 847 2490 modo
862 2447 923 2504 pro

76 2527 254 2596 genitalem
270 2526 298 2581 in
323 2524 465 2595 superbia
481 2523 628 2581 saecularis
651 2537 741 2594 quam
760 2528 811 2578 ⁴0
830 2522 924 2579 inanis

75 2614 222 2684 religionis
235 2613 341 2670 volatili
358 2613 484 2685 quadarn
499 2612 675 2678 extollentia,
692 2619 720 2669 et
735 2612 785 2668 irae
800 2611 923 2668 luroris-

75 2716 132 2774 que
157 2702 283 2759 bestialis
303 2702 423 2768 saevitia,
439 2715 492 2757 nea
506 2715 564 2756 nort
577 2700 707 2768 luxuria,
724 2714 790 2773 quae
810 2714 923 2771 praepo-

75 2798 226 2847 sterecum
255 2791 371 2847 subesse
397 2791 498 2846 debeat
527 2803 614 2859 super
636 2789 732 2857 eorda,
749 2796 791 2845 est
806 2789 922 2859 reptilis,

982 405 1065 474 quasi
1080 406 1116 460 ad
1128 419 1271 461 summam
1287 405 1422 462 culminis
1432 421 1440 477 ;
1459 421 1516 462 non
1532 415 1629 463 autem
1652 417 1757 465 cuncta
1781 424 1830 480 pe-

981 506 1058 559 cora,
1084 493 1133 548 sed
1157 493 1190 547 de
1212 497 1316 549 curretis
1341 493 1406 551 tulit
1437 495 1603 565 peeoribas3
1630 510 1733 566 perora
1761 499 1829 555 mihi

982 580 1118 637 videnlur
1139 595 1219 651 posse
1237 580 1358 653 intelligi
1382 583 1476 638 activa
1490 596 1576 652 opera
1596 593 1695 641 nostra
1717 601 1784 656 quae
1802 588 1828 642 ia

980 668 1130 725 dilectione
1146 669 1273 726 iraterna
1288 684 1465 738 exercemus,
1486 685 1551 743 quse
1574 673 1702 743 quidem,
1724 688 1782 730 non
1799 684 1829 732 ιιι

981 756 1150 814 deberemus
1164 765 1221 815 tota
1246 759 1421 830 peragimus,
1437 760 1486 816 sed
1500 768 1597 818 tamen
1611 761 1646 817 de
1665 763 1828 819 omnimodo

980 859 1085 915 genere
1107 847 1219 916 pietatis
1240 849 1426 919 assumimus,
1452 849 1522 919 quia
1545 849 1721 907 desiderium
1744 852 1769 907 si
1785 851 1829 908 la-

980 934 1073 990 cultas
1097 942 1260 1005 suppeteret
1276 937 1334 1005 illa,
1351 944 1382 994 ul
1394 938 1477 1008 J'ussa
1491 939 1716 1007 suntexplendi,
1732 941 1829 995 omnia

982 1020 1131 1078 habemus.
1152 1022 1206 1079 Per
1222 1023 1355 1080 volueres
1375 1024 1521 1096 quidquid
1549 1026 1708 1096 spiritualis
1734 1028 1828 1085 subti-

981 1107 1068 1164 litatis
1080 1117 1121 1166 est
1137 1108 1165 1166 in
1181 1109 1365 1181 dispiciendis
1388 1112 1506 1182 divinis,
1530 1112 1725 1185 humanisque
1743 1117 1829 1173 rebus

979 1198 1163 1268 exprimitur.
1188 1199 1224 1255 El
1247 1199 1307 1255 haec
1327 1205 1396 1256 sunt
1414 1202 1532 1268 munda,
1550 1201 1620 1258 dum
1642 1202 1760 1272 quidem
1781 1204 1829 1260 illa

979 1285 1041 1341 sine
1058 1285 1164 1342 lavaris
1191 1286 1313 1344 humaui
1337 1296 1518 1360 peraguntur
1548 1303 1621 1347 aura
1641 1309 1649 1358 ;
1672 1293 1733 1348 hac
1761 1307 1828 1350 sera
1865 1314 1867 1367 f

980 1371 1171 1444 inquiruntur
1196 1375 1258 1430 sine
1285 1375 1392 1431 erroris
1428 1377 1553 1433 macula.
1580 1376 1638 1435 Nee
1666 1380 1783 1447 mirum,
1806 1380 1827 1435 si

979 1461 1099 1528 munda,
1116 1461 1185 1533 quia
1208 1463 1385 1530 holocausta,
1400 1463 1468 1535 igne
1491 1465 1598 1522 scilicet
1618 1467 1736 1524 sincerae
1759 1482 1827 1524 ora-

980 1549 1066 1605 tionis
1091 1563 1125 1606 ae
1147 1551 1377 1620 compunctionis
1398 1562 1540 1624 excocta3
1566 1555 1594 1610 in
1617 1555 1727 1612 fervore
1750 1558 1826 1613 enim

979 1637 1099 1707 spiritus
1123 1638 1205 1709 plene
1226 1639 1418 1697 discernimus
1435 1655 1472 1699 au
1497 1656 1571 1713 pura
1592 1644 1658 1711 sint,
1682 1659 1719 1700 an
1740 1653 1826 1714 recta,

979 1740 1045 1796 quae
1059 1726 1192 1796 agimus3
1209 1727 1248 1783 ibi
1268 1740 1336 1798 ergo
1350 1743 1384 1785 ea
1405 1729 1595 1799 incendimus,
1616 1731 1643 1788 id
1664 1741 1706 1788 est
1721 1732 1828 1802 proba-

979 1813 1048 1870 bilia
1070 1815 1236 1886 reddimus;
1254 1817 1330 1871 trttde
1354 1824 1382 1873 et
1403 1819 1536 1872 Dominus
1560 1819 1666 1877 dicitur
1687 1821 1827 1887 adoratus,

978 1902 1048 1971 qnia
1070 1916 1088 1958 a
1107 1902 1228 1959 Dnnriuo
1249 1904 1331 1960 nobis
1344 1913 1387 1961 est
1406 1905 1596 1975 discretionis,
1618 1921 1651 1964 ae
1676 1908 1828 1978 providen-

979 1990 1024 2046 tire
1051 1991 1162 2061 virtus:
1186 1992 1286 2049 odores
1307 2008 1434 2065 namque
1454 2008 1522 2050 nare
1548 1996 1748 2064 discernimus,
1771 2012 1829 2054 res·

978 2093 1035 2149 qne
1057 2093 1141 2150 porro
1176 2081 1281 2151 positas
1308 2082 1416 2139 olfactu
1450 2086 1660 2154 praesentimus,
1700 2086 1827 2142 undeet

977 2155 1059 2237 apriid
1079 2169 1255 2239 Terentium,
1286 2170 1406 2241 quidam
1438 2173 1565 2230 olleeisse
1597 2174 1713 2243 dicitur,
1748 2176 1827 2246 quod

977 2257 1154 2328 conjiciendo
1176 2259 1356 2328 previderat.
1377 2261 1421 2317 Ex
1440 2263 1560 2318 odoratu
1585 2262 1675 2333 igitur
1698 2270 1825 2334 tetraque

978 2345 1096 2413 praelata
1108 2346 1203 2402 virtus
1220 2348 1371 2418 accipitur,
1397 2350 1475 2420 quod
1494 2349 1634 2407 Dominus
1659 2352 1767 2408 dieitur
1781 2353 1823 2408 le-

977 2434 1058 2502 sisse,
1073 2433 1143 2504 qnia
1158 2434 1232 2490 idern
1249 2434 1275 2491 in
1297 2435 1381 2492 nobis
1405 2436 1472 2493 lacit
1488 2437 1556 2506 ipse,
1573 2451 1675 2507 nempe
1691 2453 1759 2494 eum
1775 2453 1825 2509 per

976 2521 1128 2577 elationem
1156 2535 1189 2577 ac
1214 2522 1396 2579 securitatem
1422 2524 1451 2579 in
1471 2524 1574 2580 vitiem
1596 2525 1678 2595 lapsi,
1703 2527 1764 2596 jans
1789 2526 1825 2583 ad

977 2609 1068 2666 Βιιιιιι
1083 2609 1213 2673 redituri,
1229 2610 1399 2666 hirmilitatis
1420 2611 1448 2667 in
1464 2612 1546 2666 nohis
1560 2614 1649 2669 altare
1673 2615 1824 2685 erigimus,

976 2706 1004 2754 et
1027 2697 1170 2768 quidquid
1198 2698 1315 2766 durum,
1340 2699 1483 2770 quidquid
1510 2701 1585 2757 male
1615 2702 1768 2759 humidum
1796 2702 1825 2759 in

977 2786 1120 2843 mentibus
1142 2793 1184 2843 est
1208 2786 1319 2844 timoris
1344 2787 1409 2856 igne
1439 2803 1612 2857 cremamus,
1643 2791 1710 2862 quis
1731 2792 1825 2847 edicat

74 2879 151 2935 Educ
172 2885 268 2945 tecum,
295 2886 327 2936 ul
351 2878 489 2934 ronlcssio
509 2893 567 2934 non
591 2878 641 2935 liat
667 2890 847 2948 peecatorum
861 2876 923 2933 sine
940 2907 960 2963 c
976 2874 1046 2947 qnid
1071 2874 1259 2942 discretionis,
1288 2877 1458 2945 prudentiae,
1485 2891 1519 2933 aa
1545 2886 1651 2934 sanetae
1673 2881 1826 2936 suavitatis

74 2967 247 3023 correctione
278 2974 420 3032 nostrum,
454 2981 507 3022 nec
539 2974 668 3023 nostrum
696 2965 843 3032 correctio,
867 2964 921 3020 nisi

74 3055 252 3126 praevenitur
281 3053 459 3112 confessione
496 3055 649 3111 rnalorum.
678 3055 719 3110 Et
744 3053 922 3122 ingredimini

73 3150 280 3214 superterram,
297 3150 328 3200 tu
351 3143 492 3213 videlicet,
511 3151 620 3214 tuaque
645 3143 741 3200 studia
758 3143 819 3214 jam
839 3155 920 3213 pror·

74 3247 124 3290 sus
148 3232 176 3289 in
202 3232 342 3304 justitiam
373 3228 559 3289 commutata.
588 3232 743 3302 Postquam
771 3244 823 3286 vos
846 3228 921 3285 lenda

73 3321 212 3377 exueritis
239 3319 423 3388 conscientia,
457 3333 570 3377 neeesse
592 3327 634 3376 est
661 3324 694 3375 ut
718 3317 920 3388 ingrediamini

72 3409 109 3465 ad
126 3409 272 3476 interiora,
295 3422 361 3478 quae
386 3407 579 3480 projeceratis,
600 3413 631 3463 ut
652 3406 791 3476 scriptum
817 3414 869 3471 cst,
891 3405 919 3460 in

74 3496 133 3552 vita
156 3503 260 3565 vestra
283 3503 316 3553 ut
341 3495 402 3552 sola
424 3496 459 3552 de
485 3495 606 3551 internis
634 3493 749 3565 gaudiis
776 3494 812 3550 sit
839 3494 921 3551 vobis

73 3598 154 3653 eura,
170 3585 275 3642 adhoc
297 3585 413 3652 scilieet,
434 3591 466 3640 ut
491 3582 731 3639 urnstabiliamini
753 3583 812 3653 jam
833 3597 921 3654 super

74 3684 192 3739 terram,
214 3688 266 3744 pro
287 3673 476 3731 lundamento
496 3671 627 3728 habeatis
641 3672 792 3740 rationem,
807 3679 840 3728 ut
862 3685 919 3727 nou

72 3762 314 3820 circumieramini
346 3775 395 3832 per
434 3761 562 3830 aliquam
592 3759 776 3818 tentationem
807 3761 917 3830 (aphes.

72 3866 110 3919 ic,
127 3850 181 3919 li).
194 3853 313 3905 Crescite
324 3863 393 3921 ergo
411 3860 499 3918 super
514 3849 588 3904 hanc
603 3848 722 3904 radicati
746 3849 773 3903 in
789 3855 919 3904 scrutem-

73 3939 215 4008 plationis,
241 3951 330 4009 quam
354 3934 489 3992 amisistis
524 3943 690 4005 reparantes
713 3950 764 3991 vos
789 3935 919 3991 altitudi-

72 4041 149 4094 nem,
169 4033 194 4082 et
214 4026 439 4096 multiplicamini
453 4024 490 4078 ud
511 4024 675 4094 proximum
699 4037 749 4093 per
771 4022 919 4080 charitatis

71 4112 496 4185 amplitudinen13emitluntnr
511 4111 601 4184 igitur
617 4111 654 4168 ab
669 4124 737 4168 area
748 4110 917 4180 animantia,

975 2976 1011 3020 ex
1040 2963 1178 3020 virtutum
1209 2963 1351 3021 suavitate
1376 2965 1452 3021 iutro
1480 2966 1656 3023 haurimus?
1679 2968 1717 3022 ihi
1746 2969 1824 3023 enim

976 3059 1111 3121 gttstalur
1123 3065 1213 3122 quam
1231 3054 1331 3108 suavis
1350 3062 1391 3109 est
1407 3054 1546 3111 herminus
1565 3055 1652 3126 (Psrrl.
1670 3070 1769 3115 xxxiii.
1784 3059 1822 3126 9).

976 3142 1010 3194 gg
1024 3141 1065 3192 ail
1088 3139 1126 3194 ad
1153 3154 1231 3194 cum:
1259 3141 1436 3211 Nequaquam
1461 3144 1534 3197 ultra
1562 3145 1722 3199 maledicam
1744 3147 1824 3199 lerrae

973 3232 1085 3296 propter
1114 3228 1264 3294 homines,·
1290 3244 1383 3285 sensus
1411 3234 1482 3286 etaim
1506 3238 1531 3286 et
1550 3233 1664 3287 humani
1693 3235 1823 3300 cogitatio

974 3314 1063 3370 cordis
1084 3318 1115 3370 ia
1136 3318 1240 3371 malum
1253 3333 1341 3387 prona
1354 3324 1419 3373 sunt
1431 3320 1466 3374 alr
1480 3321 1660 3377 adolescentia
1680 3337 1739 3377 sua.
1762 3325 1821 3379 Non

974 3406 1062 3472 igilur
1074 3405 1148 3459 ultra
1167 3408 1319 3475 percutiam
1340 3423 1443 3463 omnem
1468 3413 1643 3478 animantem,
1671 3413 1741 3466 sieut
1756 3414 1820 3478 leci.

974 3494 1083 3550 Cunctis
1109 3493 1204 3549 diebus
1226 3500 1303 3550 terra
1333 3500 1468 3560 sementis,
1491 3504 1517 3553 et
1546 3501 1649 3568 messis,
1680 3500 1774 3567 trigies
1795 3508 1822 3557 et

972 3587 1159 3651 astusastus
1180 3588 1205 3638 et
1233 3585 1327 3650 hams,
1353 3600 1408 3641 aaa
1435 3590 1460 3641 el
1475 3587 1532 3642 dies
1559 3603 1613 3642 non
1640 3591 1818 3659 requiescent.

974 3669 1197 3727 llalulietionem
1224 3685 1276 3742 pro
1298 3671 1410 3729 delectu
1436 3673 1503 3743 poni
1524 3674 1614 3731 silere
1632 3675 1771 3744 diximus,
1792 3683 1821 3732 et

973 3766 1093 3828 constat,
1109 3773 1143 3815 ac
1157 3760 1180 3816 si
1204 3758 1328 3816 diceret:
1351 3760 1542 3832 Nequaquam
1567 3763 1744 3832 maledicam,
1767 3765 1820 3821 de-

975 3850 1058 3904 licere
1079 3848 1202 3918 prolecto
1228 3847 1350 3905 ulterius
1373 3865 1429 3906 noa
1453 3853 1614 3922 permittam
1645 3860 1762 3916 terram,
1792 3854 1820 3910 id

972 3944 1015 3993 est
1037 3944 1144 3993 statura
1173 3937 1292 3993 humani
1313 3938 1416 4007 cordis,
1445 3949 1559 4010 propter
1587 3941 1727 4006 homines,
1753 3957 1821 4013 pro-

974 4032 1036 4095 pter
1064 4024 1261 4095 quorumlibet
1286 4027 1387 4097 utique
1407 4029 1537 4098 exempla
1567 4038 1744 4098 sanctorum,
1769 4032 1822 4102 qui

973 4112 1112 4180 heminae,
1142 4114 1350 4171 rationabiliter
1385 4115 1493 4173 seilicet
1519 4132 1580 4174 sese
1616 4127 1746 4189 regentes
1767 4134 1822 4175 vo-

71 4203 99 4260 id
130 4210 173 4260 est
205 4200 505 4273 mircupiscibtlirates,
539 4201 648 4271 quibus
688 4200 855 4256 animamur
882 4199 918 4255 ad
937 4206 1085 4270 licuntur,
1106 4209 1139 4258 ιιι
1162 4209 1224 4273 est;
1249 4203 1375 4273 respiciet
1397 4204 1526 4271 homines,
1549 4213 1574 4261 et
1598 4207 1687 4263 dicet:
1709 4211 1823 4277 peccaui

71 4292 169 4360 noxia,
195 4290 293 4347 anima
314 4289 390 4346 euim
424 4289 595 4346 naturaliter
617 4287 847 4359 concupiscibilis
865 4295 917 4354 est,

70 4389 98 4435 et
124 4381 257 4452 jumenta
296 4377 495 4435 sensualitates
535 4377 676 4445 videlieet,
722 4391 788 4447 quae
823 4384 919 4433 motus

70 4469 175 4525 animae
190 4467 316 4538 quodam
332 4465 449 4522 incentu
465 4466 500 4521 ad
516 4466 625 4523 malum
652 4465 803 4537 adjuvant,
820 4473 848 4521 et
868 4479 919 4521 eo-

71 4556 232 4626 gitationes,
253 4568 319 4624 quse
347 4554 429 4623 qnasi
450 4567 562 4626 angues
582 4552 776 4610 indifferenter
801 4553 919 4609 lubricae

70 4657 122 4715 per
149 4642 250 4699 intima
280 4648 403 4711 reptant,
426 4649 452 4698 et
479 4649 592 4706 catera,
615 4648 646 4698 ut
673 4655 761 4712 supra
788 4640 919 4712 exposita

70 4737 211 4788 constant.

106 4820 191 4875 Vens.
212 4820 256 4885 20,
271 4822 317 4881 ai,
342 4821 388 4873 22.
414 4849 448 4859 -
469 4817 625 4887 AEdileauil
640 4823 730 4872 aulem
759 4821 815 4874 Noe
831 4819 919 4873 altare

73 4908 236 4974 Dominari
260 4908 354 4962 tollens
374 4906 407 4960 de
426 4909 530 4961 eunetis
549 4907 690 4975 pecoribus
715 4911 740 4961 el
765 4907 918 4962 volucribus

71 4994 182 5050 mundis
209 4995 307 5050 obtrelit
337 4996 493 5050 lalacausta
519 5009 603 5064 strpcr
626 4995 730 5049 altare:
765 4992 918 5051 ilderatus-

71 5097 122 5152 que
146 5088 185 5138 est
210 5084 339 5138 Dominus
362 5083 469 5138 odorem
494 5085 650 5138 suauitatis.
678 5084 776 5138 Aliana
791 5082 861 5139 illud
877 5082 918 5138 nil

70 5172 281 5243 congruentius
292 5171 362 5228 mihi
376 5185 436 5228 esse
450 5171 566 5228 videtur
579 5183 666 5242 quarn
679 5170 845 5227 humilitas:
863 5169 916 5227 sic·

70 5259 193 5318 etenim
217 5259 271 5315 nisi
300 5259 329 5315 in
359 5259 443 5316 allam
471 5260 563 5317 hostia
589 5258 671 5315 nulla
694 5258 780 5325 valet,
807 5258 919 5314 sicileo

70 5351 174 5413 virtus,
188 5349 243 5404 nisi
263 5362 329 5403 eum
349 5348 513 5406 humililate
536 5347 617 5404 nulla
637 5345 918 5416 place12bancaedi-

71 5438 201 5506 deamus,
221 5451 320 5494 cuma
341 5436 529 5494 laudamento
553 5432 717 5491 intentionis
737 5434 773 5490 ad
797 5435 919 5506 parietes

972 4290 1030 4362 (lob
1055 4305 1152 4358 xxxiii,
1187 4292 1241 4361 ιῖ).
1269 4291 1343 4348 Dum
1366 4291 1442 4348 euim
1467 4307 1555 4364 super
1578 4302 1688 4352 montes
1712 4296 1819 4352 ararat

972 4392 1040 4435 area
1063 4378 1225 4449 requiescit,
1246 4393 1296 4449 per
1325 4394 1445 4437 corvum
1465 4384 1651 4453 suggestoriae
1672 4385 1817 4454 evagatio·

972 4467 1017 4524 nis
1037 4467 1172 4524 columba
1199 4467 1340 4526 emittitur
1371 4469 1400 4524 in
1423 4470 1619 4529 delectationis
1650 4487 1817 4537 excussant,

970 4556 1124 4626 operisque
1146 4571 1327 4613 consensum.
1363 4558 1420 4614 lieo
1449 4561 1547 4629 itaque
1569 4559 1718 4616 nobiscum
1743 4560 1819 4631 aspi·

971 4646 1076 4701 ratario
1110 4643 1254 4714 loquente,
1287 4652 1350 4716 post
1377 4645 1488 4715 lapsum
1521 4649 1661 4704 sentimus
1689 4648 1818 4719 quadam

973 4731 1085 4788 interna
1108 4729 1262 4786 calliditate
1293 4732 1329 4787 dc
1353 4733 1446 4788 ruine
1475 4736 1670 4805 experimento
1696 4736 1820 4793 similem

972 4819 1094 4876 ulterius
1107 4833 1160 4875 nos
1175 4818 1285 4875 lortiter
1296 4819 1356 4890 jam
1377 4835 1457 4891 posse
1481 4837 1583 4880 cavere
1604 4824 1767 4896 delectum;
1783 4839 1820 4881 ex

972 4907 1091 4965 alterius
1116 4921 1253 4978 namque,
1272 4910 1408 4979 quamvis
1422 4910 1527 4978 David,
1542 4914 1678 4983 quamtis
1692 4912 1820 4969 Salomo-

971 4996 1017 5052 nis
1040 5010 1110 5051 rasu
1135 4996 1227 5052 lacere
1248 5010 1334 5053 sirum
1358 5011 1421 5054 esse
1443 4999 1639 5070 dignoscimus
1661 5015 1696 5056 cx·
1722 5000 1822 5057 damni

971 5098 1086 5141 summa
1109 5084 1259 5141 dementiae
1278 5093 1460 5156 extremum
1488 5097 1528 5144 est
1543 5089 1675 5159 quadam
1698 5089 1821 5159 pueritia

972 5186 1065 5243 ntrper
1089 5173 1122 5229 ad
1148 5174 1362 5230 conversionem
1388 5175 1577 5245 venantium,
1602 5192 1676 5248 ques
1700 5178 1729 5233 iu
1761 5181 1822 5234 suis

972 5261 1047 5317 Deus
1062 5261 1225 5331 primordiis
1238 5277 1256 5318 a
1269 5263 1349 5320 bellis
1368 5271 1507 5334 temperat
1528 5265 1675 5334 vitiorum,
1702 5272 1733 5322 ut
1748 5267 1822 5322 illios

971 5351 1118 5419 quondam
1133 5350 1230 5417 lsrael,
1245 5366 1311 5408 cum
1327 5367 1364 5408 cx
1382 5353 1506 5423 AEgypto
1522 5355 1658 5423 exissent,
1676 5354 1769 5412 noluit
1779 5355 1821 5412 eis

972 5437 1047 5496 illico
1069 5439 1198 5496 incutere
1221 5439 1365 5497 molestias
1394 5441 1568 5511 praeliorum,
1596 5442 1720 5512 pueriles
1742 5443 1819 5500 enim
