3818 6008
109 193 161 250 859
551 191 582 246 V.
603 189 772 249 culusum
789 189 935 247 deestis
954 191 982 246 S.
1003 190 1125 247 utute
1143 189 1189 244 be
1209 189 1405 248 novicunto
1440 242 1444 251 ,
1810 189 1861 245 860

109 339 168 383 non
180 323 217 381 ad
234 329 411 381 momentum
439 320 489 378 sed
512 319 687 379 eternaliter
701 319 804 378 lacere.
821 320 887 377 ilec
910 327 953 378 est
971 321 995 376 A
1324 319 1442 378 CAPUT
1462 319 1541 377 Xlll.

109 426 237 483 namque
261 408 434 468 verecundia
453 408 599 465 adducens
626 408 758 480 gloriam,
779 422 845 480 que
860 415 955 464 tamen
1045 406 1103 463 Pia
1117 405 1222 463 mairie
1241 406 1374 464 Guiberti
1389 406 1536 464 exercitio.
1562 438 1597 449 —·
1625 407 1679 465 llis
1700 421 1754 479 per
1776 421 1860 464 oecu-

110 507 189 557 tanto
215 507 257 556 est
272 497 429 569 perniciosa
456 503 519 568 post
543 496 669 566 culpam,
694 505 804 567 quanto
829 496 954 566 penina-
1009 496 1154 566 pationem
1169 496 1252 551 dictis
1279 496 1316 552 ad
1339 495 1440 566 aliqua
1465 504 1542 553 retro
1570 496 1677 553 omissa
1696 495 1859 553 redeamus.

110 588 171 645 cius
186 584 370 642 confessionis
384 594 490 641 sancte
508 584 633 642 obstruit
653 585 834 643 medicinam.
859 586 955 641 liabe-
1010 585 1092 652 Huic,
1119 586 1249 656 inquam,
1279 583 1391 641 semine
1418 584 1494 641 iuter
1518 585 1624 641 seculo
1655 584 1855 648 serviendum,

109 677 168 742 bat,
178 674 297 730 Domine
307 673 392 741 Deus,
406 673 516 730 lamnia
531 681 581 730 tua
590 682 682 730 mater
693 688 756 730 mea
768 673 954 730 intentionem
1009 672 1060 728 Dei
1081 672 1205 729 nominis
1222 671 1412 728 reverentiam
1439 684 1528 743 super
1541 670 1669 728 adfuisse
1692 670 1858 738 didicimus,

109 762 197 830 illam,
218 762 297 832 quod
319 761 357 818 ad
385 761 482 818 seculi
509 761 687 818 honestatem
715 763 893 818 contrarium
913 760 954 816 nil
1009 761 1038 816 in
1054 767 1177 828 tantum,
1192 759 1266 816 utin
1280 759 1418 830 obsequio
1440 760 1637 827 ecelesiarum,
1661 760 1691 815 in
1720 757 1861 816 beneflcio

108 859 220 922 ageret;
249 849 298 906 sed
314 857 419 916 tamen,
444 850 532 920 juxta
560 849 730 920 Gregorium
759 857 853 915 tuum,
868 862 954 919 quem
1007 861 1180 920 pauperum,
1197 847 1226 902 ιιι
1249 847 1392 903 oblatione
1415 847 1622 904 sacrificiorum
1640 848 1684 904 sic
1698 861 1730 904 se
1751 853 1859 917 ageret,

108 945 204 994 tamen
229 952 281 994 nec
308 938 425 1009 legerat,
455 952 507 994 nec
528 937 583 1009 legi
610 938 752 1005 audierat,
770 939 845 994 inea
861 937 954 992 inteu·
1009 944 1042 993 ut
1067 935 1239 993 venerabilis
1261 935 1396 992 omnibus
1424 935 1516 992 esset‘l
1535 935 1589 992 Sed
1617 935 1676 991 scio
1691 934 1859 1006 quiapari·

109 1026 184 1083 tione
212 1041 271 1081 non
288 1027 401 1093 mansit,
434 1024 504 1096 quia
530 1025 566 1080 ad
591 1033 616 1081 te
641 1024 734 1081 solum
758 1023 956 1094 posteaquid-
1008 1029 1051 1079 ter
1065 1023 1134 1079 mibi
1149 1023 1253 1080 exinde
1274 1023 1400 1094 plurima
1414 1023 1585 1080 adbibendae
1609 1023 1675 1079 lidei
1688 1021 1860 1088 difficultas,

108 1112 179 1183 quid
195 1113 369 1181 intendebat,
393 1112 551 1169 transtulit.
578 1113 654 1183 Ergo
670 1113 711 1168 sic
724 1112 856 1168 seculari
872 1125 955 1168 reve·
1009 1126 1098 1183 quam
1114 1111 1289 1182 praecludere
1310 1111 1465 1180 videbitur,
1487 1119 1639 1181 suspectae,
1668 1118 1702 1168 ut
1725 1118 1858 1182 putatur,

109 1201 208 1258 rentie
224 1201 379 1258 inseruisse
395 1208 464 1257 tunc
479 1201 614 1271 temnetis
626 1201 810 1256 commodum
826 1199 865 1256 illi
888 1199 952 1256 luit.
1008 1200 1104 1257 laudis
1118 1199 1255 1256 allinitas.
1272 1201 1299 1256 si
1315 1207 1435 1256 matrem
1459 1198 1598 1264 attollere,
1620 1207 1705 1256 caute
1718 1212 1754 1254 ac
1776 1197 1859 1255 lalla-

143 1288 247 1346 Voluto
262 1289 351 1361 igitur
376 1296 438 1360 post
451 1289 632 1359 septennium
657 1288 826 1358 etamplius
844 1287 953 1344 maleit·
1008 1288 1078 1345 citer
1101 1288 1224 1359 seipsam
1241 1287 1377 1344 extulisse
1391 1287 1516 1354 videtur,
1543 1295 1578 1354 te,
1607 1286 1693 1350 Deus,
1724 1287 1777 1357 qui
1797 1288 1861 1358 ejus

108 1375 161 1444 cio,
189 1391 248 1448 quo
277 1376 420 1433 naturalis
458 1376 636 1448 legitimique
658 1377 821 1433 commercii
851 1376 954 1447 copula
1007 1376 1134 1433 animam
1168 1383 1200 1433 ut
1223 1376 1403 1433 inhabitator
1435 1373 1534 1444 nosti,
1565 1382 1663 1431 testem
1682 1374 1859 1444 compellare

107 1464 309 1536 rumpebatur,
339 1465 460 1522 nimium
481 1466 565 1536 plane
589 1465 659 1521 satis
683 1465 818 1522 credibile
844 1473 896 1533 est,
922 1472 954 1522 ut
1007 1479 1160 1537 presumo,
1174 1465 1347 1522 omnimedis
1360 1464 1511 1531 excellere,
1526 1464 1603 1535 quod
1621 1471 1664 1519 est
1679 1462 1765 1529 iliud,
1780 1462 1857 1534 quod

107 1553 182 1610 sicut
193 1553 478 1624 prestigiisocularis
495 1554 568 1611 ratio
582 1553 767 1637 pervertitur,
784 1562 816 1610 ut
834 1554 869 1609 de
884 1553 951 1609 nul·
971 1552 1121 1652 Bdicitur.
1153 1553 1188 1609 Ει
1225 1560 1300 1609 ιιιιι
1329 1567 1396 1609 cum
1430 1551 1493 1608 luce
1517 1551 1626 1608 clarius
1650 1558 1749 1621 pateat
1769 1551 1857 1607 vitam

107 1641 152 1708 lis,
169 1649 201 1698 ιιι
229 1642 270 1698 sic
285 1641 390 1710 dicam,
413 1642 512 1714 aliqua
529 1650 558 1699 et
587 1643 622 1699 de
647 1642 712 1698 aliis
735 1641 791 1699 alia
816 1641 876 1699 lieri
902 1655 953 1712 per
1006 1654 1129 1697 meama
1149 1641 1291 1698 bonorum
1306 1641 1437 1696 omnium
1461 1639 1627 1697 exorbitare
1656 1638 1800 1710 vestigiis,
1831 1645 1857 1694 et

107 1743 207 1801 magos
229 1730 398 1802 videantur;
429 1732 469 1787 ita
493 1731 568 1787 vires
592 1731 756 1802 hujusmodi
778 1744 812 1786 ac
830 1743 952 1787 venerea
1006 1730 1102 1786 studia
1127 1743 1238 1800 semper
1262 1743 1325 1785 mea
1353 1728 1475 1784 sensatis
1497 1728 1635 1784 omnibus
1663 1727 1772 1797 probro
1787 1741 1855 1795 esse,

107 1817 256 1874 molimina
277 1818 368 1875 multo
392 1819 496 1876 minori
525 1818 644 1875 artisscio
670 1818 901 1890 contundantur3
913 1818 954 1875 ita
1006 1817 1076 1889 quid
1091 1817 1161 1873 mibi
1178 1817 1302 1887 proderit
1317 1824 1369 1873 eut
1378 1816 1490 1886 paterni
1504 1829 1555 1872 seu
1571 1814 1641 1871 aviti
1655 1814 1786 1871 nominis
1798 1828 1855 1871 ma·

107 1905 184 1962 euim
209 1904 385 1976 populariter
406 1908 550 1974 actitatur,
572 1914 604 1962 ut
626 1907 686 1978 jam
701 1906 736 1963 ab
749 1907 871 1963 rudibus
883 1907 953 1977 qui·
1006 1905 1138 1977 gnitudo,
1156 1904 1205 1961 ubi
1227 1903 1262 1960 do
1285 1905 1364 1974 prole
1389 1903 1552 1960 miserrima
1574 1911 1633 1960 tota
1662 1902 1857 1960 coarctabitur

109 1993 221 2064 busque
235 1994 353 2052 sciatur.
372 1995 508 2065 Cessatis,
527 1995 658 2066 inquam,
677 2009 727 2065 per
741 2009 830 2052 anum
845 2009 952 2066 quam·
1006 1992 1148 2050 latitudo?
1176 1994 1211 2049 Et
1238 1991 1290 2064 qui
1316 1992 1353 2048 ad
1373 2005 1473 2049 eorum
1502 2005 1595 2047 mores
1621 1990 1704 2047 nulia
1728 1990 1857 2048 volunte-

107 2080 174 2138 dam
192 2081 247 2138 illis
264 2084 361 2153 pravis
375 2083 498 2152 artibus,
512 2098 546 2140 ea
571 2083 627 2140 tide
644 2084 836 2141 thalamorum
860 2083 953 2140 oliicio
1008 2080 1043 2138 tis
1070 2089 1097 2137 et
1125 2088 1207 2136 actus
1234 2080 1496 2151 contemperatione
1530 2093 1678 2152 regenero,
1711 2079 1749 2136 ad
1784 2079 1854 2136 inla-

110 2168 277 2237 deservivit,
301 2184 361 2242 qua
383 2171 527 2229 diutinam
556 2172 699 2244 virginem
728 2173 783 2229 sub
806 2180 953 2229 tantarum
1006 2170 1071 2226 mie
1094 2169 1295 2241 superequitat
1317 2169 1438 2237 malum,
1466 2169 1615 2225 sicerum
1648 2168 1721 2224 mibi
1759 2168 1857 2225 landes

107 2253 393 2316 animadversionum
413 2259 575 2331 pulsatione
587 2261 723 2317 servavit.
751 2261 830 2317 Felix
851 2274 954 2331 nempe
1006 2256 1128 2313 ascribo.
1633 2319 1635 2322 ,

108 2343 440 2404 aliasineoseinlinite
456 2356 584 2405 nonum
608 2347 730 2405 miserie
753 2362 842 2419 quam
867 2349 954 2405 mise-
1043 2345 1167 2401 Maritus
1192 2344 1266 2400 bello
1291 2344 1417 2416 capitur.
1446 2373 1482 2386 -
1497 2345 1572 2402 Huic
1601 2344 1703 2416 igitur,
1717 2345 1790 2402 dum
1805 2344 1857 2402 sub

107 2433 246 2491 rabilitati
260 2435 381 2499 addixit,
397 2435 476 2507 quod
498 2443 568 2492 tunc
589 2436 675 2505 bona,
691 2443 718 2492 et
744 2436 835 2493 multo
862 2439 954 2509 magis
1006 2433 1110 2491 marito
1126 2432 1222 2489 adbuc
1247 2433 1406 2504 juvencula
1421 2441 1528 2505 ageret,
1551 2432 1607 2490 tale
1636 2432 1709 2504 quid
1725 2432 1857 2505 contigit,

107 2521 288 2591 postmodum
302 2524 376 2580 bona
399 2537 511 2594 semper
524 2523 644 2592 malum,
659 2532 687 2581 et
702 2525 811 2595 meipso
832 2524 952 2582 deterio·
1007 2523 1084 2592 quod
1101 2537 1159 2579 non
1176 2523 1329 2579 minimum
1351 2522 1534 2579 correctionis
1546 2523 1573 2578 'ei
1595 2522 1660 2578 vite
1675 2522 1858 2580 incentivum

107 2623 166 2667 rem
191 2624 305 2681 semper
324 2610 456 2669 ediderit.
484 2613 527 2668 Tu
546 2612 601 2669 scis
620 2621 727 2683 tamen,
755 2612 952 2684 Omnipotens,
1007 2610 1147 2683 prestitit.
1179 2610 1282 2667 Franci
1298 2610 1412 2666 ilenrici
1438 2611 1514 2681 regis
1528 2617 1654 2679 tempore
1668 2623 1737 2667 cum
1753 2609 1858 2667 Nortb·

107 2712 196 2769 quam
212 2713 293 2769 pure,
310 2713 399 2770 quam
413 2707 511 2757 sancte
524 2702 683 2758 secundum
714 2703 954 2760 temeeducave-
1007 2699 1101 2755 manis
1115 2708 1142 2756 ιι
1156 2712 1254 2756 eorum
1280 2699 1383 2755 comite
1403 2697 1565 2766 Guiilelmo,
1582 2698 1634 2769 qui
1657 2698 1772 2771 Anglos
1791 2707 1860 2769 post

108 2786 154 2853 rit,
170 2795 296 2857 quantas
310 2787 478 2858 gerulorum
499 2789 530 2845 in
550 2787 683 2860 infautia,
698 2799 824 2862 quantas
847 2804 953 2860 puere—
1006 2787 1124 2844 modum
1156 2787 1281 2859 subegit,
1310 2794 1338 2843 et
1372 2786 1582 2853 Scotos,multa
1605 2786 1860 2845 animadversione

107 2870 197 2928 acenti
210 2871 320 2942 pusiolo
345 2872 415 2930 mibi
431 2875 656 2947 pedagogorum
684 2889 718 2932 ao
746 2877 951 2947 magistrorum
971 2886 992 2944 c
1006 2876 1164 2943 certabant,
1182 2875 1211 2930 iu
1234 2890 1294 2946 quo
1308 2875 1402 2946 gentis
1417 2875 1571 2946 utriusque
1585 2889 1732 2932 concursu
1747 2884 1860 2946 patrem

106 2973 193 3016 curas
217 2960 391 3029 adbibuerit,
425 2976 492 3019 cum
517 2977 576 3020 non
600 2964 686 3020 etiam
703 2977 755 3035 pro
779 2964 951 3035 corpusculo
1006 2979 1102 3021 meum
1117 2964 1180 3034 oapi
1196 2962 1325 3036 contigit.
1350 2963 1441 3034 Cuius
1455 2963 1568 3019 comitis
1597 2964 1782 3021 consuetudo
1801 2962 1859 3021 ine

106 3048 231 3104 vestium
259 3063 363 3120 pompa
387 3050 520 3120 deluerit,
552 3059 582 3107 ut
610 3052 704 3123 regios
730 3060 781 3110 aut
804 3053 952 3109 comitivos
1006 3059 1061 3122 rat,
1087 3059 1119 3108 ut
1146 3065 1300 3123 nunquam
1324 3052 1453 3122 captivos
1478 3066 1545 3109 suos
1568 3051 1604 3107 ad
1631 3051 1860 3123 redemptionem

107 3149 212 3206 pueros
226 3137 373 3208 obsequiis
391 3139 573 3210 equiparare
587 3141 711 3197 viderer.
728 3141 787 3198 Nec
800 3142 863 3208 soli,
891 3143 951 3199 Do-
1006 3148 1119 3213 cogeret
1133 3140 1182 3197 sed
1198 3147 1346 3211 perpetua,
1371 3141 1440 3196 dum
1469 3140 1650 3210 adviverent,
1673 3141 1802 3198 carceris
1823 3154 1862 3198 re

108 3223 195 3291 mine,
225 3225 311 3281 matri
327 3227 490 3284 contuleras
515 3229 594 3285 bunc
612 3227 757 3298 allectum,
781 3229 830 3287 sed
846 3238 873 3287 et
888 3230 952 3286 aliis
979 3249 982 3254 ·
1005 3228 1147 3301 logatione
1172 3230 1332 3286 damnaret.
1347 3228 1428 3297 Quod
1444 3229 1495 3286 ubi
1519 3227 1640 3286 relatum
1656 3237 1699 3286 est
1727 3229 1859 3301 coniugi,

107 3310 259 3372 ditioribus
276 3314 365 3371 multo
377 3316 504 3385 personis
519 3325 550 3374 tu
566 3317 750 3385 instinxeras,
765 3326 796 3375 ut
810 3332 870 3375 non
893 3326 951 3376 tam
1005 3319 1129 3377 ιιιιιιιιιιι
1143 3317 1220 3374 enim
1235 3325 1321 3374 natus
1335 3331 1425 3386 eram,
1450 3331 1503 3374 nec
1523 3317 1608 3389 longo
1634 3323 1698 3387 post
1733 3326 1861 3389 tempore

107 3414 157 3470 pro
191 3403 452 3475 consanguinitatis
492 3405 711 3473 necessitudine,
744 3420 833 3477 quam
862 3422 952 3464 causa
1007 3404 1059 3474 iul,
1076 3414 1104 3462 et
1131 3405 1193 3462 ideo
1221 3406 1321 3461 matris
1348 3405 1520 3476 supersedeo
1543 3405 1664 3473 nomini,
1699 3405 1860 3464 miserabili

107 3489 208 3560 gratie
228 3490 264 3546 ad
288 3492 373 3548 boca
399 3499 426 3550 te
445 3493 516 3548 mibi
543 3494 686 3564 prestita,
702 3495 814 3552 cultum
840 3495 911 3552 mibi
924 3503 953 3553 et
1007 3509 1129 3552 merore
1143 3495 1310 3551 examinata
1331 3493 1442 3560 deiecit,
1467 3494 1567 3551 acibo
1581 3501 1714 3565 potuque
1739 3495 1857 3563 destitit,

107 3578 270 3635 nutrituras
281 3579 489 3651 impenderent.
796 3576 803 3597 ⁸
1007 3597 1142 3639 somnum
1182 3583 1413 3654 desperatissima
1448 3582 1610 3639 sollicitudo
1652 3583 1721 3654 pius
1757 3583 1859 3640 vetuit.

140 3665 228 3735 Deus,
239 3675 271 3724 tu
285 3669 341 3726 scis
355 3670 592 3740 quantamonita,
607 3679 733 3742 quantas
748 3673 869 3730 auribus
882 3675 953 3730 meis
1006 3670 1064 3728 Nec
1086 3671 1121 3726 de
1148 3670 1334 3727 multitudine
1372 3668 1575 3740 redemptionis
1602 3670 1722 3741 ineius
1763 3673 1860 3728 animo

108 3768 206 3825 preces
232 3757 361 3827 quotidie
400 3757 574 3828 instillabat,
602 3773 639 3815 ne
661 3765 738 3815 utto
758 3763 953 3832 corruptionis
1007 3772 1095 3817 causa
1122 3766 1193 3827 erat,
1221 3759 1269 3815 sed
1298 3758 1333 3815 de
1363 3759 1537 3816 irremeabili
1564 3759 1734 3829 captivitate
1758 3775 1862 3818 mere·

106 3842 270 3913 cujuspiam
296 3845 385 3901 verba
411 3845 596 3916 suseiperem.
626 3848 757 3915 Docebat,
786 3847 899 3919 quoties
935 3862 953 3904 a
1008 3848 1066 3905 bat.

106 3929 185 3985 euris
213 3929 406 3987 familiaribus
433 3930 558 3990 solitudo
584 3934 717 4002 vacabat,
742 3935 897 4005 quomodo,
925 3942 953 3992 et
1041 3937 1117 3994 Inde
1128 3934 1298 4007 praebente
1317 3933 1485 4007 afflictatur.
1507 3935 1599 3992 Veeet
1608 3952 1676 3991 eam
1689 3935 1813 3993 demon.
1826 3967 1860 3979 -

106 4029 194 4087 super
219 4017 327 4088 quibus
352 4027 377 4075 te
407 4033 491 4076 orare
519 4021 662 4079 deberem.
691 4023 733 4080 l'u
764 4023 838 4079 nosti
874 4021 953 4080 solus
1007 4025 1138 4096 Cumque
1151 4024 1279 4095 ejusdem
1309 4023 1493 4081 noctislieret
1520 4024 1738 4095 intempestum,
1758 4035 1787 4084 et
1813 4027 1861 4084 illa

107 4105 224 4177 quantis
239 4107 396 4177 angoribus
423 4109 596 4178 parturibat,
625 4126 661 4169 ue
676 4111 759 4167 initia
786 4111 953 4169 florentissi·
1007 4115 1096 4171 atroci
1113 4114 1257 4170 anxietate
1274 4112 1437 4183 plenissima
1451 4113 1599 4183 proprium
1620 4113 1719 4170 cubile
1739 4115 1859 4183 foveret,

107 4205 161 4248 me
175 4207 209 4250 ac
230 4194 402 4264 spectabilis,
426 4212 516 4269 quam
535 4205 568 4255 tu
582 4199 712 4266 dederas,
729 4200 862 4268 aetatulae,
891 4200 953 4256 ani·
972 4185 1081 4260 Dsicut
1106 4202 1219 4258 diabolo
1238 4202 1526 4258 consuetudinarium
1554 4207 1606 4271 est,
1623 4210 1656 4259 ut
1675 4205 1861 4273 potissimum

107 4295 172 4337 mus
194 4283 268 4338 male
296 4297 385 4341 sanus
414 4299 486 4342 sana
514 4294 698 4357 perverteret.
740 4287 805 4344 Voti
829 4287 893 4359 eius
921 4296 954 4345 tu
1007 4292 1111 4349 animis
1124 4291 1240 4347 tristitia
1256 4290 1408 4347 maceratis
1432 4291 1595 4362 immergat,
1612 4291 1708 4347 subito
1727 4292 1861 4363 vigilanti

107 4368 223 4437 ieceras,
241 4379 274 4428 ut
295 4371 331 4427 ad
357 4379 383 4429 te
409 4374 604 4432 indesinenter
618 4383 781 4445 estuarem,
808 4384 953 4447 quatenus
1007 4380 1048 4438 ilii
1059 4381 1119 4451 ipse
1134 4379 1269 4435 inimicus
1283 4378 1425 4445 incubuit,
1437 4386 1465 4435 et
1480 4378 1651 4451 gravissimo
1666 4393 1742 4449 pene
1767 4394 1862 4452 usque

107 4466 258 4530 prestares
274 4461 417 4518 internam
431 4462 526 4520 decori
540 4463 580 4519 illi
605 4478 668 4520 meo
681 4473 800 4521 esterno
815 4465 953 4523 virtutem
1006 4468 1043 4524 ad
1057 4464 1275 4522 exstinctionem
1293 4463 1419 4535 pondere
1441 4465 1584 4535 jacentem
1607 4466 1762 4535 oppressit.
1788 4465 1861 4524 Cum

106 4560 296 4619 summopere,
313 4557 363 4606 aut
379 4552 559 4621 sapientiam.
576 4553 622 4618 Et,
647 4553 720 4609 bone
735 4553 863 4624 Domine,
879 4553 953 4610 bone
1006 4555 1061 4612 sub
1077 4554 1131 4610 bac
1145 4552 1210 4624 ejus
1240 4552 1359 4623 spiritus
1375 4550 1569 4608 suilocaretur
1591 4554 1743 4624 angustia,
1757 4561 1787 4610 et
1800 4569 1862 4611 om·

106 4636 192 4706 Deus,
221 4639 244 4694 si
283 4645 353 4695 tunc
374 4640 519 4710 presciret
540 4650 649 4711 quanto
680 4642 809 4700 sordium
836 4643 952 4700 cumulo
1007 4643 1089 4699 nium
1115 4641 1312 4698 membrorum
1341 4643 1450 4696 extota
1479 4640 1611 4697 libertate
1629 4649 1755 4709 careret,
1784 4644 1862 4700 vocis

106 4723 314 4783 obliteraturus
328 4741 408 4784 eram
428 4726 518 4784 bonas
533 4728 596 4785 illas
610 4729 753 4788 donorum
769 4739 888 4789 tuorum
902 4745 952 4789 su·
1006 4729 1280 4800 autemcujuspiam
1309 4729 1435 4784 sonitum
1457 4728 1625 4785 nullatenus
1647 4729 1783 4787 emittere
1803 4745 1861 4802 pos

106 4812 246 4883 perficies,
272 4815 380 4885 quibus
416 4829 461 4872 me
495 4816 545 4873 illa
578 4817 749 4888 impetrante
785 4833 951 4886 ornaveras,
1005 4825 1057 4886 set,
1077 4817 1230 4887 solumque
1245 4815 1294 4872 Dei
1310 4822 1391 4871 muta
1406 4816 1531 4886 penitus,
1560 4817 1609 4873 sed
1625 4817 1741 4875 ratione
1760 4818 1859 4888 libera,

106 4901 177 4971 quid
202 4903 338 4958 dictura?
366 4902 439 4968 Ouid
462 4906 584 4961 actura?
609 4905 700 4974 Quam
726 4909 954 4965 irremediabiles
1007 4909 1221 4982 prestolaretur
1244 4907 1399 4975 auxilium,
1427 4921 1491 4965 ecce
1513 4921 1530 4963 a
1554 4906 1651 4963 lectuli
1675 4908 1744 4981 ejus
1771 4910 1860 4981 capite

106 4989 402 5061 gemitusemissura‘i
420 4991 511 5060 Quam
536 4996 644 5052 mentis
666 4995 883 5054 dilacerationes
908 4997 953 5052 in·
1007 4998 1125 5070 quidam
1140 4995 1270 5069 spiritus,
1300 4995 1378 5052 baud
1401 4995 1522 5052 dubium
1538 4995 1610 5066 quin
1633 4996 1742 5067 boum,
1758 4999 1802 5055 sic
1816 5000 1857 5054 iu·

105 5092 230 5134 cursura
261 5085 349 5135 essett
381 5079 495 5137 Gratias
524 5081 586 5150 tibi,
614 5082 708 5139 dulcis
735 5090 764 5139 et
804 5084 954 5149 [moderate
1007 5084 1131 5142 clamare
1157 5098 1215 5140 nou
1246 5084 1343 5140 minus
1367 5081 1531 5145 affectuosa.
1550 5097 1639 5154 quam
1663 5093 1768 5154 aperta
1795 5099 1858 5142 vooe

106 5164 266 5235 dispositor,
296 5188 307 5216 ι
333 5166 385 5238 qui
415 5168 525 5225 tinxisti
547 5169 695 5241 sigillatim
730 5171 818 5227 eorda
855 5178 954 5228 nostra
1008 5172 1111 5243 coepit:
1129 5170 1258 5229 «Sancta
1276 5171 1376 5239 ituria,
1392 5170 1510 5242 adiuva.
1531 5172 1593 5227 »Et
1607 5185 1676 5228 cum
1686 5172 1858 5244 aliquandiu

106 5252 199 5320 (Psoi.
228 5268 317 5322 xxxu,
335 5258 386 5320 ιιι).
403 5278 418 5306 »
438 5257 526 5314 Plane
549 5259 573 5313 si
602 5256 758 5328 penetralia
781 5259 869 5315 animi
896 5258 954 5316 mei
1007 5261 1048 5317 sic
1070 5260 1198 5327 dixisset,
1222 5267 1249 5316 et
1263 5259 1341 5330 quod
1366 5259 1515 5316 dicebatur
1544 5259 1628 5329 plene
1644 5259 1695 5316 illa
1719 5260 1857 5334 intellige·

106 5339 222 5396 mundis
239 5342 310 5399 adeo
326 5344 652 5416 indignaconspectibus
668 5345 877 5403 mundissimus
890 5348 954 5419 ejus
1007 5356 1059 5414 ret.
1083 5349 1222 5405 sentiente
1252 5346 1300 5404 illa
1326 5362 1392 5418 que
1420 5355 1567 5417 tantopere
1594 5348 1772 5419 vexabatur,
1794 5364 1857 5407 cum

106 5427 377 5500 oculusirrupisset,
394 5433 524 5505 miror,si
542 5433 951 5494 illicoexauimisnouluisset.
1007 5436 1111 5510 grandi
1140 5435 1390 5493 animadversione
1417 5435 1553 5505 erumpit.
1580 5435 1643 5504 Quo
1675 5446 1855 5509 erumpente,
