3818 6008
113 163 165 218 839
566 157 599 214 V.
631 156 796 213 colosum
825 156 971 214 ABBthS
994 159 1022 213 S.
1052 157 1170 215 bobini
1199 158 1244 216 oli
1275 157 1469 218 noviolirtro
1819 165 1872 217 elo

112 292 229 359 (Three.
256 307 296 358 ru,
322 294 360 360 l);
384 303 562 361 consequens
594 295 637 346 est
661 295 694 345 ut
717 285 752 344 ea
773 288 882 359 quibus
907 288 957 344 illa
976 289 1106 351 Alorma
1127 298 1237 361 quanto
1261 290 1453 361 appetibilior,
1469 292 1493 347 si
1517 300 1618 349 contra
1642 291 1793 350 lenocinia
1819 294 1873 349 du·

112 383 282 452 suppleatur
295 389 413 451 egestas,
439 378 558 435 solerter
576 378 741 449 exquiram.
757 378 793 435 Et
806 378 956 446 ediverso,
1013 379 1114 444 ruerit,
1129 386 1208 434 tanto
1220 377 1392 434 omnimodae
1414 378 1496 437 titulo
1520 378 1615 437 laudis
1638 381 1782 438 evectior.
1809 382 1874 438 Sal·

25 503 31 511 ·
111 472 134 527 si
150 485 207 527 non
220 470 309 525 sciero
322 466 392 537 quid
406 467 441 522 sit
453 466 573 534 bonum,
588 467 665 523 unde
677 467 787 523 malum
803 467 847 522 vel
865 479 958 533 nosse,
1013 465 1117 523 iustius
1131 466 1250 536 Crispus
1264 465 1320 522 nisi
1335 465 1423 521 solam
1439 466 1500 523 sine
1514 466 1643 524 moribus
1667 467 1875 539 pulchritudi-

110 560 216 615 nedum
241 554 384 612 exsecrari
413 553 536 623 potero?
565 554 593 610 Si
619 554 864 626 pulchritudinem
900 569 956 609 non
1013 568 1078 611 nem
1105 553 1338 621 laudiduxisset,
1363 567 1515 626 nunquam
1531 555 1565 612 de
1590 556 1711 613 Aurelia
1739 555 1877 613 Orestilla

111 646 248 711 noverim,
276 656 429 713 nunqnam
449 641 604 699 loeditatem
633 644 744 700 horreo.
767 643 840 710 Quia
869 642 958 715 ignor
1013 643 1154 700 dixisset:
1174 666 1185 693 ι
1203 644 1235 700 lu
1252 656 1318 715 qna.
1335 644 1385 712 ait,
1418 652 1518 715 praeter
1534 645 1656 702 lormam
1675 645 1719 701 nil
1739 659 1876 717 unquam

109 740 265 801 utrumque
277 734 397 795 constat,
413 736 445 785 ut
459 742 511 800 per
525 730 579 786 mci
604 730 734 786 notitiam
751 738 831 786 tuam
852 735 956 799 petam,
1013 729 1107 787 bonus
1130 730 1270 786 laudavit.
1291 752 1301 779 ι
1321 730 1348 786 si
1380 730 1500 786 lormarn
1514 730 1587 801 ejus,
1604 745 1697 802 quam
1719 730 1876 800 excipite

107 827 136 877 et
149 820 247 876 truens
277 826 336 883 tua,
375 818 449 874 illico
473 831 536 874 mea
558 833 616 874 non
641 832 764 885 caream,
789 818 912 889 dignum
925 828 959 869 ac
1012 815 1088 873 bono
1104 816 1215 873 landari
1229 818 1337 885 asserit,
1353 816 1424 887 quia
1438 824 1533 873 tamen
1548 817 1579 874 in
1597 818 1712 874 caeteris
1736 818 1875 875 omnibus

108 907 295 978 singulariter
322 905 449 962 salutare
470 914 511 961 est
527 913 558 962 nt
573 906 735 962 obscuritas
750 904 871 961 rationis
890 915 958 958 meae
1014 911 1124 973 turpem
1139 904 1217 968 dicit,
1245 917 1344 959 secure
1364 917 1416 973 pro
1439 903 1573 960 Sallustio
1597 904 1705 975 loquor
1737 904 1782 960 sic
1808 918 1873 961 sen·

108 1008 160 1065 per
172 992 339 1064 huiusmodi
353 992 544 1048 conlcssiones
556 992 658 1048 crebra
676 992 716 1048 tui
732 991 850 1048 luminis
865 989 959 1060 inqui·
1011 993 1091 1061 sisse,
1106 1007 1159 1049 con
1174 993 1290 1060 diceret,
1307 992 1393 1063 digne
1418 992 1482 1048 dote
1507 1001 1619 1049 nature
1639 1007 1656 1048 a
1687 994 1750 1050 Deo
1771 1007 1872 1065 appro

108 1083 209 1138 sitione
225 1089 366 1153 tergatur,
379 1095 438 1151 quo
459 1079 599 1136 stabiliter
623 1080 777 1146 illustrata,
804 1090 958 1148 nunquam
1012 1081 1085 1148 bari,
1097 1080 1160 1137 licet
1171 1094 1236 1137 eam
1251 1087 1360 1136 constet
1374 1080 1524 1150 adjectivis
1543 1081 1728 1151 quibuslibet
1744 1081 1870 1152 impuri-

108 1170 241 1241 deinceps
252 1184 270 1225 a
283 1184 311 1226 se
327 1168 482 1225 nesciatur.
1012 1168 1119 1224 tatibus
1132 1167 1256 1237 impiari.
1282 1166 1431 1224 Laudatur
1441 1167 1546 1238 ¹itaque
1563 1169 1592 1224 in
1614 1168 1695 1225 idolo
1713 1169 1869 1240 cujuslibet

447 1254 562 1312 CAPUT
589 1255 623 1310 ll.
1012 1256 1140 1313 materiei
1157 1255 1287 1325 partibus
1299 1255 1422 1325 propriis
1440 1255 1531 1312 torma
1557 1258 1748 1325 conveniens,
1762 1266 1792 1315 ot
1808 1259 1868 1314 licet

144 1344 290 1423 Βιιιιιὶρια
304 1341 395 1399 sidio
411 1345 466 1397 ileo
480 1341 589 1396 cellola
602 1344 743 1397 memorat
758 1361 768 1408 ,·
782 1342 870 1412 deque
884 1340 959 1410 tpm
1013 1345 1119 1401 idolum
1135 1345 1171 1400 ab
1197 1344 1341 1414 apostolo,
1362 1351 1505 1415 quantum
1532 1353 1642 1415 spectat
1656 1346 1695 1402 ad
1712 1347 1813 1415 fldem,
1829 1346 1865 1402 nil

104 1432 298 1507 gralinsaqil.
312 1463 343 1471 -
361 1432 407 1487 Est
424 1432 521 1500 itaque
541 1431 665 1500 primum
678 1430 806 1487 cvtnliteri
829 1428 878 1484 tibi
892 1442 957 1498 qnae
1011 1431 1171 1502 appelletur
1200 1433 1225 1501 (l
1240 1432 1306 1486 Cor.
1332 1446 1391 1498 tuor,
1408 1431 1446 1501 l),
1469 1445 1520 1488 nec
1536 1432 1690 1503 quidpiam
1719 1434 1865 1505 prolanins

107 1523 177 1579 mihi
197 1520 353 1578 contuleris
381 1519 528 1587 benellcia,
559 1527 590 1574 ul
621 1520 799 1590 perpendant
826 1519 876 1589 qul
897 1518 957 1573 haec
1012 1518 1163 1588 habeatur,
1180 1526 1275 1576 tamen
1290 1519 1338 1574 illa
1358 1521 1552 1577 membrorum
1567 1532 1635 1592 opta
1649 1522 1785 1580 diductio
1812 1539 1863 1580 nou

107 1609 210 1665 lecturi
227 1608 285 1663 sint
307 1605 409 1661 lamuli
425 1606 477 1673 tui,
495 1606 579 1674 Deus,
604 1621 691 1676 quam
715 1607 751 1663 sit
766 1604 890 1661 crudelis
912 1605 955 1659 in·
976 1590 1064 1663 Babs
1076 1621 1105 1663 ro
1117 1607 1263 1663 laudatur.

108 1701 253 1771 gratitudo
270 1714 342 1756 mea.
361 1699 551 1755 Sienimnon
574 1699 631 1754 alia
652 1712 821 1770 quamque
849 1698 958 1753 caeteris
1047 1695 1237 1752 Palcltrt'ludo
1260 1695 1432 1751 calollmdo.
1448 1725 1484 1739 -
1502 1697 1537 1754 lit
1562 1706 1638 1754 certe
1656 1698 1800 1769 quamvis
1813 1713 1862 1755 mo·

108 1789 266 1859 impartiris
291 1787 456 1844 hominibus
481 1787 552 1842 mibi
581 1787 760 1857 praebuisses,
792 1797 888 1840 nonne
924 1798 958 1839 ea
1013 1790 1162 1839 montanea
1193 1783 1377 1854 pulchritudo
1405 1784 1441 1840 sit
1468 1785 1647 1857 sanguinum
1679 1787 1861 1845 instabilitate

108 1893 174 1948 qnae
189 1877 291 1933 mereri
315 1883 465 1946 potueram
482 1874 722 1931 transcendisses?
737 1871 879 1929 Addidisti
890 1872 958 1942 plu·
1011 1871 1161 1941 vertibilis,
1174 1872 1333 1929 secundum
1349 1879 1518 1929 consuetum
1534 1873 1700 1946 imaginarii
1721 1875 1792 1932 boni
1807 1891 1861 1932 mo

108 1963 262 2034 rimaquae
288 1977 325 2019 ιιι
349 1971 399 2019 tuo
425 1963 617 2033 praedicabilia
640 1969 717 2029 sunt,
740 1961 779 2017 nil
808 1968 957 2016 autemus
1011 1958 1091 2027 dum,
1122 1960 1198 2016 bona
1224 1960 1322 2032 negari
1348 1975 1406 2016 non
1434 1967 1533 2031 potest
1559 1960 1586 2017 Si
1611 1960 1690 2017 enim
1724 1962 1861 2034 quidquid

107 2068 181 2120 meo,
195 2061 222 2109 et
242 2053 299 2108 alia
317 2052 425 2123 quibus
442 2051 687 2121 supersedendum
711 2064 821 2107 censeo
838 2049 866 2105 Si
880 2049 956 2105 enim
1011 2047 1213 2104 aeternalitera
1226 2048 1304 2104 Deo'
1298 2048 1462 2105 institutum
1477 2055 1529 2116 est,
1543 2048 1702 2118 pulchrum
1716 2057 1773 2118 est,
1786 2065 1901 2107 omne.

108 2156 209 2213 genus,
227 2155 294 2211 opes
309 2148 337 2196 et
352 2140 454 2207 lorma,
472 2143 504 2196 ul
517 2148 619 2197 catera
633 2140 657 2196 si
676 2154 736 2211 qua
754 2147 821 2196 sunt
837 2148 956 2202 taceam,
1011 2135 1083 2192 illud
1099 2138 1176 2207 qnod
1193 2137 1389 2208 temporaliter
1402 2136 1561 2207 speciosum
1581 2145 1633 2205 est,
1648 2144 1771 2195 aeternae
1794 2139 1862 2196 illins
1897 2158 1902 2191 ι

108 2240 145 2300 ιι,
161 2232 290 2297 Domine,
308 2237 425 2287 auctore
440 2230 557 2297 dantur
578 2230 660 2287 nulla
674 2229 751 2300 apud
768 2229 857 2285 bonos
873 2229 959 2286 laude
1012 2225 1113 2293 speciei
1140 2225 1224 2295 qnasi
1251 2225 1401 2295 speculum
1423 2232 1497 2283 est«
1528 2224 1690 2283 invisibilia
1713 2227 1795 2283 enim
1822 2228 1861 2284 liei

108 2321 251 2387 leruntur,
269 2319 322 2375 nisi
339 2332 415 2386 cunr,
430 2318 467 2374 ab
482 2318 527 2373 his
539 2319 647 2389 quibus
661 2333 678 2374 ι
692 2326 719 2375 ιι
733 2318 800 2375 data
815 2325 893 2387 sunt,
903 2317 958 2373 sub
1012 2325 1063 2381 per
1076 2325 1111 2368 ea
1125 2326 1191 2382 quae
1206 2312 1281 2368 iacta
1295 2320 1373 2380 sunt,
1392 2312 1533 2370 intellecta
1547 2313 1784 2384 conspiciuntur,
1804 2338 1815 2363 ·
1831 2316 1863 2372 ait

109 2407 210 2478 regula
229 2405 385 2462 honestatis
400 2412 545 2471 arcentur,
572 2412 623 2462 ant
643 2419 762 2476 prorsus
789 2405 957 2475 contempti·
1011 2400 1163 2470 Apostolus
1192 2400 1287 2471 (Rom.
1312 2415 1331 2468 1,
1354 2400 1410 2470 illl.
1441 2400 1542 2473 Angell
1568 2415 1688 2472 quoque
1717 2401 1863 2461 hominn-

109 2495 178 2553 bilia
193 2509 245 2566 pro
255 2509 315 2550 sure
331 2493 398 2549 vitio
408 2493 607 2550 mutabilitatis
624 2493 777 2549 habentur.
792 2493 863 2560 Quid
880 2494 957 2549 enim
1011 2485 1212 2557 conspectibus
1227 2492 1301 2542 458
1318 2501 1348 2543 se
1366 2486 1536 2558 prebentes,
1555 2487 1657 2545 lullus
1670 2497 1865 2561 semperstan-

108 2583 144 2639 ad
156 2597 200 2639 me
214 2581 249 2639 de
263 2582 308 2637 his
323 2594 389 2652 que
402 2580 476 2636 solas
489 2580 550 2636 suis
565 2581 709 2637 coloribus
730 2587 817 2651 atque
830 2580 958 2637 nomini·
1010 2577 1069 2634 lere
1082 2574 1263 2633 clarissimos.
1290 2577 1369 2633 Unde
1386 2591 1461 2634 uxor
1475 2576 1580 2635 Manus
1595 2592 1601 2633 :
1620 2600 1631 2627 ι
1646 2577 1747 2649 Venit,
1765 2580 1864 2653 inquit,

108 2671 163 2726 bus
176 2683 279 2725 causas
306 2668 429 2724 lascivire
454 2668 654 2738 superbiaeque
684 2669 870 2735 ministrant,
892 2684 957 2738 quan
1009 2664 1056 2719 vir
1071 2663 1120 2719 Dei
1132 2664 1168 2720 ad
1186 2679 1230 2720 me
1242 2664 1405 2736 angelicum
1426 2664 1534 2721 habens
1553 2665 1669 2722 vultum
1702 2664 1787 2737 (dod.
1810 2682 1865 2733 ιιιι,

110 2759 151 2815 sic
165 2757 260 2814 media
274 2765 352 2824 sunt,
376 2763 408 2813 ιιι
435 2770 486 2827 pro
502 2756 641 2813 mentium
657 2756 759 2812 habitu
777 2756 957 2813 circumlerri
1010 2752 1050 2817 ssl·
1069 2771 1080 2798 ·
1098 2750 1168 2807 ¹⁰1¹ss
1189 2752 1329 2808 edivelSO
1343 2752 1498 2820 daessstlssess
1516 2752 1674 2825 (lubitum
1689 2755 1780 2823 primi
1796 2753 1865 2811 Petri

109 2846 145 2902 ad
166 2846 273 2902 bonnm
290 2844 457 2914 malumque
472 2851 593 2914 queant;
610 2859 676 2914 qum
691 2852 770 2900 tanto
790 2851 858 2900 sunt
876 2844 956 2900 lieni·
978 2852 1122 2937 ί,ιθῡθῐῐιι
1142 2860 1152 2887 ‹
1171 2838 1226 2895 ⁸11¹)
1240 2838 1363 2910 caligine
1378 2840 1413 2895 ad
1439 2840 1513 2897 diem
1531 2841 1629 2913 magni
1651 2840 1762 2912 judicii
1778 2858 1868 2901 riser·

110 2933 211 2991 hilitati
227 2931 323 2988 addita
337 2937 447 3001 quanto
462 2943 514 2999 pro
528 2928 574 2985 sni
589 2929 787 2986 transibilitate
808 2931 960 3001 suspecta?
988 2920 1122 2982 'vantur
1139 2928 1187 2997 (ΙΙ
1202 2927 1280 2981 Pelr.
1307 2941 1337 2989 n,
1357 2931 1409 2999 {73
1431 2926 1502 2984 dud.
1531 2928 1585 2999 ιι),
1602 2950 1613 2978 ι
1629 2928 1768 2989 vultibus
1782 2931 1868 2989 solent

111 3022 201 3091 Super
227 3018 335 3090 quibus
356 3018 379 3074 si
400 3017 457 3073 alia
472 3017 546 3073 ratio
561 3032 618 3073 non
634 3026 807 3086 occurreret,
825 3018 875 3073 illa
891 3018 960 3074 satis
1014 3028 1152 3085 apparere
1168 3014 1330 3080 teterrimis,
1348 3029 1405 3071 non
1419 3030 1485 3072 cum
1504 3031 1535 3074 se
1558 3016 1701 3076 lallaciter
1717 3019 1868 3092 transliga-

110 3115 192 3176 esset,
210 3107 287 3178 quod
314 3119 408 3177 neque
429 3118 521 3176 genus
541 3118 635 3175 neque
650 3104 770 3175 speciem
798 3105 865 3175 quis
876 3119 960 3161 suam
1014 3110 1080 3159 rant
1093 3103 1121 3158 in
1137 3102 1255 3175 angelos
1270 3102 1343 3159 lucis
1360 3105 1406 3169 (11
1418 3105 1484 3159 Gor.
1505 3119 1547 3173 ιι,
1567 3105 1618 3176 ll),
1638 3128 1653 3155 n
1671 3121 1727 3164 nec
1744 3108 1774 3165 tq
1789 3108 1868 3180 plano

110 3193 278 3260 elaboravit,
295 3201 321 3249 et
338 3193 366 3248 in
389 3193 433 3248 his
457 3191 619 3263 specialiter
634 3206 691 3249 uon
708 3192 793 3249 babet
808 3192 884 3263 quod
901 3207 960 3249 non
1014 3190 1132 3263 injuria,
1150 3198 1245 3261 utpote
1265 3190 1315 3262 qui
1345 3192 1507 3249 concivium
1530 3193 1673 3251 nobilium
1693 3196 1867 3254 desciverea

111 3283 260 3354 acceperit.
1015 3279 1117 3350 gloria.

146 3370 219 3427 Sunt
233 3369 290 3425 alia
317 3367 450 3439 quaedam
480 3367 589 3438 quibus
614 3367 806 3438 adipiscendis
831 3368 961 3425 humana
1051 3368 1094 3424 Ad
1110 3368 1163 3424 hoc
1185 3368 1272 3424 etiam
1295 3376 1392 3425 nostra
1405 3369 1559 3427 electorum
1590 3372 1724 3443 corporis
1747 3374 1866 3432 claritati

112 3455 268 3527 aliquando
283 3453 378 3511 studia
397 3453 543 3525 cooperari
571 3463 702 3526 possunt,
733 3455 774 3511 uli
789 3463 857 3512 sunt
882 3471 959 3527 opes,
1014 3454 1119 3512 Christi
1135 3456 1346 3528 configuranda
1362 3456 1599 3530 dicuuturffhii.
1614 3475 1656 3529 ur,
1671 3460 1732 3532 il),
1750 3472 1783 3520 ut
1800 3462 1868 3521 iaedi

111 3546 153 3602 uti
168 3543 294 3616 ingenia,
315 3549 384 3598 teste
397 3542 548 3598 Salomone
568 3556 575 3595 ε
599 3563 609 3590 ι
626 3541 756 3609 Ferrum,
773 3541 878 3613 inquit,
894 3558 961 3599 cum
1015 3550 1068 3611 tas,
1085 3558 1152 3615 que
1164 3558 1234 3600 casu
1249 3558 1301 3601 seu
1323 3545 1449 3603 naturali
1465 3547 1650 3618 corruptione
1674 3551 1867 3619 contrabitur,

110 3640 241 3690 retusum
268 3629 363 3694 luerit,
393 3629 484 3685 multo
515 3627 611 3685 labore
635 3636 794 3686 exacuetur
816 3630 908 3702 (licei.
931 3647 960 3700 x,
1015 3631 1051 3686 ad
1068 3632 1198 3703 regulam
1220 3631 1417 3705 transfigurati
1434 3634 1463 3690 in
1480 3644 1576 3692 monte
1590 3636 1640 3692 Dei
1664 3637 1732 3695 lilii
1748 3638 1870 3713 corrigi·

113 3723 165 3789 lo).
189 3718 295 3786 »Quod
311 3725 403 3775 toturn
425 3723 453 3773 et
474 3717 568 3787 ipsum
592 3717 679 3773 etiam
704 3730 740 3773 ex
771 3716 846 3774 lacili
872 3732 963 3775 asser·
1014 3720 1121 3777 tunsi
1147 3720 1237 3791 igitur
1265 3721 1378 3778 interna
1396 3723 1571 3793 exemplaria
1596 3724 1722 3794 pulchra
1750 3733 1780 3784 et
1796 3727 1872 3784 bona

111 3810 187 3866 tione
201 3813 341 3872 cassatur,
356 3806 425 3876 quia
436 3805 491 3860 nisi
511 3804 650 3861 rationem
665 3803 727 3871 lun,
743 3820 808 3875 quae
818 3806 962 3864 illuminat
1015 3815 1092 3876 sunt,
1109 3809 1279 3880 quicunque
1290 3811 1471 3881 praetendunt
1482 3812 1651 3883 imaginem,
1663 3814 1872 3873 maximarum

110 3897 233 3953 ominem
244 3895 388 3950 hominem
396 3893 425 3947 in
433 3891 659 3949 huncmnndum
669 3893 827 3950 venientem
835 3893 934 3965 (loon.
942 3912 960 3962 ι,
1015 3896 1051 3952 ab
1066 3911 1167 3953 eorum
1182 3897 1282 3955 ordine
1296 3913 1352 3954 non
1368 3898 1541 3970 discrepant,
1559 3901 1635 3958 unde
1649 3901 1787 3971 pulchra,
1808 3903 1872 3960 inde

111 3986 139 4052 9)
157 3981 322 4047 imbuat‚et
353 3979 427 4036 iores
453 3978 650 4036 doctrinarum
680 3979 810 4038 Christus
836 3981 962 4038 scientiae
1015 3990 1044 4040 et
1058 3982 1134 4040 bona
1152 3991 1228 4040 sunt.
1246 3984 1354 4056 Nempe
1367 3993 1395 4042 et
1409 3986 1468 4057 ipse
1483 3987 1514 4042 B.
1536 3988 1724 4059 Augustinus
1737 3990 1768 4046 iu
1789 3990 1871 4060 libro,

111 4068 201 4125 clavis
224 4067 344 4138 aperiat,
371 4065 443 4123 nulli
470 4066 689 4138 dubiumquod
713 4068 807 4124 omnis
826 4070 962 4141 magister
1015 4072 1044 4128 ni
1061 4071 1153 4139 iallor,
1172 4072 1210 4129 lle
1237 4073 1369 4130 doctrina
1391 4075 1554 4132 Christiana
1580 4076 1688 4134 dixisse
1710 4079 1871 4139 recolitur:

111 4156 231 4212 auribus
260 4153 368 4210 stolidis
388 4167 497 4210 vanum
526 4164 671 4212 certamen
698 4156 854 4228 impendat.
882 4158 959 4231 Ergo
978 4173 1002 4228 p
1020 4158 1128 4226 «Quod
1152 4160 1175 4214 is
1201 4159 1252 4229 qui
1269 4160 1424 4231 pulchrum
1453 4162 1540 4219 habet
1562 4176 1669 4235 corpus
1697 4172 1729 4223 et
1758 4174 1872 4239 turpem

111 4244 238 4315 prudens
260 4242 383 4314 quisque
419 4242 579 4314 quidquam
607 4243 661 4300 sibi
680 4252 784 4315 praeter
812 4254 961 4315 peccatum
1015 4246 1153 4315 animam,
1164 4247 1256 4319 magis
1272 4248 1416 4320 lugendus
1430 4258 1472 4307 est
1487 4264 1574 4322 quam
1585 4253 1609 4308 si
1626 4252 1740 4311 hedum
1756 4256 1873 4314 baberet

112 4347 248 4405 arrogare
263 4331 394 4402 desipiat.
1014 4340 1043 4391 et
1070 4348 1183 4404 corpus.
1208 4356 1218 4383 ›
1243 4334 1271 4392 Si
1295 4351 1363 4408 ergo
1381 4339 1489 4408 species
1513 4341 1580 4411 jure
1608 4340 1717 4400 vitiosa
1744 4345 1870 4417 lugetur,

148 4424 377 4483 Guiberia'maier
386 4423 508 4495 pulchra
521 4421 714 4480 elotrtottoos
727 4427 832 4480 ornato
854 4426 962 4484 -Sed
1015 4419 1140 4491 βΐθῐθθῑθ
1157 4421 1273 4478 indubie
1287 4422 1362 4479 bona
1376 4438 1421 4480 tes
1434 4433 1485 4494 esi,
1500 4430 1734 4498 quapravitatis
1748 4432 1873 4505 alicujus

113 4516 157 4572 his
171 4513 292 4583 omissis,
319 4526 378 4569 rem
396 4521 517 4583 coeptam
547 4520 719 4583 repetamus.
749 4513 895 4584 llixeram,
918 4515 962 4586 pie
1015 4509 1196 4565 ammistione
1214 4512 1422 4582 corrumpitur,
1445 4522 1495 4571 aut
1510 4522 1607 4573 tenore
1633 4516 1799 4577 honestatis
1822 4533 1871 4577 an·

111 4611 138 4662 et
151 4611 258 4671 sancte
284 4601 362 4672 qnod
393 4601 428 4658 de
456 4601 513 4657 tuis
538 4601 588 4657 tibi
615 4600 760 4658 beneliciis
784 4602 959 4675 gratularer.
1016 4603 1110 4668 gelul-

112 4693 241 4749 Primum
276 4688 515 4761 potissimumque
539 4689 636 4759 itaque
664 4691 772 4761 gratias
800 4704 854 4761 ago
883 4691 999 4760 quod
1051 4684 1257 4742 Gerlomatrt‘s
1266 4686 1601 4763 laudibueproseqattor.
1609 4694 1872 4769 -Gratiasigitnr

113 4780 277 4852 pulchram,
307 4776 355 4834 sed
384 4784 504 4845 castam,
533 4775 690 4855 modestam
726 4777 796 4833 mihi
828 4788 959 4848 matrem,
1015 4773 1078 4842 tibi,
1095 4774 1181 4843 Deus,
1197 4776 1248 4846 qni
1274 4777 1495 4846 praestillaveras
1507 4781 1602 4838 decori
1614 4796 1682 4854 epus
1712 4786 1868 4853 virtutem:

113 4866 417 4934 timoratissimamque
450 4861 614 4918 contuleris
650 4842 804 4919 Pulchram
835 4865 961 4935 prolecto
1016 4859 1094 4917 illius
1117 4861 1194 4917 enlm
1234 4861 1414 4921 habitudinis
1450 4866 1579 4937 gravitas
1614 4869 1708 4929 totius
1737 4874 1868 4932 vanitatis

112 4956 182 5011 satis
208 4951 385 5011 seculariter
412 4963 445 5006 ac
462 4952 555 5020 inepte
581 4949 766 5019 protuleram,
784 4952 847 5007 misi
877 4962 961 5009 certe
1017 4955 1125 5020 poterat
1150 4949 1298 5007 insinuare
1326 4960 1532 5025 contemptum,
1558 4957 1717 5018 oculorum
1747 4976 1901 5035 namquo

113 5042 163 5118 [fo
188 5038 273 5112 seriel
303 5038 441 5096 castitatis
457 5036 745 5094 wvorissimafmssie
773 5038 827 5094 hoc
855 5054 959 5097 nomen
1016 5047 1139 5117 ponduS,
1156 5048 1261 5104 raritas
1275 5048 1429 5120 eloquendi
1448 5051 1578 5111 aciaciei
1592 5062 1732 5115 motuum
1748 5056 1866 5117 dilticul·
1898 5070 1901 5089 ¹

114 5133 199 5187 inane
223 5128 392 5185 llrmassem.
414 5124 576 5182 Sicutsane
599 5124 630 5180 in
650 5125 767 5182 omuino
786 5129 962 5198 pauperibus
1016 5142 1069 5202 tas,
1096 5134 1212 5192 minime
1237 5136 1429 5195 levitatibus
1422 5141 1596 5198 intuentium
1621 5143 1814 5205 obsecundat.
1828 5146 1866 5203 τι

111 5216 223 5287 jejunia
251 5215 388 5271 videntur
411 5213 567 5282 extortitia,
595 5212 703 5284 quibus
725 5228 782 5270 non
803 5223 962 5286 suppetunt
1016 5221 1081 5290 scis,
1097 5221 1291 5294 Omnipotens,
1310 5233 1449 5296 tanquam
1465 5227 1602 5297 primaevo
1617 5230 1770 5302 ipsiustui
1786 5232 1866 5291 nomi

114 5300 244 5358 ciborum
260 5300 409 5373 sullragra
420 5309 447 5358 et
462 5301 524 5357 ideo
543 5315 639 5358 minus
654 5301 824 5358 laudabilia
816 5301 963 5375 ,frugali
1016 5323 1060 5365 ms
1075 5309 1199 5365 rndrdrsn
1214 5319 1334 5380 metum
1354 5320 1494 5385 tanquam
1509 5315 1652 5376 adversus
1665 5321 1770 5379 omma
1795 5321 1865 5378 leno-

116 5396 158 5445 tas
169 5394 264 5444 autem
279 5388 401 5446 divitum
426 5404 477 5460 pro
500 5403 554 5448 sua
569 5389 655 5448 babet
677 5391 759 5461 copia
773 5390 905 5460 pretium,
922 5393 962 5448 sic
1017 5394 1092 5451 cinia
1107 5396 1401 5458 animirebellionem.
1415 5402 1573 5475 Notaquod
1588 5405 1642 5463 vix
1655 5408 1713 5466 aul
1724 5421 1864 5483 nusquam
