3818 6008
464 266 511 322 DE
532 267 744 325 ulunouleus
764 266 1028 324 superordin-
1043 268 1105 324 clu.
1128 269 1162 324 ll.
1634 270 1685 325 ela

56 406 92 466 nt,
105 406 133 454 et
149 399 176 453 id
193 397 327 468 liguram,
346 411 403 452 non
423 398 572 453 veritatem
587 411 647 452 esse
668 397 780 466 volunt,
800 402 823 453 Α
837 398 964 455 turdum
977 399 1054 470 quod
1066 399 1111 454 isti
1127 399 1211 470 quasi
1227 413 1343 469 prosua
1357 399 1496 471 dignitate
1507 399 1617 470 aliquid
1632 408 1683 468 est,

56 487 124 544 estiis
141 494 169 542 et
191 485 358 541 bominibus
373 499 526 541 commune
540 486 576 541 sit
596 485 681 552 idem,
706 485 780 541 laeili
839 487 883 542 isti
900 501 951 557 pro
963 487 1133 558 indignitate
1147 500 1200 543 sua
1214 487 1286 542 nibil
1302 486 1375 542 illico
1395 487 1454 553 liat,
1474 495 1501 543 et
1519 495 1606 543 tante
1624 502 1685 544 ma-

56 575 182 633 ctatione
212 589 265 630 nos
298 574 444 645 subigent,
473 581 500 629 et
523 588 559 629 ex
584 575 644 630 solo
675 575 782 643 pudore
833 575 944 646 jestatis
962 575 1147 632 eminentiam
1171 575 1266 632 miseri
1292 575 1494 631 homuncionis
1519 576 1686 646 malignitas

59 664 113 721 inis
131 671 236 719 nostrae
262 662 443 729 convincent,
469 661 538 717 dunt
563 670 663 717 nostra
686 675 781 717 saera·

56 753 203 810 ominibus
218 766 252 808 ac
266 751 362 808 bestiis
378 751 544 806 communia
555 739 658 807 dicent.

55 841 130 899 ldern
158 854 226 912 ergo
256 840 377 897 ubilibet
406 839 578 909 reperiatur,
609 840 781 895 sacramenti

56 931 203 998 babeatur,
229 929 265 985 ad
284 928 439 985 incidentes
457 928 614 984 bestiarum
634 942 685 984 seu
706 942 782 998 qtto-

56 1018 208 1076 taliorum
227 1017 428 1073 discriminum
449 1029 542 1083 casus,
569 1015 638 1087 quia
662 1030 719 1071 non
741 1022 783 1071 est

56 1108 68 1163 .i
90 1106 210 1168 baereat,
235 1105 482 1175 substantiaque
506 1103 587 1174 prius
613 1103 705 1160 luerat
731 1104 782 1159 ba-

65 1191 272 1263 potiusquam
305 1202 408 1245 naevus
433 1189 473 1244 illi
496 1190 589 1244 unicae
613 1189 781 1256 sinceritati,

56 1278 232 1349 urpiiudinis
257 1279 401 1333 inuratur.
426 1276 453 1332 Si
478 1277 565 1343 enirn,
591 1276 660 1332 dum
676 1277 781 1343 uritur,

55 1365 224 1431 trelrt,dun1
241 1365 361 1431 roditur,
380 1362 584 1433 lambiturque,
605 1365 703 1420 eadem
717 1362 783 1418 ubi-

56 1457 158 1525 ‚testate
181 1454 318 1524 precedit,
346 1460 426 1508 tanta
450 1453 542 1522 gloria
568 1453 641 1508 nulli
663 1453 783 1507 miseriae

56 1543 143 1614 eiecta
168 1541 345 1597 decentem
372 1539 435 1596 licet
459 1541 493 1595 iis
512 1541 644 1596 videatur
670 1540 784 1595 addicta

56 1645 79 1699 s,
99 1645 156 1687 non
181 1637 277 1686 tamen
295 1637 399 1684 vacant
423 1628 595 1699 agraribus
618 1629 783 1684 animarum

77 1719 184 1784 exitiis,
216 1716 268 1788 qtri
293 1725 380 1772 tantae
401 1717 440 1772 rei
472 1717 622 1787 praestituti
650 1692 825 1771 videnturB

56 1807 166 1874 stodiis,
195 1820 298 1875 corpus
327 1804 438 1861 Domini
468 1819 535 1860 vere
571 1804 696 1874 produnt
733 1804 783 1873 qui

56 1896 174 1952 errantia
196 1894 284 1965 digna
304 1894 473 1950 destituunt.
508 1894 586 1958 Quod
610 1901 704 1948 tamen
736 1907 785 1948 sa-

56 1992 116 2041 tum
131 1991 255 2045 nonest,
272 1982 340 2038 dum
366 1981 467 2038 transit
483 1982 511 2036 in
531 1988 652 2037 esterna
663 1981 783 2050 pabula;

56 2079 129 2129 oest
153 2071 276 2141 proditio
295 2071 382 2126 totius
401 2070 462 2126 veri
484 2070 611 2139 mysterii
625 2079 653 2126 et
676 2069 785 2126 crimen

56 2160 264 2217 nlsborrendae
280 2158 389 2230 quibus
409 2157 450 2214 rei
464 2158 553 2229 hvrjus
568 2165 629 2214 erat
646 2157 786 2214 attributa

57 2247 95 2305 ia.

65 2336 263 2406 Objeetionum
276 2351 400 2391 summa.
418 2366 452 2375 -
472 2335 522 2389 iiis
537 2334 614 2390 ultra
633 2348 720 2404 quam
735 2348 786 2403 pu·

56 2439 103 2482 rus
117 2425 302 2495 digrediendo
327 2424 465 2489 tractatis,
490 2423 551 2478 baee
568 2423 674 2479 nostris
699 2436 786 2491 super

56 2515 231 2570 sermonibus
244 2512 375 2568 clausula
391 2521 582 2582 supponatur,
599 2517 632 2565 ut
647 2510 719 2566 nulli
736 2510 788 2565 bu-

57 2603 114 2659 imo
128 2602 278 2672 terrigcnae
294 2608 434 2657 creaturae
458 2600 541 2655 cibus
556 2600 617 2665 iste,
642 2599 671 2654 in
688 2613 786 2669 quan-

56 2689 311 2760 vpersubstantialis
336 2688 451 2753 dicitur,
480 2689 508 2740 in
536 2687 705 2742 alimentum
733 2687 785 2742 nisi

835 672 950 733 repente
964 664 1109 721 destituat.
1124 664 1174 720 lile
1190 665 1296 734 quippe
1313 664 1376 733 qui,
1391 665 1419 719 in
1438 664 1570 733 presenti
1585 679 1684 735 agens,

836 767 893 808 non
908 752 1005 809 minus
1018 753 1098 808 iudae
1113 752 1231 823 suisque
1250 752 1483 821 persecutoribus
1508 766 1595 822 quam
1623 753 1686 809 bla-

837 839 886 895 riae
901 841 1020 911 suisque
1031 839 1218 909 complicibus
1235 854 1265 895 se
1285 840 1464 896 tractabilem
1481 840 1614 910 praebnit,
1635 840 1685 911 qui

835 927 923 983 etiam
938 934 1013 985 retro
1028 928 1157 984 abituros
1172 927 1275 999 (Marc.
1290 943 1350 996 vlu,
1369 930 1414 997 33)
1435 928 1468 982 ad
1491 943 1577 984 suum
1601 928 1684 984 disei-

837 1015 966 1084 pulatum
989 1016 1143 1087 dignanter
1170 1016 1287 1086 ascivit;
1313 1016 1363 1085 qui
1391 1017 1476 1072 etiam
1505 1030 1586 1072 nunc
1609 1016 1685 1072 Patri

837 1103 1112 1174 conregnanssolem
1130 1119 1215 1160 suum
1227 1103 1310 1159 bonis
1323 1118 1405 1175 ‘cipue
1422 1111 1453 1159 ut
1468 1103 1552 1159 malis
1578 1104 1685 1174 imper-

837 1192 870 1248 tit
885 1192 995 1263 (natta.
1012 1208 1041 1259 v,
1057 1193 1115 1262 45);
1134 1193 1183 1263 qul
1206 1192 1302 1259 etiam,
1322 1192 1408 1262 juxta
1423 1192 1547 1249 Danielis
1567 1192 1685 1260 librum,

836 1282 911 1337 sicut
926 1280 1059 1336 tidelibus
1074 1280 1114 1336 sic
1138 1280 1254 1350 perlldis
1278 1281 1437 1351 angelicam
1460 1280 1620 1337 custodiam
1635 1281 1687 1336 de·

838 1368 952 1440 legavit,
969 1369 1047 1440 quod
1063 1369 1091 1424 iu
1110 1369 1247 1425 Michaele
1269 1368 1455 1424 Hebraeorum
1479 1369 1617 1439 principe,
1638 1368 1684 1424 cui

837 1456 1000 1513 Graecorum
1025 1456 1159 1526 princeps
1181 1456 1374 1524 obnitebatur,
1399 1458 1522 1511 ostendit
1536 1458 1623 1519 (Dan.
1646 1470 1685 1523 xr,

843 1547 907 1614 ltl:
936 1558 1089 1615 nunquam
1117 1545 1291 1600 credendum
1312 1552 1363 1609 est,
1388 1545 1464 1614 quod
1490 1544 1519 1599 iu
1543 1546 1595 1599 boc
1616 1552 1688 1599 tern-

841 1648 907 1703 pore
930 1647 1107 1704 quemquam
1130 1633 1226 1689 asuis
1248 1633 1435 1689 sacramentis
1450 1633 1586 1702 excipiat,
1611 1645 1687 1702 prae-
1720 1660 1725 1670 -

840 1723 937 1778 sertim
961 1736 1025 1779 cunr
1057 1729 1169 1791 tempus
1197 1720 1350 1777 miserendi
1380 1721 1415 1776 sit
1447 1720 1538 1786 (Psoi.
1566 1735 1602 1788 cr,
1632 1721 1688 1789 il),

840 1826 899 1882 qim
914 1810 1056 1866 neminem
1075 1824 1090 1864 a
1106 1824 1159 1865 sua
1173 1810 1323 1881 largitione
1340 1817 1509 1879 sequestrat.

877 1897 1025 1953 innumeri
1040 1914 1075 1952 en
1084 1896 1121 1951 iis
1135 1913 1196 1969 quar
1205 1898 1393 1967 objectassent
1404 1896 1442 1968 (si
1456 1896 1688 1966 admitterentur)

838 2002 951 2042 errores
963 1989 1050 2057 atque
1059 1984 1238 2040 incommoda
1251 1988 1402 2041 scaterent.
1414 2015 1448 2024 -
1458 1984 1537 2051 Quod
1554 1984 1578 2039 si
1596 1995 1690 2041 extor-

839 2089 885 2131 res
898 2089 946 2130 eos
960 2088 978 2130 a
990 2076 1064 2129 donin
1083 2075 1134 2129 isto
1150 2088 1229 2129 nurrc
1252 2074 1366 2140 laceret,
1384 2074 1411 2128 iu
1430 2072 1538 2143 judicio
1560 2072 1629 2142 qnid
1652 2072 1688 2127 ab

838 2163 879 2219 eis
894 2163 1030 2235 exigeret,
1052 2161 1160 2231 quibus
1175 2161 1246 2216 nibil
1266 2175 1353 2230 super
1378 2161 1431 2215 bac
1454 2160 1547 2231 gratia
1566 2161 1594 2216 in
1617 2174 1690 2230 prae·

839 2250 913 2308 senti
938 2250 1138 2307 commisisset!
1175 2249 1234 2305 Etsi
1266 2250 1340 2318 apud
1375 2249 1520 2318 improbos
1548 2249 1689 2304 sententia

840 2339 1149 2405 teramnensem
1170 2336 1247 2407 quod
1271 2336 1378 2392 scilicet
1399 2337 1566 2406 improbitas
1588 2349 1690 2392 eornm

839 2432 1019 2483 sacramenta
1033 2426 1222 2490 subverteret,
1241 2424 1349 2480 trustra
1363 2439 1442 2480 mens
1457 2439 1556 2480 eorum
1580 2424 1615 2479 de
1636 2438 1690 2480 sua

840 2514 965 2571 loeditale
1000 2520 1149 2577 metueret,
1177 2527 1243 2582 quae
1270 2526 1375 2581 corpus
1403 2512 1511 2568 bomini
1551 2526 1600 2583 pro
1635 2526 1688 2567 sua

840 2603 970 2673 nequitia
993 2602 1029 2659 ad
1066 2601 1189 2671 priorem
1214 2601 1406 2657 substantiam
1437 2600 1529 2656 redire
1554 2602 1687 2679 sentirem

840 2692 918 2748 verbi
941 2692 1045 2763 gratia,
1067 2705 1131 2746 ecce
1158 2692 1253 2745 nescio
1274 2688 1437 2760 tragilitatis
1463 2703 1532 2744 meae
1558 2689 1689 2745 conscius

56 2778 169 2843 delium,
186 2785 213 2833 et
237 2778 272 2833 ad
296 2777 386 2832 vitam
410 2775 675 2845 praedestinatorum
701 2783 786 2831 mter·
841 2787 940 2836 utrum
968 2779 1033 2835 odio
1060 2792 1097 2833 an
1121 2791 1218 2833 amore
1246 2778 1299 2833 sim
1324 2776 1552 2848 dignustEccle.
1579 2791 1618 2846 rx,
1650 2777 1689 2844 ll,

56 2866 166 2925 erenire
190 2880 270 2935 posse
302 2865 446 2922 credatur.
467 2863 548 2930 Quod
573 2862 595 2918 si
628 2863 785 2929 devenerit,
840 2881 907 2924 eum
929 2865 1223 2923 adsacramentallla
1250 2879 1403 2927 accessero,
1428 2865 1498 2936 quid
1522 2866 1592 2934 spei,
1619 2864 1690 2935 quid

56 2955 100 3012 iud
128 2969 216 3026 quam
243 2969 315 3024 pure
336 2954 418 3023 panis
436 2966 496 3008 esse
517 2959 643 3022 putetur,
674 2965 709 3007 ne
734 2952 787 3007 boc
806 2966 826 3023 c
843 2956 955 3012 tructus
967 2954 1032 3012 inde
1052 2969 1097 3010 me
1124 2953 1284 3010 relaturum
1311 2953 1426 3009 credere
1451 2960 1558 3022 potero,
1585 2955 1607 3008 si
1629 2967 1691 3023 pro

64 3043 172 3100 ditium
193 3050 320 3112 repetere
346 3042 430 3111 piget,
447 3039 517 3110 <luia
540 3039 564 3094 Si
589 3037 712 3094 infidelis
736 3045 786 3093 aut
841 3051 903 3114 pter
924 3052 1038 3113 peccata
1064 3055 1127 3098 mea
1150 3049 1259 3098 tantam
1284 3055 1344 3097 rem
1369 3041 1514 3096 annullari
1540 3042 1690 3110 desperata

78 3130 217 3202 indignus
242 3130 368 3194 accedat,
389 3142 425 3184 ex
453 3142 486 3184 eo
508 3128 586 3199 quod
607 3127 787 3197 impudenter
841 3140 935 3189 niente
950 3131 1131 3204 cognovero?
1147 3131 1182 3186 Et
1202 3131 1270 3200 qttis
1290 3131 1319 3186 in
1341 3143 1427 3207 carne
1449 3131 1557 3199 positus
1580 3129 1690 3200 aliquo

56 3233 108 3291 [11ae
122 3218 176 3275 sibl
203 3223 494 3287 10110111111111111
519 3217 633 3287 ingerit,
660 3229 689 3271 ⁵0
714 3230 786 3271 0011-
841 3223 892 3278 ties
906 3220 1011 3276 nonde
1030 3233 1083 3275 sua
1105 3218 1241 3276 electione
1260 3217 1388 3273 diflidatl
1412 3217 1528 3285 Quoties
1545 3231 1614 3288 ergo
1636 3216 1689 3274 mi·

78 3315 249 3364 nontamen
276 3305 351 3362 credi
372 3305 436 3361 licet
457 3305 535 3375 quod
556 3312 635 3359 tanta
661 3302 787 3375 dignitas
841 3310 915 3366 seria
926 3309 996 3365 mibi
1008 3322 1078 3363 meae
1103 3307 1292 3363 numanitatis
1317 3305 1467 3377 ingruerit,
1492 3305 1636 3362 accedenti
1652 3304 1690 3361 ad

56 3395 116 3453 edae
144 3395 311 3451 habitationi
342 3394 493 3458 cohaereat,
517 3393 565 3448 sed
588 3392 662 3448 sicut
691 3391 786 3461 bapti·
841 3396 1018 3452 Dominioam
1040 3409 1167 3451 mensam
1181 3408 1286 3464 corpus
1305 3394 1419 3450 Domini
1441 3409 1494 3449 nec
1523 3406 1690 3449 sacramen-

56 3491 148 3540 tuctus
162 3490 203 3539 est
227 3489 254 3538 el
267 3481 420 3539 benevolos
435 3487 549 3537 sanctos
564 3479 638 3547 tacit,
664 3481 702 3535 ita
722 3493 786 3535 ma·
841 3488 914 3551 tum,
931 3498 983 3541 nec
1007 3498 1053 3540 res
1076 3483 1248 3539 sacramenti
1273 3483 1343 3538 mibi
1363 3483 1435 3538 erit‘l
1456 3482 1620 3538 consideret
1637 3483 1689 3537 ita·

63 3584 121 3641 l)rae
134 3583 165 3625 11
179 3584 239 3625 ⁸¹1ae
262 3569 373 3625 [laudis
388 3568 507 3634 crimen,
525 3567 562 3622 1111
589 3567 666 3622 ³¹in
697 3581 786 3638 (1111111
841 3587 898 3642 que
914 3571 1028 3641 sapiens
1042 3579 1160 3641 quantae
1180 3569 1416 3626 inconvenientiae
1430 3582 1466 3624 ex
1482 3569 1535 3624 bac
1559 3569 1690 3637 opinione

70 3657 148 3715 unda
174 3657 249 3713 lacit.
272 3656 337 3712 ilaec
358 3670 408 3726 pro
422 3670 485 3711 meo
505 3662 592 3723 captu
608 3654 680 3716 dico,
707 3662 736 3709 et
750 3656 784 3711 ad
841 3667 1023 3731 generentur,
1044 3666 1071 3714 et
1095 3659 1256 3714 tirmissime
1278 3658 1339 3712 sine
1360 3670 1449 3726 prava
1470 3657 1529 3712 ulta
1552 3657 1689 3726 interpre-

56 3745 112 3802 lteo
133 3753 212 3813 teste,
238 3747 309 3801 dico.
337 3744 364 3801 Si
386 3747 452 3814 ouis
472 3744 556 3799 aliter
579 3742 692 3808 sennar,
710 3742 786 3797 vide·
841 3746 1073 3813 tationesmnat,
1089 3746 1187 3816 quta·
1210 3744 1546 3814 permansissemus
1568 3746 1690 3823 aposto-

56 3848 138 3891 tnum
152 3834 252 3904 sapiat.
840 3834 912 3904 lum,
936 3849 1040 3904 corpus
1060 3835 1133 3891 idem
1152 3834 1278 3904 indigne,
1300 3832 1442 3903 judicium
1464 3832 1518 3888 sibi
1542 3840 1690 3903 procerte

273 3920 386 3979 CAPUT
403 3920 452 3975 lV·
840 3923 996 3980 manducat
1012 3921 1040 3994 (Ι
1057 3924 1124 3978 Cor.
1142 3925 1253 3989 r1,29).
1270 3943 1283 3971 »

56 4041 72 4051 -
93 4009 199 4067 Contra
224 4009 295 4077 haec,
320 4009 416 4064 minus
445 4014 637 4078 temperanter
667 4012 783 4073 asserta,
875 4011 942 4083 gil.
957 4008 1025 4079 Quis
1038 4008 1215 4065 sacramenti
1234 4007 1362 4081 pretinm
1374 4007 1531 4081 percipiat,
1544 4008 1691 4063 solusne-

56 4099 72 4165 i,
96 4097 167 4168 prtia
187 4096 389 4166 temperatiori,
422 4095 640 4151 ratiocinatione
666 4108 785 4164 respon·
838 4101 1026 4155 villicus-
1046 4099 1170 4155 Remotis
1187 4098 1276 4169 igitur
1296 4096 1425 4168 pessimis
1445 4106 1473 4153 et
1499 4113 1565 4169 quae
1586 4097 1690 4154 induiti

840 4189 947 4244 erroris
960 4200 1049 4244 causa
1063 4194 1131 4244 sunt
1144 4186 1340 4257 indaginibus,
1358 4186 1411 4242 boc
1436 4187 1531 4244 solum
1550 4187 1693 4259 cogitetur

56 4274 162 4330 simum
178 4273 293 4344 quidem
307 4280 348 4329 est
368 4273 445 4344 quod
474 4271 650 4329 eucharistia
670 4271 784 4341 proprie
803 4260 825 4314 ὓ
841 4276 918 4348 quod
933 4283 1146 4332 sacramentum
1162 4283 1190 4330 et
1200 4289 1246 4330 res
1265 4275 1436 4332 sacramenti
1453 4275 1558 4347 dignis,
1585 4275 1692 4332 sinere

56 4359 693 4419 nnveraelideisitalimentum.Sedcontra
713 4357 784 4415 illud
840 4373 935 4421 autem
967 4363 1150 4428 sacramenti,
1180 4362 1303 4433 simplex
1333 4371 1547 4420 sacramentum
1584 4368 1692 4419 constet

56 4451 176 4522 diligtiis,
197 4464 253 4505 non
274 4450 418 4506 modores
441 4448 622 4515 sacramenti,
651 4447 709 4513 ⁵011,
728 4462 786 4503 non
841 4451 976 4524 indignis.
1004 4451 1133 4518 Qualiter
1158 4459 1254 4506 autern
1281 4459 1410 4507 versetur
1440 4452 1469 4506 in
1506 4451 1690 4522 indignorum

56 4545 240 4596 1111111111]
264 4537 380 4605 dicitur,
409 4552 467 4593 111111
488 4537 579 4593 111111111
605 4534 784 4600 auctoritate,
841 4542 945 4597 animis
967 4547 1055 4611 atque
1088 4540 1270 4609 corporibus,
1295 4541 1352 4609 ipse
1378 4542 1458 4595 solus
1488 4539 1579 4606 nevil,
1608 4538 1692 4608 cujus

57 4627 139 4684 iamsi
172 4627 235 4697 ipsa
268 4626 384 4691 deesset,
411 4625 537 4696 plurima
569 4624 678 4681 ratione
706 4622 787 4679 renl-
841 4627 1003 4685 substantia
1033 4641 1209 4698 quocunque
1230 4627 1425 4697 dispertiatur,
1452 4625 1595 4696 quidquid
1627 4625 1692 4682 vnde

841 4718 998 4789 contingat,
1018 4731 1071 4774 nec
1095 4720 1196 4787 perire,
1218 4731 1269 4773 nec
1294 4716 1404 4786 uspiam
1425 4714 1600 4772 obsolescere
1625 4729 1691 4785 pos-

56 4798 788 4874 ilenlurclp‘ectiones.Abdipnmetseeieratirtotar
840 4805 886 4862 sit.
903 4805 955 4862 Cui
968 4804 1038 4860 illud
1050 4804 1245 4875 parabolicum
1266 4803 1424 4859 Salomonis
1445 4816 1502 4858 non
1521 4801 1692 4858 inconcinne

56 4896 94 4948 tur
109 4894 251 4948 Christus.
267 4922 302 4931 -
315 4891 410 4947 Primo
423 4891 446 4945 si
461 4890 589 4961 quidem,
599 4889 669 4960 quia
690 4889 789 4943 incon·
841 4900 993 4963 coaptatur
1008 4907 1014 4947 :
1028 4914 1039 4942 ι
1052 4892 1157 4961 Sortes,
1175 4893 1278 4963 inquit,
1296 4892 1453 4947 mittuntur
1473 4892 1501 4946 in
1516 4890 1623 4954 sinum,
1643 4890 1691 4947 sed

56 4982 161 5038 tvslde
175 4988 217 5037 est
234 4988 264 5037 ut
281 4979 459 5036 mutabilitas
475 4985 503 5035 et
526 4977 676 5034 alternatio
701 4977 788 5033 tantis
842 4981 1004 5039 abomino
1038 4989 1235 5051 temperantur
1264 4981 1360 5048 (Pron.
1402 4995 1459 5046 xvi,
1490 4977 1545 5048 33).
1579 5000 1589 5027 s
1623 4977 1691 5045 Quae

56 5073 84 5126 lis
107 5069 279 5135 ascribatur,
300 5075 331 5124 ut
354 5068 432 5139 quod
459 5069 538 5122 Petro
569 5073 597 5123 et
625 5078 788 5120 sacramen·
841 5079 942 5132 sortes,
971 5069 1011 5125 nil
1041 5070 1144 5125 mellus
1167 5083 1255 5140 quam
1279 5068 1330 5124 soli
1358 5069 1415 5124 Deo
1436 5068 1568 5138 cognite,
1591 5066 1692 5123 intelli·

70 5172 129 5217 rem
154 5157 325 5215 sacramenti
349 5156 522 5227 praestiterit,
547 5156 600 5211 hoo
623 5154 788 5212 tudaesub-
843 5165 951 5230 gantur
975 5156 1065 5228 buius
1095 5158 1225 5213 muneris
1249 5155 1468 5226 dispertitiones.
1495 5157 1573 5210 intra
1593 5154 1689 5211 sinum

59 5254 203 5305 momento
219 5253 354 5302 neutrum
371 5245 538 5312 constiterit,
560 5252 592 5301 ut
610 5243 789 5312 baptismatis
842 5259 912 5317 ergo
927 5247 1025 5309 latent,
1044 5244 1114 5315 qnia
1127 5244 1233 5300 clausa
1250 5252 1354 5300 mutuo
1377 5244 1432 5300 sub
1456 5242 1563 5298 divinis
1583 5250 1692 5312 myste-

56 5349 128 5408 pute,
153 5342 216 5407 pust
236 5330 406 5391 sacramenti
431 5332 659 5404 perfunctionem
673 5331 789 5388 subter·
843 5331 894 5389 riis
916 5345 946 5389 se
970 5332 1192 5390 continentiis
1216 5345 1274 5401 quo
1301 5330 1455 5403 vigilanter
1480 5337 1507 5387 et
1532 5330 1692 5400 plucbrea

56 5425 170 5482 tdmista
185 5423 327 5490 laticibus,
339 5422 446 5493 niljam
458 5418 543 5477 refert
556 5416 681 5492 ididem„
692 5419 724 5475 Ε.
744 5418 785 5492 Pl
843 5420 964 5477 Domino
980 5419 1135 5491 temperari
1150 5419 1299 5488 dicuntur,
1327 5419 1398 5490 quia
1419 5418 1504 5476 multi
1518 5418 1580 5476 sine
1603 5432 1634 5475 re
1646 5432 1692 5475 sa·

56 5511 303 5578 iscommunibus‚
320 5510 351 5567 in
362 5507 443 5566 nullo
459 5507 678 5580 preponderare
690 5506 789 5566 videa·
843 5508 983 5566 crameutl
997 5507 1059 5565 baec
1079 5507 1224 5579 suscipere
1235 5508 1425 5578 estimantur,
1442 5507 1504 5579 qul,
1522 5507 1579 5565 Deo
1591 5520 1692 5564 eorum
