3818 6008
81 199 132 254 ιιι
530 192 561 247 V.
582 191 747 249 solodori
766 191 913 249 aboatis
930 192 962 248 S.
986 192 1106 249 itania
1123 191 1170 246 bn
1188 190 1381 250 moritonio
1783 192 1835 249 aad

80 334 163 400 siam,
178 347 230 390 vas
249 332 325 390 unde
338 330 432 387 morbi
444 329 585 399 originem
600 343 629 386 se
644 327 799 398 sumpsisse
818 342 924 400 cogno·
942 327 1045 384 lituro
1068 326 1171 385 adime.
1192 326 1280 394 llixit,
1309 332 1337 383 et
1362 326 1400 383 ab
1427 325 1519 383 nciliis
1531 326 1597 397 ejus
1611 340 1642 383 se
1656 323 1836 383 subtrabens

79 432 172 489 verat,
192 423 284 480 tenuit
309 418 461 489 cultroque
483 417 589 473 collum
621 416 754 473 obterens
783 414 927 486 quidquid
982 414 1010 469 in
1027 414 1117 470 multa
1132 413 1389 471 mentisbominem
1410 412 1596 482 perversitate
1612 411 1744 482 reliquit.

80 512 155 568 intro
171 510 276 566 latebat
296 507 427 563 humoris
449 520 499 576 per
515 506 679 575 pavimenta
705 504 841 574 proludit.
858 504 928 559 Erat
1015 503 1059 558 Ad
1092 501 1247 572 hospitium
1273 501 1361 572 igitur
1389 509 1471 557 nocte
1497 501 1679 570 perveniens,
1710 496 1834 566 diabolo,

80 605 175 653 autem
191 597 263 651 idem
288 594 384 650 videre
407 593 466 664 jam
482 607 519 649 ex
542 592 808 649 consecratione.....
830 605 926 647 semen
980 604 1037 645 non
1053 598 1086 646 ut
1105 590 1234 660 putabat,
1252 589 1388 659 apostolo,
1412 588 1461 658 qui
1486 603 1515 644 se
1540 595 1695 644 monuerat
1720 586 1836 643 obedire

79 684 247 741 bufunculis
262 683 406 739 uberrime
430 681 557 751 pienum.
582 681 725 751 Comperit
750 680 834 736 bomo
849 679 927 750 quod
981 685 1182 748 praeproperat.
1213 677 1428 734 Dormientibus
1451 677 1551 747 itaque
1571 676 1656 732 sociis
1675 674 1835 731 mentulam
1871 714 1873 723 ,

80 772 236 843 precordia
266 785 320 827 sua
356 770 497 827 mortibus
532 777 626 825 essent
658 769 781 835 addicta,
803 776 831 825 et
857 768 927 824 dum
980 766 1036 822 sibi
1054 768 1146 836 primo
1159 766 1297 835 precidit,
1312 766 1414 821 deinde
1426 765 1553 821 cultrum
1574 765 1690 836 gutturi
1719 764 1834 819 immer-

79 858 306 927 desperatissimc
333 857 514 927 prestolatur
535 856 716 913 imminentia
736 856 804 923 lata,
825 855 928 924 accipit
981 855 1034 926 git.
1070 854 1141 912 Gom
1171 855 1321 911 stridorem
1349 853 1507 919 morientis,
1540 860 1568 909 et
1589 854 1736 923 crepitum
1768 864 1836 907 san-

80 946 171 1002 baeca
192 946 318 1016 quodam
348 944 476 1001 consilia.
502 943 529 1001 Si
554 945 607 1012 vis,
632 945 681 1011 ait,
707 944 839 1014 pestilera
861 958 927 1013 quae
980 941 1079 1013 guinis
1098 941 1313 1011 prorumpentis
1335 941 1451 996 comites
1474 939 1693 1003 subaudissent,
1717 938 1836 1020 excinu

79 1030 232 1104 concepisti
257 1046 381 1104 egerere,
413 1039 465 1088 aut
488 1032 523 1088 de
543 1031 675 1101 sepulcro
700 1030 825 1088 Menoetii
845 1030 927 1086 Pari·
981 1039 1030 1088 tur
1053 1045 1200 1096 asomno,
1225 1037 1262 1098 et,
1286 1029 1396 1085 iumine
1423 1029 1562 1097 adhibito,
1585 1029 1656 1098 qnid
1684 1028 1766 1084 circa
1787 1028 1835 1084 bo·

79 1123 187 1179 siorum
210 1122 362 1192 pontilicis,
384 1128 435 1176 aut
462 1121 497 1176 de
512 1121 596 1176 altari
612 1119 677 1191 eius
701 1120 848 1190 pulverem
876 1119 926 1175 tibi
980 1121 1087 1175 minem
1108 1118 1215 1174 iactum
1237 1117 1324 1173 luerit
1340 1117 1447 1172 vident.
1474 1117 1591 1174 licerent
1614 1117 1757 1186 denique,
1780 1123 1835 1171 mur

78 1209 173 1267 ailerri
189 1223 297 1280 quaere,
320 1223 407 1279 quem
434 1209 504 1265 dum
534 1223 601 1265 cum
624 1222 702 1279 aqua
726 1207 866 1275 hauseris,
892 1208 927 1264 de
980 1206 1107 1265 iunestos
1126 1206 1232 1262 sodalis
1252 1206 1298 1262 sui
1321 1205 1417 1262 exitus
1438 1206 1626 1273 attendentes,
1654 1205 1704 1261 sod
1732 1203 1835 1274 quida

78 1305 129 1356 tua
156 1297 286 1367 protinus
327 1297 496 1354 salubritate
530 1297 652 1353 conlido.
683 1295 766 1361 Quod
789 1310 855 1353 cum
879 1296 927 1354 iiie
979 1295 1109 1352 demone
1137 1294 1250 1351 consilii
1287 1295 1429 1363 acceperit
1460 1294 1626 1350 nescientes.
1657 1292 1737 1358 Quia
1768 1306 1835 1362 ergo

77 1386 170 1443 lacere
198 1394 380 1453 maturasset,
397 1399 492 1442 sacros
518 1399 585 1442 cum
612 1385 711 1442 multis
734 1385 770 1441 ad
793 1392 926 1441 sanctum
980 1398 1040 1455 qua
1054 1384 1082 1440 id
1101 1396 1190 1440 causa
1213 1384 1239 1439 ei
1261 1382 1422 1454 contigerit,
1454 1383 1636 1453 ignorarunt,
1668 1390 1770 1438 tamen
1797 1380 1835 1437 ilii

77 1474 227 1532 silentibus
264 1475 397 1544 pulveres
422 1474 526 1541 ebibit;
564 1488 617 1530 nee
649 1487 730 1530 mora
757 1473 925 1530 cumomni
978 1473 1300 1545 coramexsequiarum
1316 1487 1375 1529 non
1391 1480 1551 1544 negarunt;
1574 1472 1716 1543 quodque
1744 1470 1835 1527 taliter

76 1563 275 1619 circumstanti
291 1560 444 1618 virulentia
460 1561 638 1618 infinitorum
665 1561 809 1632 reptilium
827 1562 926 1633 globos
979 1571 1093 1619 mortno
1126 1562 1286 1618 indebitum
1316 1560 1420 1629 luerat,
1455 1575 1506 1630 pro
1538 1559 1771 1631 comperegrino,
1805 1565 1834 1616 ut

76 1651 190 1722 egessit,
206 1650 374 1719 malumque
395 1649 564 1706 universum
584 1648 695 1704 reddita
720 1651 854 1719 sospitate
879 1663 924 1705 re·
943 1619 1141 1719 ¹³videbatur,
1164 1665 1217 1707 suo
1247 1649 1399 1706 missarum
1426 1648 1521 1705 cilicia
1543 1647 1684 1705 celebrari
1711 1647 1834 1703 mauda-

77 1737 243 1794 ceastertec
262 1737 368 1792 mirum
401 1737 423 1793 si
452 1737 509 1793 ileo
540 1750 666 1807 praesens
693 1736 846 1793 liarreilus
866 1738 926 1793 baec
979 1747 1059 1795 runt.
1076 1738 1190 1803 Quibus
1201 1737 1238 1794 ad
1264 1738 1356 1793 iteum
1383 1736 1504 1794 ddeiiter
1530 1736 1612 1803 lusis,
1640 1735 1755 1806 placuit
1780 1736 1833 1792 ileo

78 1834 205 1896 peragat,
229 1826 280 1895 qui
297 1825 333 1881 ab
347 1840 381 1881 cn
404 1824 531 1895 corporis
551 1824 703 1881 interstitio
729 1825 832 1882 absens
856 1826 925 1882 oiim
979 1836 1012 1884 ut
1026 1827 1160 1884 resarcito
1188 1826 1308 1883 vnlnere
1334 1825 1471 1895 gutturis,
1488 1824 1577 1881 vitam
1592 1838 1644 1894 per
1671 1823 1832 1894 apostolum

77 1928 134 1970 non
147 1915 258 1971 minora
272 1914 301 1970 in
314 1913 400 1970 simili
417 1928 447 1970 re
462 1922 602 1984 patrarat.
978 1927 1064 1971 suurn
1094 1920 1242 1984 repararet
1255 1911 1407 1968 exstincto.
1432 1911 1602 1982 Exsurgens
1616 1910 1709 1981 igitur
1740 1911 1832 1979 bomo,

393 2052 509 2112 CAPUT
528 2053 595 2110 xlx
977 2013 1006 2062 et
1029 2005 1141 2062 cunctis
1161 2019 1250 2075 supra
1270 2019 1358 2077 quam
1383 2004 1437 2060 dici
1463 2010 1553 2074 potest
1580 2002 1751 2060 redivivnm
1778 2012 1833 2060 stu

598 2094 604 2108 '
978 2093 1113 2164 pentibus
1126 2083 1179 2148 lari
1199 2091 1307 2161 incipit.
1334 2088 1551 2146 Sciscitantibos
1576 2090 1676 2159 itaque
1705 2088 1761 2160 qni
1784 2089 1832 2145 ad·

112 2177 383 2245 Quidomdaemonie
404 2177 539 2234 audeone
557 2177 614 2235 ribi
636 2181 758 2234 moriem
777 2178 923 2248 mmcioit,
977 2190 1060 2239 erant
1082 2180 1153 2252 quid
1174 2180 1264 2236 animi
1279 2179 1308 2234 in
1337 2194 1367 2235 se
1401 2177 1597 2234 interficiendo
1621 2177 1772 2244 babuerit,
1800 2178 1832 2233 de

74 2268 126 2322 red
140 2282 193 2339 per
220 2269 251 2322 s.
278 2267 421 2322 Jocodum
448 2267 487 2322 od
510 2266 600 2323 vitam
625 2271 783 2323 revocatur.
799 2299 834 2309 -
854 2268 925 2333 Quas
978 2269 1120 2327 diabolica
1130 2269 1186 2326 sub
1209 2267 1328 2338 apostoli
1353 2267 1469 2322 nomine
1496 2265 1679 2335 apparitione
1717 2266 1830 2323 latetur.

76 2356 287 2412 dicturussum
313 2355 419 2412 nostris
437 2355 569 2412 inaudita
592 2356 770 2426 temporibus
789 2357 925 2414 relatione
978 2358 1139 2428 inquisitus
1163 2357 1241 2427 quod
1269 2355 1413 2427 judicium
1435 2362 1496 2424 post
1514 2352 1561 2409 sui
1587 2353 1781 2412 homicidium
1804 2355 1832 2411 in

75 2444 227 2514 cujusdam
254 2443 378 2514 religiosi
394 2458 428 2500 ac
447 2458 514 2500 vere
536 2444 655 2501 humilis
670 2445 803 2501 monacbi
816 2446 923 2516 accepi.
978 2448 1084 2517 spiritu
1116 2458 1241 2501 censura
1269 2443 1398 2510 subierit,
1422 2444 1479 2499 ait:
1506 2445 1580 2498 Ante
1611 2442 1663 2499 bel
1693 2443 1832 2500 tirrenum

76 2530 131 2595 Qui
151 2532 269 2602 quidem
295 2531 438 2589 loiiredos
461 2540 589 2589 vocatur.
623 2532 802 2590 Sarnurensis
825 2548 924 2605 qnon-
977 2533 1198 2604 subpresentia
1219 2531 1381 2587 communis
1399 2531 1523 2586 domine
1539 2530 1753 2600 beigenitricis
1777 2532 1834 2588 vir-

76 2620 142 2675 dam
174 2621 260 2676 castri
289 2628 317 2676 ct
345 2620 468 2676 aliorum
506 2628 666 2677 castmrum
692 2621 720 2677 in
754 2622 924 2693 Burgundia
978 2621 1173 2692 ginisllariae,
1190 2621 1240 2676 ubi
1259 2628 1533 2689 etpatronusmeus
1552 2619 1703 2688 apostolus
1715 2629 1834 2676 mucius

74 2706 211 2763 dominus
231 2705 296 2774 luit,
320 2709 406 2778 cujus
425 2708 482 2764 vita
501 2707 572 2778 quia
597 2722 663 2764 vero
696 2714 772 2764 ὄπ
801 2719 924 2781 cognata
977 2710 1102 2768 lacobus
1113 2709 1221 2774 aderat,
1242 2706 1356 2763 delatus
1382 2720 1458 2761 sum.
1480 2705 1708 2776 iiiiccuinquid
1734 2707 1770 2763 de
1791 2721 1834 2764 ma

74 2793 262 2864 dignoscitur,
289 2795 376 2850 verba
392 2809 504 2852 sua.....
531 2795 586 2867 lis..
610 2810 660 2865 per
682 2796 723 2866 se]
752 2797 924 2855 conterenda
978 2800 1166 2856 tieretcoram
1200 2797 1258 2852 ileo
1287 2802 1469 2860 tractaretur,
1497 2801 1526 2849 et
1559 2795 1661 2851 beatus
1685 2796 1835 2866 apestolus

75 2890 222 2953 putamus.
241 2882 348 2938 iieiatio
362 2891 459 2939 autem
475 2883 516 2939 sic
538 2898 568 2940 se
587 2883 681 2940 babet.
701 2885 820 2941 iuvenis
840 2887 923 2957 quis-
942 2901 1088 2968 cmemor
1102 2885 1268 2942 intentionis
1290 2897 1371 2945 mete.
1394 2881 1457 2937 iicet
1483 2881 1661 2952 peccatricis,
1678 2891 1709 2938 et
1739 2882 1835 2938 adbuc

74 2969 151 3040 piam
173 2971 203 3026 in
233 2971 432 3041 superioribus
459 2979 603 3027 terrarum
634 2971 688 3028 sibi
716 2974 921 3045 contiguarum
976 2984 1128 3046 corrupte,
1154 2988 1205 3044 pro
1230 2987 1275 3029 me
1316 2970 1496 3027 Benedictam
1531 2971 1609 3026 iliani
1651 2979 1833 3040 precaretur,

70 3057 206 3126 partibus
227 3055 331 3124 iuerat,
362 3059 412 3128 qui
442 3058 554 3114 lemine
582 3059 697 3116 cuidam
725 3074 781 3116 non
806 3062 920 3129 uxorio,

74 3144 164 3201 idest
187 3146 291 3211 debito,
307 3146 356 3203 sed
376 3148 520 3213 usurario,
542 3154 575 3204 ut
598 3149 758 3205 secundum
786 3150 920 3207 Solinu...

73 3231 186 3303 loquar,
220 3233 249 3290 id
275 3241 326 3301 est,
355 3235 481 3292 indebito
509 3250 605 3291 amore
634 3237 797 3295 cobaeserat.
826 3241 852 3294 is
869 3239 920 3296 aii-

73 3320 191 3390 quando
205 3321 413 3391 aliquantisper
443 3323 610 3392 resipiscens
625 3325 661 3380 ad
681 3325 819 3382 Sanctum
837 3328 922 3384 laco-

74 3409 143 3466 bnm
165 3407 304 3465 Gaiiciam
325 3410 464 3467 orationis
477 3413 570 3481 gratia
590 3412 744 3470 meditatur
759 3415 849 3472 abire.
868 3416 922 3473 Sed

73 3498 102 3553 in
118 3497 180 3566 ipsa
195 3498 250 3567 pie
265 3498 430 3555 intentionis
444 3513 540 3556 massa
554 3501 692 3570 quiddam
721 3502 850 3560 termenti
876 3504 922 3559 io·

73 3586 196 3654 seritnr;
211 3599 279 3642 nam
301 3587 452 3658 cingulum
469 3588 599 3645 mulieris
612 3603 709 3646 secum
724 3591 753 3647 in
775 3591 824 3647 iiia
839 3607 922 3663 pere-

975 3069 1039 3138 ipsa
1063 3079 1099 3121 ex
1124 3076 1173 3119 ore
1195 3060 1361 3118 dulcissimo
1377 3059 1548 3116 sententiam
1572 3058 1707 3129 protulit,
1726 3059 1833 3117 bomini

976 3157 1079 3213 misero
1094 3150 1305 3223 indulgendum
1317 3149 1387 3216 iore,
1406 3162 1493 3218 quem
1530 3148 1702 3217 malignitas
1727 3148 1831 3204 diaboii

975 3245 1029 3301 snb
1057 3248 1156 3299 sancta
1183 3240 1275 3308 speeie
1289 3238 1331 3292 sic
1353 3237 1472 3307 contigit
1496 3236 1649 3292 corruisse.
1682 3235 1831 3300 Siciniein

975 3331 1113 3389 seculum
1135 3329 1196 3386 brec
1218 3327 1264 3399 if,
1289 3325 1351 3396 boe]
1368 3325 1462 3381 evenit
1484 3325 1590 3380 admei
1610 3326 1830 3393 correctionem,

975 3429 1003 3477 et
1038 3419 1143 3476 borum
1185 3413 1442 3480 denuntiationem,
1469 3413 1526 3468 ileo
1550 3412 1674 3483 jubente
1704 3413 1828 3470 rediisse.

975 3509 1076 3566 Senior
1100 3519 1178 3575 ergo,
1202 3504 1252 3574 qui
1276 3501 1339 3558 haee
1361 3501 1433 3557 milii
1449 3501 1557 3569 retulit,
1569 3501 1606 3557 ab
1625 3515 1660 3556 eo
1675 3502 1732 3572 qui
1756 3502 1830 3558 redi-

976 3598 1077 3652 vivum
1094 3594 1248 3649 videratse
1275 3590 1389 3646 audisse
1416 3587 1556 3644 narravit.
1582 3587 1656 3644 Nam
1685 3588 1831 3646 terebatur
1871 3630 1873 3655 ,

73 3674 235 3758 grinatiqne
274 3683 436 3745 asportans,
471 3690 504 3732 eo
541 3691 592 3747 pro
624 3678 688 3748 ejus
727 3680 922 3737 recordatione
974 3685 1060 3741 etiam
1077 3682 1155 3754 quod
1169 3680 1289 3736 cicatrix
1307 3676 1426 3733 evidens
1444 3684 1472 3732 et
1486 3676 1610 3747 insignis
1631 3675 1675 3732 iiii
1694 3677 1831 3733 remansit

73 3763 214 3826 abutitur,
230 3770 258 3819 et
280 3770 358 3819 recta
372 3764 436 3834 ejus
458 3765 564 3820 oblatio
585 3779 641 3822 non
655 3767 715 3837 jam
743 3775 817 3824 recte
845 3768 921 3824 divi·
975 3775 1004 3829 in
1021 3780 1149 3843 gutture,
1164 3782 1231 3839 qum
1245 3765 1418 3823 miraculum
1442 3763 1651 3829 circumlermt,
1672 3774 1704 3821 et
1731 3765 1830 3822 abrasa

72 3851 161 3907 ditur.
182 3851 260 3907 inter
281 3852 412 3908 eundum
435 3867 503 3924 ergo
524 3853 657 3911 diabolus
676 3856 853 3913 occasionem
874 3857 921 3912 in·
974 3862 1084 3929 tentigo
1110 3856 1303 3930 pertulusum,
1330 3862 1363 3911 nt
1390 3854 1429 3909 sie
1451 3852 1556 3919 dicam,
1584 3852 1623 3908 ad
1647 3852 1830 3922 urinasres'e

72 3939 209 3995 cursandi
236 3940 387 4008 ‚bominem
421 3949 533 4007 nactus,
566 3951 685 4012 apparet
711 3943 736 3998 ei
771 3945 801 3999 in
828 3948 921 4014 specie
974 3944 1067 4000 duum
1084 3945 1240 4001 habuisset.

71 4027 180 4091 iacobi,
199 4035 227 4082 et
250 4028 309 4083 ait:
330 4027 392 4093 Quo
423 4029 533 4085 rendist
555 4030 598 4086 ild
635 4031 783 4098 Sanemm,
815 4033 920 4103 inquit,
1009 4028 1829 4103 Monoecusquodmonorteriummutorretobr'lomorte

71 4115 219 4170 iacobum.
243 4113 307 4171 Non
334 4117 415 4184 bene,
432 4117 483 4178 ait,
509 4118 599 4174 vadis.
624 4119 685 4191 ligo
709 4134 774 4176 sum
797 4120 922 4177 lacobus
973 4119 1158 4176 odtbronum
1175 4121 1228 4174 Dei
1247 4118 1409 4185 adducitur,
1432 4118 1610 4190 jubeturque
1629 4118 1672 4174 od
1694 4120 1828 4176 scomma

72 4203 212 4274 adquam
242 4218 386 4274 properas,
417 4206 466 4262 sed
487 4220 546 4262 rem
574 4221 643 4263 meta
664 4208 798 4280 dignitati
823 4217 919 4266 tecum
937 4203 1199 4281 Dredirecgendn
1212 4224 1301 4262 cnoro
1320 4206 1502 4278 punitentia.
1517 4236 1552 4247 -·
1568 4206 1700 4264 Celebris
1714 4221 1827 4279 quoque

9 4349 15 4357 ,
72 4291 302 4361 indignissimam
331 4302 436 4362 portas.
461 4294 532 4352 cnm
558 4297 634 4351 enim
650 4297 779 4353 intotius
795 4297 921 4353 tornica-

71 4380 157 4436 tionis
170 4380 324 4437 volutabro
349 4383 488 4438 bactenus
508 4384 645 4454 jacueris,
672 4385 756 4440 modo
782 4386 921 4455 penitens

72 4468 116 4523 vis
126 4468 227 4535 videri,
242 4476 270 4524 et
287 4469 372 4540 quasi
394 4470 520 4541 aliquem
547 4470 611 4527 boni
641 4471 714 4527 initii
742 4473 921 4542 praetendens

71 4554 209 4624 iructum,
224 4556 260 4613 ad
277 4572 368 4614 meam
385 4567 411 4615 te
431 4560 546 4630 tendere
561 4561 741 4630 presentiam
767 4562 919 4632 prodieris,

70 4658 138 4700 cum
157 4645 253 4702 adbuc
282 4645 358 4703 iilius
378 4648 509 4703 obscenae
530 4649 709 4705 mulierculae
735 4657 791 4707 tue
827 4651 921 4708 balteo

71 4732 239 4804 accingaris.
267 4735 393 4791 Erubuit
420 4736 505 4791 bomo
531 4737 567 4793 ad
596 4738 716 4808 obiecta,
754 4748 783 4796 et
801 4741 922 4797 credens

71 4833 172 4876 revera
199 4822 370 4891 apostolum,
402 4822 494 4879 iolert.
521 4823 592 4888 Scio.
620 4826 745 4895 domine,
773 4828 920 4897 qnondam

71 4922 116 4965 me
139 4918 167 4965 et
190 4923 269 4966 nune
296 4912 382 4968 etiam
413 4911 635 4984 flagitiosissime
672 4923 833 4985 operatum,
862 4917 919 4984 dio,

71 5011 180 5067 quaeso,
195 4998 265 5068 quid
282 5001 317 5054 ad
348 5008 426 5056 tuam
449 5000 628 5059 clementiam
645 5004 835 5073 proficiscenti
849 5018 921 5059 con-

70 5085 126 5140 silii
142 5085 234 5141 dabis.
256 5086 354 5151 siris,
384 5087 435 5156 ait,
458 5089 560 5159 dignos
586 5105 637 5161 pro
662 5092 831 5162 perpetratis
857 5099 922 5147 tur·

46 5213 49 5217 .
73 5173 252 5241 pitudinibus
282 5174 393 5231 tructus
416 5176 604 5246 penitudinis
628 5179 729 5245 lacere,
758 5179 920 5236 membrum

72 5257 143 5315 iilud
166 5261 241 5317 unde
269 5264 401 5331 peccasti,
427 5273 571 5322 veretrum
600 5266 716 5334 scilieet,
740 5280 792 5336 pro
816 5281 879 5324 mea
893 5275 921 5324 et

73 5344 122 5399 Dei
155 5346 288 5403 iidelltate
305 5350 354 5405 tibi
384 5351 530 5418 abscinde,
558 5361 587 5409 et
619 5340 800 5422 postmodum
829 5354 920 5424 ipsam

72 5433 171 5502 vitam,
188 5449 278 5505 quam
293 5436 367 5492 maie
380 5437 504 5509 duxisti,
519 5440 572 5497 tibi
593 5440 698 5513 pariter
721 5441 833 5500 desecto
850 5451 920 5514 gut.-

975 4297 1075 4354 relatio
1088 4306 1140 4363 est,
1152 4297 1201 4352 sed
1227 4297 1322 4352 nescio
1339 4303 1438 4352 utrum
1462 4294 1580 4366 syllabis
1608 4296 1726 4370 uspiam
1750 4310 1827 4352 com·

976 4386 1119 4450 mandata,
1146 4385 1224 4455 quod
1248 4384 1437 4455 quidam(¹”i
1470 4383 1508 4440 ad
1538 4392 1647 4440 sancta
1679 4397 1827 4442 conversa·

975 4472 1060 4528 tionis
1074 4471 1205 4528 babltnm
1225 4485 1261 4528 ex
1289 4472 1371 4539 laico,
1397 4471 1451 4528 nisi
1480 4471 1572 4538 latior,
1598 4474 1774 4538 'conversus
1798 4473 1824 4528 in

975 4560 1073 4631 aliquo
1100 4560 1272 4617 monasterio
1300 4566 1467 4621 accesserat,
1491 4559 1736 4632 proiessionisque
1758 4561 1824 4618 inibi

975 4663 1005 4705 se
1028 4656 1207 4704 sacramento
1237 4648 1417 4704 devinxerat.
1450 4646 1505 4711 Qui
1533 4648 1678 4704 minorem
1704 4650 1763 4708 iilic
1786 4664 1825 4707 re·

975 4736 1051 4807 guiae
1088 4736 1312 4803 observantiam,
1348 4749 1436 4806 quam
1473 4736 1598 4804 volebat,
1629 4738 1822 4806 considerans,

975 4835 1076 4882 exacta
1092 4826 1128 4880 ab
1145 4824 1250 4880 abbate
1272 4824 1387 4880 licentia
1404 4823 1432 4878 in
1456 4823 1535 4880 aliud
1550 4825 1635 4894 quasi
1667 4827 1824 4898 religiosius

974 4927 1005 4969 se
1030 4912 1161 4975 contulit,
1192 4912 1292 4983 ibique
1319 4912 1469 4967 devotione
1493 4912 1719 4984 quamplurima
1746 4915 1821 4971 vixit.

975 5000 1030 5065 Qui
1046 5008 1108 5070 post
1127 5008 1239 5070 tempus
1260 5000 1379 5069 aliquod
1393 5001 1420 5054 in
1441 5000 1637 5057 valetudinem
1655 5001 1767 5071 incidit,
1789 5015 1821 5058 ex

975 5090 1140 5147 valetudine
1163 5089 1242 5145 obiit.
1272 5088 1326 5154 Qui
1354 5103 1372 5144 a
1401 5089 1591 5158 presentibus
1616 5091 1763 5148 excedens
1783 5090 1822 5146 di·

974 5191 1125 5234 vorsarum
1155 5185 1328 5247 potestatum
1362 5176 1575 5233 altercationem
1608 5192 1679 5236 mox
1717 5178 1819 5236 incidit
1869 5186 1873 5239 i

974 5265 1046 5323 Nam
1075 5266 1228 5323 contrariis
1241 5266 1397 5322 virtutibus
1413 5264 1512 5335 prime
1537 5267 1724 5336 pmtessionis
1751 5267 1820 5325 irru-

975 5356 1099 5425 ptionem
1132 5355 1329 5422 causantibus,
1355 5354 1427 5411 lucis
1462 5354 1619 5424 spirituum
1645 5359 1732 5424 ratio,
1761 5369 1820 5428 qna

974 5456 1062 5515 snper
1086 5442 1168 5500 bone
1183 5442 1304 5500 actionis
1326 5444 1390 5515 ejus
1412 5444 1611 5502 testificatione
1634 5445 1817 5512 innitebatur,
