<?xml version="1.0" encoding="UTF-8"?>
<!DOCTYPE html PUBLIC "-//W3C//DTD XHTML 1.0 Transitional//EN"
    "http://www.w3.org/TR/xhtml1/DTD/xhtml1-transitional.dtd">
<html xmlns="http://www.w3.org/1999/xhtml" xml:lang="en" lang="en">
 <head>
  <title>
</title>
<meta http-equiv="Content-Type" content="text/html;charset=utf-8" />
  <meta name='ocr-system' content='tesseract 3.04.00' />
  <meta name='ocr-capabilities' content='ocr_page ocr_carea ocr_par ocr_line ocrx_word'/>
</head>
<body>
  <div class='ocr_page' id='page_1' title='image "./patrologiaecurs05unkngoog_0029.png"; bbox 0 0 3818 6008; ppageno 0'>
   <div class='ocr_carea' id='block_1_1' title="bbox 68 181 1375 285">
    <p class='ocr_par' dir='ltr' id='par_1_1' title="bbox 68 181 1375 285">
     <span class='ocr_line' id='line_1_1' title="bbox 68 181 1375 285; baseline -0.005 -4"><span class='ocrx_word' id='word_1_1' title='bbox 68 226 104 285; x_wconf 78' lang='lat' dir='ltr'>tt</span> <span class='ocrx_word' id='word_1_2' title='bbox 522 220 554 274; x_wconf 81' lang='lat' dir='ltr'>V.</span> <span class='ocrx_word' id='word_1_3' title='bbox 574 220 741 277; x_wconf 80' lang='lat' dir='ltr'>edteeurt</span> <span class='ocrx_word' id='word_1_4' title='bbox 760 217 905 275; x_wconf 78' lang='lat' dir='ltr'>tuearis</span> <span class='ocrx_word' id='word_1_5' title='bbox 924 216 953 274; x_wconf 78' lang='lat' dir='ltr'>S.</span> <span class='ocrx_word' id='word_1_6' title='bbox 975 181 1097 273; x_wconf 66' lang='lat' dir='ltr'>nanim</span> <span class='ocrx_word' id='word_1_7' title='bbox 1116 217 1161 274; x_wconf 80' lang='lat' dir='ltr'>bt:</span> <span class='ocrx_word' id='word_1_8' title='bbox 1181 217 1375 274; x_wconf 76' lang='lat' dir='ltr'>bollenum</span> 
     </span>
    </p>
   </div>
   <div class='ocr_carea' id='block_1_2' title="bbox 56 352 1727 5537">
    <p class='ocr_par' dir='ltr' id='par_1_2' title="bbox 56 352 1727 5537">
     <span class='ocr_line' id='line_1_2' title="bbox 70 352 1726 431; baseline -0.001 -16"><span class='ocrx_word' id='word_1_9' title='bbox 70 360 117 416; x_wconf 90' lang='lat' dir='ltr'>bic</span> <span class='ocrx_word' id='word_1_10' title='bbox 142 366 241 431; x_wconf 88' lang='lat' dir='ltr'>agunt,</span> <span class='ocrx_word' id='word_1_11' title='bbox 270 372 383 429; x_wconf 88' lang='lat' dir='ltr'>semper</span> <span class='ocrx_word' id='word_1_12' title='bbox 400 358 429 414; x_wconf 92' lang='lat' dir='ltr'>in</span> <span class='ocrx_word' id='word_1_13' title='bbox 453 365 587 428; x_wconf 90' lang='lat' dir='ltr'>promptu</span> <span class='ocrx_word' id='word_1_14' title='bbox 607 363 659 424; x_wconf 92' lang='lat' dir='ltr'>est,</span> <span class='ocrx_word' id='word_1_15' title='bbox 684 355 820 428; x_wconf 90' lang='lat' dir='ltr'>quianec</span> <span class='ocrx_word' id='word_1_16' title='bbox 839 355 916 412; x_wconf 86' lang='lat' dir='ltr'>deest</span> <span class='ocrx_word' id='word_1_17' title='bbox 932 355 956 408; x_wconf 76' lang='grc' dir='ltr'><strong>Α</strong></span> <span class='ocrx_word' id='word_1_18' title='bbox 975 356 1133 411; x_wconf 89' lang='lat' dir='ltr'>instruunt.</span> <span class='ocrx_word' id='word_1_19' title='bbox 1155 353 1217 411; x_wconf 91' lang='lat' dir='ltr'>Non</span> <span class='ocrx_word' id='word_1_20' title='bbox 1233 352 1309 410; x_wconf 91' lang='lat' dir='ltr'>enim</span> <span class='ocrx_word' id='word_1_21' title='bbox 1335 367 1437 410; x_wconf 91' lang='lat' dir='ltr'>sumus</span> <span class='ocrx_word' id='word_1_22' title='bbox 1460 353 1551 411; x_wconf 89' lang='lat' dir='ltr'>noctis</span> <span class='ocrx_word' id='word_1_23' title='bbox 1579 368 1674 425; x_wconf 91' lang='lat' dir='ltr'>neque</span> <span class='ocrx_word' id='word_1_24' title='bbox 1694 361 1726 413; x_wconf 89' lang='lat' dir='ltr'>tet</span> 
     </span>
     <span class='ocr_line' id='line_1_3' title="bbox 70 441 1620 514; baseline -0.006 -8"><span class='ocrx_word' id='word_1_25' title='bbox 70 447 147 506; x_wconf 90' lang='lat' dir='ltr'>unde</span> <span class='ocrx_word' id='word_1_26' title='bbox 162 447 323 505; x_wconf 91' lang='lat' dir='ltr'>transitorie</span> <span class='ocrx_word' id='word_1_27' title='bbox 348 445 485 503; x_wconf 90' lang='lat' dir='ltr'>honorari</span> <span class='ocrx_word' id='word_1_28' title='bbox 515 453 644 514; x_wconf 89' lang='lat' dir='ltr'>possunt,</span> <span class='ocrx_word' id='word_1_29' title='bbox 665 445 689 502; x_wconf 90' lang='lat' dir='ltr'>si</span> <span class='ocrx_word' id='word_1_30' title='bbox 713 445 830 503; x_wconf 88' lang='lat' dir='ltr'>lortuua</span> <span class='ocrx_word' id='word_1_31' title='bbox 844 444 916 501; x_wconf 90' lang='lat' dir='ltr'>arri·</span> <span class='ocrx_word' id='word_1_32' title='bbox 972 456 1048 510; x_wconf 91' lang='lat' dir='ltr'>rum,</span> <span class='ocrx_word' id='word_1_33' title='bbox 1064 443 1113 498; x_wconf 90' lang='lat' dir='ltr'>sed</span> <span class='ocrx_word' id='word_1_34' title='bbox 1128 441 1183 499; x_wconf 88' lang='lat' dir='ltr'>diei</span> <span class='ocrx_word' id='word_1_35' title='bbox 1198 457 1232 498; x_wconf 90' lang='lat' dir='ltr'>ac</span> <span class='ocrx_word' id='word_1_36' title='bbox 1246 441 1364 499; x_wconf 90' lang='lat' dir='ltr'>luminis</span> <span class='ocrx_word' id='word_1_37' title='bbox 1378 443 1404 510; x_wconf 86' lang='lat' dir='ltr'>(l</span> <span class='ocrx_word' id='word_1_38' title='bbox 1424 443 1513 498; x_wconf 83' lang='lat' dir='ltr'>Pbess.</span> <span class='ocrx_word' id='word_1_39' title='bbox 1532 459 1559 509; x_wconf 84' lang='lat' dir='ltr'>r,</span> <span class='ocrx_word' id='word_1_40' title='bbox 1582 443 1620 512; x_wconf 84' lang='lat'>5).</span> 
     </span>
     <span class='ocr_line' id='line_1_4' title="bbox 70 531 1726 605; baseline -0.004 -12"><span class='ocrx_word' id='word_1_41' title='bbox 70 536 149 603; x_wconf 90' lang='lat' dir='ltr'>serit,</span> <span class='ocrx_word' id='word_1_42' title='bbox 164 551 216 593; x_wconf 88' lang='lat' dir='ltr'>nec</span> <span class='ocrx_word' id='word_1_43' title='bbox 240 536 399 593; x_wconf 82' lang='lat' dir='ltr'>honoribus</span> <span class='ocrx_word' id='word_1_44' title='bbox 423 535 474 605; x_wconf 88' lang='lat' dir='ltr'>ipsi</span> <span class='ocrx_word' id='word_1_45' title='bbox 498 534 667 592; x_wconf 88' lang='lat' dir='ltr'>desunt.·ln</span> <span class='ocrx_word' id='word_1_46' title='bbox 690 532 873 591; x_wconf 90' lang='lat' dir='ltr'>maloautem</span> <span class='ocrx_word' id='word_1_47' title='bbox 891 539 918 588; x_wconf 91' lang='lat' dir='ltr'>et</span> <span class='ocrx_word' id='word_1_48' title='bbox 1007 531 1092 587; x_wconf 85' lang='lat' dir='ltr'>Vens.</span> <span class='ocrx_word' id='word_1_49' title='bbox 1120 533 1162 586; x_wconf 85' lang='lat' dir='ltr'>ts.</span> <span class='ocrx_word' id='word_1_50' title='bbox 1188 560 1223 571; x_wconf 90' lang='lat'>-</span> <span class='ocrx_word' id='word_1_51' title='bbox 1244 534 1279 587; x_wconf 83' lang='lat' dir='ltr'>Et</span> <span class='ocrx_word' id='word_1_52' title='bbox 1300 533 1406 597; x_wconf 76' lang='lat' dir='ltr'>sactum</span> <span class='ocrx_word' id='word_1_53' title='bbox 1435 534 1475 585; x_wconf 84' lang='lat' dir='ltr'>est</span> <span class='ocrx_word' id='word_1_54' title='bbox 1497 546 1604 601; x_wconf 85' lang='lat' dir='ltr'>uespere</span> <span class='ocrx_word' id='word_1_55' title='bbox 1629 536 1656 587; x_wconf 87' lang='lat' dir='ltr'>et</span> <span class='ocrx_word' id='word_1_56' title='bbox 1674 548 1726 587; x_wconf 83' lang='lat' dir='ltr'>mat</span> 
     </span>
     <span class='ocr_line' id='line_1_5' title="bbox 71 619 1726 694; baseline -0.002 -14"><span class='ocrx_word' id='word_1_57' title='bbox 71 624 190 680; x_wconf 93' lang='lat' dir='ltr'>inbono</span> <span class='ocrx_word' id='word_1_58' title='bbox 213 638 317 681; x_wconf 92' lang='lat' dir='ltr'>nomen</span> <span class='ocrx_word' id='word_1_59' title='bbox 344 623 478 693; x_wconf 87' lang='lat' dir='ltr'>temporis</span> <span class='ocrx_word' id='word_1_60' title='bbox 497 622 565 694; x_wconf 91' lang='lat' dir='ltr'>poni</span> <span class='ocrx_word' id='word_1_61' title='bbox 587 623 666 690; x_wconf 91' lang='lat' dir='ltr'>solet,</span> <span class='ocrx_word' id='word_1_62' title='bbox 683 629 711 678; x_wconf 91' lang='lat' dir='ltr'>et</span> <span class='ocrx_word' id='word_1_63' title='bbox 725 621 813 692; x_wconf 87' lang='lat' dir='ltr'>vulgo</span> <span class='ocrx_word' id='word_1_64' title='bbox 831 620 918 677; x_wconf 89' lang='lat' dir='ltr'>etiaru</span> <span class='ocrx_word' id='word_1_65' title='bbox 972 625 1100 689; x_wconf 84' lang='lat' dir='ltr'>quartus.</span> <span class='ocrx_word' id='word_1_66' title='bbox 1125 620 1158 675; x_wconf 93' lang='lat' dir='ltr'>ln</span> <span class='ocrx_word' id='word_1_67' title='bbox 1182 633 1215 675; x_wconf 91' lang='lat' dir='ltr'>eo</span> <span class='ocrx_word' id='word_1_68' title='bbox 1236 619 1314 690; x_wconf 92' lang='lat' dir='ltr'>qnod</span> <span class='ocrx_word' id='word_1_69' title='bbox 1339 619 1524 690; x_wconf 75' lang='lat' dir='ltr'>praemittitur</span> <span class='ocrx_word' id='word_1_70' title='bbox 1549 627 1578 676; x_wconf 90' lang='lat' dir='ltr'>et</span> <span class='ocrx_word' id='word_1_71' title='bbox 1601 632 1677 691; x_wconf 88' lang='lat' dir='ltr'>saepe</span> <span class='ocrx_word' id='word_1_72' title='bbox 1697 620 1726 677; x_wconf 91' lang='lat' dir='ltr'>di</span> 
     </span>
     <span class='ocr_line' id='line_1_6' title="bbox 70 707 1726 783; baseline -0.002 -16"><span class='ocrx_word' id='word_1_73' title='bbox 70 712 125 768; x_wconf 93' lang='lat' dir='ltr'>dici</span> <span class='ocrx_word' id='word_1_74' title='bbox 141 711 308 783; x_wconf 81' lang='lat' dir='ltr'>quibusque</span> <span class='ocrx_word' id='word_1_75' title='bbox 324 711 432 782; x_wconf 89' lang='lat' dir='ltr'>quibus</span> <span class='ocrx_word' id='word_1_76' title='bbox 446 718 514 767; x_wconf 90' lang='lat' dir='ltr'>sunt</span> <span class='ocrx_word' id='word_1_77' title='bbox 537 710 614 767; x_wconf 91' lang='lat' dir='ltr'>maia</span> <span class='ocrx_word' id='word_1_78' title='bbox 637 718 814 775; x_wconf 86' lang='lat' dir='ltr'>proventura</span> <span class='ocrx_word' id='word_1_79' title='bbox 826 708 918 765; x_wconf 85' lang='lat' dir='ltr'>felici·</span> <span class='ocrx_word' id='word_1_80' title='bbox 977 708 1053 764; x_wconf 77' lang='lat' dir='ltr'>Vidit</span> <span class='ocrx_word' id='word_1_81' title='bbox 1064 711 1134 763; x_wconf 78' lang='lat' dir='ltr'>Deus</span> <span class='ocrx_word' id='word_1_82' title='bbox 1152 707 1225 778; x_wconf 85' lang='lat' dir='ltr'>quod</span> <span class='ocrx_word' id='word_1_83' title='bbox 1239 713 1307 764; x_wconf 86' lang='lat' dir='ltr'>esset</span> <span class='ocrx_word' id='word_1_84' title='bbox 1323 709 1430 775; x_wconf 85' lang='lat' dir='ltr'>bouum,</span> <span class='ocrx_word' id='word_1_85' title='bbox 1455 708 1520 764; x_wconf 79' lang='lat' dir='ltr'>licet</span> <span class='ocrx_word' id='word_1_86' title='bbox 1542 708 1628 778; x_wconf 88' lang='lat' dir='ltr'>plura</span> <span class='ocrx_word' id='word_1_87' title='bbox 1653 709 1726 766; x_wconf 79' lang='lat' dir='ltr'>dinei</span> 
     </span>
     <span class='ocr_line' id='line_1_7' title="bbox 70 796 1726 870; baseline -0.001 -14"><span class='ocrx_word' id='word_1_88' title='bbox 70 799 135 858; x_wconf 88' lang='lat' dir='ltr'>bus.</span> <span class='ocrx_word' id='word_1_89' title='bbox 163 800 221 859; x_wconf 86' lang='lat' dir='ltr'>Vos</span> <span class='ocrx_word' id='word_1_90' title='bbox 251 799 402 866; x_wconf 88' lang='lat' dir='ltr'>babebitis,</span> <span class='ocrx_word' id='word_1_91' title='bbox 441 798 590 870; x_wconf 90' lang='lat' dir='ltr'>inquiunt,</span> <span class='ocrx_word' id='word_1_92' title='bbox 628 806 741 868; x_wconf 91' lang='lat' dir='ltr'>tempus</span> <span class='ocrx_word' id='word_1_93' title='bbox 767 804 917 866; x_wconf 81' lang='lat' dir='ltr'>vestrum3</span> <span class='ocrx_word' id='word_1_94' title='bbox 973 796 1279 870; x_wconf 77' lang='lat' dir='ltr'>idpraecipuelnotare</span> <span class='ocrx_word' id='word_1_95' title='bbox 1298 796 1444 864; x_wconf 90' lang='lat' dir='ltr'>debemus,</span> <span class='ocrx_word' id='word_1_96' title='bbox 1469 796 1547 867; x_wconf 92' lang='lat' dir='ltr'>quod</span> <span class='ocrx_word' id='word_1_97' title='bbox 1570 797 1641 852; x_wconf 91' lang='lat' dir='ltr'>dum</span> <span class='ocrx_word' id='word_1_98' title='bbox 1661 811 1726 854; x_wconf 89' lang='lat' dir='ltr'>suor</span> 
     </span>
     <span class='ocr_line' id='line_1_8' title="bbox 70 884 1726 958; baseline -0.002 -13"><span class='ocrx_word' id='word_1_99' title='bbox 70 889 147 945; x_wconf 89' lang='lat' dir='ltr'>unde</span> <span class='ocrx_word' id='word_1_100' title='bbox 176 887 205 944; x_wconf 89' lang='lat' dir='ltr'>in</span> <span class='ocrx_word' id='word_1_101' title='bbox 233 887 362 958; x_wconf 88' lang='lat' dir='ltr'>psalmo:</span> <span class='ocrx_word' id='word_1_102' title='bbox 392 889 427 942; x_wconf 80' lang='lat' dir='ltr'>dt</span> <span class='ocrx_word' id='word_1_103' title='bbox 456 887 508 942; x_wconf 85' lang='lat' dir='ltr'>erit</span> <span class='ocrx_word' id='word_1_104' title='bbox 535 892 639 957; x_wconf 84' lang='lat' dir='ltr'>tempus</span> <span class='ocrx_word' id='word_1_105' title='bbox 666 889 804 941; x_wconf 79' lang='lat' dir='ltr'>eorumiu</span> <span class='ocrx_word' id='word_1_106' title='bbox 821 887 920 941; x_wconf 74' lang='lat' dir='ltr'>seculo</span> <span class='ocrx_word' id='word_1_107' title='bbox 972 884 1054 941; x_wconf 92' lang='lat' dir='ltr'>nobis</span> <span class='ocrx_word' id='word_1_108' title='bbox 1083 898 1239 940; x_wconf 91' lang='lat' dir='ltr'>munerum</span> <span class='ocrx_word' id='word_1_109' title='bbox 1266 884 1343 940; x_wconf 83' lang='lat' dir='ltr'>Dens</span> <span class='ocrx_word' id='word_1_110' title='bbox 1375 884 1553 940; x_wconf 91' lang='lat' dir='ltr'>incrementa</span> <span class='ocrx_word' id='word_1_111' title='bbox 1602 885 1726 956; x_wconf 87' lang='lat' dir='ltr'>largitur</span> 
     </span>
     <span class='ocr_line' id='line_1_9' title="bbox 71 972 1714 1048; baseline -0.001 -16"><span class='ocrx_word' id='word_1_112' title='bbox 71 978 154 1048; x_wconf 86' lang='lat' dir='ltr'>(Psoi.</span> <span class='ocrx_word' id='word_1_113' title='bbox 178 992 257 1042; x_wconf 79' lang='lat' dir='ltr'>cxxx,</span> <span class='ocrx_word' id='word_1_114' title='bbox 285 976 336 1045; x_wconf 86' lang='lat' dir='ltr'>td).</span> <span class='ocrx_word' id='word_1_115' title='bbox 375 976 427 1032; x_wconf 85' lang='lat' dir='ltr'>llic</span> <span class='ocrx_word' id='word_1_116' title='bbox 456 975 564 1046; x_wconf 81' lang='lat' dir='ltr'>gloriae,</span> <span class='ocrx_word' id='word_1_117' title='bbox 604 974 660 1031; x_wconf 92' lang='lat' dir='ltr'>illic</span> <span class='ocrx_word' id='word_1_118' title='bbox 691 973 819 1031; x_wconf 88' lang='lat' dir='ltr'>habituri</span> <span class='ocrx_word' id='word_1_119' title='bbox 852 982 920 1030; x_wconf 92' lang='lat' dir='ltr'>sunt</span> <span class='ocrx_word' id='word_1_120' title='bbox 973 972 1056 1028; x_wconf 92' lang='lat' dir='ltr'>uobis</span> <span class='ocrx_word' id='word_1_121' title='bbox 1084 979 1199 1028; x_wconf 90' lang='lat' dir='ltr'>econtra</span> <span class='ocrx_word' id='word_1_122' title='bbox 1227 981 1351 1043; x_wconf 87' lang='lat' dir='ltr'>quantos</span> <span class='ocrx_word' id='word_1_123' title='bbox 1378 986 1429 1028; x_wconf 91' lang='lat' dir='ltr'>nos</span> <span class='ocrx_word' id='word_1_124' title='bbox 1454 973 1488 1028; x_wconf 90' lang='lat' dir='ltr'>de</span> <span class='ocrx_word' id='word_1_125' title='bbox 1518 985 1605 1043; x_wconf 89' lang='lat' dir='ltr'>qnam</span> <span class='ocrx_word' id='word_1_126' title='bbox 1627 973 1714 1030; x_wconf 88' lang='lat' dir='ltr'>nullis</span> 
     </span>
     <span class='ocr_line' id='line_1_10' title="bbox 71 1060 1724 1134; baseline -0.004 -12"><span class='ocrx_word' id='word_1_127' title='bbox 71 1071 183 1134; x_wconf 88' lang='lat' dir='ltr'>tempus</span> <span class='ocrx_word' id='word_1_128' title='bbox 207 1064 338 1121; x_wconf 76' lang='lat' dir='ltr'>miseriae.</span> <span class='ocrx_word' id='word_1_129' title='bbox 364 1064 489 1134; x_wconf 82' lang='lat' dir='ltr'>Tempus</span> <span class='ocrx_word' id='word_1_130' title='bbox 511 1070 609 1118; x_wconf 90' lang='lat' dir='ltr'>autem</span> <span class='ocrx_word' id='word_1_131' title='bbox 633 1071 693 1132; x_wconf 91' lang='lat' dir='ltr'>post</span> <span class='ocrx_word' id='word_1_132' title='bbox 713 1063 797 1118; x_wconf 84' lang='lat' dir='ltr'>tinem</span> <span class='ocrx_word' id='word_1_133' title='bbox 822 1062 918 1119; x_wconf 81' lang='lat' dir='ltr'>saculi</span> <span class='ocrx_word' id='word_1_134' title='bbox 973 1060 1122 1130; x_wconf 81' lang='lat' dir='ltr'>aspicitur,</span> <span class='ocrx_word' id='word_1_135' title='bbox 1145 1060 1274 1116; x_wconf 82' lang='lat' dir='ltr'>maxima</span> <span class='ocrx_word' id='word_1_136' title='bbox 1304 1060 1333 1116; x_wconf 93' lang='lat' dir='ltr'>in</span> <span class='ocrx_word' id='word_1_137' title='bbox 1356 1060 1500 1117; x_wconf 88' lang='lat' dir='ltr'>mentibus</span> <span class='ocrx_word' id='word_1_138' title='bbox 1521 1061 1628 1117; x_wconf 89' lang='lat' dir='ltr'>uostris</span> <span class='ocrx_word' id='word_1_139' title='bbox 1653 1061 1724 1118; x_wconf 91' lang='lat' dir='ltr'>hum</span> 
     </span>
     <span class='ocr_line' id='line_1_11' title="bbox 72 1149 1726 1222; baseline -0.001 -14"><span class='ocrx_word' id='word_1_140' title='bbox 72 1151 161 1221; x_wconf 84' lang='lat' dir='ltr'>nujus</span> <span class='ocrx_word' id='word_1_141' title='bbox 176 1159 298 1215; x_wconf 89' lang='lat' dir='ltr'>nonest,</span> <span class='ocrx_word' id='word_1_142' title='bbox 318 1151 405 1222; x_wconf 79' lang='lat' dir='ltr'>iuxta</span> <span class='ocrx_word' id='word_1_143' title='bbox 428 1151 499 1207; x_wconf 90' lang='lat' dir='ltr'>illud</span> <span class='ocrx_word' id='word_1_144' title='bbox 516 1151 545 1206; x_wconf 91' lang='lat' dir='ltr'>in</span> <span class='ocrx_word' id='word_1_145' title='bbox 564 1150 732 1221; x_wconf 80' lang='lat' dir='ltr'>apocalysi:</span> <span class='ocrx_word' id='word_1_146' title='bbox 754 1152 790 1208; x_wconf 91' lang='lat' dir='ltr'>Et</span> <span class='ocrx_word' id='word_1_147' title='bbox 808 1159 920 1221; x_wconf 91' lang='lat' dir='ltr'>tempus</span> <span class='ocrx_word' id='word_1_148' title='bbox 973 1163 1087 1205; x_wconf 91' lang='lat' dir='ltr'>summa</span> <span class='ocrx_word' id='word_1_149' title='bbox 1121 1157 1285 1220; x_wconf 86' lang='lat' dir='ltr'>generatur.</span> <span class='ocrx_word' id='word_1_150' title='bbox 1314 1149 1398 1208; x_wconf 84' lang='lat' dir='ltr'>Videt</span> <span class='ocrx_word' id='word_1_151' title='bbox 1426 1152 1496 1204; x_wconf 79' lang='lat' dir='ltr'>deur</span> <span class='ocrx_word' id='word_1_152' title='bbox 1537 1150 1611 1220; x_wconf 85' lang='lat' dir='ltr'>quod</span> <span class='ocrx_word' id='word_1_153' title='bbox 1651 1150 1726 1206; x_wconf 83' lang='lat' dir='ltr'>boam</span> 
     </span>
     <span class='ocr_line' id='line_1_12' title="bbox 72 1237 1727 1309; baseline -0.001 -13"><span class='ocrx_word' id='word_1_154' title='bbox 72 1240 148 1297; x_wconf 89' lang='lat' dir='ltr'>ultra</span> <span class='ocrx_word' id='word_1_155' title='bbox 171 1239 300 1296; x_wconf 87' lang='lat' dir='ltr'>nouerit</span> <span class='ocrx_word' id='word_1_156' title='bbox 324 1240 421 1308; x_wconf 78' lang='lat' dir='ltr'>(Apoc.</span> <span class='ocrx_word' id='word_1_157' title='bbox 440 1254 484 1305; x_wconf 83' lang='lat' dir='ltr'>cr,</span> <span class='ocrx_word' id='word_1_158' title='bbox 501 1238 553 1309; x_wconf 85' lang='lat' dir='ltr'>itt).</span> <span class='ocrx_word' id='word_1_159' title='bbox 580 1239 632 1295; x_wconf 90' lang='lat' dir='ltr'>Sed</span> <span class='ocrx_word' id='word_1_160' title='bbox 649 1247 762 1309; x_wconf 91' lang='lat' dir='ltr'>tempus</span> <span class='ocrx_word' id='word_1_161' title='bbox 784 1247 812 1297; x_wconf 86' lang='lat' dir='ltr'>et</span> <span class='ocrx_word' id='word_1_162' title='bbox 826 1253 920 1296; x_wconf 78' lang='lat' dir='ltr'>saecu-</span> <span class='ocrx_word' id='word_1_163' title='bbox 974 1237 1092 1308; x_wconf 92' lang='lat' dir='ltr'>quaudo</span> <span class='ocrx_word' id='word_1_164' title='bbox 1112 1237 1183 1309; x_wconf 93' lang='lat' dir='ltr'>quid</span> <span class='ocrx_word' id='word_1_165' title='bbox 1203 1237 1312 1294; x_wconf 90' lang='lat' dir='ltr'>luimus</span> <span class='ocrx_word' id='word_1_166' title='bbox 1332 1245 1360 1294; x_wconf 92' lang='lat' dir='ltr'>et</span> <span class='ocrx_word' id='word_1_167' title='bbox 1381 1238 1453 1309; x_wconf 92' lang='lat' dir='ltr'>quid</span> <span class='ocrx_word' id='word_1_168' title='bbox 1476 1238 1577 1305; x_wconf 89' lang='lat' dir='ltr'>simus,</span> <span class='ocrx_word' id='word_1_169' title='bbox 1601 1253 1653 1295; x_wconf 92' lang='lat' dir='ltr'>nos</span> <span class='ocrx_word' id='word_1_170' title='bbox 1677 1239 1727 1297; x_wconf 89' lang='lat' dir='ltr'>but</span> 
     </span>
     <span class='ocr_line' id='line_1_13' title="bbox 71 1325 1726 1398; baseline 0 -14"><span class='ocrx_word' id='word_1_171' title='bbox 71 1328 131 1386; x_wconf 92' lang='lat' dir='ltr'>ium</span> <span class='ocrx_word' id='word_1_172' title='bbox 148 1327 283 1384; x_wconf 87' lang='lat' dir='ltr'>unimode</span> <span class='ocrx_word' id='word_1_173' title='bbox 299 1327 369 1383; x_wconf 90' lang='lat' dir='ltr'>solet</span> <span class='ocrx_word' id='word_1_174' title='bbox 392 1327 459 1397; x_wconf 92' lang='lat' dir='ltr'>poni</span> <span class='ocrx_word' id='word_1_175' title='bbox 476 1341 527 1397; x_wconf 91' lang='lat' dir='ltr'>pro</span> <span class='ocrx_word' id='word_1_176' title='bbox 542 1342 575 1384; x_wconf 91' lang='lat' dir='ltr'>eo</span> <span class='ocrx_word' id='word_1_177' title='bbox 599 1328 678 1398; x_wconf 87' lang='lat' dir='ltr'>quod</span> <span class='ocrx_word' id='word_1_178' title='bbox 699 1338 741 1385; x_wconf 90' lang='lat' dir='ltr'>est</span> <span class='ocrx_word' id='word_1_179' title='bbox 754 1327 823 1386; x_wconf 87' lang='lat' dir='ltr'>vita.</span> <span class='ocrx_word' id='word_1_180' title='bbox 842 1330 921 1387; x_wconf 82' lang='lat' dir='ltr'>Unde</span> <span class='ocrx_word' id='word_1_181' title='bbox 975 1326 1121 1382; x_wconf 89' lang='lat' dir='ltr'>attendere</span> <span class='ocrx_word' id='word_1_182' title='bbox 1141 1325 1217 1382; x_wconf 88' lang='lat' dir='ltr'>lacit.</span> <span class='ocrx_word' id='word_1_183' title='bbox 1237 1327 1271 1381; x_wconf 91' lang='lat' dir='ltr'>Et</span> <span class='ocrx_word' id='word_1_184' title='bbox 1285 1340 1322 1382; x_wconf 84' lang='lat' dir='ltr'>ex</span> <span class='ocrx_word' id='word_1_185' title='bbox 1334 1327 1396 1396; x_wconf 86' lang='lat' dir='ltr'>ipsa</span> <span class='ocrx_word' id='word_1_186' title='bbox 1410 1327 1494 1396; x_wconf 77' lang='lat' dir='ltr'>coepti</span> <span class='ocrx_word' id='word_1_187' title='bbox 1509 1326 1576 1383; x_wconf 93' lang='lat' dir='ltr'>boni</span> <span class='ocrx_word' id='word_1_188' title='bbox 1596 1328 1726 1385; x_wconf 88' lang='lat' dir='ltr'>considet</span> 
     </span>
     <span class='ocr_line' id='line_1_14' title="bbox 71 1413 1726 1486; baseline -0.004 -14"><span class='ocrx_word' id='word_1_189' title='bbox 71 1415 238 1486; x_wconf 87' lang='lat' dir='ltr'>apostolus:</span> <span class='ocrx_word' id='word_1_190' title='bbox 262 1415 432 1470; x_wconf 83' lang='lat' dir='ltr'>Ambutostis</span> <span class='ocrx_word' id='word_1_191' title='bbox 453 1416 604 1484; x_wconf 80' lang='lat' dir='ltr'>aliquando</span> <span class='ocrx_word' id='word_1_192' title='bbox 627 1417 773 1473; x_wconf 83' lang='lat' dir='ltr'>secuudum</span> <span class='ocrx_word' id='word_1_193' title='bbox 795 1420 921 1474; x_wconf 76' lang='lat' dir='ltr'>seculum</span> <span class='ocrx_word' id='word_1_194' title='bbox 975 1414 1105 1469; x_wconf 91' lang='lat' dir='ltr'>animum</span> <span class='ocrx_word' id='word_1_195' title='bbox 1128 1421 1259 1470; x_wconf 92' lang='lat' dir='ltr'>nostrum</span> <span class='ocrx_word' id='word_1_196' title='bbox 1283 1413 1317 1469; x_wconf 90' lang='lat' dir='ltr'>ad</span> <span class='ocrx_word' id='word_1_197' title='bbox 1341 1414 1459 1470; x_wconf 84' lang='lat' dir='ltr'>meliora</span> <span class='ocrx_word' id='word_1_198' title='bbox 1481 1414 1639 1471; x_wconf 81' lang='lat' dir='ltr'>succendit.</span> <span class='ocrx_word' id='word_1_199' title='bbox 1657 1416 1726 1472; x_wconf 79' lang='lat' dir='ltr'>Ussdt</span> 
     </span>
     <span class='ocr_line' id='line_1_15' title="bbox 71 1502 1726 1574; baseline 0.001 -17"><span class='ocrx_word' id='word_1_200' title='bbox 71 1503 168 1558; x_wconf 83' lang='lat' dir='ltr'>muudi</span> <span class='ocrx_word' id='word_1_201' title='bbox 181 1503 263 1572; x_wconf 70' lang='lat' dir='ltr'>buius</span> <span class='ocrx_word' id='word_1_202' title='bbox 279 1503 386 1573; x_wconf 80' lang='lat' dir='ltr'>(pres.</span> <span class='ocrx_word' id='word_1_203' title='bbox 407 1519 436 1567; x_wconf 91' lang='lat' dir='ltr'>n,</span> <span class='ocrx_word' id='word_1_204' title='bbox 452 1504 488 1572; x_wconf 76' lang='lat'>2).</span> <span class='ocrx_word' id='word_1_205' title='bbox 510 1504 543 1559; x_wconf 95' lang='lat' dir='ltr'>ln</span> <span class='ocrx_word' id='word_1_206' title='bbox 567 1504 675 1573; x_wconf 88' lang='lat' dir='ltr'>psalmo</span> <span class='ocrx_word' id='word_1_207' title='bbox 696 1505 781 1561; x_wconf 89' lang='lat' dir='ltr'>etiam</span> <span class='ocrx_word' id='word_1_208' title='bbox 797 1505 918 1569; x_wconf 68' lang='lat' dir='ltr'>dicitur:</span> <span class='ocrx_word' id='word_1_209' title='bbox 975 1503 1110 1573; x_wconf 81' lang='lat' dir='ltr'>Apostolo</span> <span class='ocrx_word' id='word_1_210' title='bbox 1129 1517 1181 1559; x_wconf 92' lang='lat' dir='ltr'>nos</span> <span class='ocrx_word' id='word_1_211' title='bbox 1205 1503 1279 1574; x_wconf 90' lang='lat' dir='ltr'>cogit</span> <span class='ocrx_word' id='word_1_212' title='bbox 1299 1502 1414 1559; x_wconf 85' lang='lat' dir='ltr'>dicere:</span> <span class='ocrx_word' id='word_1_213' title='bbox 1438 1505 1540 1559; x_wconf 82' lang='lat' dir='ltr'>Gratia</span> <span class='ocrx_word' id='word_1_214' title='bbox 1562 1506 1609 1558; x_wconf 82' lang='lat' dir='ltr'>Dei</span> <span class='ocrx_word' id='word_1_215' title='bbox 1628 1519 1687 1558; x_wconf 78' lang='lat' dir='ltr'>stam</span> <span class='ocrx_word' id='word_1_216' title='bbox 1706 1503 1726 1560; x_wconf 80' lang='lat' dir='ltr'>it</span> 
     </span>
     <span class='ocr_line' id='line_1_16' title="bbox 71 1590 1727 1664; baseline 0.002 -18"><span class='ocrx_word' id='word_1_217' title='bbox 71 1593 190 1646; x_wconf 78' lang='lat' dir='ltr'>Posuisti</span> <span class='ocrx_word' id='word_1_218' title='bbox 223 1591 348 1645; x_wconf 76' lang='lat' dir='ltr'>seculum</span> <span class='ocrx_word' id='word_1_219' title='bbox 362 1597 485 1646; x_wconf 86' lang='lat' dir='ltr'>nostrum</span> <span class='ocrx_word' id='word_1_220' title='bbox 507 1594 537 1645; x_wconf 85' lang='lat' dir='ltr'>io</span> <span class='ocrx_word' id='word_1_221' title='bbox 555 1592 754 1648; x_wconf 83' lang='lat' dir='ltr'>illuminatione</span> <span class='ocrx_word' id='word_1_222' title='bbox 763 1595 854 1649; x_wconf 89' lang='lat' dir='ltr'>uultus</span> <span class='ocrx_word' id='word_1_223' title='bbox 879 1590 922 1649; x_wconf 80' lang='lat' dir='ltr'>tut¹</span> <span class='ocrx_word' id='word_1_224' title='bbox 975 1607 1035 1647; x_wconf 88' lang='lat' dir='ltr'>sum</span> <span class='ocrx_word' id='word_1_225' title='bbox 1048 1594 1083 1657; x_wconf 76' lang='lat' dir='ltr'>‘tl</span> <span class='ocrx_word' id='word_1_226' title='bbox 1110 1593 1175 1646; x_wconf 84' lang='lat' dir='ltr'>Cor.</span> <span class='ocrx_word' id='word_1_227' title='bbox 1219 1609 1263 1656; x_wconf 83' lang='lat' dir='ltr'>xv,</span> <span class='ocrx_word' id='word_1_228' title='bbox 1301 1593 1354 1659; x_wconf 81' lang='lat' dir='ltr'>to).</span> <span class='ocrx_word' id='word_1_229' title='bbox 1395 1591 1460 1648; x_wconf 84' lang='lat' dir='ltr'>Dies</span> <span class='ocrx_word' id='word_1_230' title='bbox 1493 1599 1625 1662; x_wconf 87' lang='lat' dir='ltr'>quartus,</span> <span class='ocrx_word' id='word_1_231' title='bbox 1665 1600 1727 1664; x_wconf 83' lang='lat' dir='ltr'>grat</span> 
     </span>
     <span class='ocr_line' id='line_1_17' title="bbox 72 1653 1726 1749; baseline 0.001 -16"><span class='ocrx_word' id='word_1_232' title='bbox 72 1680 157 1746; x_wconf 82' lang='lat' dir='ltr'>(Psoi.</span> <span class='ocrx_word' id='word_1_233' title='bbox 184 1694 291 1746; x_wconf 78' lang='lat' dir='ltr'>cxxxix,</span> <span class='ocrx_word' id='word_1_234' title='bbox 317 1678 355 1748; x_wconf 85' lang='lat'>8),</span> <span class='ocrx_word' id='word_1_235' title='bbox 382 1679 409 1735; x_wconf 93' lang='lat' dir='ltr'>id</span> <span class='ocrx_word' id='word_1_236' title='bbox 437 1687 479 1736; x_wconf 91' lang='lat' dir='ltr'>est</span> <span class='ocrx_word' id='word_1_237' title='bbox 500 1680 587 1735; x_wconf 86' lang='lat' dir='ltr'>vitam</span> <span class='ocrx_word' id='word_1_238' title='bbox 615 1689 752 1737; x_wconf 90' lang='lat' dir='ltr'>nostram.</span> <span class='ocrx_word' id='word_1_239' title='bbox 779 1682 921 1739; x_wconf 89' lang='lat' dir='ltr'>Usualiter</span> <span class='ocrx_word' id='word_1_240' title='bbox 938 1653 956 1707; x_wconf 73' lang='lat' dir='ltr'>B</span> <span class='ocrx_word' id='word_1_241' title='bbox 976 1677 1171 1748; x_wconf 84' lang='lat' dir='ltr'>spiritualium</span> <span class='ocrx_word' id='word_1_242' title='bbox 1202 1677 1309 1733; x_wconf 89' lang='lat' dir='ltr'>scilicet</span> <span class='ocrx_word' id='word_1_243' title='bbox 1330 1677 1466 1733; x_wconf 91' lang='lat' dir='ltr'>lortitudo</span> <span class='ocrx_word' id='word_1_244' title='bbox 1494 1679 1603 1749; x_wconf 90' lang='lat' dir='ltr'>gradus</span> <span class='ocrx_word' id='word_1_245' title='bbox 1628 1685 1670 1734; x_wconf 87' lang='lat' dir='ltr'>est</span> <span class='ocrx_word' id='word_1_246' title='bbox 1692 1692 1726 1749; x_wconf 88' lang='lat' dir='ltr'>qu</span> 
     </span>
     <span class='ocr_line' id='line_1_18' title="bbox 70 1765 1726 1837; baseline 0 -15"><span class='ocrx_word' id='word_1_247' title='bbox 70 1767 157 1824; x_wconf 92' lang='lat' dir='ltr'>etiam</span> <span class='ocrx_word' id='word_1_248' title='bbox 172 1767 206 1823; x_wconf 93' lang='lat' dir='ltr'>de</span> <span class='ocrx_word' id='word_1_249' title='bbox 221 1767 319 1837; x_wconf 86' lang='lat' dir='ltr'>aliquo</span> <span class='ocrx_word' id='word_1_250' title='bbox 332 1767 593 1825; x_wconf 78' lang='lat' dir='ltr'>dicimustblalum</span> <span class='ocrx_word' id='word_1_251' title='bbox 613 1769 751 1827; x_wconf 73' lang='lat' dir='ltr'>saeculum</span> <span class='ocrx_word' id='word_1_252' title='bbox 769 1770 847 1827; x_wconf 90' lang='lat' dir='ltr'>ducit</span> <span class='ocrx_word' id='word_1_253' title='bbox 862 1771 919 1826; x_wconf 88' lang='lat' dir='ltr'>ille.</span> <span class='ocrx_word' id='word_1_254' title='bbox 974 1765 1047 1833; x_wconf 82' lang='lat' dir='ltr'>Quid</span> <span class='ocrx_word' id='word_1_255' title='bbox 1071 1766 1148 1822; x_wconf 90' lang='lat' dir='ltr'>enim</span> <span class='ocrx_word' id='word_1_256' title='bbox 1171 1767 1265 1837; x_wconf 87' lang='lat' dir='ltr'>magis</span> <span class='ocrx_word' id='word_1_257' title='bbox 1295 1766 1424 1823; x_wconf 88' lang='lat' dir='ltr'>animum</span> <span class='ocrx_word' id='word_1_258' title='bbox 1447 1765 1571 1833; x_wconf 91' lang='lat' dir='ltr'>roborat,</span> <span class='ocrx_word' id='word_1_259' title='bbox 1603 1767 1680 1822; x_wconf 91' lang='lat' dir='ltr'>nude</span> <span class='ocrx_word' id='word_1_260' title='bbox 1701 1780 1726 1822; x_wconf 88' lang='lat' dir='ltr'>ar</span> 
     </span>
     <span class='ocr_line' id='line_1_19' title="bbox 71 1854 1726 1926; baseline -0.001 -14"><span class='ocrx_word' id='word_1_261' title='bbox 71 1856 125 1912; x_wconf 90' lang='lat' dir='ltr'>Per</span> <span class='ocrx_word' id='word_1_262' title='bbox 142 1856 195 1912; x_wconf 85' lang='lat' dir='ltr'>ltoc</span> <span class='ocrx_word' id='word_1_263' title='bbox 210 1855 301 1926; x_wconf 88' lang='lat' dir='ltr'>igitur</span> <span class='ocrx_word' id='word_1_264' title='bbox 315 1857 390 1926; x_wconf 93' lang='lat' dir='ltr'>quod</span> <span class='ocrx_word' id='word_1_265' title='bbox 416 1856 546 1913; x_wconf 87' lang='lat' dir='ltr'>Christus</span> <span class='ocrx_word' id='word_1_266' title='bbox 569 1857 598 1913; x_wconf 91' lang='lat' dir='ltr'>in</span> <span class='ocrx_word' id='word_1_267' title='bbox 623 1859 725 1915; x_wconf 91' lang='lat' dir='ltr'>diebus</span> <span class='ocrx_word' id='word_1_268' title='bbox 746 1859 920 1926; x_wconf 62' lang='lat' dir='ltr'>earnissssute</span> <span class='ocrx_word' id='word_1_269' title='bbox 975 1854 1113 1911; x_wconf 89' lang='lat' dir='ltr'>lortitudo</span> <span class='ocrx_word' id='word_1_270' title='bbox 1128 1855 1259 1911; x_wconf 91' lang='lat' dir='ltr'>nutritur</span> <span class='ocrx_word' id='word_1_271' title='bbox 1277 1867 1364 1925; x_wconf 90' lang='lat' dir='ltr'>quam</span> <span class='ocrx_word' id='word_1_272' title='bbox 1389 1868 1456 1910; x_wconf 91' lang='lat' dir='ltr'>curn</span> <span class='ocrx_word' id='word_1_273' title='bbox 1481 1855 1579 1924; x_wconf 88' lang='lat' dir='ltr'>ipsum</span> <span class='ocrx_word' id='word_1_274' title='bbox 1601 1855 1726 1911; x_wconf 88' lang='lat' dir='ltr'>Denmc</span> 
     </span>
     <span class='ocr_line' id='line_1_20' title="bbox 72 1943 1726 2017; baseline 0.001 -18"><span class='ocrx_word' id='word_1_275' title='bbox 72 1945 177 2016; x_wconf 87' lang='lat' dir='ltr'>probra</span> <span class='ocrx_word' id='word_1_276' title='bbox 199 1945 294 2015; x_wconf 88' lang='lat' dir='ltr'>potius</span> <span class='ocrx_word' id='word_1_277' title='bbox 322 1945 441 2015; x_wconf 93' lang='lat' dir='ltr'>appetiit</span> <span class='ocrx_word' id='word_1_278' title='bbox 469 1960 558 2017; x_wconf 89' lang='lat' dir='ltr'>quam</span> <span class='ocrx_word' id='word_1_279' title='bbox 595 1947 725 2015; x_wconf 91' lang='lat' dir='ltr'>bonores,</span> <span class='ocrx_word' id='word_1_280' title='bbox 746 1955 774 2004; x_wconf 93' lang='lat' dir='ltr'>et</span> <span class='ocrx_word' id='word_1_281' title='bbox 795 1948 919 2005; x_wconf 83' lang='lat' dir='ltr'>Ecclesia</span> <span class='ocrx_word' id='word_1_282' title='bbox 975 1958 1032 2014; x_wconf 92' lang='lat' dir='ltr'>que</span> <span class='ocrx_word' id='word_1_283' title='bbox 1056 1943 1120 2014; x_wconf 80' lang='lat' dir='ltr'>ejus</span> <span class='ocrx_word' id='word_1_284' title='bbox 1159 1943 1334 2001; x_wconf 90' lang='lat' dir='ltr'>attendimus</span> <span class='ocrx_word' id='word_1_285' title='bbox 1365 1957 1502 2014; x_wconf 89' lang='lat' dir='ltr'>prospera</span> <span class='ocrx_word' id='word_1_286' title='bbox 1533 1944 1687 2015; x_wconf 82' lang='lat' dir='ltr'>despicere,</span> <span class='ocrx_word' id='word_1_287' title='bbox 1723 1959 1726 2000; x_wconf 77' lang='lat' dir='ltr'>t</span> 
     </span>
     <span class='ocr_line' id='line_1_21' title="bbox 72 2031 1721 2108; baseline 0.001 -20"><span class='ocrx_word' id='word_1_288' title='bbox 72 2033 168 2090; x_wconf 89' lang='lat' dir='ltr'>adhuc</span> <span class='ocrx_word' id='word_1_289' title='bbox 182 2040 282 2102; x_wconf 89' lang='lat' dir='ltr'>sponte</span> <span class='ocrx_word' id='word_1_290' title='bbox 308 2041 506 2104; x_wconf 89' lang='lat' dir='ltr'>paupertatem</span> <span class='ocrx_word' id='word_1_291' title='bbox 520 2034 657 2092; x_wconf 89' lang='lat' dir='ltr'>toleratet</span> <span class='ocrx_word' id='word_1_292' title='bbox 674 2035 919 2108; x_wconf 82' lang='lat' dir='ltr'>laboressignum</span> <span class='ocrx_word' id='word_1_293' title='bbox 975 2032 1097 2088; x_wconf 85' lang='lat' dir='ltr'>adversa</span> <span class='ocrx_word' id='word_1_294' title='bbox 1120 2045 1266 2102; x_wconf 89' lang='lat' dir='ltr'>nusquam</span> <span class='ocrx_word' id='word_1_295' title='bbox 1287 2031 1464 2087; x_wconf 77' lang='lat' dir='ltr'>formidaret</span> <span class='ocrx_word' id='word_1_296' title='bbox 1487 2033 1566 2096; x_wconf 89' lang='lat' dir='ltr'>Quod</span> <span class='ocrx_word' id='word_1_297' title='bbox 1589 2033 1612 2087; x_wconf 92' lang='lat' dir='ltr'>si</span> <span class='ocrx_word' id='word_1_298' title='bbox 1638 2043 1721 2090; x_wconf 85' lang='lat' dir='ltr'>entra</span> 
     </span>
     <span class='ocr_line' id='line_1_22' title="bbox 72 2120 1723 2196; baseline -0.001 -19"><span class='ocrx_word' id='word_1_299' title='bbox 72 2120 209 2191; x_wconf 90' lang='lat' dir='ltr'>estquod</span> <span class='ocrx_word' id='word_1_300' title='bbox 233 2120 260 2175; x_wconf 93' lang='lat' dir='ltr'>iu</span> <span class='ocrx_word' id='word_1_301' title='bbox 282 2120 327 2177; x_wconf 89' lang='lat' dir='ltr'>bis</span> <span class='ocrx_word' id='word_1_302' title='bbox 351 2121 555 2192; x_wconf 88' lang='lat' dir='ltr'>temporalibus</span> <span class='ocrx_word' id='word_1_303' title='bbox 575 2123 657 2179; x_wconf 91' lang='lat' dir='ltr'>bonis</span> <span class='ocrx_word' id='word_1_304' title='bbox 685 2124 777 2182; x_wconf 85' lang='lat' dir='ltr'>ncipit</span> <span class='ocrx_word' id='word_1_305' title='bbox 798 2124 921 2196; x_wconf 82' lang='lat' dir='ltr'>deligere</span> <span class='ocrx_word' id='word_1_306' title='bbox 976 2120 1083 2191; x_wconf 86' lang='lat' dir='ltr'>plicam</span> <span class='ocrx_word' id='word_1_307' title='bbox 1095 2134 1207 2184; x_wconf 87' lang='lat' dir='ltr'>sumus,</span> <span class='ocrx_word' id='word_1_308' title='bbox 1224 2128 1250 2177; x_wconf 90' lang='lat' dir='ltr'>et</span> <span class='ocrx_word' id='word_1_309' title='bbox 1265 2134 1331 2176; x_wconf 91' lang='lat' dir='ltr'>cum</span> <span class='ocrx_word' id='word_1_310' title='bbox 1343 2120 1508 2177; x_wconf 89' lang='lat' dir='ltr'>bominibus</span> <span class='ocrx_word' id='word_1_311' title='bbox 1522 2120 1659 2192; x_wconf 84' lang='lat' dir='ltr'>flagellari</span> <span class='ocrx_word' id='word_1_312' title='bbox 1678 2121 1723 2177; x_wconf 91' lang='lat' dir='ltr'>nol</span> 
     </span>
     <span class='ocr_line' id='line_1_23' title="bbox 72 2208 1693 2282; baseline 0 -17"><span class='ocrx_word' id='word_1_313' title='bbox 72 2218 191 2277; x_wconf 88' lang='lat' dir='ltr'>mentes,</span> <span class='ocrx_word' id='word_1_314' title='bbox 229 2211 277 2266; x_wconf 91' lang='lat' dir='ltr'>sed</span> <span class='ocrx_word' id='word_1_315' title='bbox 318 2212 354 2267; x_wconf 89' lang='lat' dir='ltr'>ad</span> <span class='ocrx_word' id='word_1_316' title='bbox 389 2211 488 2268; x_wconf 91' lang='lat' dir='ltr'>lutura</span> <span class='ocrx_word' id='word_1_317' title='bbox 509 2226 538 2267; x_wconf 89' lang='lat' dir='ltr'>se</span> <span class='ocrx_word' id='word_1_318' title='bbox 564 2211 733 2278; x_wconf 78' lang='lat' dir='ltr'>extendunt,</span> <span class='ocrx_word' id='word_1_319' title='bbox 754 2225 821 2282; x_wconf 76' lang='lat' dir='ltr'>quaa</span> <span class='ocrx_word' id='word_1_320' title='bbox 846 2219 921 2268; x_wconf 86' lang='lat' dir='ltr'>retro</span> <span class='ocrx_word' id='word_1_321' title='bbox 974 2208 1096 2265; x_wconf 86' lang='lat' dir='ltr'>adulteri</span> <span class='ocrx_word' id='word_1_322' title='bbox 1129 2216 1157 2265; x_wconf 91' lang='lat' dir='ltr'>et</span> <span class='ocrx_word' id='word_1_323' title='bbox 1196 2223 1255 2265; x_wconf 92' lang='lat' dir='ltr'>non</span> <span class='ocrx_word' id='word_1_324' title='bbox 1289 2208 1340 2264; x_wconf 89' lang='lat' dir='ltr'>ltlii</span> <span class='ocrx_word' id='word_1_325' title='bbox 1384 2223 1496 2265; x_wconf 81' lang='lat' dir='ltr'>sumus</span> <span class='ocrx_word' id='word_1_326' title='bbox 1545 2209 1693 2266; x_wconf 85' lang='lat' dir='ltr'>Fortitudo</span> 
     </span>
     <span class='ocr_line' id='line_1_24' title="bbox 71 2297 1701 2372; baseline 0.001 -19"><span class='ocrx_word' id='word_1_327' title='bbox 71 2306 141 2355; x_wconf 91' lang='lat' dir='ltr'>sunt</span> <span class='ocrx_word' id='word_1_328' title='bbox 159 2297 360 2356; x_wconf 85' lang='lat' dir='ltr'>obliviscentes</span> <span class='ocrx_word' id='word_1_329' title='bbox 385 2299 495 2370; x_wconf 84' lang='lat' dir='ltr'>(Pbiiip.</span> <span class='ocrx_word' id='word_1_330' title='bbox 522 2316 562 2367; x_wconf 90' lang='grc' dir='ltr'>ιιι,</span> <span class='ocrx_word' id='word_1_331' title='bbox 588 2301 640 2368; x_wconf 79' lang='lat' dir='ltr'>ta),</span> <span class='ocrx_word' id='word_1_332' title='bbox 666 2314 792 2372; x_wconf 92' lang='lat' dir='ltr'>quorum</span> <span class='ocrx_word' id='word_1_333' title='bbox 815 2308 842 2357; x_wconf 93' lang='lat' dir='ltr'>et</span> <span class='ocrx_word' id='word_1_334' title='bbox 858 2299 921 2356; x_wconf 88' lang='lat' dir='ltr'>lieri</span> <span class='ocrx_word' id='word_1_335' title='bbox 974 2313 1082 2367; x_wconf 68' lang='lat' dir='ltr'>vespae</span> <span class='ocrx_word' id='word_1_336' title='bbox 1113 2303 1138 2353; x_wconf 88' lang='lat' dir='ltr'>et</span> <span class='ocrx_word' id='word_1_337' title='bbox 1171 2313 1250 2353; x_wconf 84' lang='lat' dir='ltr'>mooe</span> <span class='ocrx_word' id='word_1_338' title='bbox 1287 2298 1316 2353; x_wconf 92' lang='lat' dir='ltr'>in</span> <span class='ocrx_word' id='word_1_339' title='bbox 1342 2297 1472 2354; x_wconf 87' lang='lat' dir='ltr'>adversis</span> <span class='ocrx_word' id='word_1_340' title='bbox 1507 2305 1535 2355; x_wconf 88' lang='lat' dir='ltr'>et</span> <span class='ocrx_word' id='word_1_341' title='bbox 1567 2298 1701 2368; x_wconf 86' lang='lat' dir='ltr'>jocundis</span> 
     </span>
     <span class='ocr_line' id='line_1_25' title="bbox 72 2384 1709 2456; baseline -0.001 -14"><span class='ocrx_word' id='word_1_342' title='bbox 72 2394 170 2456; x_wconf 91' lang='lat' dir='ltr'>utpote</span> <span class='ocrx_word' id='word_1_343' title='bbox 199 2393 373 2443; x_wconf 85' lang='lat' dir='ltr'>aeternorum</span> <span class='ocrx_word' id='word_1_344' title='bbox 409 2387 588 2444; x_wconf 89' lang='lat' dir='ltr'>delectantur</span> <span class='ocrx_word' id='word_1_345' title='bbox 622 2395 650 2444; x_wconf 90' lang='lat' dir='ltr'>et</span> <span class='ocrx_word' id='word_1_346' title='bbox 680 2396 823 2445; x_wconf 89' lang='lat' dir='ltr'>conantur</span> <span class='ocrx_word' id='word_1_347' title='bbox 860 2389 920 2445; x_wconf 89' lang='lat' dir='ltr'>bae·</span> <span class='ocrx_word' id='word_1_348' title='bbox 976 2384 1142 2456; x_wconf 89' lang='lat' dir='ltr'>pulluletde</span> <span class='ocrx_word' id='word_1_349' title='bbox 1166 2385 1314 2456; x_wconf 83' lang='lat' dir='ltr'>enenrplis,</span> <span class='ocrx_word' id='word_1_350' title='bbox 1337 2393 1365 2442; x_wconf 95' lang='lat' dir='ltr'>et</span> <span class='ocrx_word' id='word_1_351' title='bbox 1384 2385 1523 2443; x_wconf 89' lang='lat' dir='ltr'>mentium</span> <span class='ocrx_word' id='word_1_352' title='bbox 1545 2395 1709 2442; x_wconf 88' lang='lat' dir='ltr'>nostrarum</span> 
     </span>
     <span class='ocr_line' id='line_1_26' title="bbox 73 2472 1711 2545; baseline -0.002 -15"><span class='ocrx_word' id='word_1_353' title='bbox 73 2474 165 2530; x_wconf 89' lang='lat' dir='ltr'>redes.</span> <span class='ocrx_word' id='word_1_354' title='bbox 976 2488 1025 2545; x_wconf 91' lang='lat' dir='ltr'>per</span> <span class='ocrx_word' id='word_1_355' title='bbox 1062 2475 1123 2531; x_wconf 79' lang='lat' dir='ltr'>haec</span> <span class='ocrx_word' id='word_1_356' title='bbox 1160 2475 1271 2532; x_wconf 88' lang='lat' dir='ltr'>lortiter</span> <span class='ocrx_word' id='word_1_357' title='bbox 1312 2474 1436 2531; x_wconf 80' lang='lat' dir='ltr'>excitato</span> <span class='ocrx_word' id='word_1_358' title='bbox 1478 2473 1583 2529; x_wconf 89' lang='lat' dir='ltr'>lastidii</span> <span class='ocrx_word' id='word_1_359' title='bbox 1617 2472 1711 2528; x_wconf 93' lang='lat' dir='ltr'>omnis</span> 
     </span>
     <span class='ocr_line' id='line_1_27' title="bbox 107 2562 1143 2636; baseline 0 -19"><span class='ocrx_word' id='word_1_360' title='bbox 107 2562 147 2617; x_wconf 87' lang='lat' dir='ltr'>Et</span> <span class='ocrx_word' id='word_1_361' title='bbox 174 2563 242 2628; x_wconf 84' lang='lat' dir='ltr'>dies,</span> <span class='ocrx_word' id='word_1_362' title='bbox 278 2569 303 2617; x_wconf 90' lang='lat' dir='ltr'>et</span> <span class='ocrx_word' id='word_1_363' title='bbox 330 2579 425 2619; x_wconf 84' lang='lat' dir='ltr'>anuos.</span> <span class='ocrx_word' id='word_1_364' title='bbox 456 2563 519 2621; x_wconf 86' lang='lat' dir='ltr'>Dies</span> <span class='ocrx_word' id='word_1_365' title='bbox 555 2573 624 2621; x_wconf 93' lang='lat' dir='ltr'>suut</span> <span class='ocrx_word' id='word_1_366' title='bbox 648 2564 770 2636; x_wconf 77' lang='lat' dir='ltr'>singulae</span> <span class='ocrx_word' id='word_1_367' title='bbox 796 2579 921 2636; x_wconf 77' lang='lat' dir='ltr'>quaeque</span> <span class='ocrx_word' id='word_1_368' title='bbox 974 2563 1143 2619; x_wconf 85' lang='lat' dir='ltr'>obscuritas.</span> 
     </span>
     <span class='ocr_line' id='line_1_28' title="bbox 72 2647 1727 2723; baseline -0.002 -19"><span class='ocrx_word' id='word_1_369' title='bbox 72 2650 193 2707; x_wconf 90' lang='lat' dir='ltr'>virtutes</span> <span class='ocrx_word' id='word_1_370' title='bbox 225 2666 290 2722; x_wconf 79' lang='lat' dir='ltr'>quae</span> <span class='ocrx_word' id='word_1_371' title='bbox 316 2666 366 2723; x_wconf 94' lang='lat' dir='ltr'>per</span> <span class='ocrx_word' id='word_1_372' title='bbox 389 2653 648 2709; x_wconf 78' lang='lat' dir='ltr'>manifestationem</span> <span class='ocrx_word' id='word_1_373' title='bbox 671 2653 791 2723; x_wconf 88' lang='lat' dir='ltr'>spiritus</span> <span class='ocrx_word' id='word_1_374' title='bbox 813 2652 922 2709; x_wconf 89' lang='lat' dir='ltr'>dantur</span> <span class='ocrx_word' id='word_1_375' title='bbox 1011 2651 1102 2706; x_wconf 84' lang='lat' dir='ltr'>Potest</span> <span class='ocrx_word' id='word_1_376' title='bbox 1123 2658 1151 2707; x_wconf 89' lang='lat' dir='ltr'>et</span> <span class='ocrx_word' id='word_1_377' title='bbox 1177 2664 1227 2721; x_wconf 92' lang='lat' dir='ltr'>per</span> <span class='ocrx_word' id='word_1_378' title='bbox 1250 2652 1383 2706; x_wconf 84' lang='lat' dir='ltr'>luminare</span> <span class='ocrx_word' id='word_1_379' title='bbox 1398 2650 1487 2718; x_wconf 68' lang='lat' dir='ltr'>molus</span> <span class='ocrx_word' id='word_1_380' title='bbox 1512 2647 1595 2715; x_wconf 90' lang='lat' dir='ltr'>ratio,</span> <span class='ocrx_word' id='word_1_381' title='bbox 1620 2661 1670 2717; x_wconf 91' lang='lat' dir='ltr'>per</span> <span class='ocrx_word' id='word_1_382' title='bbox 1689 2647 1727 2701; x_wconf 79' lang='lat' dir='ltr'>lut</span> 
     </span>
     <span class='ocr_line' id='line_1_29' title="bbox 56 2735 1720 2813; baseline -0.002 -19"><span class='ocrx_word' id='word_1_383' title='bbox 56 2737 108 2794; x_wconf 93' lang='lat' dir='ltr'>·ad</span> <span class='ocrx_word' id='word_1_384' title='bbox 139 2739 302 2806; x_wconf 90' lang='lat' dir='ltr'>utilitatem,</span> <span class='ocrx_word' id='word_1_385' title='bbox 328 2754 387 2796; x_wconf 93' lang='lat' dir='ltr'>nou</span> <span class='ocrx_word' id='word_1_386' title='bbox 421 2740 504 2797; x_wconf 91' lang='lat' dir='ltr'>modo</span> <span class='ocrx_word' id='word_1_387' title='bbox 535 2755 641 2813; x_wconf 87' lang='lat' dir='ltr'>genera</span> <span class='ocrx_word' id='word_1_388' title='bbox 676 2741 853 2812; x_wconf 88' lang='lat' dir='ltr'>linguarum,</span> <span class='ocrx_word' id='word_1_389' title='bbox 876 2740 920 2797; x_wconf 84' lang='lat' dir='ltr'>vei</span> <span class='ocrx_word' id='word_1_390' title='bbox 975 2741 1063 2793; x_wconf 81' lang='lat' dir='ltr'>minus</span> <span class='ocrx_word' id='word_1_391' title='bbox 1087 2738 1230 2802; x_wconf 88' lang='lat' dir='ltr'>voluntas,</span> <span class='ocrx_word' id='word_1_392' title='bbox 1254 2753 1305 2810; x_wconf 88' lang='lat' dir='ltr'>per</span> <span class='ocrx_word' id='word_1_393' title='bbox 1329 2746 1434 2795; x_wconf 84' lang='lat' dir='ltr'>terram</span> <span class='ocrx_word' id='word_1_394' title='bbox 1458 2736 1583 2793; x_wconf 89' lang='lat' dir='ltr'>carnalis</span> <span class='ocrx_word' id='word_1_395' title='bbox 1600 2735 1720 2792; x_wconf 85' lang='lat' dir='ltr'>allectus</span> 
     </span>
     <span class='ocr_line' id='line_1_30' title="bbox 71 2825 1726 2902; baseline -0.002 -19"><span class='ocrx_word' id='word_1_396' title='bbox 71 2828 267 2899; x_wconf 90' lang='lat' dir='ltr'>interpretatio</span> <span class='ocrx_word' id='word_1_397' title='bbox 290 2844 467 2898; x_wconf 90' lang='lat' dir='ltr'>sermonum,</span> <span class='ocrx_word' id='word_1_398' title='bbox 491 2831 549 2898; x_wconf 88' lang='lat' dir='ltr'>sed,</span> <span class='ocrx_word' id='word_1_399' title='bbox 576 2830 654 2902; x_wconf 91' lang='lat' dir='ltr'>quod</span> <span class='ocrx_word' id='word_1_400' title='bbox 693 2830 841 2887; x_wconf 83' lang='lat' dir='ltr'>salubrius</span> <span class='ocrx_word' id='word_1_401' title='bbox 867 2839 919 2898; x_wconf 89' lang='lat' dir='ltr'>est,</span> <span class='ocrx_word' id='word_1_402' title='bbox 975 2828 1034 2899; x_wconf 90' lang='lat' dir='ltr'>ligi.</span> <span class='ocrx_word' id='word_1_403' title='bbox 1052 2826 1131 2884; x_wconf 87' lang='lat' dir='ltr'>Sient</span> <span class='ocrx_word' id='word_1_404' title='bbox 1153 2829 1230 2885; x_wconf 87' lang='lat' dir='ltr'>enirn</span> <span class='ocrx_word' id='word_1_405' title='bbox 1255 2840 1271 2883; x_wconf 94' lang='lat' dir='ltr'>a</span> <span class='ocrx_word' id='word_1_406' title='bbox 1295 2827 1353 2884; x_wconf 92' lang='lat' dir='ltr'>sole</span> <span class='ocrx_word' id='word_1_407' title='bbox 1372 2825 1442 2882; x_wconf 89' lang='lat' dir='ltr'>luna</span> <span class='ocrx_word' id='word_1_408' title='bbox 1467 2826 1638 2892; x_wconf 88' lang='lat' dir='ltr'>illustratur,</span> <span class='ocrx_word' id='word_1_409' title='bbox 1662 2831 1689 2880; x_wconf 91' lang='lat' dir='ltr'>et</span> <span class='ocrx_word' id='word_1_410' title='bbox 1714 2837 1726 2879; x_wconf 89' lang='lat' dir='ltr'>a</span> 
     </span>
     <span class='ocr_line' id='line_1_31' title="bbox 73 2915 1724 3004; baseline -0.001 -34"><span class='ocrx_word' id='word_1_411' title='bbox 73 2915 218 2986; x_wconf 88' lang='lat' dir='ltr'>patientia,</span> <span class='ocrx_word' id='word_1_412' title='bbox 249 2916 434 2988; x_wconf 82' lang='lat' dir='ltr'>benignitas,</span> <span class='ocrx_word' id='word_1_413' title='bbox 473 2918 678 2986; x_wconf 84' lang='lat' dir='ltr'>misericordia,</span> <span class='ocrx_word' id='word_1_414' title='bbox 716 2918 853 2986; x_wconf 87' lang='lat' dir='ltr'>ebaritas,</span> <span class='ocrx_word' id='word_1_415' title='bbox 893 2926 956 3004; x_wconf 71' lang='lat' dir='ltr'>etc</span> <span class='ocrx_word' id='word_1_416' title='bbox 976 2925 1061 2983; x_wconf 88' lang='lat' dir='ltr'>terra,</span> <span class='ocrx_word' id='word_1_417' title='bbox 1093 2916 1134 2972; x_wconf 91' lang='lat' dir='ltr'>sic</span> <span class='ocrx_word' id='word_1_418' title='bbox 1161 2916 1298 2973; x_wconf 80' lang='lat' dir='ltr'>voluntas</span> <span class='ocrx_word' id='word_1_419' title='bbox 1332 2921 1429 2971; x_wconf 90' lang='lat' dir='ltr'>nostra</span> <span class='ocrx_word' id='word_1_420' title='bbox 1464 2928 1583 2985; x_wconf 90' lang='lat' dir='ltr'>prorsus</span> <span class='ocrx_word' id='word_1_421' title='bbox 1623 2926 1724 2983; x_wconf 88' lang='lat' dir='ltr'>compa</span> 
     </span>
     <span class='ocr_line' id='line_1_32' title="bbox 72 3002 1724 3078; baseline -0.001 -20"><span class='ocrx_word' id='word_1_422' title='bbox 72 3003 197 3060; x_wconf 89' lang='lat' dir='ltr'>castitas.</span> <span class='ocrx_word' id='word_1_423' title='bbox 215 3004 266 3070; x_wconf 88' lang='lat' dir='ltr'>Qui</span> <span class='ocrx_word' id='word_1_424' title='bbox 283 3004 388 3061; x_wconf 90' lang='lat' dir='ltr'>barum</span> <span class='ocrx_word' id='word_1_425' title='bbox 414 3006 573 3076; x_wconf 88' lang='lat' dir='ltr'>quamlibet</span> <span class='ocrx_word' id='word_1_426' title='bbox 596 3006 700 3078; x_wconf 83' lang='lat' dir='ltr'>attigit,</span> <span class='ocrx_word' id='word_1_427' title='bbox 724 3006 798 3063; x_wconf 91' lang='lat' dir='ltr'>diem</span> <span class='ocrx_word' id='word_1_428' title='bbox 814 3006 919 3073; x_wconf 84' lang='lat' dir='ltr'>babet;</span> <span class='ocrx_word' id='word_1_429' title='bbox 975 3002 1061 3071; x_wconf 80' lang='lat' dir='ltr'>luna,</span> <span class='ocrx_word' id='word_1_430' title='bbox 1078 3002 1148 3073; x_wconf 90' lang='lat' dir='ltr'>quia</span> <span class='ocrx_word' id='word_1_431' title='bbox 1171 3016 1325 3074; x_wconf 91' lang='lat' dir='ltr'>nunquam</span> <span class='ocrx_word' id='word_1_432' title='bbox 1348 3002 1377 3057; x_wconf 93' lang='lat' dir='ltr'>in</span> <span class='ocrx_word' id='word_1_433' title='bbox 1400 3002 1499 3059; x_wconf 87' lang='lat' dir='ltr'>eodem</span> <span class='ocrx_word' id='word_1_434' title='bbox 1525 3008 1602 3058; x_wconf 88' lang='lat' dir='ltr'>statu</span> <span class='ocrx_word' id='word_1_435' title='bbox 1624 3014 1724 3071; x_wconf 87' lang='lat' dir='ltr'>pertua</span> 
     </span>
     <span class='ocr_line' id='line_1_33' title="bbox 72 3090 1726 3165; baseline -0.002 -17"><span class='ocrx_word' id='word_1_436' title='bbox 72 3090 124 3161; x_wconf 89' lang='lat' dir='ltr'>qui</span> <span class='ocrx_word' id='word_1_437' title='bbox 150 3105 217 3148; x_wconf 86' lang='lat' dir='ltr'>vero</span> <span class='ocrx_word' id='word_1_438' title='bbox 238 3092 369 3148; x_wconf 91' lang='lat' dir='ltr'>omnium</span> <span class='ocrx_word' id='word_1_439' title='bbox 394 3094 595 3163; x_wconf 86' lang='lat' dir='ltr'>perlectionem</span> <span class='ocrx_word' id='word_1_440' title='bbox 620 3094 764 3162; x_wconf 90' lang='lat' dir='ltr'>babuerit,</span> <span class='ocrx_word' id='word_1_441' title='bbox 788 3094 867 3165; x_wconf 90' lang='lat' dir='ltr'>quod</span> <span class='ocrx_word' id='word_1_442' title='bbox 891 3094 921 3150; x_wconf 91' lang='lat' dir='ltr'>iu</span> <span class='ocrx_word' id='word_1_443' title='bbox 974 3105 1049 3162; x_wconf 83' lang='lat' dir='ltr'>saepe</span> <span class='ocrx_word' id='word_1_444' title='bbox 1084 3090 1187 3159; x_wconf 90' lang='lat' dir='ltr'>delicit,</span> <span class='ocrx_word' id='word_1_445' title='bbox 1221 3091 1276 3148; x_wconf 89' lang='lat' dir='ltr'>nisi</span> <span class='ocrx_word' id='word_1_446' title='bbox 1318 3105 1336 3147; x_wconf 94' lang='lat' dir='ltr'>a</span> <span class='ocrx_word' id='word_1_447' title='bbox 1367 3091 1477 3147; x_wconf 91' lang='lat' dir='ltr'>ratione</span> <span class='ocrx_word' id='word_1_448' title='bbox 1519 3090 1584 3147; x_wconf 91' lang='lat' dir='ltr'>lorti</span> <span class='ocrx_word' id='word_1_449' title='bbox 1629 3091 1726 3145; x_wconf 92' lang='lat' dir='ltr'>moder</span> 
     </span>
     <span class='ocr_line' id='line_1_34' title="bbox 72 3179 1726 3254; baseline 0 -20"><span class='ocrx_word' id='word_1_450' title='bbox 72 3179 233 3249; x_wconf 88' lang='lat' dir='ltr'>apostolicis</span> <span class='ocrx_word' id='word_1_451' title='bbox 262 3180 333 3236; x_wconf 88' lang='lat' dir='ltr'>viris</span> <span class='ocrx_word' id='word_1_452' title='bbox 360 3180 449 3238; x_wconf 91' lang='lat' dir='ltr'>luisse</span> <span class='ocrx_word' id='word_1_453' title='bbox 473 3196 530 3239; x_wconf 93' lang='lat' dir='ltr'>non</span> <span class='ocrx_word' id='word_1_454' title='bbox 556 3181 754 3250; x_wconf 85' lang='lat' dir='ltr'>discredimus,</span> <span class='ocrx_word' id='word_1_455' title='bbox 788 3182 921 3254; x_wconf 90' lang='lat' dir='ltr'>quandiu</span> <span class='ocrx_word' id='word_1_456' title='bbox 975 3187 1103 3252; x_wconf 89' lang='lat' dir='ltr'>regatur,</span> <span class='ocrx_word' id='word_1_457' title='bbox 1138 3180 1175 3236; x_wconf 90' lang='lat' dir='ltr'>ad</span> <span class='ocrx_word' id='word_1_458' title='bbox 1216 3194 1387 3236; x_wconf 87' lang='lat' dir='ltr'>consensum</span> <span class='ocrx_word' id='word_1_459' title='bbox 1428 3179 1553 3235; x_wconf 91' lang='lat' dir='ltr'>carnalis</span> <span class='ocrx_word' id='word_1_460' title='bbox 1585 3179 1726 3249; x_wconf 86' lang='lat' dir='ltr'>appetitus</span> 
     </span>
     <span class='ocr_line' id='line_1_35' title="bbox 71 3265 1727 3338; baseline 0.001 -16"><span class='ocrx_word' id='word_1_461' title='bbox 71 3265 157 3322; x_wconf 90' lang='lat' dir='ltr'>etiam</span> <span class='ocrx_word' id='word_1_462' title='bbox 185 3281 310 3337; x_wconf 75' lang='lat' dir='ltr'>presens</span> <span class='ocrx_word' id='word_1_463' title='bbox 335 3267 452 3326; x_wconf 87' lang='lat' dir='ltr'>durabit</span> <span class='ocrx_word' id='word_1_464' title='bbox 475 3269 624 3336; x_wconf 80' lang='lat' dir='ltr'>saeculum,</span> <span class='ocrx_word' id='word_1_465' title='bbox 647 3269 698 3326; x_wconf 90' lang='lat' dir='ltr'>etsi</span> <span class='ocrx_word' id='word_1_466' title='bbox 723 3283 805 3326; x_wconf 88' lang='lat' dir='ltr'>raros</span> <span class='ocrx_word' id='word_1_467' title='bbox 825 3269 923 3326; x_wconf 93' lang='lat' dir='ltr'>admo·</span> <span class='ocrx_word' id='word_1_468' title='bbox 974 3283 1086 3338; x_wconf 87' lang='lat' dir='ltr'>semper</span> <span class='ocrx_word' id='word_1_469' title='bbox 1106 3269 1239 3326; x_wconf 91' lang='lat' dir='ltr'>sordibus</span> <span class='ocrx_word' id='word_1_470' title='bbox 1269 3269 1370 3336; x_wconf 90' lang='lat' dir='ltr'>inbiat,</span> <span class='ocrx_word' id='word_1_471' title='bbox 1396 3268 1566 3325; x_wconf 88' lang='lat' dir='ltr'>creberrime</span> <span class='ocrx_word' id='word_1_472' title='bbox 1592 3267 1727 3323; x_wconf 84' lang='lat' dir='ltr'>deducito</span> 
     </span>
     <span class='ocr_line' id='line_1_36' title="bbox 72 3354 1726 3429; baseline 0 -19"><span class='ocrx_word' id='word_1_473' title='bbox 72 3354 142 3411; x_wconf 92' lang='lat' dir='ltr'>dum</span> <span class='ocrx_word' id='word_1_474' title='bbox 162 3355 362 3426; x_wconf 84' lang='lat' dir='ltr'>tales3tameu</span> <span class='ocrx_word' id='word_1_475' title='bbox 385 3357 498 3428; x_wconf 89' lang='lat' dir='ltr'>aliquos</span> <span class='ocrx_word' id='word_1_476' title='bbox 512 3372 569 3415; x_wconf 92' lang='lat' dir='ltr'>non</span> <span class='ocrx_word' id='word_1_477' title='bbox 588 3357 737 3415; x_wconf 89' lang='lat' dir='ltr'>delutnros</span> <span class='ocrx_word' id='word_1_478' title='bbox 752 3371 919 3429; x_wconf 85' lang='lat' dir='ltr'>speramus:</span> <span class='ocrx_word' id='word_1_479' title='bbox 974 3358 1044 3429; x_wconf 91' lang='lat' dir='ltr'>quia</span> <span class='ocrx_word' id='word_1_480' title='bbox 1065 3357 1180 3414; x_wconf 83' lang='lat' dir='ltr'>sicnta</span> <span class='ocrx_word' id='word_1_481' title='bbox 1214 3364 1294 3428; x_wconf 90' lang='lat' dir='ltr'>patre</span> <span class='ocrx_word' id='word_1_482' title='bbox 1318 3357 1435 3413; x_wconf 82' lang='lat' dir='ltr'>liliosa</span> <span class='ocrx_word' id='word_1_483' title='bbox 1469 3356 1661 3427; x_wconf 90' lang='lat' dir='ltr'>parasitarum</span> <span class='ocrx_word' id='word_1_484' title='bbox 1691 3369 1726 3410; x_wconf 71' lang='lat' dir='ltr'>sot</span> 
     </span>
     <span class='ocr_line' id='line_1_37' title="bbox 73 3441 1723 3516; baseline 0 -20"><span class='ocrx_word' id='word_1_485' title='bbox 73 3449 124 3497; x_wconf 90' lang='lat' dir='ltr'>aut</span> <span class='ocrx_word' id='word_1_486' title='bbox 138 3443 194 3512; x_wconf 93' lang='lat' dir='ltr'>ipse</span> <span class='ocrx_word' id='word_1_487' title='bbox 209 3451 249 3500; x_wconf 91' lang='lat' dir='ltr'>est</span> <span class='ocrx_word' id='word_1_488' title='bbox 269 3457 375 3512; x_wconf 89' lang='lat' dir='ltr'>annus,</span> <span class='ocrx_word' id='word_1_489' title='bbox 400 3444 446 3503; x_wconf 88' lang='lat' dir='ltr'>vel</span> <span class='ocrx_word' id='word_1_490' title='bbox 470 3445 565 3516; x_wconf 88' lang='lat' dir='ltr'>potius</span> <span class='ocrx_word' id='word_1_491' title='bbox 587 3445 673 3502; x_wconf 88' lang='lat' dir='ltr'>babet</span> <span class='ocrx_word' id='word_1_492' title='bbox 695 3459 815 3502; x_wconf 87' lang='lat' dir='ltr'>aunum.</span> <span class='ocrx_word' id='word_1_493' title='bbox 842 3444 921 3503; x_wconf 89' lang='lat' dir='ltr'>Sicut</span> <span class='ocrx_word' id='word_1_494' title='bbox 975 3444 1168 3515; x_wconf 79' lang='lat' dir='ltr'>restringitur,</span> <span class='ocrx_word' id='word_1_495' title='bbox 1192 3445 1230 3500; x_wconf 88' lang='lat' dir='ltr'>ita</span> <span class='ocrx_word' id='word_1_496' title='bbox 1252 3445 1301 3501; x_wconf 91' lang='lat' dir='ltr'>illa</span> <span class='ocrx_word' id='word_1_497' title='bbox 1322 3446 1435 3516; x_wconf 90' lang='lat' dir='ltr'>spiritui</span> <span class='ocrx_word' id='word_1_498' title='bbox 1456 3458 1556 3516; x_wconf 91' lang='lat' dir='ltr'>parere</span> <span class='ocrx_word' id='word_1_499' title='bbox 1580 3441 1723 3512; x_wconf 87' lang='lat' dir='ltr'>compellit</span> 
     </span>
     <span class='ocr_line' id='line_1_38' title="bbox 72 3531 1726 3606; baseline -0.001 -22"><span class='ocrx_word' id='word_1_500' title='bbox 72 3542 200 3601; x_wconf 91' lang='lat' dir='ltr'>namque</span> <span class='ocrx_word' id='word_1_501' title='bbox 219 3546 256 3589; x_wconf 87' lang='lat' dir='ltr'>ex</span> <span class='ocrx_word' id='word_1_502' title='bbox 278 3533 378 3590; x_wconf 90' lang='lat' dir='ltr'>multis</span> <span class='ocrx_word' id='word_1_503' title='bbox 399 3533 501 3590; x_wconf 89' lang='lat' dir='ltr'>diebus</span> <span class='ocrx_word' id='word_1_504' title='bbox 520 3547 625 3600; x_wconf 91' lang='lat' dir='ltr'>annus,</span> <span class='ocrx_word' id='word_1_505' title='bbox 647 3533 687 3590; x_wconf 87' lang='lat' dir='ltr'>ita</span> <span class='ocrx_word' id='word_1_506' title='bbox 709 3548 746 3591; x_wconf 83' lang='lat' dir='ltr'>ox</span> <span class='ocrx_word' id='word_1_507' title='bbox 768 3534 921 3606; x_wconf 76' lang='lat' dir='ltr'>multiplici</span> <span class='ocrx_word' id='word_1_508' title='bbox 974 3532 1040 3588; x_wconf 90' lang='lat' dir='ltr'>inde</span> <span class='ocrx_word' id='word_1_509' title='bbox 1068 3540 1099 3588; x_wconf 91' lang='lat' dir='ltr'>ut</span> <span class='ocrx_word' id='word_1_510' title='bbox 1125 3533 1220 3602; x_wconf 90' lang='lat' dir='ltr'>ipsum</span> <span class='ocrx_word' id='word_1_511' title='bbox 1256 3533 1351 3589; x_wconf 88' lang='lat' dir='ltr'>carnis</span> <span class='ocrx_word' id='word_1_512' title='bbox 1381 3541 1491 3589; x_wconf 92' lang='lat' dir='ltr'>motum</span> <span class='ocrx_word' id='word_1_513' title='bbox 1518 3539 1546 3588; x_wconf 91' lang='lat' dir='ltr'>et</span> <span class='ocrx_word' id='word_1_514' title='bbox 1582 3531 1644 3600; x_wconf 81' lang='lat' dir='ltr'>ipsa</span> <span class='ocrx_word' id='word_1_515' title='bbox 1673 3543 1726 3584; x_wconf 91' lang='lat' dir='ltr'>con</span> 
     </span>
     <span class='ocr_line' id='line_1_39' title="bbox 72 3617 1726 3694; baseline -0.001 -21"><span class='ocrx_word' id='word_1_516' title='bbox 72 3617 214 3675; x_wconf 81' lang='lat' dir='ltr'>virtutum</span> <span class='ocrx_word' id='word_1_517' title='bbox 242 3619 351 3676; x_wconf 89' lang='lat' dir='ltr'>lumine</span> <span class='ocrx_word' id='word_1_518' title='bbox 374 3620 420 3678; x_wconf 85' lang='lat' dir='ltr'>vir</span> <span class='ocrx_word' id='word_1_519' title='bbox 447 3620 567 3692; x_wconf 87' lang='lat' dir='ltr'>quilibet</span> <span class='ocrx_word' id='word_1_520' title='bbox 591 3620 769 3694; x_wconf 74' lang='lat' dir='ltr'>dignoscitur</span> <span class='ocrx_word' id='word_1_521' title='bbox 790 3629 921 3680; x_wconf 88' lang='lat' dir='ltr'>constare</span> <span class='ocrx_word' id='word_1_522' title='bbox 974 3628 1119 3691; x_wconf 88' lang='lat' dir='ltr'>quatenus</span> <span class='ocrx_word' id='word_1_523' title='bbox 1136 3619 1190 3677; x_wconf 88' lang='lat' dir='ltr'>sibi</span> <span class='ocrx_word' id='word_1_524' title='bbox 1215 3621 1379 3677; x_wconf 87' lang='lat' dir='ltr'>lamuletur.</span> <span class='ocrx_word' id='word_1_525' title='bbox 1399 3620 1466 3676; x_wconf 76' lang='lat' dir='ltr'>liceo</span> <span class='ocrx_word' id='word_1_526' title='bbox 1477 3621 1572 3689; x_wconf 91' lang='lat' dir='ltr'>itaque</span> <span class='ocrx_word' id='word_1_527' title='bbox 1594 3617 1726 3674; x_wconf 90' lang='lat' dir='ltr'>ordinata</span> 
     </span>
     <span class='ocr_line' id='line_1_40' title="bbox 72 3705 1725 3781; baseline -0.001 -19"><span class='ocrx_word' id='word_1_528' title='bbox 72 3705 223 3775; x_wconf 89' lang='lat' dir='ltr'>perlectus.</span> <span class='ocrx_word' id='word_1_529' title='bbox 245 3707 376 3765; x_wconf 79' lang='lat' dir='ltr'>Concinit</span> <span class='ocrx_word' id='word_1_530' title='bbox 398 3707 468 3767; x_wconf 91' lang='lat' dir='ltr'>huic</span> <span class='ocrx_word' id='word_1_531' title='bbox 491 3708 590 3767; x_wconf 87' lang='lat' dir='ltr'>sensui</span> <span class='ocrx_word' id='word_1_532' title='bbox 613 3709 691 3781; x_wconf 90' lang='lat' dir='ltr'>qnod</span> <span class='ocrx_word' id='word_1_533' title='bbox 714 3709 773 3766; x_wconf 87' lang='lat' dir='ltr'>illia</span> <span class='ocrx_word' id='word_1_534' title='bbox 795 3709 921 3767; x_wconf 82' lang='lat' dir='ltr'>lobdies</span> <span class='ocrx_word' id='word_1_535' title='bbox 974 3723 1032 3780; x_wconf 91' lang='lat' dir='ltr'>quo</span> <span class='ocrx_word' id='word_1_536' title='bbox 1072 3709 1210 3780; x_wconf 81' lang='lat' dir='ltr'>diximus,</span> <span class='ocrx_word' id='word_1_537' title='bbox 1238 3709 1344 3766; x_wconf 90' lang='lat' dir='ltr'>seilicet</span> <span class='ocrx_word' id='word_1_538' title='bbox 1374 3709 1523 3766; x_wconf 87' lang='lat' dir='ltr'>voluntate</span> <span class='ocrx_word' id='word_1_539' title='bbox 1560 3707 1634 3764; x_wconf 89' lang='lat' dir='ltr'>lacta</span> <span class='ocrx_word' id='word_1_540' title='bbox 1669 3719 1725 3776; x_wconf 90' lang='lat' dir='ltr'>app</span> 
     </span>
     <span class='ocr_line' id='line_1_41' title="bbox 72 3794 1726 3869; baseline 0.001 -22"><span class='ocrx_word' id='word_1_541' title='bbox 72 3799 202 3863; x_wconf 87' lang='lat' dir='ltr'>vocatur,</span> <span class='ocrx_word' id='word_1_542' title='bbox 235 3801 263 3850; x_wconf 87' lang='lat' dir='ltr'>et</span> <span class='ocrx_word' id='word_1_543' title='bbox 284 3795 336 3852; x_wconf 85' lang='lat' dir='ltr'>lob</span> <span class='ocrx_word' id='word_1_544' title='bbox 360 3795 420 3867; x_wconf 89' lang='lat' dir='ltr'>ipse</span> <span class='ocrx_word' id='word_1_545' title='bbox 452 3797 552 3867; x_wconf 89' lang='lat' dir='ltr'>plenus</span> <span class='ocrx_word' id='word_1_546' title='bbox 571 3798 684 3856; x_wconf 90' lang='lat' dir='ltr'>dierum</span> <span class='ocrx_word' id='word_1_547' title='bbox 705 3798 798 3855; x_wconf 86' lang='lat' dir='ltr'>obisse</span> <span class='ocrx_word' id='word_1_548' title='bbox 822 3798 920 3869; x_wconf 91' lang='lat' dir='ltr'>perbi·</span> <span class='ocrx_word' id='word_1_549' title='bbox 974 3797 1104 3864; x_wconf 90' lang='lat' dir='ltr'>rationis,</span> <span class='ocrx_word' id='word_1_550' title='bbox 1119 3805 1147 3854; x_wconf 93' lang='lat' dir='ltr'>et</span> <span class='ocrx_word' id='word_1_551' title='bbox 1170 3798 1278 3854; x_wconf 88' lang='lat' dir='ltr'>carnali</span> <span class='ocrx_word' id='word_1_552' title='bbox 1303 3796 1407 3854; x_wconf 88' lang='lat' dir='ltr'>allecto</span> <span class='ocrx_word' id='word_1_553' title='bbox 1422 3796 1513 3867; x_wconf 92' lang='lat' dir='ltr'>posito</span> <span class='ocrx_word' id='word_1_554' title='bbox 1532 3795 1586 3851; x_wconf 91' lang='lat' dir='ltr'>sub</span> <span class='ocrx_word' id='word_1_555' title='bbox 1609 3794 1726 3864; x_wconf 85' lang='lat' dir='ltr'>imperio</span> 
     </span>
     <span class='ocr_line' id='line_1_42' title="bbox 73 3879 1704 3954; baseline 0 -18"><span class='ocrx_word' id='word_1_556' title='bbox 73 3879 166 3937; x_wconf 91' lang='lat' dir='ltr'>betur.</span> <span class='ocrx_word' id='word_1_557' title='bbox 973 3886 1140 3954; x_wconf 78' lang='lat' dir='ltr'>voluntatis,</span> <span class='ocrx_word' id='word_1_558' title='bbox 1167 3901 1280 3943; x_wconf 89' lang='lat' dir='ltr'>necesse</span> <span class='ocrx_word' id='word_1_559' title='bbox 1300 3894 1343 3943; x_wconf 91' lang='lat' dir='ltr'>est</span> <span class='ocrx_word' id='word_1_560' title='bbox 1374 3892 1407 3942; x_wconf 89' lang='lat' dir='ltr'>ut</span> <span class='ocrx_word' id='word_1_561' title='bbox 1432 3885 1492 3940; x_wconf 79' lang='lat' dir='ltr'>baec</span> <span class='ocrx_word' id='word_1_562' title='bbox 1515 3897 1581 3939; x_wconf 91' lang='lat' dir='ltr'>cum</span> <span class='ocrx_word' id='word_1_563' title='bbox 1606 3882 1704 3949; x_wconf 89' lang='lat' dir='ltr'>stellis,</span> 
     </span>
     <span class='ocr_line' id='line_1_43' title="bbox 107 3968 1726 4044; baseline 0 -20"><span class='ocrx_word' id='word_1_564' title='bbox 107 3968 193 4026; x_wconf 81' lang='lat' dir='ltr'>Vens.</span> <span class='ocrx_word' id='word_1_565' title='bbox 210 3973 253 4025; x_wconf 81' lang='lat' dir='ltr'>ld.</span> <span class='ocrx_word' id='word_1_566' title='bbox 271 3974 447 4042; x_wconf 84' lang='lat' dir='ltr'>-Pecitque</span> <span class='ocrx_word' id='word_1_567' title='bbox 471 3976 540 4029; x_wconf 84' lang='lat' dir='ltr'>Deus</span> <span class='ocrx_word' id='word_1_568' title='bbox 565 3973 782 4030; x_wconf 83' lang='lat' dir='ltr'>duoluminoric</span> <span class='ocrx_word' id='word_1_569' title='bbox 800 3991 918 4044; x_wconf 81' lang='lat' dir='ltr'>magno:</span> <span class='ocrx_word' id='word_1_570' title='bbox 973 3987 1040 4031; x_wconf 86' lang='lat' dir='ltr'>cunt</span> <span class='ocrx_word' id='word_1_571' title='bbox 1078 3975 1208 4031; x_wconf 90' lang='lat' dir='ltr'>omniurn</span> <span class='ocrx_word' id='word_1_572' title='bbox 1245 3983 1410 4031; x_wconf 88' lang='lat' dir='ltr'>nostrarum</span> <span class='ocrx_word' id='word_1_573' title='bbox 1439 3972 1569 4028; x_wconf 87' lang='lat' dir='ltr'>claritate</span> <span class='ocrx_word' id='word_1_574' title='bbox 1601 3977 1646 4026; x_wconf 76' lang='lat' dir='ltr'>ts</span> <span class='ocrx_word' id='word_1_575' title='bbox 1681 3969 1726 4025; x_wconf 87' lang='lat' dir='ltr'>vir</span> 
     </span>
     <span class='ocr_line' id='line_1_44' title="bbox 72 4058 1697 4134; baseline 0.002 -24"><span class='ocrx_word' id='word_1_576' title='bbox 72 4058 206 4114; x_wconf 82' lang='lat' dir='ltr'>luminare</span> <span class='ocrx_word' id='word_1_577' title='bbox 220 4062 318 4128; x_wconf 74' lang='lat' dir='ltr'>maius,</span> <span class='ocrx_word' id='word_1_578' title='bbox 343 4065 374 4114; x_wconf 89' lang='lat' dir='ltr'>ut</span> <span class='ocrx_word' id='word_1_579' title='bbox 394 4066 522 4130; x_wconf 79' lang='lat' dir='ltr'>preesset</span> <span class='ocrx_word' id='word_1_580' title='bbox 545 4060 609 4129; x_wconf 83' lang='lat' dir='ltr'>diei,</span> <span class='ocrx_word' id='word_1_581' title='bbox 635 4068 661 4117; x_wconf 87' lang='lat' dir='ltr'>et</span> <span class='ocrx_word' id='word_1_582' title='bbox 684 4064 920 4119; x_wconf 81' lang='lat' dir='ltr'>luminaremiuus</span> <span class='ocrx_word' id='word_1_583' title='bbox 974 4061 1131 4134; x_wconf 82' lang='lat' dir='ltr'>alligantur</span> <span class='ocrx_word' id='word_1_584' title='bbox 1171 4063 1352 4119; x_wconf 82' lang='lat' dir='ltr'>firmamento</span> <span class='ocrx_word' id='word_1_585' title='bbox 1388 4060 1461 4126; x_wconf 89' lang='lat' dir='ltr'>coeii,</span> <span class='ocrx_word' id='word_1_586' title='bbox 1504 4066 1531 4115; x_wconf 91' lang='lat' dir='ltr'>et</span> <span class='ocrx_word' id='word_1_587' title='bbox 1555 4059 1697 4124; x_wconf 86' lang='lat' dir='ltr'>videlicet,</span> 
     </span>
     <span class='ocr_line' id='line_1_45' title="bbox 71 4146 1726 4223; baseline 0.001 -24"><span class='ocrx_word' id='word_1_588' title='bbox 71 4151 102 4200; x_wconf 91' lang='lat' dir='ltr'>ut</span> <span class='ocrx_word' id='word_1_589' title='bbox 132 4155 260 4217; x_wconf 79' lang='lat' dir='ltr'>preesset</span> <span class='ocrx_word' id='word_1_590' title='bbox 294 4151 376 4208; x_wconf 84' lang='lat' dir='ltr'>noeti.</span> <span class='ocrx_word' id='word_1_591' title='bbox 407 4155 434 4204; x_wconf 90' lang='lat' dir='ltr'>et</span> <span class='ocrx_word' id='word_1_592' title='bbox 466 4151 568 4205; x_wconf 86' lang='lat' dir='ltr'>stelles.</span> <span class='ocrx_word' id='word_1_593' title='bbox 605 4150 684 4207; x_wconf 89' lang='lat' dir='ltr'>Facit</span> <span class='ocrx_word' id='word_1_594' title='bbox 716 4151 814 4223; x_wconf 89' lang='lat' dir='ltr'>itaque</span> <span class='ocrx_word' id='word_1_595' title='bbox 844 4153 921 4209; x_wconf 88' lang='lat' dir='ltr'>Deus</span> <span class='ocrx_word' id='word_1_596' title='bbox 974 4151 1077 4218; x_wconf 86' lang='lat' dir='ltr'>Verbo,</span> <span class='ocrx_word' id='word_1_597' title='bbox 1094 4151 1151 4209; x_wconf 92' lang='lat' dir='ltr'>imo</span> <span class='ocrx_word' id='word_1_598' title='bbox 1175 4165 1225 4221; x_wconf 92' lang='lat' dir='ltr'>per</span> <span class='ocrx_word' id='word_1_599' title='bbox 1246 4163 1334 4220; x_wconf 90' lang='lat' dir='ltr'>quem</span> <span class='ocrx_word' id='word_1_600' title='bbox 1358 4147 1485 4207; x_wconf 89' lang='lat' dir='ltr'>Verbum</span> <span class='ocrx_word' id='word_1_601' title='bbox 1509 4146 1563 4217; x_wconf 89' lang='lat' dir='ltr'>ipsi</span> <span class='ocrx_word' id='word_1_602' title='bbox 1583 4146 1648 4202; x_wconf 90' lang='lat' dir='ltr'>lacti</span> <span class='ocrx_word' id='word_1_603' title='bbox 1664 4150 1692 4202; x_wconf 93' lang='lat' dir='ltr'>et</span> <span class='ocrx_word' id='word_1_604' title='bbox 1718 4146 1726 4200; x_wconf 88' lang='lat' dir='ltr'>l</span> 
     </span>
     <span class='ocr_line' id='line_1_46' title="bbox 71 4233 1726 4310; baseline 0.002 -23"><span class='ocrx_word' id='word_1_605' title='bbox 71 4233 206 4289; x_wconf 82' lang='lat' dir='ltr'>luminare</span> <span class='ocrx_word' id='word_1_606' title='bbox 256 4235 357 4304; x_wconf 80' lang='lat' dir='ltr'>majus,</span> <span class='ocrx_word' id='word_1_607' title='bbox 406 4234 484 4305; x_wconf 91' lang='lat' dir='ltr'>quod</span> <span class='ocrx_word' id='word_1_608' title='bbox 529 4234 675 4292; x_wconf 91' lang='lat' dir='ltr'>illuminat</span> <span class='ocrx_word' id='word_1_609' title='bbox 717 4238 818 4303; x_wconf 82' lang='lat' dir='ltr'>miuus,</span> <span class='ocrx_word' id='word_1_610' title='bbox 849 4239 955 4308; x_wconf 83' lang='lat' dir='ltr'>quial)</span> <span class='ocrx_word' id='word_1_611' title='bbox 975 4248 1043 4297; x_wconf 90' lang='lat' dir='ltr'>sunt</span> <span class='ocrx_word' id='word_1_612' title='bbox 1068 4241 1141 4307; x_wconf 82' lang='lat' dir='ltr'>cmii,</span> <span class='ocrx_word' id='word_1_613' title='bbox 1161 4247 1189 4297; x_wconf 90' lang='lat' dir='ltr'>et</span> <span class='ocrx_word' id='word_1_614' title='bbox 1213 4253 1336 4310; x_wconf 90' lang='lat' dir='ltr'>quorum</span> <span class='ocrx_word' id='word_1_615' title='bbox 1364 4240 1457 4295; x_wconf 89' lang='lat' dir='ltr'>virtus</span> <span class='ocrx_word' id='word_1_616' title='bbox 1480 4244 1522 4293; x_wconf 89' lang='lat' dir='ltr'>est</span> <span class='ocrx_word' id='word_1_617' title='bbox 1556 4236 1665 4306; x_wconf 86' lang='lat' dir='ltr'>Spiritu</span> <span class='ocrx_word' id='word_1_618' title='bbox 1687 4239 1726 4306; x_wconf 83' lang='lat' dir='ltr'>ejt</span> 
     </span>
     <span class='ocr_line' id='line_1_47' title="bbox 71 4320 1216 4395; baseline 0.003 -19"><span class='ocrx_word' id='word_1_619' title='bbox 71 4320 199 4377; x_wconf 86' lang='lat' dir='ltr'>Verbum</span> <span class='ocrx_word' id='word_1_620' title='bbox 225 4335 292 4378; x_wconf 89' lang='lat' dir='ltr'>caro</span> <span class='ocrx_word' id='word_1_621' title='bbox 318 4321 426 4378; x_wconf 90' lang='lat' dir='ltr'>lactum</span> <span class='ocrx_word' id='word_1_622' title='bbox 448 4322 492 4379; x_wconf 90' lang='lat' dir='ltr'>sui</span> <span class='ocrx_word' id='word_1_623' title='bbox 521 4322 684 4395; x_wconf 82' lang='lat' dir='ltr'>cognitione</span> <span class='ocrx_word' id='word_1_624' title='bbox 716 4324 841 4382; x_wconf 92' lang='lat' dir='ltr'>illustrat</span> <span class='ocrx_word' id='word_1_625' title='bbox 865 4327 921 4381; x_wconf 90' lang='lat' dir='ltr'>Ec·</span> <span class='ocrx_word' id='word_1_626' title='bbox 976 4329 1216 4395; x_wconf 63' lang='lat' dir='ltr'>(Plautumque</span> 
     </span>
     <span class='ocr_line' id='line_1_48' title="bbox 71 4407 1726 4483; baseline 0.002 -21"><span class='ocrx_word' id='word_1_627' title='bbox 71 4407 197 4475; x_wconf 89' lang='lat' dir='ltr'>clesiam,</span> <span class='ocrx_word' id='word_1_628' title='bbox 212 4415 241 4465; x_wconf 89' lang='lat' dir='ltr'>et</span> <span class='ocrx_word' id='word_1_629' title='bbox 260 4408 387 4465; x_wconf 83' lang='lat' dir='ltr'>Ecclesia</span> <span class='ocrx_word' id='word_1_630' title='bbox 402 4410 445 4465; x_wconf 90' lang='lat' dir='ltr'>sni</span> <span class='ocrx_word' id='word_1_631' title='bbox 462 4409 596 4480; x_wconf 79' lang='lat' dir='ltr'>exempto</span> <span class='ocrx_word' id='word_1_632' title='bbox 611 4418 638 4467; x_wconf 92' lang='lat' dir='ltr'>et</span> <span class='ocrx_word' id='word_1_633' title='bbox 658 4411 789 4469; x_wconf 91' lang='lat' dir='ltr'>doctrina</span> <span class='ocrx_word' id='word_1_634' title='bbox 814 4412 922 4470; x_wconf 89' lang='lat' dir='ltr'>illumi·</span> <span class='ocrx_word' id='word_1_635' title='bbox 1010 4415 1093 4473; x_wconf 80' lang='lat' dir='ltr'>Vens.</span> <span class='ocrx_word' id='word_1_636' title='bbox 1109 4417 1153 4469; x_wconf 76' lang='lat'>20.</span> <span class='ocrx_word' id='word_1_637' title='bbox 1171 4444 1205 4454; x_wconf 91' lang='lat'><em>-</em></span> <span class='ocrx_word' id='word_1_638' title='bbox 1228 4415 1310 4469; x_wconf 77' lang='lat' dir='ltr'>Dicit</span> <span class='ocrx_word' id='word_1_639' title='bbox 1329 4429 1434 4483; x_wconf 84' lang='lat' dir='ltr'>quoque</span> <span class='ocrx_word' id='word_1_640' title='bbox 1459 4415 1549 4468; x_wconf 83' lang='lat' dir='ltr'>Deus:</span> <span class='ocrx_word' id='word_1_641' title='bbox 1572 4411 1726 4466; x_wconf 82' lang='lat' dir='ltr'>Producant</span> 
     </span>
     <span class='ocr_line' id='line_1_49' title="bbox 72 4495 1725 4571; baseline 0.002 -21"><span class='ocrx_word' id='word_1_642' title='bbox 72 4502 123 4551; x_wconf 90' lang='lat' dir='ltr'>nat</span> <span class='ocrx_word' id='word_1_643' title='bbox 146 4500 263 4563; x_wconf 90' lang='lat' dir='ltr'>terram,</span> <span class='ocrx_word' id='word_1_644' title='bbox 288 4495 316 4551; x_wconf 93' lang='lat' dir='ltr'>id</span> <span class='ocrx_word' id='word_1_645' title='bbox 340 4505 392 4564; x_wconf 92' lang='lat' dir='ltr'>est,</span> <span class='ocrx_word' id='word_1_646' title='bbox 423 4503 603 4555; x_wconf 90' lang='lat' dir='ltr'>terrenorum</span> <span class='ocrx_word' id='word_1_647' title='bbox 626 4507 732 4557; x_wconf 91' lang='lat' dir='ltr'>terram</span> <span class='ocrx_word' id='word_1_648' title='bbox 759 4501 921 4559; x_wconf 89' lang='lat' dir='ltr'>amantium</span> <span class='ocrx_word' id='word_1_649' title='bbox 975 4503 1071 4571; x_wconf 83' lang='lat' dir='ltr'>reptile</span> <span class='ocrx_word' id='word_1_650' title='bbox 1093 4505 1192 4557; x_wconf 81' lang='lat' dir='ltr'>anima</span> <span class='ocrx_word' id='word_1_651' title='bbox 1217 4504 1333 4557; x_wconf 72' lang='lat' dir='ltr'>cicentes</span> <span class='ocrx_word' id='word_1_652' title='bbox 1357 4508 1382 4556; x_wconf 89' lang='lat' dir='ltr'>et</span> <span class='ocrx_word' id='word_1_653' title='bbox 1404 4503 1514 4556; x_wconf 84' lang='lat' dir='ltr'>ootctite</span> <span class='ocrx_word' id='word_1_654' title='bbox 1544 4515 1625 4565; x_wconf 85' lang='lat' dir='ltr'>super</span> <span class='ocrx_word' id='word_1_655' title='bbox 1650 4503 1725 4553; x_wconf 81' lang='lat' dir='ltr'>terro</span> 
     </span>
     <span class='ocr_line' id='line_1_50' title="bbox 71 4582 1723 4660; baseline 0.003 -23"><span class='ocrx_word' id='word_1_656' title='bbox 71 4582 286 4640; x_wconf 88' lang='lat' dir='ltr'>conscientiam.</span> <span class='ocrx_word' id='word_1_657' title='bbox 313 4585 469 4641; x_wconf 82' lang='lat' dir='ltr'>Etstellcs.</span> <span class='ocrx_word' id='word_1_658' title='bbox 974 4589 1144 4660; x_wconf 71' lang='lat' dir='ltr'>firmamento</span> <span class='ocrx_word' id='word_1_659' title='bbox 1173 4591 1242 4644; x_wconf 85' lang='lat' dir='ltr'>coeli.</span> <span class='ocrx_word' id='word_1_660' title='bbox 1278 4590 1350 4655; x_wconf 89' lang='lat' dir='ltr'>Quid</span> <span class='ocrx_word' id='word_1_661' title='bbox 1389 4604 1439 4660; x_wconf 92' lang='lat' dir='ltr'>per</span> <span class='ocrx_word' id='word_1_662' title='bbox 1470 4591 1576 4658; x_wconf 79' lang='lat' dir='ltr'>reptile,</span> <span class='ocrx_word' id='word_1_663' title='bbox 1615 4588 1669 4644; x_wconf 86' lang='lat' dir='ltr'>uisi</span> <span class='ocrx_word' id='word_1_664' title='bbox 1710 4601 1723 4642; x_wconf 90' lang='lat' dir='ltr'>s</span> 
     </span>
     <span class='ocr_line' id='line_1_51' title="bbox 107 4669 1726 4749; baseline 0.003 -24"><span class='ocrx_word' id='word_1_665' title='bbox 107 4669 191 4725; x_wconf 81' lang='lat' dir='ltr'>Vens.</span> <span class='ocrx_word' id='word_1_666' title='bbox 219 4674 251 4725; x_wconf 80' lang='lat' dir='ltr'>ll</span> <span class='ocrx_word' id='word_1_667' title='bbox 273 4677 301 4727; x_wconf 90' lang='lat' dir='ltr'>et</span> <span class='ocrx_word' id='word_1_668' title='bbox 324 4674 367 4728; x_wconf 90' lang='lat' dir='ltr'>i8.</span> <span class='ocrx_word' id='word_1_669' title='bbox 400 4702 437 4716; x_wconf 93' lang='lat'>-</span> <span class='ocrx_word' id='word_1_670' title='bbox 457 4676 493 4728; x_wconf 84' lang='lat' dir='ltr'>Et</span> <span class='ocrx_word' id='word_1_671' title='bbox 514 4679 606 4743; x_wconf 85' lang='lat' dir='ltr'>posuit</span> <span class='ocrx_word' id='word_1_672' title='bbox 627 4692 672 4732; x_wconf 86' lang='lat' dir='ltr'>eus</span> <span class='ocrx_word' id='word_1_673' title='bbox 703 4680 731 4732; x_wconf 83' lang='lat' dir='ltr'>tn</span> <span class='ocrx_word' id='word_1_674' title='bbox 749 4677 921 4748; x_wconf 74' lang='lat' dir='ltr'>firmamento</span> <span class='ocrx_word' id='word_1_675' title='bbox 974 4677 1108 4732; x_wconf 86' lang='lat' dir='ltr'>alacritas</span> <span class='ocrx_word' id='word_1_676' title='bbox 1134 4677 1301 4734; x_wconf 91' lang='lat' dir='ltr'>animorum</span> <span class='ocrx_word' id='word_1_677' title='bbox 1315 4679 1351 4734; x_wconf 90' lang='lat' dir='ltr'>ad</span> <span class='ocrx_word' id='word_1_678' title='bbox 1374 4678 1574 4749; x_wconf 85' lang='lat' dir='ltr'>intelligendas</span> <span class='ocrx_word' id='word_1_679' title='bbox 1590 4685 1617 4733; x_wconf 89' lang='lat' dir='ltr'>et</span> <span class='ocrx_word' id='word_1_680' title='bbox 1633 4683 1726 4746; x_wconf 86' lang='lat' dir='ltr'>penetr</span> 
     </span>
     <span class='ocr_line' id='line_1_52' title="bbox 71 4759 1726 4834; baseline 0.005 -22"><span class='ocrx_word' id='word_1_681' title='bbox 71 4759 139 4826; x_wconf 82' lang='lat' dir='ltr'>ccli,</span> <span class='ocrx_word' id='word_1_682' title='bbox 153 4763 184 4812; x_wconf 91' lang='lat' dir='ltr'>ut</span> <span class='ocrx_word' id='word_1_683' title='bbox 200 4765 346 4829; x_wconf 78' lang='lat' dir='ltr'>preessent</span> <span class='ocrx_word' id='word_1_684' title='bbox 366 4761 422 4816; x_wconf 86' lang='lat' dir='ltr'>diei</span> <span class='ocrx_word' id='word_1_685' title='bbox 437 4778 468 4817; x_wconf 88' lang='lat' dir='ltr'>oc</span> <span class='ocrx_word' id='word_1_686' title='bbox 491 4766 572 4818; x_wconf 82' lang='lat' dir='ltr'>nocti.</span> <span class='ocrx_word' id='word_1_687' title='bbox 595 4767 775 4821; x_wconf 82' lang='lat' dir='ltr'>Pirmomento</span> <span class='ocrx_word' id='word_1_688' title='bbox 797 4766 865 4833; x_wconf 81' lang='lat' dir='ltr'>ccii,</span> <span class='ocrx_word' id='word_1_689' title='bbox 891 4765 920 4821; x_wconf 94' lang='lat' dir='ltr'>id</span> <span class='ocrx_word' id='word_1_690' title='bbox 974 4764 1162 4823; x_wconf 86' lang='lat' dir='ltr'>obscuritates</span> <span class='ocrx_word' id='word_1_691' title='bbox 1194 4765 1358 4823; x_wconf 90' lang='lat' dir='ltr'>divinornm</span> <span class='ocrx_word' id='word_1_692' title='bbox 1397 4765 1567 4822; x_wconf 77' lang='lat' dir='ltr'>librorum?</span> <span class='ocrx_word' id='word_1_693' title='bbox 1601 4768 1686 4834; x_wconf 83' lang='lat' dir='ltr'>Aqua</span> <span class='ocrx_word' id='word_1_694' title='bbox 1725 4804 1726 4809; x_wconf 19' lang='grc' dir='ltr'>η</span> 
     </span>
     <span class='ocr_line' id='line_1_53' title="bbox 70 4845 1723 4923; baseline 0.002 -21"><span class='ocrx_word' id='word_1_695' title='bbox 70 4845 228 4903; x_wconf 87' lang='lat' dir='ltr'>estvirtuti</span> <span class='ocrx_word' id='word_1_696' title='bbox 251 4848 341 4905; x_wconf 88' lang='lat' dir='ltr'>animi</span> <span class='ocrx_word' id='word_1_697' title='bbox 366 4850 469 4907; x_wconf 90' lang='lat' dir='ltr'>debent</span> <span class='ocrx_word' id='word_1_698' title='bbox 493 4851 633 4921; x_wconf 87' lang='lat' dir='ltr'>impressa</span> <span class='ocrx_word' id='word_1_699' title='bbox 652 4868 709 4909; x_wconf 91' lang='lat' dir='ltr'>nou</span> <span class='ocrx_word' id='word_1_700' title='bbox 729 4852 821 4909; x_wconf 89' lang='lat' dir='ltr'>solum</span> <span class='ocrx_word' id='word_1_701' title='bbox 835 4851 918 4908; x_wconf 83' lang='lat' dir='ltr'>cbri-</span> <span class='ocrx_word' id='word_1_702' title='bbox 973 4851 1079 4907; x_wconf 81' lang='lat' dir='ltr'>divium</span> <span class='ocrx_word' id='word_1_703' title='bbox 1123 4854 1248 4909; x_wconf 88' lang='lat' dir='ltr'>scientiae</span> <span class='ocrx_word' id='word_1_704' title='bbox 1286 4854 1366 4923; x_wconf 91' lang='lat' dir='ltr'>copia</span> <span class='ocrx_word' id='word_1_705' title='bbox 1408 4862 1474 4910; x_wconf 89' lang='lat' dir='ltr'>est:</span> <span class='ocrx_word' id='word_1_706' title='bbox 1513 4855 1679 4916; x_wconf 80' lang='lat' dir='ltr'>Eetetdeos,</span> <span class='ocrx_word' id='word_1_707' title='bbox 1716 4849 1723 4905; x_wconf 94' lang='lat' dir='ltr'>i</span> 
     </span>
     <span class='ocr_line' id='line_1_54' title="bbox 70 4934 1725 5012; baseline 0.002 -24"><span class='ocrx_word' id='word_1_708' title='bbox 70 4942 141 5001; x_wconf 88' lang='lat' dir='ltr'>stus,</span> <span class='ocrx_word' id='word_1_709' title='bbox 174 4934 222 4991; x_wconf 91' lang='lat' dir='ltr'>sed</span> <span class='ocrx_word' id='word_1_710' title='bbox 246 4944 274 4992; x_wconf 93' lang='lat' dir='ltr'>et</span> <span class='ocrx_word' id='word_1_711' title='bbox 305 4937 440 4994; x_wconf 78' lang='lat' dir='ltr'>Ecclesia</span> <span class='ocrx_word' id='word_1_712' title='bbox 479 4940 652 4996; x_wconf 89' lang='lat' dir='ltr'>universalis</span> <span class='ocrx_word' id='word_1_713' title='bbox 689 4938 850 5004; x_wconf 88' lang='lat' dir='ltr'>concordia,</span> <span class='ocrx_word' id='word_1_714' title='bbox 889 4939 918 4994; x_wconf 94' lang='lat' dir='ltr'>in</span> <span class='ocrx_word' id='word_1_715' title='bbox 972 4941 1069 4997; x_wconf 77' lang='lat' dir='ltr'>caelum</span> <span class='ocrx_word' id='word_1_716' title='bbox 1097 4947 1128 4995; x_wconf 91' lang='lat' dir='ltr'>ut</span> <span class='ocrx_word' id='word_1_717' title='bbox 1153 4942 1258 5011; x_wconf 75' lang='lat' dir='ltr'>pellem,</span> <span class='ocrx_word' id='word_1_718' title='bbox 1283 4945 1332 5010; x_wconf 85' lang='lat' dir='ltr'>qut</span> <span class='ocrx_word' id='word_1_719' title='bbox 1354 4944 1422 5010; x_wconf 80' lang='lat' dir='ltr'>tegis</span> <span class='ocrx_word' id='word_1_720' title='bbox 1450 4945 1530 5012; x_wconf 83' lang='lat' dir='ltr'>cquis</span> <span class='ocrx_word' id='word_1_721' title='bbox 1563 4940 1650 5007; x_wconf 81' lang='lat' dir='ltr'>(Psoi.</span> <span class='ocrx_word' id='word_1_722' title='bbox 1669 4954 1725 5005; x_wconf 82' lang='lat' dir='ltr'>crit,</span> 
     </span>
     <span class='ocr_line' id='line_1_55' title="bbox 71 5023 1704 5101; baseline 0.003 -24"><span class='ocrx_word' id='word_1_723' title='bbox 71 5035 130 5091; x_wconf 91' lang='lat' dir='ltr'>qua</span> <span class='ocrx_word' id='word_1_724' title='bbox 153 5029 220 5079; x_wconf 90' lang='lat' dir='ltr'>snut</span> <span class='ocrx_word' id='word_1_725' title='bbox 251 5023 332 5080; x_wconf 89' lang='lat' dir='ltr'>alteri</span> <span class='ocrx_word' id='word_1_726' title='bbox 361 5025 518 5083; x_wconf 88' lang='lat' dir='ltr'>alterorum</span> <span class='ocrx_word' id='word_1_727' title='bbox 549 5027 697 5096; x_wconf 90' lang='lat' dir='ltr'>membra;</span> <span class='ocrx_word' id='word_1_728' title='bbox 741 5040 793 5082; x_wconf 90' lang='lat' dir='ltr'>nee</span> <span class='ocrx_word' id='word_1_729' title='bbox 825 5025 918 5083; x_wconf 89' lang='lat' dir='ltr'>solum</span> <span class='ocrx_word' id='word_1_730' title='bbox 972 5035 1093 5098; x_wconf 78' lang='lat' dir='ltr'>catera3</span> <span class='ocrx_word' id='word_1_731' title='bbox 1124 5037 1152 5085; x_wconf 89' lang='lat' dir='ltr'>et</span> <span class='ocrx_word' id='word_1_732' title='bbox 1175 5029 1248 5085; x_wconf 92' lang='lat' dir='ltr'>illud</span> <span class='ocrx_word' id='word_1_733' title='bbox 1278 5030 1308 5085; x_wconf 93' lang='lat' dir='ltr'>iu</span> <span class='ocrx_word' id='word_1_734' title='bbox 1337 5030 1414 5086; x_wconf 92' lang='lat' dir='ltr'>bono</span> <span class='ocrx_word' id='word_1_735' title='bbox 1448 5030 1568 5101; x_wconf 90' lang='lat' dir='ltr'>intelligi</span> <span class='ocrx_word' id='word_1_736' title='bbox 1597 5035 1704 5099; x_wconf 91' lang='lat' dir='ltr'>potest:</span> 
     </span>
     <span class='ocr_line' id='line_1_56' title="bbox 71 5110 1722 5187; baseline 0.002 -24"><span class='ocrx_word' id='word_1_737' title='bbox 71 5110 245 5167; x_wconf 87' lang='lat' dir='ltr'>attendenda</span> <span class='ocrx_word' id='word_1_738' title='bbox 265 5111 490 5172; x_wconf 80' lang='lat' dir='ltr'>uniuersalitatis</span> <span class='ocrx_word' id='word_1_739' title='bbox 506 5115 654 5182; x_wconf 89' lang='lat' dir='ltr'>sanctitas,</span> <span class='ocrx_word' id='word_1_740' title='bbox 679 5113 773 5170; x_wconf 89' lang='lat' dir='ltr'>sedet</span> <span class='ocrx_word' id='word_1_741' title='bbox 793 5113 919 5185; x_wconf 90' lang='lat' dir='ltr'>singulo·</span> <span class='ocrx_word' id='word_1_742' title='bbox 972 5118 1057 5170; x_wconf 86' lang='lat' dir='ltr'>maris</span> <span class='ocrx_word' id='word_1_743' title='bbox 1082 5118 1132 5186; x_wconf 81' lang='lat' dir='ltr'>qui</span> <span class='ocrx_word' id='word_1_744' title='bbox 1152 5118 1467 5187; x_wconf 82' lang='lat' dir='ltr'>perambulentsemitcs</span> <span class='ocrx_word' id='word_1_745' title='bbox 1489 5121 1574 5172; x_wconf 82' lang='lat' dir='ltr'>moris</span> <span class='ocrx_word' id='word_1_746' title='bbox 1597 5117 1682 5187; x_wconf 78' lang='lat' dir='ltr'>(Psoi.</span> <span class='ocrx_word' id='word_1_747' title='bbox 1706 5131 1722 5166; x_wconf 80' lang='grc' dir='ltr'>ι·</span> 
     </span>
     <span class='ocr_line' id='line_1_57' title="bbox 70 5198 1726 5282; baseline 0.004 -31"><span class='ocrx_word' id='word_1_748' title='bbox 70 5209 146 5264; x_wconf 83' lang='grc' dir='ltr'>ιριιι,</span> <span class='ocrx_word' id='word_1_749' title='bbox 162 5198 213 5268; x_wconf 91' lang='lat' dir='ltr'>qni</span> <span class='ocrx_word' id='word_1_750' title='bbox 229 5212 280 5268; x_wconf 92' lang='lat' dir='ltr'>per</span> <span class='ocrx_word' id='word_1_751' title='bbox 292 5202 386 5258; x_wconf 90' lang='lat' dir='ltr'>stellas</span> <span class='ocrx_word' id='word_1_752' title='bbox 405 5202 570 5274; x_wconf 83' lang='lat' dir='ltr'>ligurantur</span> <span class='ocrx_word' id='word_1_753' title='bbox 594 5200 768 5272; x_wconf 87' lang='lat' dir='ltr'>pervidenda</span> <span class='ocrx_word' id='word_1_754' title='bbox 782 5201 917 5272; x_wconf 92' lang='lat' dir='ltr'>simplici·</span> <span class='ocrx_word' id='word_1_755' title='bbox 974 5203 1139 5260; x_wconf 83' lang='lat' dir='ltr'>Producant</span> <span class='ocrx_word' id='word_1_756' title='bbox 1149 5218 1237 5282; x_wconf 51' lang='lat' dir='ltr'>⁵aquae</span> <span class='ocrx_word' id='word_1_757' title='bbox 1260 5205 1382 5276; x_wconf 89' lang='lat' dir='ltr'>reptilia,</span> <span class='ocrx_word' id='word_1_758' title='bbox 1398 5218 1464 5261; x_wconf 92' lang='lat' dir='ltr'>curu</span> <span class='ocrx_word' id='word_1_759' title='bbox 1480 5217 1569 5260; x_wconf 84' lang='lat' dir='ltr'>sacrae</span> <span class='ocrx_word' id='word_1_760' title='bbox 1590 5203 1726 5274; x_wconf 82' lang='lat' dir='ltr'>Scriptura</span> 
     </span>
     <span class='ocr_line' id='line_1_58' title="bbox 71 5282 1727 5363; baseline 0.005 -24"><span class='ocrx_word' id='word_1_761' title='bbox 71 5282 209 5351; x_wconf 75' lang='lat' dir='ltr'>tasone</span> <span class='ocrx_word' id='word_1_762' title='bbox 226 5290 472 5356; x_wconf 81' lang='lat' dir='ltr'>praesuntdtetae</span> <span class='ocrx_word' id='word_1_763' title='bbox 491 5291 574 5356; x_wconf 79' lang='lat' dir='ltr'>nocti,</span> <span class='ocrx_word' id='word_1_764' title='bbox 590 5288 660 5359; x_wconf 91' lang='lat' dir='ltr'>quia</span> <span class='ocrx_word' id='word_1_765' title='bbox 684 5288 761 5345; x_wconf 90' lang='lat' dir='ltr'>etad</span> <span class='ocrx_word' id='word_1_766' title='bbox 777 5287 918 5346; x_wconf 89' lang='lat' dir='ltr'>virtutum</span> <span class='ocrx_word' id='word_1_767' title='bbox 972 5306 1026 5348; x_wconf 88' lang='lat' dir='ltr'>suo</span> <span class='ocrx_word' id='word_1_768' title='bbox 1049 5293 1137 5349; x_wconf 88' lang='lat' dir='ltr'>corda</span> <span class='ocrx_word' id='word_1_769' title='bbox 1155 5303 1253 5351; x_wconf 91' lang='lat' dir='ltr'>nostra</span> <span class='ocrx_word' id='word_1_770' title='bbox 1271 5293 1395 5351; x_wconf 88' lang='lat' dir='ltr'>reddunt</span> <span class='ocrx_word' id='word_1_771' title='bbox 1417 5293 1455 5350; x_wconf 93' lang='lat' dir='ltr'>ad</span> <span class='ocrx_word' id='word_1_772' title='bbox 1486 5292 1688 5363; x_wconf 90' lang='lat' dir='ltr'>reperiendum</span> <span class='ocrx_word' id='word_1_773' title='bbox 1713 5305 1727 5347; x_wconf 88' lang='lat' dir='ltr'>a</span> 
     </span>
     <span class='ocr_line' id='line_1_59' title="bbox 70 5375 1726 5450; baseline 0.003 -21"><span class='ocrx_word' id='word_1_774' title='bbox 70 5375 202 5432; x_wconf 90' lang='lat' dir='ltr'>custodia</span> <span class='ocrx_word' id='word_1_775' title='bbox 223 5389 276 5431; x_wconf 90' lang='lat' dir='ltr'>nos</span> <span class='ocrx_word' id='word_1_776' title='bbox 316 5379 463 5445; x_wconf 87' lang='lat' dir='ltr'>muniunt,</span> <span class='ocrx_word' id='word_1_777' title='bbox 496 5383 523 5433; x_wconf 90' lang='lat' dir='ltr'>et</span> <span class='ocrx_word' id='word_1_778' title='bbox 551 5376 586 5432; x_wconf 90' lang='lat' dir='ltr'>de</span> <span class='ocrx_word' id='word_1_779' title='bbox 617 5376 730 5433; x_wconf 87' lang='lat' dir='ltr'>cautela</span> <span class='ocrx_word' id='word_1_780' title='bbox 770 5376 917 5442; x_wconf 80' lang='lat' dir='ltr'>uitiorum,</span> <span class='ocrx_word' id='word_1_781' title='bbox 972 5378 1097 5447; x_wconf 90' lang='lat' dir='ltr'>sima,et</span> <span class='ocrx_word' id='word_1_782' title='bbox 1118 5380 1153 5436; x_wconf 91' lang='lat' dir='ltr'>ad</span> <span class='ocrx_word' id='word_1_783' title='bbox 1172 5380 1363 5437; x_wconf 83' lang='lat' dir='ltr'>exolvendum</span> <span class='ocrx_word' id='word_1_784' title='bbox 1386 5379 1544 5447; x_wconf 90' lang='lat' dir='ltr'>celerrima,</span> <span class='ocrx_word' id='word_1_785' title='bbox 1572 5379 1726 5450; x_wconf 88' lang='lat' dir='ltr'>inquibus</span> 
     </span>
     <span class='ocr_line' id='line_1_60' title="bbox 70 5461 1726 5537; baseline 0.002 -19"><span class='ocrx_word' id='word_1_786' title='bbox 70 5461 253 5520; x_wconf 63' lang='lat' dir='ltr'>doctrinaque</span> <span class='ocrx_word' id='word_1_787' title='bbox 273 5465 446 5537; x_wconf 87' lang='lat' dir='ltr'>operationis</span> <span class='ocrx_word' id='word_1_788' title='bbox 466 5465 593 5536; x_wconf 90' lang='lat' dir='ltr'>ipsorum</span> <span class='ocrx_word' id='word_1_789' title='bbox 616 5465 844 5523; x_wconf 89' lang='lat' dir='ltr'>consideratione</span> <span class='ocrx_word' id='word_1_790' title='bbox 868 5479 920 5522; x_wconf 88' lang='lat' dir='ltr'>nos</span> <span class='ocrx_word' id='word_1_791' title='bbox 974 5480 1168 5537; x_wconf 86' lang='lat' dir='ltr'>pmcreamur,</span> <span class='ocrx_word' id='word_1_792' title='bbox 1184 5475 1213 5524; x_wconf 90' lang='lat' dir='ltr'>et</span> <span class='ocrx_word' id='word_1_793' title='bbox 1229 5469 1258 5525; x_wconf 90' lang='lat' dir='ltr'>in</span> <span class='ocrx_word' id='word_1_794' title='bbox 1284 5481 1386 5525; x_wconf 85' lang='lat' dir='ltr'>carum</span> <span class='ocrx_word' id='word_1_795' title='bbox 1414 5474 1550 5525; x_wconf 89' lang='lat' dir='ltr'>naturam</span> <span class='ocrx_word' id='word_1_796' title='bbox 1570 5465 1726 5523; x_wconf 88' lang='lat' dir='ltr'>convertim</span> 
     </span>
    </p>
   </div>
   <div class='ocr_carea' id='block_1_3' title="bbox 0 0 1914 6008">
    <p class='ocr_par' dir='ltr' id='par_1_3' title="bbox 0 0 1914 6008">
     <span class='ocr_line' id='line_1_61' title="bbox 0 0 1914 6008; baseline 0 0"><span class='ocrx_word' id='word_1_797' title='bbox 0 0 1914 6008; x_wconf 95' lang='lat' dir='ltr'> </span> 
     </span>
    </p>
   </div>
  </div>
 </body>
</html>
