3818 6008
84 111 140 164 eut
499 108 683 166 usuuarthl
702 109 747 164 be
767 108 884 166 atltae.
905 109 935 166 S.
958 108 1076 166 HARIAE
1095 108 1246 167 naubbh.
1265 138 1299 155 -
1310 110 1379 169 LIB.
1403 114 1423 167 Ι.
1787 119 1839 173 illd

79 238 210 296 ccclesiae
223 237 452 295 concrematione
466 237 644 307 diluendam,
665 239 803 310 quoniam
819 247 933 297 tantum
950 240 1107 311 arcuque
1136 255 1207 312 pene
1230 247 1307 299 m
1344 243 1482 315 llispanla
1506 245 1559 304 sibl
1586 245 1745 320 subjugata
1769 249 1839 305 adeo

80 328 246 384 scelusnou
273 326 429 398 aquaead
453 327 549 397 potius
564 330 629 399 igne
645 327 715 384 loret
741 328 931 398 expiandum.
987 329 1114 385 nominis
1137 331 1181 386 sui
1211 331 1374 401 opinionem
1402 334 1533 392 dilatavit
1561 343 1593 393 ut
1614 336 1652 392 ab
1675 336 1739 393 aliis
1767 337 1840 394 alter

119 416 177 472 Nec
205 415 304 471 lelellit
331 416 427 471 virum
461 416 631 485 prudentem
660 430 713 472 sua
736 417 843 486 opinio.
869 418 934 473 Post
987 417 1091 485 lulius,
1108 418 1145 475 ab
1161 418 1224 475 aliis
1245 421 1391 477 secundus
1411 423 1530 480 Carolus
1545 434 1708 493 vocaretur,
1722 425 1759 482 ob
1776 440 1839 483 me·

80 505 228 560 modicum
246 503 350 559 etenim
372 510 495 574 tempus,
513 505 569 560 beo
598 505 789 575 permittente,
820 505 934 563 diabolo
988 506 1108 561 moriam
1126 507 1204 564 illius
1229 508 1466 578 preclaricarolt
1492 513 1667 569 Francorum
1682 515 1838 586 mgis,qni

79 591 258 658 stimulante,
301 593 426 649 domnus
467 592 648 659 GualdricuS,
685 594 814 664 ejusdem
852 596 934 653 urbis
988 595 1133 664 quondam
1152 596 1318 666 llispaniam
1333 599 1423 655 victor
1438 601 1560 672 subegit.

78 682 243 752 episcopus,
268 681 406 738 seditione
431 683 528 738 subita
552 695 570 737 a
593 682 707 737 civibus
728 684 881 750 concitata,
903 683 933 740 in
1023 680 1184 738 Secundam
1200 684 1286 739 liliam
1304 685 1432 741 ililduini
1443 688 1556 744 comitis
1581 687 1665 743 duxit
1686 688 1838 760 conjugem

79 770 167 825 domo
182 784 235 826 sua
248 784 313 826 cum
326 760 541 839 quibusdameit
554 769 692 825 militibus
706 769 768 825 suis
780 770 935 828 crudeliter
988 767 1146 825 ltothoidus
1161 784 1254 826 comes
1283 771 1462 839 Perticensis,
1478 773 1513 828 de
1529 786 1589 843 qna
1603 775 1703 844 genuit
1718 775 1839 830 liuthol-

78 858 231 925 occiditur,
255 857 374 928 praelata
396 857 622 915 superaltaria
646 858 845 930 ecclesialis),
866 874 933 916 cum
987 855 1057 912 llum
1082 859 1214 914 comitem
1229 868 1257 915 et
1277 860 1421 917 lulianam
1448 870 1566 917 matrem
1598 861 1767 933 Margaretae
1792 876 1838 920 re·

79 945 147 1001 aliis
162 947 418 1016 propinquioribus
447 946 544 1002 decem
577 945 636 1002 lere
664 945 800 1012 ecclesiis,
831 945 934 1002 domus
986 943 1062 1015 ginta
1074 943 1274 1002 Navarrensis.
1291 946 1395 1014 Tertia,
1412 950 1526 1004 nomine
1550 951 1721 1021 margareta,
1739 952 1839 1020 nupsit

79 1047 199 1103 quoque
232 1034 396 1104 adjacentes
436 1033 558 1104 episcopi
587 1041 675 1104 atque
716 1032 932 1100 canonicorum,
987 1031 1103 1103 liugoni
1131 1033 1227 1089 comiti
1251 1033 1488 1103 claromontensi,
1518 1035 1553 1093 de
1577 1051 1636 1107 qua
1659 1037 1774 1108 genitus
1795 1046 1838 1095 est

79 1121 299 1193 multorumque
314 1121 424 1178 civium
457 1121 524 1193 igne
538 1121 685 1191 supposito
700 1129 931 1177 concremantur.
987 1118 1144 1176 ilainaldus
1159 1134 1263 1190 comes,
1288 1123 1339 1193 qui
1371 1137 1408 1179 ex
1423 1123 1550 1180 adelada
1565 1125 1771 1182 vermandensi
1788 1141 1836 1183 co·

79 1207 151 1264 'Fota
177 1209 295 1279 insuper
323 1209 393 1266 urbs
417 1209 618 1265 laudunensis
644 1207 758 1263 civibus
786 1208 934 1277 perraria
987 1208 1412 1283 mitissagenuitllargaretam
1439 1214 1591 1285 conjugem
1610 1215 1687 1271 illius
1707 1210 1837 1286 praeclari

80 1295 144 1352 loca
157 1297 301 1366 dispersis,
319 1311 390 1367 pene
417 1297 560 1367 usquead
583 1297 803 1352 internecionem
825 1296 932 1353 destrui
986 1295 1079 1355 caroli
1099 1298 1319 1356 flandrensium
1344 1302 1465 1356 comitis.
1499 1301 1618 1370 Quarta,
1649 1307 1764 1360 nomine
1781 1304 1838 1359 Fr·

80 1385 206 1453 videtur,
228 1387 266 1441 ita
285 1393 316 1442 ut
342 1385 425 1440 multi
440 1397 567 1455 peream
592 1390 783 1450 transeuntes,
814 1384 933 1439 ruinas-
987 1385 1157 1455 mentrudis,
1183 1387 1283 1457 nupsit
1307 1387 1468 1443 Theobaldo
1497 1389 1593 1444 comiti
1620 1389 1656 1446 de
1679 1389 1787 1460 bisnei,
1802 1392 1838 1448 de

82 1486 141 1544 que
157 1475 221 1544 ejus
234 1474 382 1529 etcineres
406 1473 583 1541 aspicientes,
601 1486 659 1542 prae
688 1473 778 1528 animia
796 1486 931 1543 compas-
987 1486 1047 1544 qua
1060 1477 1160 1545 gennit
1187 1473 1368 1530 heldiardem
1393 1482 1514 1531 matrem
1541 1477 1691 1532 bertranni
1712 1479 1835 1543 comitis,

81 1562 161 1617 sione
178 1561 319 1632 lacrymas
338 1562 502 1628 lunderent,
530 1562 608 1618 illam
636 1561 765 1616 ieremias
793 1561 932 1617 lamenta·
951 1551 1038 1633 Bqui
1055 1563 1084 1617 in
1104 1562 1241 1632 Hispania
1256 1561 1474 1629 delunctusest,
1503 1562 1667 1634 sororisque
1681 1565 1746 1635 ejus
1765 1566 1837 1621 Bea-

83 1651 188 1706 tionem
203 1664 289 1720 super
313 1665 348 1706 ea
367 1665 424 1706 non
440 1651 598 1722 incongrue
619 1651 809 1720 replicantes:
826 1670 841 1699 a
857 1649 934 1713 Quo·
987 1649 1075 1714 tricis,
1091 1663 1158 1719 quaa
1171 1663 1208 1706 ex
1228 1651 1348 1721 lingone
1362 1650 1397 1706 dc
1413 1651 1588 1708 blontcornet
1602 1653 1702 1724 genuit
1719 1654 1837 1711 Bartho-

81 1740 167 1794 modo
195 1740 271 1796 sedet
299 1739 360 1795 sola
386 1738 490 1794 civitas
525 1738 609 1808 plena
639 1737 767 1807 populo?
791 1736 866 1793 lacta
890 1745 933 1794 est
988 1737 1120 1793 lomaenm
1154 1737 1374 1794 Laudunensem
1405 1739 1642 1796 archidiaconum
1671 1749 1698 1796 et
1722 1741 1837 1799 thesau-

82 1826 166 1898 qnasi
183 1827 271 1884 vidua
287 1827 403 1884 domine
417 1827 546 1899 gentium
563 1827 680 1893 (Three.
699 1841 717 1893 r,
744 1826 779 1895 ι).
797 1846 808 1873 ,
824 1824 933 1893 Quem·
987 1825 1107 1881 narium.
1136 1825 1280 1892 Quintam,
1298 1827 1414 1882 nomine
1438 1828 1541 1895 Adam,
1561 1829 1647 1885 duxit
1669 1827 1839 1887 Godelridus

82 1914 239 1971 admodum
262 1922 361 1972 autem
387 1914 455 1971 olim
479 1915 619 1971 Dominus
640 1913 741 1970 urbem
775 1914 932 1970 Jerusalem
986 1912 1194 1984 deGusgia,et
1215 1915 1414 1984 exeagennit
1441 1914 1600 1971 (luidonem
1623 1923 1733 1986 patrem
1762 1919 1837 1974 Bur-

81 2003 202 2070 destrui,
230 2012 258 2060 et
288 2004 361 2061 lilios
400 2002 488 2060 lsrael
523 2003 665 2073 captivari
692 2003 869 2072 permittens,
896 2003 932 2058 ad
986 2002 1076 2058 cardi.
1092 2002 1230 2060 Deluncto
1244 2011 1340 2060 autem
1354 2003 1513 2066 Godeirido,
1527 2006 1626 2061 eadem
1647 2006 1710 2061 hda
1729 2007 1838 2077 accepit

81 2092 305 2149 consolationem
325 2099 420 2149 umen
445 2106 615 2162 paucorum,
640 2092 691 2163 qni
722 2097 932 2159 remanserant,
985 2090 1123 2147 maritum
1149 2091 1311 2148 Walterum
1326 2092 1361 2147 dc
1382 2092 1467 2148 heth.
1491 2092 1553 2160 Quo
1582 2102 1707 2162 mortuo,
1729 2097 1838 2166 accepit

82 2180 234 2236 ieremiam
261 2181 429 2251 prophetam
458 2180 564 2236 ibidem
592 2192 659 2235 cum
678 2180 718 2235 eis
741 2178 867 2249 reliquit.
892 2178 933 2234 sic
986 2179 1103 2236 tertium
1132 2180 1268 2236 maritum
1291 2179 1498 2237 'theodoricum
1520 2182 1708 2251 dehvesniis,
1728 2191 1837 2242 etcum

82 2276 111 2325 et
127 2269 209 2325 nobis
224 2270 253 2325 in
267 2277 348 2326 unm
362 2268 524 2325 calamitate
548 2268 656 2339 positis,
672 2264 932 2336 duoasapientissi-
985 2282 1018 2323 eo
1031 2269 1178 2325 exstruxit
1204 2268 1366 2325 caenobium
1388 2269 1466 2339 quod
1490 2269 1597 2326 dicitur
1622 2271 1657 2328 de
1686 2272 1791 2328 boeriis
1806 2273 1837 2328 iu

82 2371 145 2413 mos
161 2359 246 2425 viros,
264 2357 536 2428 pretatumsciticet
554 2355 725 2427 magistrum
752 2356 930 2420 anselmum,
986 2356 1103 2427 propria
1133 2357 1388 2426 possessionesua:
1412 2357 1606 2428 delunctoqne
1627 2361 1727 2416 eodem
1743 2361 1837 2417 Theo·

83 2459 314 2517 germanumque
329 2446 392 2517 ejus
417 2446 590 2516 magistrum
618 2442 803 2512 lladulphum
818 2442 932 2498 miseri·
985 2445 1097 2514 dorico,
1108 2446 1168 2514 ipsa
1192 2458 1222 2500 se
1244 2457 1279 2500 en
1296 2451 1354 2501 toto
1375 2445 1497 2502 contulit
1511 2447 1602 2503 eidem
1625 2449 1764 2516 coenobio,
1785 2449 1837 2506 ubi

82 2534 208 2590 corditer
231 2534 399 2602 reservavit,
424 2534 477 2605 qui
502 2542 559 2590 tatu
588 2531 705 2588 clericos
730 2543 820 2601 qnam
846 2530 932 2586 laicos
986 2532 1120 2601 pluribus
1133 2531 1219 2588 annis
1241 2531 1373 2604 religiose
1387 2533 1498 2601 vivens,
1510 2533 1647 2591 deiuncta
1667 2543 1695 2591 et
1723 2536 1837 2606 sepulta

81 2622 205 2680 dulciter
223 2623 411 2691 consolantes,
426 2632 453 2680 et
466 2619 752 2692 diversispententils
769 2618 930 2688 Scriptura·
984 2628 1036 2675 est.
1062 2619 1177 2675 Sextum
1199 2619 1285 2676 duxit
1318 2621 1470 2691 conjugem
1498 2622 1638 2678 Fruullns
1672 2637 1766 2680 comes
1802 2625 1837 2681 de

80 2725 148 2769 rum
164 2712 333 2780 relerentes,
359 2726 396 2768 ne
413 2709 683 2767 in'tribulationem
708 2707 932 2764 adversitatibus
984 2707 1109 2778 Waren:
1126 2708 1178 2778 qui
1202 2707 1301 2778 genuit
1316 2706 1455 2764 Othonem
1471 2707 1603 2763 comitem
1619 2708 1654 2765 de
1673 2709 1768 2781 Cisni;
1785 2712 1836 2783 qui

79 2800 245 2866 delicerent,
262 2800 502 2857 exhortabantur.
947 2842 968 2900 c
984 2795 1057 2852 Otho
1072 2795 1172 2867 genuit
1188 2795 1363 2865 hubertum3
1380 2796 1431 2866 qui
1450 2795 1598 2852 hubertus
1610 2798 1711 2868 genuit
1723 2799 1835 2856 huber-

79 2896 149 2955 cgp
167 2897 202 2953 ῃ,
217 2926 251 2940 -
269 2899 310 2952 p,
338 2896 475 2952 ,reprom
501 2894 613 2953 domeni
642 2893 846 2951 panhormi
866 2894 929 2966 epe.
982 2891 1044 2942 tum
1059 2884 1200 2951 comitem,
1217 2891 1245 2941 et
1273 2883 1428 2941 Ernullum
1456 2885 1620 2955 episcopum
1639 2887 1674 2943 de
1690 2887 1834 2945 verduno.

281 2967 378 3039 acopi,·
389 2972 417 3022 et
433 2967 583 3024 nobilitate
593 2966 731 3037 quem.
1016 2972 1138 3037 Quidam
1153 2979 1250 3029 autem
1264 2972 1457 3029 nobilissimus
1476 2973 1608 3045 princeps
1622 2973 1653 3031 iu
1668 2976 1837 3047 burgundia

116 3064 194 3120 incr
222 3064 449 3121 consolationum
476 3072 572 3120 tamen
600 3062 755 3133 colloquia,
783 3074 850 3118 cum
878 3073 928 3117 sa·
981 3060 1098 3116 nomine
1120 3059 1203 3117 Falco
1216 3060 1251 3115 de
1264 3060 1326 3128 tur,
1344 3060 1388 3116 vel
1411 3061 1445 3117 de
1465 3060 1589 3129 serrata,
1618 3073 1765 3133 comperta
1788 3078 1837 3121 no

78 3152 228 3223 pientibus
250 3159 278 3210 et
305 3152 446 3224 religiosis
478 3151 549 3207 viris
575 3151 728 3223 diligenter
759 3157 788 3207 et
810 3148 928 3206 sollicite
982 3149 1092 3206 bilitate
1113 3156 1142 3205 et
1159 3147 1331 3205 excellentia
1354 3148 1464 3218 praetati
1488 3150 1601 3207 comitis
1625 3150 1753 3207 ilildnini
1776 3165 1838 3209 am·

76 3241 274 3308 discutientes,
309 3250 478 3297 utrumnam
505 3240 631 3311 aliquem
648 3239 778 3295 invenire
805 3245 927 3309 possent,
981 3237 1078 3294 hiabat
1094 3250 1181 3293 unam
1210 3249 1247 3292 ex
1272 3235 1385 3293 liliabus
1404 3237 1469 3308 ejus
1493 3237 1697 3309 eibieonjugio
1716 3240 1835 3308 sociari;

76 3343 227 3401 perquem
245 3337 302 3386 mm
318 3328 490 3386 miserabilis
504 3337 532 3385 et
555 3326 701 3384 horrenda
722 3326 818 3383 clades
842 3339 928 3396 repa·
981 3326 1029 3382 scd
1045 3338 1112 3382 cnm
1129 3325 1156 3380 id
1179 3324 1334 3394 impetrare
1358 3321 1634 3397 nequiret‚'jurante
1651 3335 1731 3396 patre
1752 3341 1833 3383 nnn-

75 3415 137 3472 rari
161 3415 282 3472 valeret.
312 3415 449 3483 Tandem,
474 3415 633 3484 inspirante
656 3413 723 3470 ileo.
759 3419 929 3482 repererunt
981 3428 1070 3486 qnam
1089 3413 1178 3469 liliam
1200 3426 1283 3470 suam
1299 3412 1500 3483 Burgundioni
1516 3412 1653 3479 dandam,
1667 3414 1786 3485 contigit
1801 3421 1834 3470 nt

75 3502 195 3561 salubre
209 3503 372 3574 consilium,
388 3511 420 3560 nt
435 3503 471 3559 ad
485 3504 621 3575 'ejusdem
637 3501 718 3558 urbis
732 3501 928 3571 episcopatum
981 3502 1129 3573 Philippus
1143 3514 1195 3557 rex
1219 3502 1397 3557 Francorum
1420 3500 1552 3557 eumdem
1569 3499 1700 3557 comitem
1724 3501 1834 3558 llildui·

73 3591 217 3663 eligerent
230 3592 370 3650 domnum
399 3592 649 3659 bartholomeum,
664 3590 812 3647 Remensis
835 3589 928 3645 ccele-
980 3605 1052 3648 num
1071 3604 1137 3647 cum
1165 3590 1269 3646 domno
1293 3588 1453 3644 llelinando
1479 3587 1663 3644 laudunensi
1690 3589 1833 3662 episcopo,

75 3679 129 3736 siae
143 3679 235 3736 Βοιιω
256 3679 353 3736 hieriae
366 3680 537 3736 canonicum
564 3685 593 3734 et
618 3676 840 3742 thesaurarium,
868 3682 927 3732 tam
980 3679 1102 3749 aliisque
1114 3677 1262 3735 nonnullis
1277 3675 1463 3748 principibus,
1485 3690 1534 3747 pro
1549 3679 1695 3734 communi
1719 3679 1834 3751 negotio

75 3767 193 3839 generis
204 3767 330 3825 notabile
344 3781 432 3837 quam
448 3775 477 3824 et
491 3780 604 3823 morum
632 3765 784 3836 probitate,
815 3764 844 3819 in
872 3763 925 3820 lle·
981 3769 1061 3841 regni
1087 3769 1205 3824 ilomam
1228 3766 1434 3823 transmitteret
1470 3765 1506 3821 ad
1540 3765 1690 3823 dominum
1719 3780 1831 3840 papam⁸

73 3857 181 3922 mensi,
216 3856 459 3927 laudunensique
499 3855 647 3926 provincia
690 3851 924 3910 lamoaiaaimum.
979 3855 1059 3924 Quod
1075 3855 1124 3911 ubi
1140 3853 1317 3912 notihcatnm
1343 3861 1384 3908 est
1401 3852 1535 3923 predicto
1558 3853 1681 3924 principi
1705 3854 1832 3925 Falconi,

74 3946 272 4017 cognatorum
295 3945 438 4017 siquidem
460 3943 523 4016 cius
545 3942 725 4005 excellentia,
750 3955 808 3998 non
832 3939 924 3997 sulum
980 3943 1099 4000 insidias
1124 3942 1312 4000 redeuntibus
1340 3954 1391 4011 per
1406 3941 1531 4011 plurima
1545 3940 1609 3998 loca
1631 3943 1755 4012 pararit,
1772 3944 1832 4001 sic·

72 4033 107 4092 in
124 4034 254 4102 Francia,
280 4032 414 4090 sedetin
435 4032 582 4103 liispania,
603 4029 772 4101 Burgundio
796 4042 924 4101 quoque,
979 4048 1037 4106 que
1064 4033 1093 4089 in
1118 4033 1221 4089 itinere
1246 4040 1353 4101 captos,
1381 4038 1409 4087 et
1429 4031 1564 4088 omnibus
1590 4046 1656 4103 quae
1685 4032 1833 4090 habebant

72 4126 103 4180 et
138 4122 323 4194 lotharingia
357 4121 577 4192 predicabatur.
620 4119 776 4177 iiilduinus
799 4131 926 4187 namque
982 4121 1127 4191 spoliatos,
1165 4133 1221 4176 non
1247 4120 1329 4189 prius
1354 4119 1497 4176 dimittere
1525 4118 1617 4176 voluit
1640 4120 1731 4178 donec
1757 4121 1832 4179 idem

73 4223 172 4268 comes
195 4209 340 4266 ilociensis
359 4208 609 4281 eiusciusduxit
636 4206 789 4279 coniugem
819 4205 927 4263 adela·
979 4222 1075 4265 comes
1102 4208 1280 4279 promitteret
1301 4206 1494 4278 iureiurando
1523 4223 1553 4264 se
1576 4208 1663 4265 tiliam
1693 4222 1774 4266 suam
1805 4209 1831 4265 ei

72 4297 143 4354 dam
171 4311 339 4368 germanam
368 4296 466 4354 domni
496 4296 625 4352 danesse
644 4295 797 4352 Remorum
827 4292 926 4350 archi·
978 4296 1127 4353 daturum.
1161 4295 1223 4363 Qua
1262 4295 1413 4365 sponsione
1440 4303 1566 4366 accepta,
1600 4310 1701 4352 omnes
1727 4297 1832 4354 liberos

72 4384 210 4456 episcopi,
225 4398 262 4442 ex
279 4397 339 4456 qua
359 4382 459 4454 genuit
486 4382 607 4440 libalum
634 4382 765 4439 comitem
788 4382 823 4438 de
845 4380 923 4450 iloci,
978 4384 1085 4440 dimisit
1108 4383 1293 4455 plurimaque
1310 4383 1351 4440 eis
1365 4383 1442 4440 dona
1463 4383 1617 4440 liberaliter
1645 4384 1777 4453 eontulit,
1802 4393 1831 4442 et

72 4479 102 4530 et
123 4473 266 4531 Andream
289 4472 421 4529 comitem
454 4471 490 4527 de
514 4472 682 4537 llameruth,
706 4478 814 4541 patrem
842 4468 925 4525 Ebali
978 4486 1163 4543 cummagno
1186 4472 1293 4527 honore
1316 4471 1352 4527 ad
1378 4472 1495 4542 propria
1522 4471 1641 4528 remisit.
1663 4471 1764 4529 Comes
1779 4473 1831 4530 ita·

73 4561 294 4619 catalaunensis
320 4560 456 4632 episcopi,
495 4567 663 4630 septemque
700 4557 783 4614 illias.
816 4559 924 4614 ilarum
977 4575 1035 4631 que
1066 4574 1199 4616 reversus
1225 4561 1253 4614 in
1293 4560 1454 4627 Franciam,
1483 4559 1570 4615 liliam
1601 4573 1683 4615 suam
1715 4562 1830 4620 nomine

73 4663 176 4718 unam,
193 4650 308 4707 nomine
321 4648 464 4714 Feliciam,
480 4649 508 4704 in
525 4646 756 4717 iiispaniaduxit
769 4645 924 4717 coniugem
977 4649 1144 4724 adeladam,
1157 4663 1222 4703 cum
1239 4647 1338 4704 multis
1352 4647 1455 4718 opibus
1469 4648 1498 4702 in
1522 4647 1722 4718 Burgundiam
1739 4657 1830 4706 trans

74 4739 197 4796 Sanctus
223 4752 274 4796 rex
297 4737 517 4809 arragonensis,
542 4743 571 4792 et
585 4748 623 4791 ex
637 4749 671 4791 ea
700 4735 800 4805 genuit
828 4735 923 4790 llilde-
976 4737 1102 4803 missam,
1119 4736 1237 4807 prtelato
1257 4736 1377 4807 principi
1409 4735 1546 4806 conjugio
1568 4735 1696 4792 sociavit.
1713 4738 1753 4794 ile
1770 4752 1830 4809 qua

73 4827 189 4885 tonsum
217 4842 312 4899 regom
335 4826 577 4898 potentissimum,
596 4825 647 4896 qui
672 4823 745 4894 patri
769 4823 924 4879 succedens
976 4825 1051 4882 idem
1074 4826 1156 4881 Falco
1181 4826 1382 4895 supradictum
1405 4823 1570 4893 episcopum
1587 4824 1728 4882 domnum
1755 4825 1829 4884 Bar-

74 4916 105 4973 in
139 4930 237 4987 regno,
278 4915 449 4972 fortissimas
476 4915 573 4980 urbes,
602 4920 629 4970 et
663 4911 779 4968 castella
803 4912 924 4982 paganis
976 4915 1160 4971 tholomaeum
1176 4913 1285 4985 genuit,
1312 4927 1379 4970 cum
1408 4913 1735 4982 aliishliisetilliabus,
1754 4931 1829 4987 qua-

72 5004 215 5061 violenter
229 5005 384 5076 praeliando
396 5003 526 5069 abstulit,
551 5010 579 5059 et
605 5000 775 5057 Christianis
797 5000 921 5067 tradidit,
975 5016 1041 5060 rum
1058 5017 1117 5058 una
1138 5003 1193 5059 luit
1220 5001 1430 5068 Ermentrudis,
1447 5016 1536 5074 quam
1564 5016 1681 5060 rursum
1698 5005 1733 5061 de
1752 5005 1826 5063 Bur-

73 5094 350 5166 Ctesar-hugnstam
378 5093 486 5150 seilicet
518 5091 591 5148 beati
616 5089 760 5147 vincentii
788 5090 923 5158 martyris
975 5091 1086 5163 gundia
1115 5090 1144 5146 in
1177 5091 1327 5147 Franciam
1363 5090 1486 5147 delatam
1515 5091 1656 5148 henricus
1681 5107 1774 5151 comcs
1793 5095 1828 5153 de

73 5182 310 5241 archidiaconatu
338 5182 496 5251 lamosam;
521 5179 709 5236 Ferassonam
739 5191 867 5250 quoque,
894 5184 922 5234 et
974 5179 1166 5250 Grandiprato
1186 5181 1338 5251 conjugem
1367 5178 1467 5246 duxit;
1482 5187 1510 5235 et
1533 5193 1570 5235 ex
1585 5193 1619 5236 ea
1643 5180 1828 5252 equivocum

73 5271 222 5340 Tudelam,
238 5270 417 5339 barbastam,
432 5276 461 5326 et
488 5268 626 5340 Burgiam
640 5280 708 5324 eum
726 5265 791 5324 aliis
809 5265 919 5335 multis,
974 5268 1028 5325 sibi
1044 5268 1199 5326 lienricum
1218 5267 1349 5325 comitem
1375 5267 1495 5339 genuit3
1515 5281 1743 5343 germanamque
1764 5271 1829 5344 eins

110 5395 163 5466 (53)
181 5395 250 5452 vide
266 5394 436 5452 Guibertum
452 5393 513 5451 ioco
526 5392 621 5449 citato.
