3818 6008
75 223 125 282 sit
516 222 549 277 V.
573 218 740 279 cultasti
759 219 906 280 nestris
923 217 951 277 S.
971 217 1093 279 HARIAE
1110 223 1156 282 titt
1176 222 1373 284 novissimo
1779 231 1831 288 872

75 362 161 428 nosti,
188 359 316 427 Domine,
358 370 446 428 quam
488 371 593 428 parum
623 365 675 414 aut
699 357 770 414 nibil
813 357 920 415 talibus
938 359 1096 427 Aprovida
1122 360 1275 430 retulisset,
1305 375 1372 418 cum
1387 361 1480 421 multa
1499 363 1589 420 animi
1604 366 1830 436 compunctione

76 449 253 514 invidebam,
281 454 309 503 et
336 459 402 501 cum
431 453 526 501 uotam
550 445 587 500 ad
606 460 694 502 suum
720 445 792 500 mibi
807 445 922 501 libitum
976 454 1003 502 et
1018 446 1152 518 lacrymis
1175 456 1256 505 tants
1268 450 1358 506 verba
1370 451 1540 522 suscipiens,
1560 453 1590 509 iu
1605 460 1719 509 taumrn
1736 466 1830 523 vaga-

77 548 189 609 turpem
205 550 262 592 nou
278 542 392 604 possent
407 534 534 600 inurere,
549 533 718 589 astruebant
743 546 788 589 me
816 532 924 603 ubique
978 532 1083 590 buudae
1098 536 1279 606 cogitationis
1303 537 1457 607 licentiam,
1484 540 1539 597 sub
1554 547 1614 597 tam
1630 541 1832 598 desiderabilis

76 625 203 683 rodendo
213 637 263 693 pro
279 620 425 678 scientiola
444 620 603 689 superbire.
977 623 1080 678 somnii
1107 630 1204 681 teume
1239 626 1357 683 cohibui
1385 635 1417 684 ut
1448 643 1638 701 nequaquam
1663 631 1831 702 cujuspiam

110 707 419 770 ltotoadimonoeteii
436 708 601 764 consiliam.
616 738 651 747 -
666 708 743 764 luter
758 709 810 765 bas
822 708 922 779 igitur,
977 708 1096 766 alterius
1105 711 1167 781 jam
1180 712 1311 770 traherer
1321 713 1479 772 intentione
1493 717 1628 774 cmnobil.

76 816 150 875 quas
163 800 289 857 tenebam
309 797 459 868 aegerrime
477 797 658 863 vexationes,
675 796 739 853 licet
763 796 793 852 ln
816 795 922 866 bujus-
1013 800 1089 850 ⁴2⁰
1109 798 1185 854 lton
1199 798 1331 855 damete
1343 798 1374 855 in
1383 801 1716 875 smnaisopporetbeoto
1730 803 1832 878 Virgo.

75 891 151 948 modi
178 886 305 958 angariis
341 884 495 943 uberrima
528 885 745 955 parturirentur
776 884 922 952 utilitates,
976 914 1012 924 -
1028 884 1095 941 lloec
1120 894 1149 942 ct
1174 888 1219 944 bis
1244 889 1360 958 similia,
1389 905 1406 946 o
1434 892 1565 960 Domine,
1596 893 1724 951 coelestis
1743 896 1834 951 tiator

75 976 269 1035 lassabundus
281 974 398 1031 suimus
421 973 477 1029 sub
499 973 615 1028 inlinita
628 972 783 1043 aliquoties
811 974 923 1044 cogita-
977 972 1088 1043 imperii
1113 989 1201 1044 super
1221 984 1403 1047 peccatorum
1432 993 1563 1037 meorum
1588 979 1712 1038 borrore
1744 995 1833 1052 super

74 1067 186 1124 tionum
216 1063 338 1120 tortione
374 1062 538 1132 languebat,
576 1075 628 1117 nec
656 1061 740 1117 corde
759 1062 874 1131 pavido,
895 1067 924 1116 et
976 1061 1248 1130 innumerabilibus,
1280 1064 1389 1135 quibus
1416 1079 1435 1121 a
1460 1073 1511 1123 tuo
1532 1080 1630 1125 amore
1660 1076 1691 1125 et
1712 1069 1832 1126 seruitio

74 1155 194 1213 rationis
220 1151 334 1208 viribus
358 1164 432 1220 saepe
455 1149 571 1205 deiectis
599 1148 759 1220 cogitabam
781 1149 831 1219 qui
857 1162 922 1219 pro·
976 1148 1096 1217 descivi,
1127 1151 1287 1220 apostasiis,
1315 1166 1416 1208 ausam
1443 1152 1479 1210 ad
1507 1161 1535 1211 te
1558 1155 1701 1213 redeundi
1730 1156 1831 1213 conte·

74 1245 166 1302 desset
203 1240 372 1304 adversitas,
414 1237 464 1293 scd
515 1237 703 1293 libentissime
739 1237 922 1294 decreveram
976 1237 1136 1302 cubadum
1168 1239 1239 1294 mibi
1253 1253 1315 1296 meo
1331 1246 1546 1310 precantatura
1560 1241 1656 1306 corde,
1683 1242 1830 1312 amplissi-

74 1338 171 1402 petere
195 1328 356 1386 censionem
381 1340 439 1396 quo
454 1324 578 1380 carnalis
603 1325 776 1396 suggerebat
800 1325 921 1382 infirmi·
977 1336 1038 1379 mos
1061 1324 1279 1383 clementiarum
1309 1333 1427 1384 tuarum
1454 1329 1536 1385 sinus
1560 1327 1625 1385 ullis
1648 1329 1829 1399 flagitiorum

75 1426 128 1475 tas.
158 1417 313 1486 cumergo
342 1413 521 1484 propositum
536 1411 725 1482 appulissem,
741 1420 775 1479 ¹ut
789 1427 847 1468 non
864 1420 922 1469 tam
976 1427 1105 1471 meorum
1135 1415 1258 1472 molibus
1293 1416 1430 1486 praecludi
1456 1431 1512 1473 non
1552 1431 1641 1488 posse.
1682 1417 1830 1475 Recordor

74 1504 214 1563 benevola
228 1501 341 1559 abbatis
355 1500 408 1557 mei
426 1499 551 1565 licentia,
571 1514 661 1569 quam
672 1509 827 1570 parentum
844 1515 922 1557 meo-
975 1500 1060 1556 etiam
1076 1493 1196 1571 semper,
1215 1503 1335 1559 caelestis
1350 1504 1482 1570 Domina,
1504 1504 1574 1575 qula
1598 1519 1665 1562 cum
1685 1505 1830 1575 puerulus

74 1608 141 1650 rum
156 1593 298 1649 incentivo
311 1596 339 1646 et
361 1589 521 1654 exactione,
547 1589 607 1644 loco
628 1588 807 1660 digrederer3
824 1590 923 1646 matris
978 1586 1046 1642 buic
1060 1589 1232 1645 assitmeudo
1251 1590 1363 1646 babitul
1386 1591 1555 1662 aspirarem,
1586 1600 1671 1649 nocte
1698 1593 1827 1664 quadam

76 1695 195 1752 quoque
221 1693 365 1744 assensus,
394 1677 422 1732 id
444 1677 504 1732 llerl
541 1678 587 1746 pia
617 1677 773 1733 intentione
803 1647 1314 1744 credenschrvisuminecclesia
1339 1681 1381 1735 tui
1398 1680 1522 1736 nominis
1550 1694 1640 1744 eram,
1664 1689 1693 1737 et
1712 1681 1829 1738 videba-

76 1769 186 1825 adesset
201 1767 281 1836 (uam
296 1767 368 1822 benc
382 1764 533 1835 religiosus
558 1779 617 1835 quo
645 1765 797 1821 succedere
820 1765 923 1836 gestie·
977 1773 1025 1823 tur
1039 1766 1110 1822 mibi
1124 1767 1201 1836 quod
1217 1780 1234 1821 a
1248 1766 1362 1823 duobus
1384 1768 1420 1824 ab
1435 1767 1496 1837 ipsa
1511 1769 1666 1827 antecebar
1694 1770 1829 1827 demoni-

76 1856 142 1914 bam
167 1855 246 1912 locus
267 1854 422 1923 terebatur)
451 1854 529 1910 testis
551 1853 695 1908 malorum
723 1866 757 1908 ac
781 1853 922 1910 bonorum
978 1854 1041 1910 bus.
1057 1858 1190 1925 Cumque
1205 1855 1241 1911 ad
1256 1854 1381 1911 basilice
1400 1870 1444 1912 ms
1474 1855 1620 1926 lastigium
1642 1857 1827 1926 extulissent,

76 1957 204 2002 meorum
221 1943 284 1999 talis
299 1942 323 1997 ei
337 1956 366 1998 se
384 1940 508 2011 praebuit
523 1942 606 1997 visio.
977 1943 1165 2014 astrigerum,
1185 1951 1212 1999 et
1235 1944 1375 2000 intactum
1394 1945 1469 2002 iutra
1490 1946 1618 2018 ejusdem
1644 1955 1727 2018 septa
1739 1949 1828 2006 eccle-

111 2038 165 2089 l’er
177 2035 268 2087 obem
278 2030 469 2100 metrifitiam
480 2031 533 2084 aab
545 2029 784 2100 aaoprotectione
799 2028 924 2086 ostendit
977 2031 1026 2087 siae
1041 2032 1223 2088 dimiserunt.
1246 2032 1312 2088 liaec
1325 2032 1481 2102 multoties,
1506 2033 1576 2091 dum
1593 2049 1687 2092 meam
1712 2037 1828 2093 intueor

74 2125 105 2180 B.
139 2121 237 2193 Virgo.
266 2149 302 2160 -
329 2119 363 2175 lu
388 2119 505 2176 ecclesia
528 2117 648 2175 coeuobli
687 2118 787 2188 ipsius,
816 2117 923 2175 scilicet
978 2118 1266 2190 incorrigibilitatem,
1296 2120 1474 2191 reminiscor,
1500 2130 1528 2179 et
1541 2122 1613 2180 dum
1631 2124 1734 2180 eadem
1762 2137 1828 2195 pec·

74 2211 250 2268 Flaviceusis
278 2209 341 2280 iot,
369 2207 586 2279 Flaviamusisl,
617 2222 684 2278 quae
713 2208 820 2265 dicitur
844 2207 922 2264 Beati
976 2208 1161 2278 catasaepius
1176 2215 1283 2278 repeto,
1308 2208 1364 2265 imo
1381 2209 1510 2280 pessimis
1539 2211 1637 2282 pejora
1666 2212 1827 2282 superiem,

73 2298 228 2364 Geremari,
252 2297 308 2353 sibi
326 2310 388 2353 esse
410 2295 573 2352 videbatur.
602 2294 695 2362 Quam
712 2308 779 2352 cum
802 2295 923 2351 interius
976 2296 1012 2352 ad
1038 2302 1074 2362 te,
1091 2296 1230 2366 piissima,
1261 2311 1313 2368 pro
1338 2298 1473 2354 evitando
1500 2297 1593 2356 solum
1621 2299 1828 2370 desperationis

74 2386 250 2453 attendisset,
272 2383 653 2453 desertissimedestitutam;
668 2383 824 2439 mouacbos
835 2381 922 2440 etiam
976 2384 1104 2455 periculo
1116 2399 1174 2440 uou
1190 2385 1286 2442 nimiae
1301 2387 1370 2457 spei,
1381 2395 1433 2445 aut
1446 2387 1571 2459 alicujus
1594 2402 1693 2458 parvas
1713 2388 1828 2446 iducis

73 2489 132 2531 uon
147 2475 231 2531 modo
245 2474 358 2540 scissos,
374 2479 401 2529 et
420 2471 578 2528 involucris
599 2472 664 2527 lidei
686 2473 809 2528 nimium
833 2486 922 2529 enor—
975 2471 1115 2528 abusione
1128 2486 1254 2529 recurro.

72 2565 170 2621 mibus
185 2561 411 2633 adopertos;sed
432 2568 462 2617 et
482 2568 594 2617 statura
623 2560 742 2618 cubitali
756 2561 785 2617 iu
813 2575 921 2618 morem
1010 2562 1070 2617 Etsi
1095 2561 1172 2617 euim
1202 2576 1314 2633 semper
1340 2576 1377 2618 ex
1407 2564 1535 2636 impulsu
1559 2564 1737 2635 tragilitatis,
1770 2579 1827 2622 uou

72 2665 172 2709 eorum
195 2664 271 2722 quos
293 2650 382 2720 vulgo
408 2662 499 2706 uanos
528 2648 666 2717 vocitant,
694 2663 793 2706 omnes
814 2651 922 2721 pariter
975 2649 1118 2721 superbiae
1129 2648 1321 2707 obstinatione
1345 2650 1495 2723 delinquo,
1510 2665 1589 2722 spem
1605 2659 1701 2709 tames
1728 2652 1827 2710 uultu-

73 2740 251 2796 lmmiuutos.
279 2738 332 2794 Sed
356 2738 426 2809 quia
441 2737 489 2794 ubi
504 2738 669 2805 thesaurus,
687 2738 797 2806 ibices,
827 2746 855 2796 et
871 2738 921 2795 ubi
976 2745 1061 2795 tenus
1074 2736 1260 2793 correctionis
1270 2737 1379 2795 amitto.
1396 2738 1602 2810 Septiesplaua
1616 2740 1694 2797 cadit
1717 2740 1827 2812 justus,

74 2827 232 2895 contuitus,
254 2826 294 2882 ibi
320 2839 410 2894 amor,
439 2839 507 2882 cum
536 2826 571 2881 ad
589 2839 633 2882 me
659 2825 775 2882 oculum
800 2826 922 2883 sollicita
976 2833 1004 2882 et
1031 2824 1157 2896 resurgit
1178 2824 1277 2896 (Proo.
1304 2841 1383 2896 xxiv,
1418 2827 1473 2900 16).
1504 2829 1532 2884 si
1559 2829 1746 2899 septenarius
1777 2843 1829 2900 pro

72 2916 250 2983 destinasset,
280 2914 380 2980 cernit,
414 2914 491 2985 quod
519 2927 577 2969 uou
605 2913 707 2970 melior
734 2914 843 2971 caeteris
875 2928 920 2971 me
937 2941 961 3002 α
976 2914 1163 2971 universitate
1188 2928 1328 2972 uumerus
1357 2915 1520 2973 solemniter
1545 2916 1673 2987 ponitur,
1699 2916 1830 2987 quibus-

73 3011 166 3062 status
196 3003 327 3075 erigeret,
366 3016 420 3058 uec
448 3008 607 3072 apparatus
634 3002 750 3073 dignior
786 3003 918 3074 operiret.
969 3016 1092 3077 *cunque
1115 3002 1206 3058 modis
1232 3002 1375 3072 peccando
1403 3004 1576 3074 quiscadat,
1592 3004 1615 3060 si
1635 3004 1829 3060 intentionem

72 3092 205 3162 Cumque
227 3104 280 3162 pro
307 3104 371 3146 meo
396 3097 424 3146 et
453 3096 539 3145 tante
567 3091 699 3147 ttsctesne
725 3099 825 3148 mmsta
850 3092 923 3149 toret
975 3088 1144 3160 resurgendi
1160 3088 1351 3159 adjustitiam
1375 3091 1488 3157 babeat,
1516 3091 1651 3162 quamvis
1669 3105 1707 3146 ex
1722 3104 1828 3147 carna-

73 3180 249 3248 discrimlne,
265 3193 330 3236 ecce
343 3178 463 3235 iuiiuitae
491 3178 718 3249 pulchritudinis
741 3195 774 3236 ac
789 3182 922 3253 majesta·
975 3178 1054 3235 litate
1080 3177 1203 3246 labatur,
1229 3177 1253 3233 si
1275 3177 1399 3235 dolorem
1416 3186 1492 3235 recte
1506 3178 1670 3250 poenitentis
1683 3177 1829 3245 {adhibeat

72 3270 109 3327 tis
123 3269 230 3325 lemine
249 3282 299 3339 per
324 3268 448 3323 mediam
478 3267 625 3324 basilicam
652 3269 688 3324 ad
709 3269 801 3327 altare
828 3284 922 3341 usque
974 3278 1162 3336 nequaquam
1175 3263 1248 3335 iusti
1262 3263 1377 3322 nomine
1392 3279 1453 3322 sese
1479 3266 1583 3337 privat.
1600 3266 1636 3323 Ut
1656 3266 1731 3337 quid
1746 3267 1825 3324 enim

72 3357 220 3429 processit,
235 3370 324 3428 quam
344 3357 428 3427 quasi
448 3356 607 3427 juvencula
621 3358 808 3427 sequebatur,
835 3359 922 3430 cujus
974 3355 1118 3411 clamatur
1132 3353 1168 3410 ad
1183 3353 1285 3421 Deum,
1304 3360 1336 3409 ut
1349 3353 1384 3410 de
1399 3355 1502 3410 uostris
1518 3368 1570 3410 nos
1584 3355 1827 3412 neccessitatibus

72 3445 182 3517 species
208 3444 273 3516 eius
300 3444 426 3501 multum
454 3444 558 3501 idonea
583 3445 738 3502 videbatur
780 3446 920 3518 obsequio
974 3441 1165 3512 eruatil’sot.
1195 3455 1275 3507 xxiv,
1292 3442 1344 3511 li),
1362 3441 1416 3498 uisi
1443 3441 1514 3513 quia
1540 3449 1653 3498 naturae
1677 3441 1828 3513 corruptio

72 3548 163 3607 quam
177 3533 407 3590 consectabatur.
435 3531 508 3588 Cum
530 3544 599 3603 ergo
626 3532 822 3591 curiosissima
847 3543 922 3593 esset
975 3530 1083 3600 peccati
1112 3529 1228 3585 servitio
1256 3543 1309 3585 uos
1332 3529 1455 3586 velimus
1480 3529 1606 3586 nolimus
1647 3530 1827 3587 addemnat?

72 3624 288 3694 scirequaenam
302 3621 373 3677 toret
387 3619 505 3677 domina
520 3622 592 3690 ipsa,
615 3621 724 3678 dictum
745 3629 787 3679 est
810 3623 835 3680 ei
851 3627 923 3695 quia
977 3641 988 3668 ‹
1006 3617 1102 3680 Video,
1121 3617 1171 3686 ait,
1187 3617 1335 3687 captivum
1358 3632 1403 3674 me
1415 3619 1567 3677 ducentem
1583 3618 1612 3674 iu
1626 3618 1690 3689 lege
1701 3620 1823 3688 peccati,

72 3718 144 3768 esset
171 3709 288 3766 domina
315 3708 508 3766 carnotensis.
540 3707 620 3775 Quod
651 3723 705 3765 nec
727 3723 810 3766 mora
835 3712 922 3783 conji-
975 3719 1041 3776 quae
1067 3711 1110 3761 est
1141 3706 1170 3759 iu
1196 3703 1333 3761 membris
1358 3704 1444 3773 meis,
1472 3721 1530 3762 uon
1549 3707 1627 3763 euim
1652 3707 1734 3778 quod
1763 3707 1829 3764 volo

72 3803 158 3868 ciens,
190 3801 301 3856 beatam
330 3799 379 3855 Dei
399 3797 571 3855 Genitricem
599 3797 749 3866 intellexit,
776 3798 922 3872 (⁸⁶)eu1us
976 3793 1085 3850 bouum
1112 3792 1166 3849 boc
1192 3791 1321 3863 ago,sed
1344 3792 1422 3863 quod
1446 3794 1512 3850 nolo
1533 3793 1654 3860 malum,
1677 3794 1733 3850 boc
1753 3793 1828 3850 tacio

72 3894 217 3946 nomeuet
240 3887 362 3958 pignora
383 3885 487 3942 ibidem
514 3886 601 3943 totius
627 3901 698 3957 poue
723 3888 816 3945 Latini
844 3890 922 3947 orbis
975 3882 1204 3953 (Rom-lt1‚25l·
1221 3899 1235 3930 a
1253 3880 1414 3937 Estauteru
1431 3881 1605 3951 protundum
1626 3882 1828 3953 quorumdam

72 3977 257 4035 veneratione
273 3974 419 4031 coluntur.
449 3975 492 4030 sd
518 3974 609 4032 altare
624 3977 714 4047 igitur
736 3979 919 4047 perveniens,
974 3968 1129 4036 malorum,
1159 3967 1189 4022 ΠΙ
1212 3966 1290 4037 sll¹⁰d
1314 3981 1381 4023 cum
1402 3968 1514 4024 venerit
1530 3968 1647 4039 imbibi,
1663 3970 1829 4026 coutemnit

73 4081 169 4140 genua
196 4065 232 4120 ad
260 4063 417 4120 orationem
441 4062 536 4133 ilexit3
561 4064 610 4122 sed
631 4072 659 4121 ct
682 4065 741 4134 illa,
773 4080 839 4137 quae
861 4076 922 4137 post
973 4058 1072 4130 (Prw
1101 4071 1182 4124 1v111,
1218 4056 1255 4126 3),
1281 4063 1308 4112 θῑ
1330 4063 1426 4112 limen
1452 4071 1539 4127 sulii
1563 4055 1742 4127 quibusdam
1763 4057 1829 4113 ³²1⁴ss

72 4153 164 4223 ipsam
179 4148 290 4220 ingredi
305 4147 468 4216 videbatur,
489 4148 593 4204 nobilis
619 4148 802 4220 pedissequa,
825 4152 921 4208 itidem
974 4145 1124 4217 protuudis
1150 4144 1293 4200 clamatur
1317 4144 1354 4200 ad
1380 4144 1483 4213 Deum,
1520 4159 1572 4200 uec
1597 4157 1681 4200 suam
1724 4146 1829 4216 potitor

72 4245 183 4309 atergo
208 4237 273 4307 eius
296 4235 370 4292 tecit.
399 4236 467 4291 luds
489 4250 668 4308 consurgens
701 4252 767 4293 cum
793 4238 919 4308 plurima
938 4234 1089 4294 bdubitat
1099 4232 1232 4290 exaudiri
1250 4245 1360 4289 vocem.
1389 4232 1594 4304 Estsiquidem
1616 4233 1827 4302 desperationis

71 4326 156 4398 quasi
173 4323 420 4382 animadversione
446 4331 578 4394 protenta
599 4337 728 4393 maun·
755 4325 839 4395 banc,
871 4325 920 4382 in·
973 4338 1010 4380 ert
1039 4320 1146 4392 peccati
1170 4321 1316 4378 nimietate
1343 4329 1532 4392 contemptus,
1559 4321 1698 4392 quiesse
1735 4328 1828 4392 potest

71 4414 145 4487 qult,
171 4412 318 4470 ecclesiam
356 4425 409 4484 ego
443 4411 565 4478 institui,
589 4425 648 4483 qua
680 4412 791 4471 ratione
826 4416 921 4485 patiar
974 4406 1109 4479 profundi
1122 4408 1221 4480 hujus,
1237 4422 1363 4479 quonou
1378 4416 1421 4466 est
1435 4409 1597 4467 substantia
1611 4408 1707 4482 (Paul.
1725 4425 1826 4480 uviri,

71 4499 260 4559 destitoiilit
275 4498 311 4555 ad
326 4512 371 4554 me
393 4498 515 4556 subinde
533 4497 749 4556 serenissimum
779 4501 919 4571 pletatum
975 4496 1012 4568 3),
1038 4495 1067 4551 in
1089 4510 1150 4567 <llll
1179 4495 1294 4553 misella
1321 4511 1379 4553 110ss
1405 4497 1586 4569 subsislilut3
1619 4505 1663 4555 esi
1694 4498 1825 4572 deniquo

72 4589 210 4662 signitera
228 4586 356 4659 dirigens
375 4585 503 4652 oculum,
541 4585 789 4658 clarissimamque
819 4589 918 4647 dexte.
975 4584 1150 4654 profundum
1163 4584 1198 4640 de
1211 4597 1269 4655 quo
1287 4584 1424 4642 ieremias
1449 4586 1673 4657 panniculorum
1696 4588 1827 4659 subliga-

72 4692 135 4736 ram
153 4693 159 4733 :
178 4695 192 4730 e
208 4677 301 4743 llunc,
320 4672 575 4742 ait‚bucadduxi,
592 4680 620 4730 et
648 4675 823 4731 monachum
854 4675 917 4746 teci,
973 4672 1050 4729 tione
1069 4673 1248 4743 protrahitur
1276 4671 1349 4744 (der.
1375 4688 1475 4739 sxvnr,
1505 4675 1560 4743 ll),
1601 4674 1681 4744 quod
1720 4689 1824 4746 quam·

72 4780 158 4838 quem
174 4763 254 4820 nullo
269 4761 352 4818 modo
366 4761 460 4832 patiar
474 4760 543 4817 binc
563 4761 676 4818 abduci.
695 4784 707 4811 ι
733 4763 800 4820 ilaec
819 4764 919 4821 eadem
972 4761 1017 4817 vis
1029 4760 1095 4832 (38).
1111 4763 1200 4818 Porro
1214 4759 1337 4817 lundam
1358 4768 1454 4818 tamen
1468 4761 1554 4818 babet
1569 4777 1576 4816 ι
1593 4762 1664 4832 quia
1686 4764 1825 4834 quamvis

71 4854 161 4910 verba
187 4851 305 4922 praelata
333 4854 396 4919 post
435 4847 498 4919 ipsa
529 4850 590 4920 pari
631 4850 714 4907 modo
747 4851 920 4923 pedissequa
973 4848 1139 4920 ingentibus
1167 4848 1203 4905 sit
1221 4848 1581 4919 menedimissapscoatis,
1613 4849 1701 4907 babet
1727 4858 1823 4909 mmen

71 4943 228 5000 astruebat.
256 4940 374 4996 Dixerat
402 4944 499 5008 potens
523 4939 581 5008 illa,
622 4946 651 4996 et
681 4940 756 4997 dicto
799 4940 919 4999 celerius
970 4937 1145 5010 talecunque
1166 4939 1347 4996 obstaculum
1371 4938 1490 4996 rationis
1505 4946 1537 4995 ut
1552 4953 1608 4995 non
1647 4938 1762 4999 teratur
1777 4957 1827 5014 per

71 5029 165 5086 omnis
178 5029 227 5084 illa
253 5024 399 5093 desolatio,
424 5031 452 5080 et
476 5026 595 5082 vastitas
613 5026 650 5082 ad
668 5025 813 5099 integrum
839 5043 919 5101 repa·
971 5025 1172 5085 interminatas
1186 5027 1340 5099 voragines
1367 5026 1429 5082 siue
1448 5026 1509 5083 ulla
1523 5027 1732 5098 recogitatione
1742 5031 1828 5087 totius

72 5127 155 5175 ratur
166 5129 292 5189 qusque
304 5113 438 5185 primitus
454 5113 616 5183 videbatur,
629 5121 657 5172 et
672 5120 853 5174 staturarum
870 5118 919 5174 illa
971 5112 1143 5185 iniquitatis.

72 5203 198 5261 enormis
221 5201 378 5269 modicitas,
410 5214 470 5257 uon
494 5201 578 5259 modo
611 5209 793 5272 caeterorum,
816 5204 864 5260 sed
891 5213 919 5261 ct
1283 5204 1398 5262 CAPUT
1417 5203 1507 5262 Xth.

46 5282 137 5350 ‘mea
159 5291 284 5363 potentia
308 5290 421 5347 lavante
445 5290 574 5361 iubentis
590 5291 710 5362 imperio
724 5293 760 5348 ad
775 5293 917 5363 regulam,
1008 5292 1172 5365 Poecipiss
1184 5308 1263 5365 aquo
1287 5293 1445 5349 detestatur
1461 5291 1625 5348 Gaibertas.
1649 5322 1684 5333 -
1713 5294 1826 5351 interea

71 5380 252 5437 emendatur.
269 5379 363 5449 liujus
383 5377 454 5435 mibi
477 5378 596 5437 visionis
610 5379 713 5437 melem
737 5394 803 5437 cum
827 5387 919 5439 mater
971 5392 1039 5436 cum
1052 5379 1234 5437 versificandi
1245 5380 1341 5438 studio
1354 5379 1432 5438 ultra
1457 5393 1571 5437 omnem
1584 5378 1705 5437 modum
1726 5395 1825 5440 meum

108 5501 165 5577 (38)
181 5501 263 5560 Deest
277 5499 398 5571 aliquid.
