3818 6008
82 246 135 303 8il3
541 243 572 298 V.
591 243 752 300 adludunt
767 242 917 301 nsnttls
933 242 960 300 S.
980 244 1101 302 litate:
1120 246 1165 301 nb
1190 244 1387 304 Novtuntttn
1782 253 1835 307 804

82 377 173 434 donec
201 375 307 434 seirent
329 389 367 430 an
393 374 467 430 idem
482 372 588 430 bellurn
609 387 660 444 pro
688 373 927 431 certovideretur
944 375 1027 440 Arii,
1058 375 1255 448 lanceariique
1279 377 1329 447 qui
1357 378 1517 446 precedere
1549 378 1672 436 debeant
1703 380 1834 447 militias,

82 465 189 523 instare
205 481 210 520 :
225 478 286 521 sese
317 477 387 533 ergo
418 462 578 519 Jerusalem
613 462 727 521 interim
763 475 931 520 reversuros
984 464 1166 532 ordinantur,
1183 478 1250 520 cum
1267 479 1318 520 rex
1332 463 1502 525 Godelridus
1518 482 1586 524 cum
1600 481 1655 525 ιιι
1669 468 1836 540 frequentia

82 553 243 625 perbibent,
271 558 430 607 asserentes
444 549 531 606 etiarn
542 550 614 621 quia
627 565 685 606 non
701 551 729 605 in
750 565 839 619 mora,
863 565 928 608 curn
985 554 1058 624 parti
1091 544 1214 611 sinistrae
1244 555 1436 626 praeponitur3
1465 571 1618 630 comesque
1651 557 1834 631 Senot-rssgi·

82 656 155 712 opus
183 639 279 706 luerit,
313 637 416 695 forent.
440 638 501 694 Rex
531 638 610 707 abiit,
643 645 672 695 et
696 639 767 695 dum
792 639 931 708 conspicit
985 641 1090 697 dianus
1100 642 1186 713 juxta
1214 644 1359 700 maritima
1382 646 1507 713 sistitur;
1536 647 1720 703 Flandrensis
1745 652 1836 716 atque

51 779 55 785 ,
82 729 195 785 eminus
215 728 318 795 hostes,
333 727 414 783 ocius
437 724 481 782 bis
495 726 547 796 qui
560 725 743 796 ierosolymae
764 726 931 784 desederant
984 727 1230 788 Nortbmannicus
1269 732 1456 804 adequitabat
1486 736 1632 806 dexterre3
1666 734 1837 791 Tancredns

82 816 144 872 lraec
168 815 286 872 scienda
301 814 459 870 mandevit.
484 813 626 872 Continuo
651 815 806 885 quemdam
827 815 931 873 accivit
984 823 1012 872 et
1026 817 1120 873 ceteri
1136 825 1328 890 utrarumque
1339 823 1465 891 partium
1481 824 1567 880 medii
1580 823 1761 879 incedebant.

81 902 258 972 episcopum,
275 916 362 972 quem
377 901 530 958 destinavit
542 902 578 958 ad
595 903 707 966 urbem,
727 903 932 960 universaliter
1020 896 1158 952 Pretium
1181 898 1378 956 ammittitur.
1406 901 1488 958 Fusio
1514 906 1649 974 cesisque
1673 900 1837 974 gentilibus

81 1004 149 1047 suos
161 991 307 1048 obtestans
332 998 365 1047 ut
380 990 511 1060 praesenti
536 991 693 1047 necessitati
714 991 847 1047 submota
866 1004 931 1061 pro·
984 984 1077 1041 nestri
1098 1002 1213 1041 erasm
1234 987 1364 1043 ueteres.
1380 990 1522 1047 -Nostri
1545 990 1635 1063 igitur
1658 991 1836 1062 pedetentim

81 1080 283 1136 crastinatione
325 1086 539 1136 concurrerent.
568 1079 675 1146 Quarta
716 1079 813 1149 itaque
848 1079 928 1146 teria,
984 1073 1014 1128 in
1039 1073 1170 1131 hostilem
1192 1090 1316 1133 cuneum
1344 1081 1514 1148 promoveri,
1539 1080 1657 1150 gentiles
1680 1079 1716 1135 ad
1733 1080 1837 1150 pretia

81 1168 192 1240 quique
227 1167 372 1238 principes
407 1174 504 1222 coacta
543 1167 716 1237 generaliter
749 1167 930 1237 expeditione
984 1174 1046 1217 sese
1077 1171 1221 1232 natantes,
1251 1177 1437 1236 nequaquam
1468 1167 1528 1224 loco
1559 1169 1677 1224 moveri.
1713 1167 1837 1225 Videres

82 1255 240 1323 Dominica,
266 1263 360 1311 castra
391 1254 547 1311 acivitate
571 1262 785 1325 promoverant,
817 1262 845 1311 ιι
871 1255 931 1325 ipse
984 1250 1266 1307 ⁴³²01h11ffltti⁵
1289 1265 1359 1310 Vita
1384 1255 1546 1324 tendentia.
1568 1256 1638 1312 dum
1657 1269 1694 1311 ⁶¹
1713 1253 1837 1312 modicis

80 1344 242 1415 episcopus,
253 1342 471 1414 quilerusalem
489 1344 736 1400 commanentibus
751 1344 830 1416 regia
841 1344 930 1400 verba
984 1337 1094 1407 gelidas
1119 1339 1291 1397 cohibebant
1314 1341 1427 1399 utribus
1448 1343 1541 1399 undas
1559 1358 1565 1397 :
1582 1357 1597 1399 e
1612 1343 1721 1415 quibus
1734 1358 1766 1399 se
1781 1358 1835 1414 po·

80 1434 233 1499 detulerat,
259 1448 326 1489 cnm
340 1433 490 1503 repedaret
517 1432 553 1488 ad
578 1447 684 1504 regem,
711 1434 931 1490 occurrentibus
985 1432 1095 1482 taturos
1108 1427 1266 1497 crederent,
1283 1445 1349 1486 cnm
1364 1439 1477 1489 nostros
1491 1433 1672 1503 prosecuturi
1685 1431 1715 1488 in
1731 1431 1834 1504 fugam

81 1521 245 1579 sarracenis
270 1520 433 1590 excipitur3
459 1534 513 1577 nec
544 1529 733 1591 patetntrum
750 1522 928 1584 occubuerit,
984 1523 1127 1586 cogerent.
1155 1515 1208 1573 Sed
1229 1519 1305 1574 Dens
1328 1518 1412 1590 longe
1431 1520 1515 1577 aliter
1539 1520 1711 1591 providerat,
1742 1534 1832 1591 qnam

81 1623 118 1666 an
130 1608 264 1679 captivus
275 1608 419 1664 abductus
428 1608 473 1663 sit.
984 1616 1055 1673 gens
1071 1604 1187 1660 inimica
1210 1606 1353 1663 volvebat.
1384 1608 1495 1664 interea
1517 1607 1708 1666 Nortbmanni
1724 1622 1761 1665 ιι
1775 1608 1833 1665 llo-

117 1699 224 1752 rurus
238 1697 369 1752 cremera
381 1696 518 1768 publicae
530 1697 757 1769 supplicationes
770 1699 931 1755 ordinatio
950 1672 1085 1747 Bberrns
1106 1706 1200 1749 eones
1226 1692 1289 1764 lat..
1312 1695 1529 1752 northmannia
1550 1696 1694 1754 ucbertus
1713 1694 1831 1770 unul,

21 1801 24 1805 ⁴
80 1785 427 1858 urtermrotymnana.
447 1817 481 1826 -
499 1789 535 1842 nr
551 1787 796 1856 percussionne,
817 1788 932 1857 pitnue
986 1787 1136 1850 prospecte
1162 1781 1277 1839 eninns
1311 1784 1449 1855 principis
1477 1786 1624 1842 exereitus
1657 1785 1724 1851 teto,
1753 1786 1832 1858 quot

82 1888 176 1945 usque
204 1873 299 1943 operis
326 1880 488 1941 exsecutor,
528 1889 594 1930 cum
619 1874 730 1931 clericis
759 1874 864 1933 Graecis
897 1890 931 1934 ar
984 1875 1115 1938 opertum
1138 1868 1228 1925 multo
1252 1870 1407 1928 videbatur
1421 1871 1532 1943 lulgere
1546 1881 1676 1944 argento.
1700 1874 1772 1930 etin
1787 1874 1832 1931 sni

81 1961 190 2019 Latinis
213 1961 376 2018 incivitate
404 1962 552 2031 remansit,
584 1963 744 2019 ordinando
771 1966 930 2034 processio-

80 2065 141 2116 nes,
169 2050 305 2106 dictando
333 2049 460 2118 litanias,
488 2051 665 2107 instituendo
682 2053 835 2122 orationes,
861 2055 929 2111 sub-

79 2140 222 2195 monendo
233 2137 438 2209 eleemosynas,
457 2146 490 2194 ut
506 2139 581 2195 Deus
596 2140 658 2206 bac,
675 2140 759 2210 quasi
782 2155 927 2211 suprema,

80 2227 218 2298 dignetur
234 2226 333 2298 populi
347 2227 393 2283 sui
409 2227 560 2284 cumulare
576 2227 719 2284 victorias.
739 2228 825 2285 Porro
838 2230 930 2287 eccle-

78 2315 185 2373 siastici
213 2316 263 2387 qui
290 2316 389 2372 adesse
412 2323 543 2386 poterant
572 2315 636 2385 viri,
667 2317 766 2384 sacris,
789 2319 867 2374 acsi
892 2318 928 2375 ad

79 2417 162 2461 sacra
195 2403 339 2475 mysteria,
370 2403 465 2460 induti
502 2404 641 2470 vestibus,
676 2407 860 2474 procedentes
892 2408 928 2464 ad

80 2493 220 2564 templum
247 2507 342 2563 nsque
373 2493 564 2560 dominicum,
603 2493 703 2549 missas
727 2495 929 2568 orationesque

79 2580 309 2639 totisadcctibus
334 2580 445 2651 agendo
473 2592 613 2636 maresan
640 2578 763 2636 feminas
783 2583 928 2639 conduce-

78 2671 157 2738 bant,
172 2684 224 2741 pro
243 2670 292 2725 liei
312 2667 446 2725 exsulum
463 2668 608 2738 ereptione
634 2676 792 2738 poscentes.
808 2671 845 2726 At
872 2685 927 2726 no-

78 2758 156 2816 mine
180 2757 357 2829 patriarcba,
382 2756 405 2812 si
434 2757 485 2827 qui
510 2757 594 2813 etiam
624 2756 771 2827 pontifices
798 2758 925 2826 adiuero,

78 2861 144 2903 cum
158 2845 324 2916 quibusque
339 2842 593 2916 conglomerantur
608 2844 790 2915 principibus
814 2846 850 2902 ad
870 2845 924 2902 llu-

984 1957 1149 2013 summitate
1161 1959 1242 2015 tereti
1256 1959 1416 2017 ornabatur
1430 1962 1493 2016 auri
1511 1962 1615 2031 pondo,
1631 1976 1742 2032 equum
1764 1976 1831 2018 con·

985 2045 1073 2102 tinnis
1092 2045 1210 2102 celerem
1226 2047 1387 2104 calcaribus
1402 2062 1519 2120 urgens,
1532 2048 1702 2119 principem,
1718 2048 1767 2105 cui
1782 2064 1832 2120 pro

983 2133 1065 2203 signo
1090 2146 1179 2204 quam
1204 2135 1333 2191 diximus
1356 2136 1446 2193 astitit
1474 2138 1565 2205 basta,
1590 2138 1692 2208 rapido
1720 2138 1832 2208 impetit

983 2221 1105 2292 impeto;
1126 2231 1153 2279 et
1167 2223 1257 2279 atroci
1272 2224 1392 2281 vulnere
1405 2225 1525 2282 sauciat.
1550 2225 1729 2283 altrinsecus
1744 2224 1831 2282 Flan-

982 2310 1131 2368 drensium
1152 2326 1246 2369 comes
1270 2312 1330 2370 loro
1352 2313 1483 2380 remisso,
1507 2315 1627 2372 densum
1656 2328 1687 2371 se
1710 2314 1787 2372 ludit
1802 2316 1831 2371 in

982 2397 1102 2455 bostem.
1117 2399 1283 2457 Tancredus
1297 2400 1422 2472 denique
1436 2416 1581 2459 concursu
1602 2403 1661 2459 ruit
1682 2402 1719 2457 ad
1736 2410 1832 2459 tento·

982 2487 1025 2543 ιιι
1041 2501 1154 2559 magno.
1170 2488 1294 2560 Agmina
1320 2503 1387 2545 cum
1404 2489 1527 2560 propriis
1551 2489 1675 2546 ducibus
1689 2488 1833 2545 bacchan-

982 2583 1031 2631 tur
1044 2576 1152 2646 ubiqne
1173 2591 1179 2630 :
1201 2576 1274 2633 liunt
1290 2584 1412 2633 cruenta
1438 2578 1566 2635 caedibus
1592 2591 1712 2649 aequora
1734 2577 1832 2648 plani·

980 2663 1093 2735 tiesque
1112 2664 1184 2733 loci;
1213 2664 1345 2735 protinus
1368 2665 1430 2722 baec
1452 2680 1506 2723 sua
1535 2659 1675 2736 pernicies
1698 2666 1832 2722 hostibus

981 2751 1162 2809 intoleranda
1176 2753 1249 2822 ιιιι;
1263 2756 1305 2809 ιιι
1318 2754 1501 2824 desperantes
1525 2769 1593 2810 mox
1613 2754 1701 2811 iniere
1716 2754 1829 2826 lugent.

980 2837 1016 2894 Et
1037 2839 1112 2896 sicut
1132 2848 1192 2897 erat
1228 2840 1379 2912 gentilium
1408 2843 1599 2899 numerositas
1627 2843 1765 2910 enormis,
1791 2844 1830 2898 ιιι

78 2948 145 2991 men
176 2933 253 3004 quod
281 2933 322 2989 eis
354 2932 522 2989 Ascalonem
559 2946 621 2989 esse
651 2932 839 3004 dignoscitur.
866 2934 1231 3008 lllicgconsequenteret
1256 2929 1330 2986 lacta
1350 2938 1392 2986 est
1410 2932 1566 2988 enormitas
1579 2931 1673 2989 caedis.
1697 2930 1727 2987 Si
1751 2929 1830 2988 enim

78 3022 180 3078 iraude
207 3020 358 3092 gentilium
392 3019 484 3076 multa
507 3027 576 3076 sunt
598 3020 766 3078 animalium
794 3023 925 3093 exposita

77 3110 178 3175 millia,
205 3110 302 3177 boum,
318 3107 493 3165 camelorum
522 3109 681 3179 oviumque
707 3110 925 3182 exanimique

77 3212 144 3256 cum
173 3198 299 3254 seniores
325 3196 500 3264 didicissent,
526 3197 561 3252 ad
589 3197 744 3255 illiciendos
761 3200 924 3268 praedarnm

77 3286 167 3357 copiis
189 3292 301 3341 nostros
316 3284 430 3352 emissa,
456 3285 597 3342 celebrato
616 3299 667 3355 per
695 3293 790 3342 castre
815 3300 923 3356 praeco-

77 3375 136 3441 nio,
164 3374 303 3431 mandant
319 3388 354 3430 ne
369 3373 397 3428 in
426 3373 590 3444 cujuspiam
618 3375 739 3431 tentorio
761 3374 922 3446 quidquam

76 3462 181 3534 praedte
208 3461 335 3533 eiusdem
364 3461 533 3531 reperiatur,
552 3462 607 3518 nisi
622 3470 764 3532 quantum
780 3463 862 3520 dictae
877 3464 924 3520 in-

75 3551 161 3609 stanti
179 3549 373 3607 necessarium
396 3547 457 3607 fore
479 3549 661 3618 probaretur.
679 3550 792 3606 interea
806 3553 923 3607 trecenti

74 3640 182 3696 Arabes
196 3645 359 3695 nostrorum
384 3650 445 3693 sese
456 3636 657 3706 conspectibus
681 3638 828 3709 ingerunt,
850 3654 924 3710 quos

76 3727 151 3785 illico
170 3727 260 3784 nostri
285 3734 365 3783 tanta
389 3724 525 3781 lacilitate
548 3733 714 3795 presserunt
735 3733 765 3782 ut
788 3724 861 3783 duos
885 3742 922 3784 ex

76 3817 117 3873 eis
140 3815 281 3887 iugaciter
304 3813 375 3872 actis
404 3815 591 3883 corriperent,
624 3821 741 3871 caeteros
767 3829 859 3886 usque
885 3816 921 3872 ad

75 3913 171 3961 castra
186 3918 239 3961 ιιι
255 3901 455 3974 persequendo
469 3902 623 3959 minarent.

114 3989 239 4064 [livill]
271 3989 339 4046 Sero
363 3989 461 4060 itaque
488 3989 567 4046 illius
594 3991 745 4061 ingruente
770 3991 836 4060 diei,
857 3991 922 4048 lecit

73 4094 124 4153 per
141 4080 312 4137 universum
326 4078 489 4134 exercitum
505 4078 718 4149 perfunctorius
733 4078 778 4135 ille
798 4079 919 4150 patriar-

75 4169 129 4226 cba
141 4167 263 4234 cantari,
290 4174 322 4223 ut
336 4165 477 4223 diescente
502 4167 733 4224 crastinoomnes
755 4168 921 4238 expediren-

980 3030 1092 3088 magnae
1121 3016 1235 3073 inerant
1262 3018 1400 3075 elationes
1418 3021 1516 3097 maris.
1542 3034 1603 3077 sese
1623 3028 1720 3077 tamen
1737 3020 1831 3077 multo

980 3104 1184 3162 mirabiliorem
1211 3107 1335 3163 ostendit
1362 3107 1502 3165 Dominus
1531 3112 1560 3164 in
1589 3109 1664 3165 altis.
1689 3109 1772 3166 Unde
1797 3115 1831 3165 nt

978 3197 1098 3254 evidens
1126 3197 1205 3254 steret
1221 3199 1319 3269 prelia
1339 3207 1419 3255 tanta
1440 3200 1542 3268 Deum,
1570 3214 1628 3256 non
1643 3199 1769 3255 borninis
1786 3198 1831 3256 le·

978 3285 1048 3341 cisse
1073 3298 1202 3352 manum,
1223 3287 1388 3356 patentibus
1402 3287 1491 3344 oculis
1505 3303 1594 3344 caecos
1609 3288 1737 3360 lugitare
1752 3286 1831 3344 vide·

979 3388 1034 3437 res.
1058 3381 1086 3429 et
1109 3374 1179 3430 dum
1201 3376 1341 3431 vitaturos
1367 3389 1449 3432 arma
1468 3391 1498 3433 se
1517 3377 1671 3444 aestimant,
1694 3390 1757 3433 sese
1785 3391 1831 3433 ar·

979 3462 1064 3519 matis
1076 3461 1227 3533 objiciunt.
1243 3463 1278 3519 Et
1294 3464 1363 3520 dum
1388 3479 1446 3521 non
1462 3473 1538 3536 patet
1552 3463 1651 3536 effugii
1668 3465 1749 3522 locus
1763 3465 1829 3535 ulli,

978 3551 1071 3607 ardua
1092 3564 1150 3607 non
1170 3558 1263 3608 tntum
1289 3551 1433 3624 plerisque
1452 3553 1572 3625 parabat
1592 3553 1705 3625 asylum
1730 3555 1829 3624 arbor,

979 3653 1030 3695 nec
1044 3647 1157 3695 nostras
1181 3647 1298 3709 potuere
1320 3640 1408 3698 latere
1431 3643 1566 3713 sagittas;
1586 3643 1748 3713 praecipites
1769 3658 1831 3700 ma-

978 3741 1051 3799 gnas
1064 3727 1111 3784 icti
1127 3727 1217 3785 iecere
1239 3729 1350 3795 ruinas,
1375 3738 1427 3787 ant
1449 3731 1554 3788 mortui
1578 3740 1628 3787 ιιι
1650 3731 1728 3788 flunt
1748 3733 1832 3790 semi·

977 3827 1060 3870 neces
1070 3815 1176 3885 jaculis
1190 3822 1242 3871 ιιι
1255 3815 1374 3873 ensibus
1386 3831 1485 3873 omnes
1502 3832 1576 3889 quos
1590 3819 1660 3890 luga
1672 3832 1731 3875 noo
1744 3820 1829 3888 texit,

976 3903 1105 3959 exercuit
1134 3903 1245 3974 gladios
1268 3911 1442 3968 nostrorum,
1474 3906 1554 3963 velut
1575 3908 1649 3963 inter
1676 3909 1827 3979 pecuaria,

976 3992 1076 4048 caedes.
1096 3993 1133 4048 At
1155 3991 1356 4064 sanct-rEgidii
1377 4008 1481 4063 comes,
1507 3995 1592 4066 juxta
1612 3996 1742 4068 contigui
1768 4012 1830 4055 ma-

976 4079 1015 4135 ris
1031 4092 1143 4148 arenas,
1161 4081 1210 4136 ubi
1232 4081 1262 4137 in
1292 4082 1385 4139 hostes
1414 4084 1562 4154 proprium
1592 4084 1755 4142 absolverat
1781 4101 1830 4159 ag-

975 4187 1051 4241 men,
1079 4181 1159 4230 tanta
1182 4189 1230 4232 eos
1253 4178 1434 4236 vehementia
1457 4179 1485 4235 in
1512 4195 1619 4237 morem
1648 4183 1830 4253 tempestatis

74 4264 124 4315 tur
148 4257 182 4313 ad
205 4254 336 4327 pretinm
356 4270 362 4310 :
380 4254 409 4310 id
428 4256 555 4325 opposito
582 4256 765 4313 anathemate
788 4256 923 4313 inhibens
940 4247 963 4303 Ι)
978 4262 1155 4334 aggreditur,
1184 4273 1217 4322 nt
1243 4264 1369 4337 ipsorum
1402 4282 1460 4324 non
1491 4283 1581 4340 parva
1610 4283 1726 4338 manns,
1753 4271 1828 4329 dum

74 4344 226 4416 «nequis
260 4345 335 4401 inter
362 4344 558 4401 dimicandum
590 4345 688 4415 spoliis
713 4345 865 4416 diripiendi
881 4346 921 4403 in·
974 4350 1042 4407 lerri
1062 4351 1184 4409 exitium
1200 4364 1351 4424 praecavet,
1367 4357 1499 4414 ultronea
1517 4358 1617 4430 pelago
1632 4368 1826 4431 mergeretur.

72 4435 193 4502 sisteret,
221 4433 298 4489 »sed
331 4432 397 4489 belli
420 4433 455 4489 ad
488 4432 575 4490 linem
611 4432 763 4505 colligendi
790 4435 920 4492 studium
1308 4445 1421 4502 cqpup
1441 4446 1489 4502 ιιι,

72 4522 198 4594 quisque
228 4520 365 4578 dillerret.
387 4521 536 4578 cedendis
567 4527 664 4577 autern
695 4520 827 4579 hostibus
850 4524 919 4581 adeo
1010 4525 1113 4600 [xlx.]
1133 4529 1229 4595 Quare
1252 4530 1313 4586 Deo
1334 4531 1505 4588 meribeudu
1524 4531 1653 4588 notoria.
1669 4565 1704 4575 -
1723 4535 1827 4607 Expli-

72 4618 155 4682 rogat
168 4610 308 4678 insistere,
324 4616 356 4666 ιι
375 4607 430 4664 bac
444 4608 509 4665 illac
525 4623 712 4679 nequaquam
746 4619 857 4680 curent,
884 4615 919 4670 ob
973 4613 1030 4670 cita
1056 4615 1154 4686 itaque
1173 4617 1229 4674 neu
1257 4628 1374 4677 auctore
1400 4620 1529 4688 victoria,
1555 4621 1720 4691 Babyloniae
1746 4624 1828 4694 prin-

71 4700 141 4756 vilie
162 4697 357 4755 emolumenta
381 4696 532 4762 divertere,
555 4711 591 4753 nc
615 4697 740 4769 alicujus
762 4712 851 4756 ιιιιι
871 4715 921 4758 cn·
972 4713 1038 4771 ceps
1057 4702 1175 4770 militiae,
1192 4705 1385 4776 quempatrie
1404 4706 1505 4779 lingua
1526 4709 1743 4767 Admiravisum
1768 4727 1826 4770 vo-

71 4787 200 4859 piditatis
243 4777 408 4844 incurrant
438 4789 537 4855 coeptae
573 4785 746 4844 detrimenta
780 4787 917 4847 victorie.
972 4789 1072 4855 citant,
1087 4790 1234 4858 contusus,
1252 4799 1280 4849 ιι
1298 4793 1490 4851 intortunium
1510 4797 1587 4867 quod
1603 4798 1656 4854 sibi
1678 4799 1826 4859 acciderat

71 4875 158 4933 Sexta
190 4876 327 4933 illuxerat
353 4874 435 4937 teria,
456 4882 484 4931 et
506 4887 571 4931 ecce
592 4875 785 4947 progredienti
809 4877 918 4936 mittite
972 4878 1041 4933 satis
1062 4878 1200 4935 admirari
1218 4893 1276 4937 non
1301 4882 1471 4951 praevalens,
1500 4885 1591 4941 multa
1619 4890 1823 4958 conqueritur.

71 4973 176 5022 nostrae
195 4963 390 5036 pulcherrima
413 4963 498 5019 vallis
520 4963 646 5020 occurrit
663 4978 669 5018 :
684 4964 793 5036 ibique,
813 4966 841 5021 in
858 4966 920 5037 ipsa
972 4963 1177 5025 Considerabat
1211 4968 1351 5026 nimirum
1392 4971 1519 5029 infinitas
1548 4988 1622 5045 quas
1658 4975 1827 5035 adduxerat

71 5052 199 5124 contigui
224 5051 350 5124 aequoris
375 5050 503 5121 planitie,
529 5051 655 5108 acierum
684 5066 805 5110 suarum
829 5053 918 5111 iecere
971 5052 1077 5124 copias,
1104 5055 1279 5114 laetissimam
1299 5059 1502 5128 juventutem
1520 5061 1687 5120 tortitudine
1707 5078 1740 5122 ιι
1758 5080 1824 5136 spe·

69 5139 247 5198 discrimina.
278 5141 345 5197 Dux
370 5141 431 5211 jam
459 5147 588 5196 mutatus
621 5139 651 5195 in
684 5154 792 5212 regem,
824 5156 918 5198 comes
971 5141 1013 5198 cie
1037 5156 1119 5200 arma
1144 5145 1260 5214 nobilia,
1288 5148 1515 5206 commilitonum
1540 5164 1616 5220 opes,
1651 5160 1689 5220 et,
1719 5161 1753 5210 ut
1783 5154 1825 5211 sic

71 5229 264 5298 Flandrensis,
317 5228 472 5299 itidemque
515 5227 769 5296 Nortbmennicus‚
822 5229 918 5287 Sanct·
971 5230 1106 5300 dixerim,
1131 5242 1236 5290 cuncta
1260 5237 1427 5308 equestria3
1453 5245 1480 5294 et
1503 5240 1582 5310 quod
1600 5240 1705 5297 animis
1730 5244 1824 5299 maxi·

70 5317 252 5391 AEgydiensis
283 5331 387 5384 comes,
420 5317 597 5373 boloniensis
629 5316 813 5385 Eustachius,
859 5332 918 5373 une
971 5333 1048 5377 mam
1063 5336 1247 5394 quorumque
1263 5325 1397 5382 inertium
1417 5340 1518 5396 parere
1533 5328 1717 5387 securitatem
1738 5333 1822 5399 solet,

70 5404 235 5462 aenomaus
247 5411 274 5459 et
288 5404 404 5472 Gaston,
423 5403 514 5475 aliqui
529 5403 701 5475 singulares,
718 5418 800 5473 pares
814 5404 915 5477 aliqui,
971 5421 1023 5478 pro
1046 5407 1159 5467 foribus
1180 5412 1262 5469 urbis
1280 5427 1350 5482 ιιι,
1377 5415 1413 5470 ad
1435 5430 1524 5488 quam
1547 5424 1625 5473 certa
1648 5418 1774 5491 refugia,
1792 5419 1821 5476 in

69 5489 233 5564 compositis
257 5491 424 5560 agminibus
445 5491 634 5562 praeluerunt.
651 5490 782 5550 Peditum
797 5493 915 5565 sagitta·
970 5498 1087 5566 propria
1104 5500 1280 5569 pugnavisse
1302 5502 1461 5572 provincia.
1487 5504 1524 5561 tr
1545 5504 1671 5563 Francos
1687 5505 1820 5565 intueba-
