3818 6008
113 270 165 324 939
560 264 590 318 tt.
611 261 780 319 uurouurl
796 261 941 318 aboatis
959 260 986 316 S.
1009 259 1128 315 neuile
1147 258 1193 315 ott
1214 255 1410 314 duvlduuro
1516 293 1525 301 ·
1816 252 1866 306 tto

111 406 301 466 excrescente,
325 397 411 453 etiam
435 396 511 451 circa
538 392 683 450 annulum
710 391 778 448 binc
806 391 872 448 iude
891 404 959 447 caro
977 395 1001 448 Α
1016 396 1091 445 rant.
1108 389 1234 459 Epasmo
1259 386 1349 459 igitur
1377 384 1489 441 rediens
1521 383 1556 440 ad
1586 382 1708 440 clericos
1724 395 1763 438 an
1789 382 1865 453 loqui

112 489 313 561 protuberans,
341 484 488 541 metallum
514 496 586 553 pene
618 485 794 549 contexerat,
826 480 904 537 uude
932 487 960 536 et
1013 478 1107 534 valeat
1118 485 1146 533 et
1161 477 1256 533 nescio
1271 475 1379 545 quibus
1394 473 1489 530 verbis
1505 471 1712 543 interrogando
1728 478 1865 528 tentatur.

109 576 256 635 eximendi
278 587 343 630 eum
360 570 480 643 adigito
495 584 559 641 spes
570 577 629 625 tota
643 569 777 639 perierat.
794 567 961 622 Advenieu-
1014 567 1081 623 llox
1111 565 1157 621 ille
1170 565 1269 621 eadem
1296 578 1362 634 quae
1389 563 1518 619 audierat
1537 576 1555 618 a
1571 568 1795 631 percunctatore
1821 573 1865 616 re

113 664 303 733 tibusltaque
326 662 416 718 sacris
439 656 794 730 pignoribustmdum
813 663 875 726 post
898 667 960 710 ser-
1014 655 1139 726 spondit.
1164 653 1296 709 latinitas
1331 653 1425 708 cuncti
1454 651 1560 723 glorias
1589 651 1620 705 in
1653 648 1783 705 sublime
1814 648 1867 704 lieo

111 765 225 808 monem
249 751 380 807 habitum
410 764 476 805 cum
505 749 613 803 caeteris
638 745 808 801 mulieribus
827 743 962 800 oblatura
1014 744 1155 810 tulerunt,
1171 742 1238 814 quis
1260 742 1336 797 dicat
1364 731 1495 811 jubilos?
1514 739 1645 809 Denique
1664 740 1702 793 ad
1726 736 1867 805 Nigellam

111 841 246 903 venisset,
270 852 336 894 cum
354 851 473 893 manum
490 835 655 891 tetendisset
678 834 714 889 ad
744 833 884 902 reliquias
911 845 960 887 ar·
1014 832 1152 902 oppidum
1179 829 1352 886 omnimodis
1381 829 1512 898 precibus
1536 828 1631 884 redire
1658 832 1822 898 coguntur,
1839 833 1868 881 ut

112 936 230 1000 gentum
251 926 416 996 depositura
438 924 515 994 quud
544 923 659 987 tolerat,
684 921 796 990 crepuit
822 919 960 987 annulus,
1014 920 1091 992 quod
1117 919 1206 975 sacris
1232 919 1330 974 miuus
1350 919 1443 988 primo
1474 915 1649 982 detulerant,
1680 913 1868 984 integerrime

112 1017 207 1073 etsub
220 1029 309 1071 mauu
325 1015 415 1084 ipsius
433 1018 612 1068 antesancta
632 1009 794 1066 collabitur.
816 1008 878 1076 Quo
901 1009 961 1064 viso
1015 1009 1207 1080 suppleretur.
1234 1006 1314 1074 Quod
1339 1013 1367 1062 et
1395 1005 1500 1062 eximie
1515 1004 1622 1060 lactum
1651 1011 1706 1060 est.
1727 1003 1763 1059 Et
1781 1002 1828 1058 hic
1842 1016 1869 1058 sc

111 1104 246 1176 populus,
262 1110 290 1158 et
305 1103 430 1158 maxime
444 1099 587 1165 mulieres,
605 1098 682 1169 quod
702 1105 811 1153 tantam
838 1097 960 1167 gratiam
1014 1095 1183 1152 clariticavit
1207 1095 1339 1162 Domine,
1356 1092 1441 1164 eujus
1457 1091 1547 1148 Filius
1567 1092 1651 1157 heus,
1672 1103 1743 1161 quai
1759 1088 1869 1145 hucus-

110 1193 201 1249 Mater
214 1190 303 1260 Virgo
316 1189 427 1245 lumime
444 1187 485 1245 illi
500 1186 670 1254 contulerat,
687 1186 765 1257 quod
788 1185 874 1241 etiam
898 1185 961 1254 ipsa
1015 1199 1072 1255 que
1087 1184 1238 1241 distulerat
1257 1191 1370 1239 naturae
1381 1182 1457 1238 dona
1470 1184 1661 1236 consummat.

111 1289 207 1351 petere
223 1294 280 1335 nou
295 1277 430 1344 audebat,
442 1276 498 1332 dici
508 1290 564 1331 nou
581 1282 671 1345 potest
686 1273 756 1345 quid
773 1286 960 1330 nummorum
1334 1269 1450 1327 ChPlll'
1463 1268 1542 1325 xiil.

111 1367 246 1439 populus,
262 1366 331 1437 quid
347 1366 527 1435 potissimum
555 1363 668 1419 lemiuae
691 1361 841 1417 monilium
870 1374 962 1416 annu·
1050 1360 1099 1416 Ad
1113 1359 1221 1433 Araplos
1234 1353 1768 1430 benesenmturreliquia.-Exiude
1782 1360 1868 1410 trans

112 1457 266 1526 lorumque
298 1453 482 1511 mutulerint.
501 1453 596 1522 Pagus
619 1451 797 1507 Turconicus
819 1449 960 1505 virtutum
1014 1449 1143 1506 marinas
1158 1448 1274 1519 petituri
1303 1453 1407 1517 partes,
1430 1459 1542 1502 eumse
1570 1444 1639 1499 huic
1654 1443 1867 1499 mediterraneo

112 1542 419 1601 communisomuium
434 1540 564 1596 Domine
577 1537 891 1610 jucundabaturodore
906 1551 962 1593 res
1014 1538 1126 1596 Oceano
1151 1536 1347 1603 contulissent,
1364 1535 1515 1605 opulentos
1531 1533 1673 1603 quosdam
1697 1538 1866 1588 mercatores

112 1646 233 1704 persus;
248 1639 358 1686 atvero
379 1629 596 1700 audegavensis
607 1626 756 1698 jactitabat
781 1640 810 1682 se
835 1625 882 1682 bei
904 1625 958 1682 Ge·
1016 1627 1071 1683 sub
1098 1627 1197 1682 eadem
1229 1623 1329 1681 classis
1362 1622 1507 1680 evectione
1550 1620 1699 1687 habentes,
1742 1619 1864 1676 securus

112 1718 314 1777 nitricemhab
333 1731 437 1787 repre
455 1717 596 1772 manibus.
979 1686 1158 1787 Bquantum
1182 1713 1218 1769 ad
1249 1712 1368 1769 llamiua
1391 1724 1508 1783 equore
1531 1710 1711 1767 terebantur.
1743 1708 1782 1764 Et
1806 1722 1864 1764 ecoe

147 1804 473 1863 Mirueulume.ldulier
488 1805 680 1877 haustaeque
696 1802 815 1858 acueris
827 1801 961 1873 reliquiis
1014 1802 1197 1869 immanium,
1228 1814 1301 1873 quos
1331 1799 1455 1855 multum
1488 1797 1676 1863 verebantur,
1706 1795 1862 1866 piratarum

112 1893 518 1964 tactu,conveluit.-hlias,
548 1893 715 1962 sedquoid
744 1900 840 1947 actum
857 1893 893 1947 sit
907 1905 960 1960 op-
1014 1891 1195 1962 conspiciunt
1224 1890 1278 1946 sibi
1308 1890 1442 1959 ingruere
1477 1899 1514 1942 ex
1540 1884 1664 1940 adverso
1701 1885 1859 1941 salandras.

111 1985 178 2055 pido
192 1983 276 2053 plane
290 1981 453 2052 exprimere
479 1995 536 2036 uon
554 1994 680 2050 possum,
692 1980 722 2036 iu
741 1980 839 2036 eadem
865 1987 960 2036 tamen
1013 1980 1146 2050 Cumque
1172 1977 1259 2034 remis
1284 1975 1378 2033 undas
1401 1973 1584 2029 verrentibus
1597 1971 1635 2028 illi
1653 1971 1861 2044 adnavigantes

112 2071 237 2137 dioecesi,
260 2069 296 2126 ad
312 2069 468 2140 quemdam
494 2068 641 2124 honestam
666 2067 811 2134 lemioam,
837 2067 962 2124 diutissi·
1014 2069 1156 2125 ductuum
1181 2065 1313 2122 cumulos
1332 2076 1418 2134 prora
1442 2061 1612 2128 dividerent,
1641 2060 1759 2132 vixque
1786 2062 1860 2118 stadii

112 2174 159 2217 ma
180 2173 233 2215 nec
256 2158 352 2213 minus
373 2157 525 2226 desperata
550 2157 716 2212 intirmitate
732 2156 887 2223 detentam,
900 2157 961 2227 ipsa
1015 2156 1164 2213 interstitio
1186 2153 1326 2212 anostris
1342 2152 1519 2220 absisterent,
1549 2157 1577 2206 et
1596 2144 1752 2206 sacrorum
1779 2151 1861 2221 porti-

112 2260 295 2316 summopere
320 2253 442 2315 petente,
460 2244 591 2314 reliquia
605 2244 707 2301 delata
719 2252 817 2300 sunta
840 2245 960 2301 clericis.
1015 2253 1088 2302 tores
1102 2259 1168 2301 cum
1191 2244 1323 2314 epiratis
1346 2241 1430 2297 valde
1456 2247 1627 2306 metuerent,
1654 2241 1811 2311 consurgit
1835 2239 1860 2293 iu

112 2333 267 2402 Quascum
282 2332 566 2403 illapraecordialiter
580 2339 716 2388 venerata
731 2331 838 2398 luisset,
855 2332 961 2388 sacris-
1013 2332 1238 2403 medioquidam
1260 2338 1372 2388 nostras
1393 2330 1551 2401 presbyter,
1577 2338 1605 2386 et
1629 2328 1747 2385 elevato
1768 2329 1862 2399 phyla-

113 2437 172 2493 que
187 2423 264 2479 uude
279 2422 378 2478 dilutae
397 2421 512 2478 luerant
534 2428 629 2491 potata
644 2420 777 2477 laticibus
799 2434 852 2476 nec
881 2434 962 2476 mora
1013 2423 1112 2489 cterio,
1139 2421 1169 2477 in
1200 2434 1258 2492 quo
1289 2419 1365 2491 regis
1404 2416 1531 2491 [reginae]
1567 2416 1707 2473 coelorum
1745 2415 1863 2488 pignora

112 2511 204 2567 ldarla
219 2510 378 2565 medicante
390 2508 548 2566 convaluit.
570 2508 701 2579 Cumque
720 2522 803 2566 sacra
817 2509 865 2564 Dei
878 2509 960 2565 debi·
1014 2508 1196 2570 teuebantur,
1209 2520 1245 2563 ex
1269 2506 1329 2563 lilii
1352 2513 1380 2563 et
1396 2506 1494 2562 lhatris
1520 2504 1637 2562 nomine
1650 2505 1694 2561 eis
1717 2503 1865 2561 interdixit

113 2598 150 2654 tis
176 2596 346 2653 muneribus
379 2595 556 2662 honorasset,
593 2602 621 2651 et
655 2598 777 2664 partitor
812 2609 959 2652 sacrorum
1014 2594 1593 2666 adventumNeemoraproimperioad
1614 2594 1742 2664 puppim
1760 2593 1864 2650 rediere

113 2687 214 2757 pedem
230 2699 247 2740 a
261 2686 365 2740 domus
384 2684 482 2740 limine
503 2683 680 2751 excessisset,
708 2698 773 2740 ecre
793 2698 864 2753 puer
886 2699 961 2755 equo
1014 2691 1099 2752 rates,
1126 2697 1178 2740 uec
1206 2683 1308 2738 niinori
1342 2689 1410 2738 sunt
1434 2681 1578 2737 celeritate
1604 2680 1695 2751 [deest
1719 2680 1771 2736 hic
1786 2681 1866 2751 sorte

113 2773 250 2839 insidens,
279 2773 458 2842 rhedamque
491 2772 616 2840 trabeus,
647 2771 790 2842 angiporti
822 2773 958 2841 medium,
1013 2771 1138 2842 expulsi]
1154 2785 1243 2842 quam
1258 2770 1416 2826 accelerare
1432 2770 1596 2840 gestierant.
1616 2769 1690 2825 lliuc
1708 2769 1777 2826 laus
1791 2769 1864 2840 apud

112 2874 163 2931 per
178 2859 255 2931 quod
277 2859 453 2916 transiturus
482 2858 585 2926 luerat,
612 2860 780 2928 occupabat.
806 2860 849 2915 hd
873 2875 959 2930 quem
1014 2861 1157 2922 liberatus,
1172 2859 1240 2915 hinc
1263 2859 1363 2930 gloria,
1393 2866 1564 2914 mercatores
1590 2858 1674 2913 boum
1696 2857 1740 2914 illi
1770 2858 1866 2914 llaria

113 2949 253 3006 clericus:
268 2946 326 3014 Sta,
344 2948 448 3017 inquit,
464 2947 555 3003 donec
569 2955 668 3002 sancta
679 2955 857 3017 praetereaut.
877 2949 961 3005 cum·
979 2959 1000 3016 c
1015 2948 1222 3021 gratulabundi
1238 2946 1328 3003 multa
1339 2946 1393 3003 sibi
1408 2945 1537 3002 obtulere
1553 2945 1655 3015 pretia.

113 3051 172 3109 que
181 3036 352 3107 praeterisset
367 3034 440 3090 lator
452 3048 563 3103 eorum,
579 3042 607 3091 et
623 3035 668 3091 ille
683 3034 825 3092 caballum
856 3050 960 3108 urgere
1051 3037 1106 3103 Qui
1128 3038 1237 3091 cultum
1258 3035 1351 3092 auerte
1370 3033 1537 3107 pignonlua
1562 3033 1748 3108 &separant
1768 3033 1867 3092 rustici

113 3126 254 3195 cupisset,
285 3123 320 3179 ad
349 3123 545 3193 repetitionem
576 3123 686 3179 itineris
712 3137 858 3194 nusquam
890 3125 958 3181 eniti
1011 3126 1183 3198 puniuntur.
1208 3154 1241 3168 -
1263 3126 1357 3195 lgitur
1386 3137 1520 3194 prospere
1547 3123 1657 3181 devecti
1680 3125 1719 3180 ad
1750 3125 1863 3197 huglos,

113 3213 216 3284 potuit.
249 3214 310 3276 Quo
340 3211 495 3282 respiciens
521 3210 567 3267 ille
590 3212 641 3282 qui
662 3212 770 3267 terebat
802 3212 958 3282 reliquias:
1014 3229 1080 3271 cum
1107 3214 1142 3269 ad
1171 3213 1396 3270 wintoniensem
1432 3211 1576 3268 venisseut
1606 3212 1711 3268 urbem
1743 3213 1863 3283 plurima

113 3301 202 3367 Vade,
219 3301 324 3371 iuquit,
347 3300 503 3355 innomine
523 3299 646 3355 Domini.
664 3300 699 3355 Et
715 3300 766 3355 hoc
778 3299 853 3356 dicto
866 3315 962 3371 equus
1015 3303 1085 3360 inibi
1108 3303 1249 3359 miracula
1275 3302 1454 3358 claruerunt.
1470 3300 1552 3370 Apud
1568 3299 1778 3359 lissecestriaru
1794 3317 1863 3375 quo-

113 3390 221 3461 pariter
242 3396 270 3445 et
298 3388 388 3444 rheda
412 3387 603 3458 progreditur.
633 3387 705 3443 Ecce
729 3402 795 3458 que
817 3389 844 3443 iu
867 3389 958 3445 llaria
1014 3405 1071 3463 qne
1087 3405 1144 3446 nou
1163 3389 1289 3460 disparia
1317 3391 1512 3461 contigerunt,
1533 3402 1699 3460 caumsque
1726 3391 1863 3462 plurimo·

113 3484 241 3547 prestas,
264 3489 412 3546 quamque
427 3475 617 3532 reverentiam
631 3475 685 3531 sibi
704 3477 804 3548 exigit.
1012 3493 1078 3536 rum
1095 3492 1250 3535 munerum
1265 3476 1430 3534 etlecerunt.
1447 3476 1606 3534 iaceamus
1632 3480 1865 3537 consuetudina-

148 3564 325 3620 Ma‘rueulum
343 3565 370 3619 d.
397 3564 536 3619 Auditum
564 3567 652 3635 utque
679 3564 822 3636 loquelam
855 3564 961 3639 recipit
1014 3567 1073 3624 rios
1097 3566 1304 3639 egritudinum
1336 3565 1500 3633 medicinas,
1532 3565 1646 3623 insolita
1674 3568 1865 3640 attingamus.

104 3654 286 3726 juvenia-
304 3653 430 3710 lutertia
446 3653 617 3723 protectione
641 3654 717 3724 apud
733 3653 868 3724 digellam
884 3655 959 3726 (vul-
1016 3656 1079 3713 Nou
1095 3654 1171 3711 euim
1195 3654 1248 3710 ode
1264 3654 1398 3724 puricum
1421 3667 1521 3710 corum
1536 3653 1705 3718 scribimus,
1736 3656 1792 3727 ipsi
1806 3671 1869 3714 cou-

114 3757 150 3814 go
173 3741 271 3811 Nellel
298 3755 346 3797 eos
360 3740 480 3812 contigit
502 3740 639 3797 devenire
653 3740 813 3797 castellum.
832 3742 960 3798 ilabebat
1014 3744 1150 3810 scribant,
1167 3757 1218 3799 uec
1230 3741 1303 3798 lacta
1315 3741 1421 3798 viritim
1448 3741 1496 3799 sed
1525 3757 1651 3814 qumque
1664 3745 1869 3814 praedicatoria

113 3836 209 3887 autem
237 3829 408 3899 hadulphus
435 3829 571 3886 domiuus
590 3830 677 3886 castri
711 3829 802 3900 ipsius
822 3831 959 3901 juvenem
1015 3831 1205 3903 decerpimus.
1226 3832 1258 3887 ln
1288 3831 1423 3888 omuibus
1448 3844 1521 3900 peue
1547 3829 1616 3887 locis
1640 3839 1870 3903 revereuter,nt

112 3925 228 3974 mutum
241 3925 269 3973 et
283 3917 405 3972 surdum
421 3917 451 3972 iu
465 3916 550 3972 domo
578 3931 640 3985 sua,
667 3931 753 3988 quem
778 3926 805 3975 et
825 3919 960 3988 perhibe·
1013 3919 1201 3990 competebat,
1215 3920 1336 3987 excepti,
1367 3932 1433 3974 cum
1461 3917 1496 3974 ad
1527 3918 1807 3989 vicumquemdam
1827 3933 1871 3977 ve·

112 4004 184 4061 bant
198 4005 348 4060 divinandi
364 4005 512 4061 scientiam
542 4005 620 4061 haud
641 4006 764 4062 dubium
781 4008 852 4077 quin
869 4008 960 4063 adu·
1017 4009 1136 4073 uisseut,
1153 4021 1211 4063 uon
1235 4019 1251 4062 e
1279 4006 1445 4077 presbytero
1470 4006 1548 4062 intra
1574 4007 1740 4076 eeclesiam,
1767 4024 1830 4066 nou
1854 4021 1870 4065 a

112 4092 381 4162 monibushebere;
400 4106 486 4162 quem
510 4100 537 4149 et
553 4093 616 4149 ideo
635 4093 794 4164 plurimum
816 4095 960 4151 terebatur
1016 4096 1133 4153 rusticis
1145 4097 1220 4151 intra
1242 4095 1340 4150 domos
1367 4094 1537 4150 habitabiles
1556 4095 1673 4152 admissi
1691 4104 1784 4165 suut;
1800 4098 1869 4155 duas

112 4193 220 4236 amare.
250 4180 344 4236 sacra
373 4195 443 4251 ergo
471 4181 600 4252 reliquiae
624 4190 716 4239 castro
736 4183 865 4246 invecta,
890 4185 959 4240 satis
1015 4185 1085 4241 inibi
1101 4184 1166 4241 siue
1185 4183 1369 4240 mansoribus
1392 4184 1466 4240 redes
1481 4192 1662 4253 repererunt,
1687 4186 1719 4242 iu
1734 4201 1827 4244 uuam
1842 4201 1869 4242 sc

112 4268 389 4325 tenuibusdonariis
413 4270 636 4341 suntapopulo
660 4271 817 4327 bonoratur.
835 4271 955 4329 llleau·
977 4234 1042 4328 ¹let
1076 4286 1129 4328 sua
1162 4271 1367 4341 impedimenta
1394 4271 1491 4327 omnia
1519 4272 1713 4342 conterentes,
1750 4275 1867 4332 alteram

76 4384 81 4391 ·
112 4363 167 4413 tem
185 4357 455 4421 mutusetsurdus,
473 4359 519 4414 eui
539 4358 647 4428 praelati
673 4360 787 4415 mutiet
812 4360 958 4432 surdiper
1014 4361 1104 4417 sacris
1116 4360 1247 4429 reliquiis
1267 4367 1450 4430 aptaverunt.
1464 4360 1647 4432 Nequissimo
1662 4363 1770 4435 itaque
1785 4364 1867 4436 vulgo

111 4445 335 4516 significationes
358 4445 522 4502 innotuerat
541 4446 659 4515 sanitas,
683 4446 739 4502 imo
759 4455 787 4503 et
805 4450 958 4518 praeseutia
1014 4449 1043 4506 in
1059 4463 1113 4506 sua
1128 4458 1227 4506 contra
1242 4449 1356 4506 divinas
1384 4463 1429 4506 res
1446 4449 1605 4519 pertinacia
1620 4452 1815 4521 perdurante,
1841 4454 1866 4508 in

109 4533 274 4602 videbatur,
300 4533 402 4590 calceis
427 4534 487 4589 suis
513 4534 629 4591 cuidam
654 4536 773 4604 pauperi
799 4537 955 4606 attributis,
1013 4539 1138 4594 crastino
1158 4537 1252 4593 clerici
1275 4552 1341 4594 cum
1359 4538 1395 4594 ab
1422 4537 1470 4593 illo
1491 4551 1559 4594 rure
1586 4540 1779 4611 migrassent,
1807 4548 1865 4598 ecce

109 4623 243 4693 nudipes,
268 4628 295 4679 et
321 4630 415 4679 mente
445 4630 617 4693 compuncta
649 4623 827 4680 lehumnum
857 4627 956 4697 (vulgo
1011 4626 1205 4682 tonitruorum
1221 4630 1295 4680 514
1318 4625 1444 4695 crepitus
1459 4625 1800 4687 terrilicumenubibus
1813 4628 1861 4686 lul·

108 4711 214 4767 bibone
246 4727 282 4765 en
308 4711 457 4781 santerre)
483 4713 687 4768 monasterium
713 4727 806 4783 usque
834 4714 956 4785 pignora
1011 4727 1076 4769 men
1091 4714 1239 4783 expressit,
1262 4714 1338 4784 quod
1368 4713 1502 4771 decidens
1523 4715 1617 4787 burgo
1644 4716 1687 4772 illi
1718 4719 1815 4785 irruit,
1837 4724 1861 4773 et

108 4811 190 4856 sacra
202 4799 396 4869 prosequitur.
414 4798 546 4870 Cumque
558 4800 612 4856 sub
627 4799 727 4857 leretrc
748 4802 871 4858 interdiu
904 4816 956 4858 ex·
1010 4802 1185 4872 omniaque
1214 4801 1243 4857 iu
1274 4802 1321 4858 illo
1347 4801 1461 4860 luerent
1483 4802 1653 4860 habitacula
1684 4806 1716 4863 in
1740 4806 1858 4864 lavillam

109 4887 239 4953 cubaret,
255 4888 324 4943 hora
340 4887 499 4957 prandendi
512 4889 680 4960 contigerat.
701 4890 835 4946 Plurimis
859 4891 956 4960 itaque
1009 4890 1104 4946 vertit.
1121 4891 1165 4955 Et,
1188 4905 1204 4946 o
1233 4890 1282 4946 Dei
1309 4891 1383 4947 mira
1407 4889 1556 4947 discretio!
1573 4906 1642 4948 cnm
1660 4893 1720 4952 illae
1734 4897 1801 4952 duae
1813 4894 1858 4950 do

109 4972 279 5029 clericorum
308 4971 445 5028 euntibus
467 4986 560 5037 esum,
590 4981 617 5029 et
651 4988 740 5044 parvo
770 4988 889 5031 numero
918 4975 955 5031 ad
1009 4991 1076 5033 mus
1099 4978 1234 5034 intersita
1249 4978 1313 5034 aliis
1336 4993 1402 5048 quae
1421 4979 1560 5036 ardebant
1592 4990 1692 5039 esseut
1722 4983 1854 5043 domibus

108 5060 268 5116 custodiam
285 5066 450 5115 remanente
473 5072 633 5130 sacrorum,
647 5077 714 5117 cum
730 5068 757 5117 rt
770 5062 824 5132 ipsi
846 5063 955 5132 paulu·
1007 5064 1063 5122 ille
1077 5073 1297 5131 monserantur
1313 5066 1388 5122 Deus
1404 5066 1522 5123 evidens
1534 5067 1617 5124 daret
1633 5069 1778 5129 iudicium
1798 5083 1853 5142 pro·

106 5146 168 5203 lum
194 5155 279 5204 extra
304 5147 453 5204 ecclesiam
479 5148 699 5206 deambulatum
731 5151 827 5217 issent,
853 5165 954 5208 rever·
1009 5160 1072 5224 pter
1085 5154 1310 5222 irreverentiam,
1335 5168 1424 5225 quam
1444 5169 1513 5226 erga
1536 5156 1585 5212 oet
1615 5155 1792 5218 Genitmem
1815 5159 1853 5214 ha

108 5242 199 5291 mutes
227 5236 378 5293 inveniunt
408 5237 552 5293 hominem
579 5238 638 5293 solo
660 5245 781 5294 stratum
807 5247 954 5310 tantopere
1008 5241 1146 5309 buerunt,
1163 5243 1237 5298 idem
1264 5242 1384 5299 miseros
1403 5242 1533 5300 homiues
1556 5258 1658 5315 passos
1681 5247 1848 5305 incendium.

105 5323 217 5389 vexari,
230 5333 262 5380 ut
273 5325 309 5381 ab
320 5339 368 5382 ore
383 5325 475 5395 ipsius
493 5332 520 5382 et
534 5326 655 5383 auribus
669 5340 756 5390 cruor
768 5342 834 5383 cum
848 5341 953 5400 magno
1008 5333 1044 5386 ht
1069 5330 1217 5401 presbyter
1231 5331 1389 5402 improbus,
1404 5333 1454 5403 qui
1474 5333 1504 5388 in
1520 5332 1658 5391 barbaris
1672 5351 1750 5409 quos
1762 5336 1849 5393 docere

107 5407 196 5463 letore
226 5410 389 5480 proflueret.
415 5412 478 5476 Quo
496 5413 591 5470 clerici
618 5415 689 5482 viso,
713 5423 741 5471 et
772 5417 873 5483 socios,
901 5419 952 5490 qui
1006 5417 1154 5487 debuerat,
1179 5419 1378 5478 crudelitatem
1411 5428 1545 5490 auxerat,
1573 5421 1700 5481 collecta
1723 5421 1848 5497 suppelle

104 5504 244 5562 pransum
264 5494 365 5565 ierant,
382 5497 417 5553 ad
434 5497 578 5555 theatrum
601 5499 672 5556 tanti
690 5499 821 5558 miraculi
845 5503 952 5560 accele-
1007 5506 1065 5563 ctlli
1082 5520 1170 5578 quam
1200 5507 1315 5579 ignibus
1339 5509 1500 5568 celestibus
1522 5523 1553 5568 se
1575 5513 1766 5585 praeripuisse
1783 5525 1843 5585 gan·
