3818 6008
325 220 557 286 TROPOLOGIAE
576 228 610 284 lrl
629 226 730 294 osuit,
751 227 844 285 auos
864 229 905 284 ET
923 227 996 283 tert.
1014 256 1048 268 -
1069 228 1133 283 tle.
1155 229 1186 284 V.
1208 229 1333 287 tlt-tuit.
1654 233 1706 289 leo

56 361 114 415 aies
126 374 181 413 aon
194 359 291 424 dalur,
305 373 372 416 eum
386 358 594 425 laborantibus,
604 360 691 430 iuxta
705 358 805 414 levan-
823 365 926 418 lleum
941 359 1112 416 maturiores
1126 359 1214 419 animi
1231 361 1356 429 babitus,
1372 361 1424 432 qui
1439 362 1593 433 aliquoties
1614 364 1705 433 pudo·

56 463 72 515 t,
93 455 120 503 ct
148 446 273 502 oneratis
299 446 414 502 relectio
440 448 560 503 internae
586 446 694 517 requiei
724 446 805 502 nulla
858 446 949 501 ratius
963 447 1101 513 sentiunt,
1122 460 1261 504 sensuum
1277 448 1405 504 levitates
1416 449 1592 519 irrumpunt.
1608 449 1707 505 Facies

56 535 122 592 litur
137 534 252 603 (Metti.
272 550 312 602 nr,
328 536 383 605 te).
858 541 954 590 autem
969 547 1020 605 pro
1039 536 1191 604 praesentia
1204 536 1249 592 vel
1263 537 1428 608 cognitione
1442 537 1471 592 in
1487 537 1644 608 scripturis
1664 552 1707 594 so-

56 638 76 680 s.
92 627 118 678 6.
145 652 180 662 -
208 644 219 672 ι
244 623 367 693 AEgypto
391 622 524 678 dedimus
547 636 677 689 uranum,
705 630 732 679 ct
754 623 805 678 As·
857 623 915 679 lere
930 623 1020 692 accipi
1032 623 1105 678 nulli
1121 623 1244 679 dubium
1255 631 1308 680 est.

56 726 76 780 s,
95 719 127 768 ut
142 719 343 768 saturaremur
360 724 473 781 pane.»
493 711 669 781 AEgpptodat
683 726 804 779 monam,
893 711 976 767 Vnus.
995 713 1038 765 lt.
1064 740 1094 751 -
1114 733 1125 759 ‹
1151 711 1388 769 Adulescentibus
1410 712 1495 783 impie
1523 712 1606 769 abusi
1625 719 1704 782 sunt,

56 801 130 857 nndo
145 799 278 856 attribuit
293 800 467 869 operationis
481 814 541 856 suae
555 799 694 856 studium.
714 801 805 868 Arop-
859 820 873 848 a
889 806 916 855 et
931 798 1012 867 pueri
1026 799 1056 854 in
1072 799 1149 870 ligno
1173 809 1353 857 corruerunt.
1374 822 1384 849 r
1411 802 1492 858 lunc
1506 800 1707 871 adolescimus,

56 902 99 944 em
114 888 172 952 dal,
188 888 239 958 qui
264 887 450 954 curialitates,
472 895 500 943 et
523 888 640 943 uomina
654 900 731 942 vana
751 888 803 943 sibi
859 887 976 943 eumad
997 887 1108 957 aliquot
1129 889 1232 944 mentis
1253 889 1343 944 robur
1361 889 1563 945 excrescimus.
1581 889 1635 946 Sed
1652 891 1707 946 hac

56 976 264 1047 .at;bocenim
289 977 389 1043 Assur,
416 975 728 1046 quiculodicitur,ex
751 976 806 1032 bo·
858 973 1048 1031 adolescentia
1078 975 1221 1044 impudice
1258 977 1417 1043 abutimur,
1459 991 1525 1033 cum
1561 977 1706 1035 bonarum

56 1065 239 1120 taulicornm
257 1063 332 1119 lasce
347 1064 488 1135 designat.
504 1065 541 1119 Et
560 1064 614 1118 hcc
628 1063 673 1132 sit,
690 1070 720 1118 ut
733 1078 806 1134 pone
859 1062 966 1117 artium
982 1063 1174 1119 valetudinem
1199 1066 1228 1120 in
1250 1067 1408 1121 contrarias
1427 1071 1502 1120 ποτ
1524 1064 1707 1123 fortitudines

56 1160 135 1219 ntur,
152 1160 267 1209 terrena
292 1152 425 1209 videlicet
447 1153 484 1209 ad
504 1159 615 1221 tempus
627 1153 807 1229 jocunditate
859 1159 1079 1208 commutamus.
1104 1151 1185 1218 Quod
1204 1154 1310 1222 sapius
1335 1155 1512 1223 experimur,
1539 1155 1609 1210 dum
1632 1170 1706 1226 qnos

56 1254 105 1299 ur.
860 1239 1038 1311 perspicaces
1054 1239 1121 1295 olim
1142 1240 1199 1296 Deo
1214 1241 1412 1311 cognovimus,
1435 1242 1587 1299 astutiores
1600 1244 1706 1300 saeculo

57 1343 82 1385 s.
97 1334 125 1384 t.
144 1359 178 1370 -
203 1350 215 1378 ι
240 1330 338 1385 Patres
362 1330 453 1384 nostri
473 1336 675 1399 peccaverunt,
700 1336 728 1385 et
748 1342 807 1384 non
860 1327 1107 1396 impudentissime
1131 1327 1192 1398 jam
1222 1329 1365 1386 videmus.
1392 1332 1474 1386 Pueri
1498 1334 1528 1385 ia
1555 1333 1628 1400 ligno
1650 1347 1708 1389 cor·

56 1433 79 1485 ;;
102 1424 131 1473 et
145 1431 197 1473 nos
218 1416 385 1487 iniquitates
399 1431 497 1472 eorum
520 1416 735 1486 portavimus.»
750 1418 806 1471 Po·
861 1423 961 1482 ruunt,
977 1430 1045 1471 curn
1066 1416 1106 1484 bi,
1127 1417 1178 1487 qui
1194 1416 1265 1473 nibil
1281 1417 1386 1474 uirium
1405 1426 1433 1475 et
1456 1419 1623 1476 subtilitatis
1637 1420 1706 1476 atti-

56 1507 124 1561 oetri
148 1513 226 1573 sunt,
253 1520 379 1575 quorum
415 1505 563 1561 imitamur
589 1505 731 1575 exempla,
756 1504 806 1574 qui
860 1512 972 1573 gerant,
990 1504 1078 1560 nimio
1097 1504 1272 1576 flagitiorum
1291 1520 1345 1563 usu
1367 1507 1551 1576 impudentiae
1566 1515 1594 1563 et
1608 1509 1708 1564 insen-

56 1601 89 1662 rt,
109 1601 137 1650 et
152 1594 214 1650 ideo
228 1608 287 1649 non
305 1602 383 1660 sunt,
408 1594 477 1664 qnia
492 1607 509 1648 a
526 1607 594 1649 vera
607 1592 807 1649 exterruinan-
860 1592 987 1649 sibilitati
1003 1607 1062 1649 sese
1081 1593 1228 1649 addicunt.

56 1681 153 1738 sentia.
169 1678 226 1738 Nos
241 1681 411 1753 iniquitates
433 1696 534 1738 eorum
557 1693 715 1751 portamus,
737 1646 847 1751 qniaB
897 1681 983 1737 Vens.
1002 1682 1044 1735 lt.
1072 1703 1082 1730 «
1115 1681 1201 1738 Senm
1224 1683 1259 1739 de
1294 1682 1383 1752 portis
1415 1683 1589 1752 deiecerunt,
1619 1684 1709 1754 juve-

55 1769 164 1826 ultione
180 1769 312 1838 terimur,
329 1771 379 1840 qui
395 1783 583 1840 nequaquam
599 1769 704 1840 pcccati
720 1768 807 1824 alieni
862 1783 940 1825 »nes
955 1768 989 1825 dc
1008 1769 1095 1825 ebore
1119 1769 1315 1839 psallentium.
1339 1791 1349 1818 ·
1366 1770 1447 1826 Senes
1469 1771 1502 1825 de
1525 1774 1612 1840 portis
1635 1771 1709 1828 delt-

65 1856 247 1928 corrigimur.
268 1878 282 1907 α
305 1857 411 1926 Septies
435 1858 512 1913 enim
537 1858 608 1914 ultio
633 1857 750 1914 dabitur
772 1857 807 1913 de
860 1857 950 1920 ciunt,
972 1870 1040 1913 cunt
1069 1857 1328 1914 intellectualitates
1357 1858 1465 1928 quibus
1490 1858 1642 1929 descriptio
1666 1867 1709 1916 est

61 1945 96 2002 de
118 1945 241 2002 lamecb
262 1959 330 2002 vero
355 1946 519 2017 septuagies
543 1946 647 2017 septies
671 1945 750 2017 (Gen.
766 1959 807 2014 tv,
860 1944 946 2000 insita
960 1944 1135 2013 animorum,
1159 1946 1188 2001 in
1212 1946 1317 2002 interni
1341 1945 1484 2002 examinis
1506 1961 1708 2003 censurasuc-

57 2033 155 2105 (Vsus.
170 2035 199 2103 8)
218 2055 228 2081 ι
247 2033 328 2090 Servi
342 2035 481 2089 dominati
496 2041 564 2090 sunt
584 2036 683 2103 nostri,
704 2041 732 2091 et
748 2047 807 2090 non
860 2033 1011 2090 cumbunt.
1040 2035 1071 2089 ln
1096 2034 1185 2104 portis
1215 2034 1293 2089 euim
1315 2034 1432 2091 urbium
1452 2034 1577 2091 exerceri
1600 2034 1709 2092 solebat

57 2123 109 2193 qui
124 2122 276 2179 redimeret
299 2123 333 2178 de
357 2136 446 2179 manu
467 2137 607 2179 eorum.»
633 2123 712 2180 Servi
736 2122 808 2179 vitia
860 2121 1025 2191 reipublicae
1046 2122 1172 2178 solemne
1187 2121 1341 2192 judicium.
1361 2122 1477 2177 iuuenes
1497 2124 1530 2178 de
1543 2123 1622 2178 cboro
1634 2125 1709 2192 psat

56 2210 74 2267 ti
94 2223 182 2267 causa
197 2224 248 2280 pro
273 2209 376 2267 ellectu
398 2219 532 2281 ponatur,
556 2213 626 2282 quia
642 2225 739 2267 servos
754 2226 807 2267 nos
860 2212 972 2264 balium
987 2218 1118 2280 pereunt,
1132 2224 1198 2266 cum
1217 2211 1331 2267 vivaces
1345 2211 1465 2267 solertiae
1479 2224 1496 2266 a
1516 2210 1589 2268 bene
1604 2211 1707 2283 agendi

59 2305 79 2354 t.
97 2319 108 2346 ι
126 2296 179 2364 Qui
195 2298 272 2353 enim
293 2297 359 2354 lacit
384 2306 544 2367 peccalum,
565 2312 667 2354 servus
685 2306 727 2355 est
742 2313 806 2369 pcc·
861 2297 1052 2355 unanimitate
1065 2297 1237 2354 desciscunt.

56 2387 137 2441 deon.
161 2401 222 2450 vut,
249 2388 303 2454 34).
328 2408 343 2436 »
369 2389 427 2443 Non
449 2390 508 2455 fuit
530 2391 578 2457 qui
603 2388 748 2442 redimeret
774 2388 808 2442 de
896 2386 983 2444 Vnus.
1013 2388 1055 2442 l5.
1074 2415 1111 2428 —
1140 2409 1151 2436 «
1184 2387 1289 2443 belecit
1319 2387 1459 2458 gaudium
1487 2388 1581 2444 cordis
1607 2388 1707 2456 nostri,

63 2489 165 2543 eorum,
181 2475 251 2545 qula
273 2489 376 2531 verum
392 2490 452 2531 esse
469 2490 525 2530 non
547 2476 658 2543 babuit,
679 2484 706 2532 et
723 2476 806 2546 quasi
863 2488 993 2532 »versus
1015 2483 1057 2531 est
1084 2475 1114 2530 in
1138 2476 1248 2531 lucium
1280 2475 1386 2532 oborns
1412 2483 1543 2532 noster.»
1568 2477 1708 2532 Gaudium

58 2570 103 2619 tra
117 2577 147 2619 se
161 2563 345 2619 subsistentia
367 2563 461 2619 caruit
482 2564 719 2632 intellectualitas,
741 2579 806 2635 quae
861 2563 949 2626 cordis
975 2566 1062 2618 nostri
1085 2564 1189 2632 deficit,
1210 2579 1277 2621 curn
1306 2563 1706 2638 testimoniumoonscientiae,
1763 2634 1767 2642 q

56 2650 183 2707 texinde
195 2649 289 2707 lacere
303 2665 361 2707 nou
378 2652 481 2722 potuit.
861 2653 939 2724 quod
953 2660 996 2709 est
1011 2652 1103 2723 gloria
1126 2660 1223 2708 nostra
1248 2651 1294 2722 (ΙΙ
1311 2655 1370 2710 Cor.
1394 2667 1412 2719 t,
1439 2656 1492 2721 lt),
1518 2653 1548 2708 in
1564 2654 1646 2711 nobis
1659 2654 1708 2711 ob·

56 2753 80 2795 s.
97 2741 123 2794 9.
139 2768 174 2781 -
192 2762 203 2789 ι
222 2740 255 2795 ln
271 2740 406 2796 manibus
419 2740 524 2796 nostris
545 2740 735 2798 afferebamus
754 2755 808 2811 pa·-
862 2740 1010 2797 surdescit.
1037 2741 1139 2796 Cborut
1181 2746 1272 2796 noster
1295 2743 1324 2795 in
1354 2742 1455 2796 luctum
1483 2742 1615 2811 vertitur,
1641 2757 1708 2799 cum

70 2827 163 2896 uobis,
185 2842 202 2883 a
223 2828 294 2884 iacic
310 2829 397 2899 gladii
423 2829 451 2885 in
473 2829 591 2886 deserto.
612 2861 647 2870 ·-
671 2831 702 2886 ln
717 2833 807 2885 meai·
862 2829 1061 2885 benevolentia
1084 2829 1171 2884 animi
1196 2829 1250 2886 sibi
1271 2843 1389 2886 concors
1405 2830 1541 2900 operibus
1560 2829 1643 2888 luctu
1664 2831 1709 2886 di·

56 2919 128 2972 tame
152 2932 251 2987 paoem
274 2917 351 2972 nobis
375 2916 532 2984 aderimus,
555 2932 621 2975 cum
637 2933 672 2975 ex
685 2931 807 2990 operum
826 2939 846 2994 (ς
862 2916 926 2989 gnis
940 2916 1111 2973 involvitur.

56 3018 124 3062 rum
137 3005 240 3061 studiis
255 3005 394 3075 pabulum
407 3006 492 3061 nobis
510 3006 636 3077 alicuius
652 3006 807 3064 mundanae
896 3004 981 3061 Vnus.
1000 3008 1120 3059 lli-1
1149 3005 1257 3062 Cecidit
1284 3020 1389 3063 corona
1413 3005 1514 3077 capitis
1533 3005 1633 3062 nostri.
1656 3005 1707 3081 Vae

56 3093 155 3150 nitatis
169 3093 323 3164 exigimus.
349 3094 385 3150 Et
406 3095 494 3150 hoca
518 3097 591 3162 faeie
604 3096 694 3163 gladii
713 3098 744 3150 in
757 3095 807 3150 de·
863 3093 984 3162 »nobis
1008 3093 1079 3164 quia
1100 3093 1301 3164 peccavimus!
1321 3115 1332 3143 »
1362 3096 1466 3152 Corona
1489 3097 1589 3164 capitis
1619 3096 1708 3150 nostri

56 3181 137 3237 idest
161 3190 281 3252 urgente
303 3183 470 3239 necessitate
490 3185 606 3252 peceati,
628 3184 657 3239 in
671 3198 729 3254 quo
743 3185 807 3254 ejus
860 3181 946 3249 cadit,
960 3197 1027 3239 oum
1043 3184 1129 3238 totius
1153 3183 1243 3239 nostri
1266 3184 1377 3252 praemii
1398 3198 1473 3253 spes,
1498 3183 1521 3239 si
1537 3197 1597 3254 qua
1611 3197 1709 3254 quon-

56 3284 111 3326 one
132 3270 281 3326 subtracta
309 3270 470 3327 deserimur
495 3285 512 3327 a
533 3272 663 3328 Domino.
689 3271 808 3328 Gladius
861 3271 927 3326 dam
946 3270 1021 3327 bona
1037 3270 1165 3337 lecimus,
1182 3270 1330 3327 inanescit.
1348 3272 1512 3328 Victoribus
1533 3272 1611 3327 enim
1633 3271 1708 3327 anti-

56 3365 199 3428 peocatum
214 3365 266 3414 est.
861 3359 961 3429 quitus
978 3372 1085 3415 corona
1107 3359 1242 3429 dabatur,
1264 3360 1312 3417 sed
1337 3360 1458 3416 victoria
1472 3360 1553 3417 nulla
1574 3363 1625 3427 est,
1643 3373 1709 3430 quae

56 3459 78 3500 s.
98 3446 140 3499 l0.
156 3474 190 3484 -
207 3463 220 3495 e
239 3443 321 3500 Pellis
338 3452 436 3501 nostra
451 3446 536 3516 quasi
551 3446 682 3502 clibanus
703 3455 808 3504 exusta
860 3448 1094 3504 delectucassata
1107 3456 1160 3521 cst.

56 3531 157 3589 riacie
171 3533 345 3603 tempestatis
365 3532 462 3589 lamis.
481 3554 495 3584 n
518 3535 599 3589 Petite
622 3539 716 3589 nostro
735 3533 808 3591 alie-
895 3535 982 3592 Vnus.
999 3537 1041 3604 ll,
1062 3539 1102 3591 l8.
1119 3564 1154 3578 -
1180 3558 1190 3585 ‹
1213 3536 1367 3606 Propterea
1383 3544 1518 3593 moestum
1539 3537 1645 3593 lactum
1666 3543 1710 3593 est

56 3628 198 3688 osterest,
223 3622 301 3691 qnod
325 3621 400 3678 sicut
423 3623 498 3679 cutis
521 3623 550 3678 in
571 3636 698 3693 corpore,
723 3623 808 3680 citius
863 3623 921 3678 »in
946 3622 1043 3679 dolore
1079 3637 1128 3679 cor
1155 3631 1297 3692 nostrum,
1328 3623 1390 3679 idco
1415 3624 1611 3680 contenebrati
1638 3631 1707 3680 sunt

56 3712 121 3768 triu
144 3718 247 3767 mente.
272 3712 312 3767 lie
328 3713 427 3769 multis
448 3714 525 3768 enim
547 3713 631 3768 malis
651 3713 806 3782 allicimur,
863 3709 967 3767 »oculi
980 3711 1080 3767 nostri.
1106 3711 1224 3780 Propter
1247 3718 1372 3766 montem
1386 3710 1451 3767 Sion
1477 3712 1547 3781 quia
1568 3710 1707 3780 disperiit,

56 3800 195 3857 noluntate
219 3801 421 3869 horrescimus,
444 3802 485 3857 sic
504 3802 582 3858 eninr
606 3802 667 3859 baec
689 3801 747 3859 duo
761 3803 807 3859 di·
864 3798 992 3867 »vulpes
1018 3799 1243 3855 ambulaverunt
1271 3798 1299 3854 in
1322 3813 1365 3855 eo.
1392 3797 1508 3865 »Quod
1531 3806 1573 3854 est
1594 3798 1708 3854 dicere:

56 3903 129 3956 mus,
145 3890 215 3960 quia
229 3897 256 3946 et
276 3890 350 3945 bona
359 3904 396 3945 ex
411 3891 522 3947 ratione
531 3890 677 3959 volumus,
691 3892 726 3948 de
741 3891 806 3962 qui·
861 3886 934 3950 onia
948 3899 966 3942 a
986 3899 1092 3942 corona
1116 3886 1286 3955 destitimus,
1309 3887 1387 3943 etad
1407 3902 1452 3943 vae
1470 3888 1506 3944 ob
1527 3894 1643 3958 peccata
1657 3886 1710 3943 de-

56 3990 90 4032 on
106 3977 258 4033 allicimur.
278 3978 345 4032 lime
365 3979 445 4046 petiis
460 3980 541 4047 quasi
564 3979 687 4034 elibanus
709 3980 805 4036 exuri·
861 3973 1005 4040 venimus,
1024 3983 1174 4045 propterea
1197 3976 1361 4031 moestitiarn
1385 3989 1419 4031 ex
1442 3975 1602 4046 quotidiani
1625 3988 1710 4030 casus

56 4071 112 4120 mto
128 4064 255 4120 luriosus
269 4067 373 4120 ardens
387 4073 496 4135 quanto
519 4065 549 4120 in
571 4079 678 4122 morem
702 4066 808 4124 clibani
863 4062 990 4119 mordaci
1006 4064 1169 4133 suspicione
1190 4064 1376 4127 incurrimus,
1393 4063 1454 4121 ideo
1469 4064 1506 4119 ad
1520 4063 1645 4134 alicujus
1660 4063 1710 4120 iu-

64 4152 236 4209 occluditnr.
258 4153 369 4220 Asccie
385 4156 553 4222 tempestatis
561 4156 647 4221 famis
661 4154 806 4224 exuritur,
862 4152 920 4207 turi
934 4151 1001 4208 boni
1030 4152 1245 4223 prognosticum
1275 4153 1501 4223 exspectationes
1530 4160 1634 4209 nostrae
1656 4166 1711 4209 cee-

56 4240 83 4296 tb
105 4240 243 4297 instantia
267 4242 388 4297 interme
410 4242 598 4312 intemperiei,
623 4257 689 4314 qum
704 4244 807 4300 lamem
827 4233 987 4304 licutiunt,
1002 4241 1072 4297 dum
1088 4255 1118 4296 se
1134 4241 1171 4311 pii
1196 4240 1289 4297 meriti
1313 4255 1376 4310 spes
1400 4241 1487 4297 nulla
1510 4241 1661 4312 objiciunt.
1676 4243 1710 4299 Et

56 4328 104 4386 bet
120 4330 254 4400 parturit,
272 4330 479 4400 conflagratur.
863 4328 918 4383 boe
929 4328 959 4384 dt
974 4334 1087 4399 propter
1105 4335 1219 4384 montem
1242 4331 1317 4397 Sion,
1341 4329 1411 4400 qnia
1429 4330 1568 4400 disperiit,
1592 4337 1710 4400 propter

56 4432 83 4473 s.
104 4421 146 4472 ll.
167 4449 202 4458 -
228 4438 243 4466 ι(
268 4418 400 4474 llulicres
424 4418 454 4474 in
477 4418 543 4475 Sion
567 4419 806 4489 humiliaverunt,
861 4416 1061 4473 excellentiam
1077 4417 1217 4484 videlicet,
1236 4433 1296 4488 qua
1309 4418 1378 4475 olim
1393 4419 1504 4475 imbuta
1520 4432 1602 4475 mens
1616 4419 1710 4475 luerat

56 4506 162 4577 regines
182 4507 211 4562 tn
231 4506 397 4562 civitatibus
422 4506 506 4563 tuda.
528 4527 538 4554 ι
560 4508 685 4562 normes
700 4510 730 4562 iu
743 4509 809 4564 Sion
862 4501 967 4559 divinae
990 4503 1201 4573 speculationis,
1218 4519 1284 4574 quse
1306 4512 1419 4574 propter
1435 4504 1601 4575 ingruentia
1619 4505 1709 4561 menti

56 4593 125 4660 iant,
141 4608 207 4651 eum
224 4594 274 4650 ubi
290 4594 372 4650 bonae
389 4594 546 4651 voluntatis
559 4595 656 4665 aliqua
679 4594 807 4652 lecundi-
861 4591 932 4646 vitia
946 4591 1103 4647 oblitterari
1124 4593 1303 4648 commeruit.
1330 4594 1397 4648 Sion
1425 4594 1502 4649 enim
1527 4593 1709 4662 inspeciatam

56 4681 174 4749 ridebat,
191 4690 284 4739 status
297 4683 478 4739 conscicntia
494 4683 662 4756 subjugant.
683 4686 809 4753 Virgines
861 4680 994 4735 vertitur.
1012 4680 1045 4735 ln
1062 4681 1114 4736 boc
1128 4688 1223 4737 monte
1242 4683 1335 4752 uulpes
1357 4680 1516 4748 ambulant,
1540 4681 1610 4751 quio
1624 4680 1709 4737 istam

56 4771 161 4825 'tatibus
171 4771 244 4826 tuta
257 4771 364 4841 pariter
374 4772 577 4839 humiliantur,
590 4785 656 4828 cum
670 4772 728 4838 illa,
742 4788 808 4843 qnae
862 4767 1087 4837 perlunctoriam
1110 4771 1288 4827 sonoritatem
1308 4771 1471 4827 damonum
1494 4769 1662 4826 calliditates
1682 4778 1710 4827 et

56 4866 186 4915 ecoaturn
206 4858 266 4915 sola
294 4859 397 4916 residet
422 4860 571 4928 medicina,
593 4860 732 4916 consessio
750 4862 808 4918 sei·
861 4855 1046 4913 tenebrarum
1072 4857 1145 4913 iacta
1167 4859 1348 4915 conculcant.
1368 4858 1483 4916 Animal
1505 4858 1582 4915 enim
1597 4857 1710 4914 subdo·

71 4947 147 5002 intra
183 4948 388 5018 conceptacula
415 4948 527 5013 mentis,
557 4948 705 5006 sterilitate
726 4949 808 5006 dam·
862 4942 922 4999 lum
934 4951 985 5008 esi.
999 4951 1027 5001 ei
1045 4946 1123 5015 <ruod
1138 4946 1282 5002 cuniculis
1297 4947 1465 5004 delectetur.

56 5076 58 5086 ,
897 5031 983 5088 Vnus.
1002 5034 1093 5086 l9.-
1121 5054 1131 5080 ‹
1162 5033 1206 5088 Tu
1229 5040 1337 5099 autom,
1361 5034 1489 5102 Domine,
1513 5033 1543 5089 in
1567 5040 1708 5090 aeternum

56 5136 85 5179 s.
105 5125 146 5177 ta.
161 5146 222 5173 -«
245 5123 393 5195 Principes
414 5138 503 5181 manu
523 5126 655 5197 suspensi
671 5133 749 5193 sunt,
765 5126 806 5182 ta.
865 5141 875 5168 ι
896 5134 1055 5190 permanes,
1071 5120 1174 5177 solium
1191 5128 1274 5177 tunm
1299 5122 1327 5177 in
1349 5123 1532 5193 generatione
1546 5130 1573 5179 et
1586 5136 1709 5193 genera·

71 5224 175 5268 senum
202 5226 260 5268 non
290 5200 481 5269 erubuerunt.
510 5234 521 5262 ι
553 5214 697 5283 Principes
724 5229 808 5270 manu
864 5207 1100 5263 »tioncmabc
1123 5207 1266 5263 sidicat:
1291 5208 1400 5264 llorum
1424 5218 1625 5267 momentanea
1644 5223 1709 5265 san-

56 5298 189 5368 tdurttur,
215 5314 281 5357 cum
307 5299 510 5357 sensualitates
532 5309 674 5357 nostraea
698 5316 806 5358 conou-
861 5293 1087 5363 olilasevanull,
1105 5294 1154 5351 sed
1170 5301 1209 5360 itt,
1227 5295 1307 5352 idest
1326 5297 1378 5363 illi,
1398 5296 1448 5351 tibi
1466 5297 1595 5354 videlicet
1610 5297 1709 5353 incor-

58 5385 105 5443 tiae
120 5385 244 5443 carnalis
263 5386 377 5456 edoctu,
395 5402 453 5444 non
469 5388 621 5455 desiderio,
646 5389 696 5445 sed
711 5389 808 5460 inopia
861 5389 964 5460 porati,
977 5405 1035 5447 non
1050 5392 1231 5461 temporarie,
1249 5391 1298 5449 sed
1312 5391 1487 5449 eternaliter
1501 5394 1552 5450 tibi
1564 5394 1710 5449 obsecun-

58 5472 159 5531 ilitatis
171 5483 317 5533 areentur.
332 5477 428 5532 Facies
439 5491 528 5533 secum
544 5491 598 5532 nora
621 5477 806 5548 crubescunt,
861 5478 931 5535 dare
945 5478 1114 5547 deliberant,
1130 5488 1157 5537 ct
1169 5479 1209 5547 bi,
1226 5480 1333 5551 quibus
1347 5494 1380 5537 ac
1394 5479 1417 5537 si
1433 5480 1462 5537 in
1478 5481 1548 5539 solio
1560 5480 1711 5552 presidere
