3818 6008
123 225 175 279 88³
571 221 601 275 V.
623 219 793 280 GUfflERTI
813 225 1003 281 abbatiss.
1025 221 1147 278 MARIAE
1167 222 1211 277 bh
1235 218 1433 278 dotttutt‘ro
1831 216 1897 337 88ιὶ

40 422 51 431 Ὦ
119 366 236 424 tempus
247 348 611 422 aliqnodexordinandam.
623 372 639 401 »
652 351 972 426 Quaverbatoquemis
988 354 1011 408 h
1026 366 1086 410 aua
1107 351 1262 408 discrimen
1284 350 1312 406 ιιι
1327 347 1491 406 catulorum
1513 347 1700 405 distractione
1715 348 1875 420 subiungit.
1895 342 1898 385 ἶ

123 441 235 500 Satanae
249 454 316 497 eum
332 438 490 495 monachus
513 438 609 510 dignis
627 441 878 513 objurgationibus
901 458 972 500 cen-
1025 441 1077 499 Cui
1092 440 1141 497 iila
1153 457 1160 495 ι
1174 463 1185 490 ι
1202 439 1290 506 Scias,
1304 436 1408 510 inquit,
1423 437 1567 494 daemones
1581 450 1652 504 esse,
1669 435 1723 508 qui
1736 436 1879 507 superilia

123 530 275 596 lundisset,
299 525 413 583 recessit
433 526 483 596 qui
509 527 608 584 aderat
624 529 721 597 hostis,
745 532 794 587 sed
813 533 972 589 monachus
1025 529 1166 587 diabolica
1187 527 1310 601 pecunia
1332 526 1539 599 jocundantur,
1568 533 1597 582 ιι
1624 525 1650 582 ιι
1680 525 1767 597 quasi
1797 540 1881 582 suum

124 618 215 674 relato
236 616 315 686 quod
338 613 451 671 viderat
474 613 503 670 in
517 616 673 674 amentiam
697 633 799 676 versus
817 627 869 688 est,
886 620 926 675 ita
941 626 973 676 ut
1026 624 1262 690 recognoscentes
1278 616 1397 673 instant.
1424 637 1435 664 »
1453 616 1512 672 lice
1524 615 1649 671 maritus
1664 615 1793 687 cognito,
1819 614 1880 671 licet

124 705 340 775 manciparetur
355 702 490 760 vinculis.
507 704 561 771 Qui
585 712 682 762 tamen
698 715 854 778 antequam
874 709 969 778 exspi-
1026 707 1146 777 invitus,
1161 713 1190 762 et
1203 705 1329 776 plurima
1348 703 1499 761 teredone
1518 704 1674 774 eruciatus,
1691 710 1727 760 ut
1743 704 1786 760 sie
1799 703 1882 759 dixe-

122 799 208 861 raret,
225 792 388 849 mentisuae
404 791 495 857 rediit,
510 798 538 848 ct
561 791 637 849 diem
652 799 726 849 m
742 795 814 874 bene
832 795 972 852 confitens
1025 795 1092 862 rim,
1115 808 1167 851 seu
1193 793 1233 863 vi,
1262 808 1313 851 seu
1336 793 1422 858 clam,
1451 806 1502 848 seu
1531 792 1672 863 precario,
1704 792 1784 849 istud
1805 792 1879 863 quod

122 882 202 940 obiit.
226 882 298 938 Cum
318 894 387 952 ergo
416 879 542 937 sciamus
570 880 718 939 diabolum
743 885 919 952 mendacem,
944 890 972 940 et
1027 883 1218 954 repetebatur,
1248 881 1358 949 alludit,
1387 889 1416 939 et
1441 881 1607 937 damonum
1637 894 1730 953 quam
1760 880 1881 950 proinde

122 969 320 1043 patremJeJ‘us
341 983 378 1026 cx
401 969 483 1026 solita
508 968 667 1027 invidentia
686 971 970 1041 dictumcredamus,
1027 971 1191 1042 patiebatur
1228 971 1436 1028 intestationem
1475 983 1534 1026 non
1567 970 1667 1026 tacuit.
1706 968 1882 1026 Audivimus

123 1059 253 1131 alioquin
277 1073 313 1115 ne
339 1072 440 1115 verum
467 1059 526 1128 dat,
555 1066 667 1116 avertat
690 1061 779 1118 Deus!
810 1062 865 1119 lies
894 1062 971 1119 enim
1026 1061 1097 1132 quia
1112 1060 1159 1117 eni
1173 1059 1236 1116 vult
1250 1060 1326 1116 Deus
1342 1059 1505 1125 miseretur,
1522 1065 1550 1115 et
1571 1072 1659 1129 quem
1676 1057 1742 1115 vult
1764 1057 1881 1114 indurat

123 1146 306 1220 postmodum
326 1146 450 1204 ecelesiae
466 1147 537 1205 bene
553 1155 698 1218 provecta,
713 1150 772 1207 huc
794 1164 888 1222 usque
900 1151 972 1208 bene
1026 1149 1111 1221 (Rom.
1136 1163 1196 1216 viti,
1221 1147 1277 1217 le),
1304 1146 1437 1219 colligere
1455 1161 1492 1203 ex
1508 1147 1639 1218 subjecto
1658 1145 1833 1217 poterimus.
1849 1146 1880 1201 lit

124 1236 305 1309 provehitur.
1025 1238 1107 1295 oDei
1130 1236 1301 1294 admiranda
1321 1234 1447 1308 judiciat
1478 1234 1501 1292 is
1524 1234 1669 1306 siquidem
1693 1233 1730 1290 de
1754 1248 1816 1305 qno
1840 1248 1879 1290 re-

440 1323 557 1381 catur
576 1325 654 1381 xxi.
1026 1326 1157 1394 tulimus,
1189 1333 1276 1383 totam
1309 1324 1339 1380 in
1365 1323 1569 1381 exercitatione
1597 1323 1729 1394 equestri
1757 1329 1879 1391 aetatem,

158 1413 289 1471 Monoclo
315 1414 364 1482 qui
396 1414 480 1467 loscio
506 1413 605 1467 abbate
627 1415 757 1483 peccatos
780 1414 970 1483 absconderet,
1026 1423 1245 1486 scortorumque
1280 1412 1404 1471 ioeditate
1439 1413 1618 1481 detexeram
1648 1411 1699 1468 ilie
1735 1425 1819 1481 vero,
1848 1412 1879 1469 de

123 1503 192 1575 qaid
209 1502 385 1557 evenerit-
407 1500 468 1556 vidi
488 1508 515 1558 et
534 1500 640 1557 ibidem
662 1501 718 1558 sub
733 1510 831 1560 nostro
844 1510 972 1575 tempore
1026 1519 1085 1576 quo
1102 1517 1167 1561 sum
1191 1502 1347 1571 relaturus,
1369 1499 1517 1557 acediosus
1531 1500 1649 1571 quidem
1665 1499 1877 1571 aliquantisper

121 1589 448 1649 exmilitemonaehum
469 1588 607 1657 moribus,
630 1589 884 1662 utlaestimabatur,
900 1594 971 1650 sim·
1027 1593 1129 1660 luerat,
1153 1591 1202 1648 sed
1225 1589 1297 1647 nihil
1323 1588 1464 1647 inhonesti
1488 1588 1559 1645 alias
1580 1587 1647 1645 de
1641 1602 1703 1658 ipso
1724 1587 1876 1645 claruerat.

122 1680 236 1751 plicem,
249 1692 311 1735 avo
326 1685 504 1748 provectum,
528 1678 579 1749 qui
601 1678 630 1734 in
646 1693 754 1750 pagum
768 1679 973 1739 vulcassinum
993 1654 1076 1736 BEst
1091 1680 1175 1749 plane
1193 1679 1246 1736 hoc
1271 1678 1456 1750 philargyria
1482 1676 1586 1734 vitium
1613 1677 1642 1733 in
1665 1683 1785 1734 tantum
1806 1677 1876 1747 apud

122 1768 159 1825 ad
174 1767 307 1825 cellulam
328 1767 485 1838 quamdam
509 1766 644 1835 eeclesiae,
661 1767 731 1839 quia
746 1768 812 1826 inde
831 1770 974 1827 oriundus
1027 1768 1183 1825 monachos
1206 1767 1410 1839 perniciosum,
1440 1773 1538 1837 utpote
1561 1766 1660 1823 minus
1684 1766 1830 1834 naturale,
1849 1773 1875 1821 ιιι

121 1863 192 1926 ιιιι,
224 1856 260 1912 ab
291 1855 394 1912 abbate
420 1869 472 1912 suo
500 1855 668 1924 destinatus,
702 1870 835 1929 aggerem
866 1859 973 1929 publici
1027 1858 1078 1914 vin
1094 1856 1213 1928 aliquod
1228 1856 1336 1914 crimen
1358 1857 1529 1926 reperiatur,
1550 1855 1598 1912 cui
1613 1861 1767 1926 tantopere
1781 1853 1873 1911 diabe

122 1944 242 2013 itineris,
272 1944 323 2024 qui
354 1951 509 2015 corruptus
543 1951 615 2012 erat,
652 1944 766 2001 licentia
799 1946 901 2017 prioris
928 1949 973 2006 sui
1026 1946 1073 2003 ius
1086 1944 1271 2016 subripiendo
1286 1945 1448 2001 insidietur.
1902 1928 1907 2025 Ι

121 2041 284 2090 restaurare
304 2030 462 2101 proposuit
485 2031 655 2089 Muneribus
674 2045 744 2104 ergo
759 2032 886 2090 lidelium
900 2049 974 2106 opus
1338 2033 1452 2092 haebr
1471 2033 1565 2090 iiiiii.

120 2120 193 2177 iliud
215 2118 365 2190 explicuit,
383 2133 441 2190 quo
461 2119 623 2191 profligato,
650 2121 784 2191 quadam
808 2123 924 2180 residua
938 2126 973 2182 de
1060 2126 1098 2180 Dc
1120 2123 1248 2178 mocoelro
1270 2127 1382 2194 propter
1406 2124 1571 2192 peculiam
1561 2137 1590 2176 ιιι
1613 2123 1691 2191 egris
1708 2118 1844 2189 dumeto!
1842 2147 1874 2160 -
1903 2146 1907 2209 Ι

120 2209 220 2267 eadem
233 2208 385 2280 largitione
401 2206 532 2265 retinuit.
552 2208 665 2267 interea
685 2209 783 2267 lethali
808 2210 972 2271 infirmitate
1025 2211 1105 2268 Alter
1131 2211 1250 2282 quidam
1279 2225 1315 2268 ex
1344 2209 1449 2267 nostris
1479 2211 1647 2278 monachus,
1683 2217 1712 2266 ιι
1748 2208 1907 2266 sacerdos

120 2296 286 2367 corripitur,
303 2310 356 2353 nee
379 2304 476 2352 tamen
492 2297 571 2367 quod
591 2297 664 2354 male
688 2297 800 2356 celabat
821 2300 882 2357 ulia
903 2316 971 2358 con-
1025 2299 1135 2367 ordine,
1153 2299 1201 2355 eui
1222 2299 1295 2355 nihil
1320 2307 1423 2369 praeter
1443 2298 1593 2370 equitandi
1608 2298 1781 2355 aviditatem
1803 2304 1876 2368 pote
1908 2308 1909 2311 ’

121 2386 243 2444 iessione
279 2383 390 2456 retegit.
424 2383 558 2441 Delertur
590 2385 627 2441 ad
655 2387 863 2444 monasterium
888 2390 973 2461 cujus
1025 2393 1070 2442 rat
1107 2386 1231 2443 levitatis
1261 2386 1375 2455 ascribi,
1407 2400 1425 2442 a
1452 2393 1585 2443 matrona
1621 2387 1755 2458 quadam
1793 2385 1876 2442 nobili

121 2482 183 2532 erat
197 2473 372 2543 monachus3
399 2487 457 2529 non
480 2472 588 2543 abbati,
613 2488 672 2531 non
696 2475 783 2546 priori
808 2477 971 2547 coniitetnr,
1025 2473 1099 2531 duos
1122 2482 1268 2545 acceperat
1288 2475 1406 2546 solidos3
1427 2475 1477 2545 qui
1502 2489 1580 2541 mox,
1609 2474 1780 2546 dysenteria
1802 2487 1877 2529 eom-

122 2563 258 2635 quamvis
271 2562 342 2619 dirae
362 2562 398 2618 ab
416 2575 449 2617 eo
466 2561 611 2631 tortiones,
632 2562 732 2620 mortis
750 2563 880 2622 videlicet
897 2579 971 2636 prae-
1025 2563 1192 2633 prehensus,
1218 2564 1296 2635 apud
1317 2563 1454 2621 Sanctum
1476 2564 1649 2631 Quintinum
1662 2562 1780 2620 Belvaei
1802 2562 1876 2618 dece

121 2653 205 2709 conia
220 2651 406 2716 sentirentur,
432 2649 481 2706 sed
504 2649 612 2708 lamule
631 2651 757 2721 cuidam,
774 2653 825 2724 qui
849 2653 973 2712 infirmis
1025 2651 1115 2708 derat.
1133 2652 1194 2721 Quo
1214 2652 1341 2709 Flaviaei
1364 2653 1488 2723 cognito,
1512 2652 1596 2723 jussu
1619 2653 1738 2710 abbatis
1760 2651 1797 2708 ad
1813 2663 1879 2722 pro·
1908 2724 1909 2735 ἵ

121 2739 314 2808 ministrabat,
339 2738 452 2809 argenti
476 2737 524 2795 illa
542 2739 691 2810 quantitas
712 2741 750 2798 ab
773 2741 821 2799 illo
843 2743 972 2800 commit·
1024 2740 1118 2810 priam
1147 2742 1295 2798 ecclesiam
1330 2748 1373 2798 est
1406 2741 1522 2798 relatus.
1554 2741 1686 2812 Cumque
1721 2740 1880 2812 plurimum
1908 2756 1909 2815 ι

123 2828 205 2886 titur.
1025 2828 1131 2898 ederet,
1152 2837 1180 2887 et
1204 2830 1336 2900 protinus
1357 2827 1709 2899 indifferenterelhuerct,
1731 2828 1838 2886 accidit
1851 2835 1881 2884 nt

158 2915 260 2986 itaque
281 2913 434 2986 cuiusdam
459 2914 659 2985 intempestivo
680 2916 773 2974 noctis
796 2917 971 2977 increscente
990 2918 1114 3014 Cabbas
1137 2932 1209 2975 suns
1234 2918 1346 2988 uspiam
1371 2918 1552 2991 migraturus
1578 2918 1615 2973 ad
1638 2931 1708 2975 eum
1731 2917 1881 2975 locuturus
1908 2932 1909 2958 ³

123 3003 253 3061 molestia
286 3018 302 3060 e
336 3003 467 3060 sensibus
503 3003 635 3074 eripitur,
672 3014 860 3077 premortuo
887 3011 971 3066 terra
1025 3005 1181 3074 accederet,
1203 3021 1306 3064 verens
1320 3021 1356 3063 ne
1385 3021 1414 3064 sc
1441 3007 1558 3063 absente
1584 3006 1746 3064 decederet.
1772 3007 1810 3063 At
1837 3005 1880 3061 ille

121 3092 305 3162 distenditur,
331 3106 383 3149 nos
407 3092 491 3149 etiam
516 3089 560 3165 (³⁸)
588 3094 670 3166 signo
693 3094 851 3165 crepitante
878 3098 972 3155 vocati
1025 3095 1079 3152 snb
1095 3095 1210 3152 abbatis
1229 3096 1357 3153 adventu
1378 3096 1414 3153 ad
1436 3096 1576 3166 requisita
1595 3102 1713 3154 naturae
1730 3109 1878 3152 concesse-

122 3182 278 3250 adtuimus,
295 3180 429 3252 psalmos,
445 3181 602 3247 Iorationes,
620 3191 647 3240 et
660 3183 859 3242 convenientia
872 3186 972 3244 obitu·
1026 3191 1080 3240 rat.
1110 3183 1201 3251 Quem
1225 3183 1317 3255 posito
1346 3184 1400 3241 sibi
1423 3183 1508 3253 dolio,
1542 3184 1613 3255 quia
1636 3185 1797 3254 premiere
1824 3198 1877 3240 non

122 3271 162 3327 ris
176 3269 366 3341 explevimus.
393 3271 456 3335 Quo
477 3271 560 3341 lacto,
577 3271 722 3329 hominem
747 3272 799 3344 (ιι),
821 3282 853 3331 ut
868 3288 971 3331 mona·
1027 3278 1145 3342 poterat,
1175 3286 1242 3329 eum
1266 3280 1395 3329 cerneret
1418 3272 1590 3330 incidentem
1620 3273 1668 3344 [s.,
1696 3272 1875 3341 insidentem}
1908 3306 1909 3329 ι

122 3358 184 3416 atiel
205 3359 292 3415 moris
309 3366 360 3427 est,
388 3357 480 3415 cilicio
499 3359 693 3430 suppositum,
717 3368 749 3418 ut
763 3362 919 3421 videbatur
942 3363 972 3420 in
1026 3361 1100 3417 mira
1126 3360 1307 3418 deformitate
1330 3361 1508 3430 horribilem,
1524 3362 1699 3419 alterutrum
1716 3363 1837 3434 quidem
1851 3375 1875 3416 sc

121 3448 258 3505 extremis
272 3447 445 3505 stridoribus
467 3447 519 3504 vix
534 3448 691 3517 eldantem,
715 3450 897 3522 reliquimus,
925 3453 970 3509 eui
1026 3457 1095 3506 sunt
1116 3449 1224 3517 intuiti,
1252 3458 1279 3507 et
1294 3450 1427 3507 abbatem
1448 3450 1553 3521 puduit
1577 3450 1627 3507 tali
1643 3451 1673 3506 in
1700 3450 1765 3508 loco
1788 3450 1875 3507 homi-

121 3537 221 3595 nullus
244 3537 342 3606 vitam,
370 3551 469 3594 omnes
492 3537 586 3594 solum
609 3542 784 3609 praemortuo
813 3555 881 3598 mox
902 3542 972 3598 ulti·
1026 3552 1090 3594 nero
1118 3539 1280 3608 convenire,
1308 3546 1336 3596 et
1357 3539 1461 3596 misero
1477 3554 1534 3596 non
1560 3537 1643 3597 licuit
1663 3539 1811 3607 confiteri,
1827 3539 1877 3594 imo

120 3641 202 3683 mum
230 3625 381 3682 lavacrum
414 3626 638 3696 spondebamus.
677 3628 735 3685 Nec
760 3643 852 3694 mora,
889 3630 972 3687 nobis
1025 3641 1083 3682 non
1108 3626 1203 3695 libuit,
1227 3642 1280 3684 neo
1302 3628 1411 3685 absolvi
1432 3641 1450 3683 a
1473 3628 1602 3685 crimine.
1629 3628 1734 3686 hbbas
1755 3628 1878 3693 recessit,

121 3715 296 3772 abeuntibus
312 3715 358 3770 ille
373 3714 510 3785 respirat;
528 3715 651 3786 priorem
667 3716 846 3788 (namabbas
860 3719 973 3790 aberat)
1025 3723 1052 3771 ιι
1066 3715 1113 3771 ille
1131 3730 1148 3772 a
1168 3716 1242 3774 dolio
1259 3717 1295 3772 ad
1317 3716 1454 3774 lectulum
1477 3716 1559 3788 quasi
1576 3716 1770 3788 requieturus
1789 3730 1880 3775 acces-

120 3811 239 3872 evceat3
268 3803 302 3858 de
329 3817 362 3859 eo
388 3803 466 3874 quod
489 3803 683 3873 fraudaverat,
710 3814 738 3863 ιι
764 3808 811 3864 eui
841 3807 970 3865 irandem
1025 3803 1072 3869 sit,
1098 3804 1127 3860 in
1141 3820 1200 3875 quo
1214 3805 1263 3861 tibi
1285 3812 1327 3862 ιιι
1345 3804 1542 3875 resupinatus,
1558 3817 1574 3860 a
1589 3804 1708 3863 diabolo
1728 3814 1772 3863 est
1794 3803 1878 3862 anho-

121 3892 312 3958 rommiserat,
341 3891 458 3948 indicat.
486 3892 574 3961 Dixit,
595 3900 623 3950 ιι
646 3895 771 3965 apriore
792 3895 971 3952 absolutione
1025 3898 1117 3947 catus.
1140 3891 1257 3948 Videres
1279 3892 1454 3950 horribiliter
1476 3894 1585 3950 harere
1612 3894 1724 3964 pectori
1750 3900 1878 3950 mentum

122 3987 242 4050 recepta,
260 3986 322 4049 post
342 3979 493 4048 paululum
509 3981 634 4052 repetitis
646 3982 822 4055 singultibus
838 3985 971 4055 exspira-
1024 3987 1052 4036 et
1066 3978 1214 4051 jugulum,
1229 3994 1263 4037 ac
1284 3981 1308 4038 si
1322 3995 1360 4037 ex
1374 3980 1499 4037 violenta
1513 3981 1698 4052 depressione
1713 3981 1875 4039 subactum.

122 4068 173 4125 vit.
191 4068 260 4123 Erat
276 4066 355 4138 latior
370 4075 441 4124 tunc
456 4071 592 4140 temporis
605 4071 741 4143 magister
758 4086 848 4141 meua,
864 4074 898 4130 de
912 4089 970 4146 quo
1025 4067 1208 4125 incontessus
1234 4069 1324 4139 igitur
1348 4077 1377 4126 et
1392 4070 1538 4138 inunctus,
1561 4076 1589 4126 et
1617 4083 1709 4139 super
1730 4068 1876 4127 maledicto

122 4154 228 4226 saepius
244 4168 308 4225 ago.
329 4154 401 4212 Ecce
418 4156 622 4215 miserirordiae
646 4159 760 4214 Domini
777 4159 885 4230 multa,
901 4161 972 4232 quia
1026 4155 1073 4211 illo
1100 4170 1152 4212 sno
1177 4157 1289 4227 peculio
1303 4157 1456 4215 intestatus
1477 4157 1610 4214 moritur.
1640 4156 1760 4214 Nudato
1784 4157 1875 4228 itaque

122 4257 180 4300 non
194 4257 296 4299 sumus
305 4245 469 4314 consumpti
482 4245 596 4315 (Three.
612 4261 652 4315 ιιι,
668 4246 728 4318 22),
742 4247 793 4317 qui
808 4261 896 4319 quem
907 4250 971 4306 vult
991 4244 1064 4313 pad
1076 4243 1234 4300 lavandum
1266 4245 1415 4312 cadavere,
1435 4243 1576 4314 reperitur
1600 4243 1734 4314 pendens
1753 4244 1792 4301 ab
1825 4243 1874 4300 hu·

121 4331 329 4390 liberatdeore
345 4340 468 4405 angusto
483 4333 629 4392 latissime.
1026 4346 1105 4389 mero
1131 4333 1313 4404 marsupium
1341 4333 1396 4390 sub
1420 4332 1514 4389 axella
1536 4332 1644 4390 labere.
1669 4331 1735 4400 Quo
1759 4340 1872 4404 reperte,

156 4421 266 4478 Exacto
285 4419 405 4493 igitura
426 4422 617 4491 presentibus
640 4423 767 4492 homine,
783 4425 904 4496 quaestio
922 4439 970 4496 pe·
1025 4435 1165 4478 concussa
1187 4421 1237 4492 qni
1264 4422 1414 4478 invenerat
1438 4420 1474 4477 ad
1493 4427 1598 4477 terram
1612 4434 1682 4477 eum
1699 4420 1802 4478 lurore
1814 4434 1873 4476 eru·

120 4507 214 4565 cuniae
230 4508 260 4564 in
275 4507 417 4564 lamnlum
433 4515 491 4564 tota
505 4508 682 4567 devolvitur.
701 4511 765 4582 ipse
780 4520 877 4569 autem
890 4516 985 4570 mas-'
1024 4522 1118 4578 mena,
1145 4509 1339 4580 manibusque
1353 4508 1504 4578 complosis
1528 4508 1661 4565 cucurrit
1671 4513 1752 4565 48⁸
1765 4508 1804 4565 ad
1818 4521 1872 4564 ruo

120 4611 182 4654 sam
201 4595 279 4653 illam
295 4596 324 4652 in
339 4595 477 4653 stramine
491 4610 636 4654 cunarum
651 4599 803 4670 enjusdam
828 4616 887 4658 suae
902 4616 971 4672 par·
1025 4598 1142 4663 nachos,
1163 4597 1308 4655 insolitum
1331 4612 1432 4655 eornm
1454 4596 1576 4654 auribus
1590 4609 1743 4654 rumorem
1759 4596 1873 4654 invexit.

119 4683 196 4742 ruia
223 4682 342 4739 intentis
373 4683 574 4740 absconderat.
602 4685 639 4741 Αι
667 4694 749 4743 noete
783 4701 849 4744 cum
877 4688 972 4745 intans
1025 4685 1192 4743 lnauditunn
1208 4686 1291 4757 plane
1315 4685 1411 4743 iuerat
1430 4686 1508 4757 apud
1531 4684 1615 4756 ipsos,
1631 4699 1758 4744 suorum
1783 4699 1873 4760 quem·

119 4771 251 4830 cubitum
266 4771 419 4839 locaretur,
445 4785 509 4828 ecce
533 4771 676 4831 demones
696 4775 788 4832 instar
808 4777 970 4834 catulorum
1026 4775 1103 4845 piam
1115 4774 1278 4832 sicobiisse.

120 4859 239 4917 uiatore
261 4867 289 4917 et
312 4873 329 4915 a
354 4867 433 4931 tergo
458 4859 601 4931 insiliunt,
622 4869 650 4919 et
678 4863 746 4920 hine
771 4865 837 4923 inde
861 4866 969 4922 circum
1060 4862 1145 4919 tlitttt
1164 4863 1262 4934 itaque
1286 4870 1349 4935 post
1375 4863 1521 4932 abbatem,
1550 4861 1601 4934 qui
1616 4861 1736 4921 duobus
1752 4863 1871 4920 millibus

118 4949 195 5006 circa
227 4947 385 5018 pulsantes,
413 4955 440 5005 ct
474 4949 626 5021 aliquoties
650 4951 823 5022 vellicantes,
847 4953 877 5009 in
910 4952 971 5008 cla·
1024 4957 1104 5008 trans
1123 4951 1276 5008 Βιιιιιιιιιι
1294 4951 1371 5023 apud
1390 4951 1548 5024 quamdam
1566 4951 1666 5008 villam
1686 4966 1774 5010 suam
1791 4965 1870 5024 prau-

119 5051 214 5095 mores
229 5042 257 5093 et
272 5036 414 5108 lacrymas
436 5038 630 5096 concitabant.
650 5039 782 5112 Cumque
796 5041 833 5097 ab
848 5048 972 5112 utroque
1024 5039 1091 5096 dero
1113 5039 1175 5111 jam
1197 5048 1331 5112 creperet.
1359 5040 1413 5097 Per
1434 5040 1525 5099 alium
1549 5049 1646 5099 autem
1669 5041 1807 5110 missum,
1828 5037 1869 5112 qni

119 5125 347 5197 interrogaretur
378 5124 451 5197 quid
486 5126 576 5197 lieret,
612 5142 642 5185 se
681 5143 699 5183 a
726 5128 830 5185 catulis
861 5127 970 5185 comedi
1024 5125 1082 5183 huc
1120 5136 1299 5197 pervenerat,
1333 5127 1507 5200 jamdudum
1546 5128 1637 5186 abbas
1675 5143 1747 5186 eum
1777 5129 1869 5187 obiisse

120 5214 320 5284 respondebat.
342 5214 416 5272 'lum
439 5222 540 5283 mater,
564 5230 630 5287 quae
654 5215 755 5273 matris
777 5230 847 5272 meae
866 5217 970 5273 ancilla
1024 5224 1182 5286 acceperat,
1207 5217 1256 5273 sed
1278 5215 1313 5273 de
1337 5217 1435 5275 solidis
1464 5217 1506 5274 nil
1529 5219 1666 5284 sciverat,
1687 5218 1728 5274 nil
1754 5218 1868 5275 dixerat.

119 5306 148 5357 et
166 5300 323 5372 aliquando
342 5303 515 5374 pedissequa
532 5303 689 5371 exstiterat,
709 5304 744 5361 ad
767 5305 856 5375 ipsam
877 5304 970 5361 domi·
1024 5304 1128 5361 ilissus
1141 5318 1210 5377 ergo
1223 5304 1341 5362 veniens
1354 5320 1391 5362 ex
1412 5313 1493 5377 parte
1508 5304 1633 5362 lectrum
1655 5305 1709 5378 qui
1726 5307 1867 5369 miserant,

120 5400 188 5443 nam
202 5403 295 5459 snam,
319 5398 441 5448 matrem
463 5390 595 5449 videlieet
610 5406 713 5460 meam,
737 5393 893 5462 concurrit,
916 5393 968 5450 de-
1022 5392 1146 5450 consulit
1159 5393 1292 5450 abbatem
1307 5395 1378 5466 qnid
1393 5395 1466 5452 laeto
1483 5408 1557 5465 opus
1573 5394 1619 5462 sit,
1636 5408 1677 5452 an
1697 5395 1766 5453 aliis
1777 5407 1867 5452 eoum

121 5473 213 5544 posita
227 5475 277 5533 ilia
301 5478 412 5536 rutaria
433 5479 509 5549 apud
524 5493 555 5536 se
576 5479 701 5551 reposita
713 5479 793 5550 dicit,
810 5489 837 5538 et
852 5480 968 5540 intentis
1024 5480 1106 5553 peliri
1130 5481 1235 5551 liceret,
1259 5482 1310 5553 qni
1334 5489 1392 5539 tam
1418 5482 1521 5539 misere
1547 5482 1584 5540 ab
1607 5482 1735 5542 aliorum
1749 5495 1866 5541 commn-
