3818 6008
70 176 120 229 rel
512 171 545 226 tt.
565 165 896 228 cblbbhrlamsatts
915 169 944 225 S.
965 168 1083 223 hante*
1101 167 1148 224 DE
1168 166 1361 224 uovluhhro
1418 141 1419 145 ἵ
1770 168 1821 220 tet
1858 204 1862 271 Ι

71 302 240 374 positurum,
266 300 303 357 ad
325 307 442 372 portum
467 300 589 358 debeant
612 299 765 358 destinare.
800 299 919 357 Summo
936 303 1039 356 acum
1074 304 1211 368 putamus
1235 305 1322 354 tortos
1345 296 1494 353 acredine!
1517 297 1592 354 Bone
1621 296 1713 354 baur!
1752 298 1822 369 quid

71 392 169 460 itaque
180 388 307 463 diluculo
327 404 393 446 cum
418 390 480 460 J'am
495 389 670 459 exprimeret
698 389 791 445 tenuis
811 401 918 444 aurora

70 477 284 547 crepusculum,
308 478 498 546 boimundus,
528 477 580 547 qui
596 478 726 534 crebroa
752 478 834 533 nobis
856 490 922 546 ser-¹

70 579 155 622 mone
169 565 282 632 teritur,
310 579 377 621 cum
393 565 507 621 duobus
526 552 591 620 aliis
618 566 782 635 proceribus
801 572 917 620 centum

70 652 105 708 de
115 653 224 710 domini
238 653 284 709 sui
299 653 394 709 Sancti
408 653 502 724 Egiclh
530 654 641 709 corruitis
655 655 784 709 exercitu
807 653 918 723 equites

70 741 149 813 legit,
169 743 246 798 etad
273 751 388 812 portum
414 756 507 812 usque
526 743 608 798 solita
632 742 801 798 auctoritate
821 756 916 811 proce-

70 830 120 886 dit.
143 831 294 900 liquibus
321 830 439 900 triginta
464 830 538 886 illico
564 845 624 885 sese
650 830 751 885 milites
771 844 917 900 excepere,

70 926 98 974 et
128 918 245 990 digressi
268 919 303 974 ab
341 919 414 981 aliis,
443 919 560 986 Turcos,
591 919 710 985 Arabes,
736 919 917 984 Sarracenos,

70 1007 251 1078 septuaginta
299 1005 360 1080 lai,
398 1005 605 1079 septingentos]
641 1007 752 1063 circiter
787 1021 920 1077 reperere

71 1110 146 1167 quos
160 1106 326 1151 nostrorum
343 1097 400 1152 itus
415 1110 448 1151 ac
459 1097 567 1152 reditus
583 1096 727 1151 direxerat
740 1103 919 1166 aucupatum

72 1198 123 1240 rex
139 1183 312 1254 Babyloniae.

106 1273 234 1336 Quorum
245 1286 336 1328 cuneo
351 1272 451 1338 nostri,
469 1280 497 1328 et
511 1271 534 1327 si
548 1272 633 1328 nimis
648 1272 772 1342 impares
787 1285 918 1338 numero,

72 1359 175 1432 grandi
199 1360 363 1415 aniciorum
389 1360 546 1416 acrimonia
568 1361 759 1417 invehuntur:
777 1361 824 1416 sed
841 1367 920 1416 tanta

72 1448 197 1503 hostium
217 1448 311 1503 virtus
331 1462 365 1502 ac
389 1448 520 1503 lerccitas
542 1448 660 1516 exstitit,
674 1456 704 1504 ut
719 1447 849 1517 undique
864 1447 920 1502 im-

72 1535 214 1591 minereut
226 1535 285 1604 jam
319 1536 459 1606 usquead
482 1536 609 1605 ipsorum
635 1536 789 1606 pernicicm
805 1536 917 1592 nostris.
975 1535 1175 1605 prosequenda
1191 1534 1302 1589 militia.

73 1622 154 1679 Unde
168 1632 195 1679 ct
223 1623 394 1678 alterumue
422 1623 536 1679 duobus
559 1624 612 1679 iilis
628 1624 794 1694 proceribus
811 1624 922 1679 Achar-
940 1599 962 1652 B

72 1711 143 1766 dum
168 1711 308 1767 vocabulo
332 1720 523 1781 peremerunt,
549 1720 575 1767 et
595 1712 708 1782 aliquos
728 1726 765 1768 ex
790 1712 922 1781 pauperi-

74 1798 128 1855 bus
145 1807 173 1855 ct
198 1813 235 1854 ex
263 1799 409 1869 peditibus
442 1800 647 1855 honoratiores.
673 1801 743 1856 Cum
768 1814 837 1870 ergo
864 1812 924 1853 am·

74 1886 167 1942 birent
202 1894 323 1954 nostroe,
351 1896 375 1943 et
406 1888 494 1943 armis
520 1887 588 1943 hinc
616 1896 644 1943 et
674 1887 738 1942 inde
775 1887 923 1942 conclusos

74 1982 220 2045 urgerent,
241 1982 269 2031 et
297 1989 367 2045 pene
381 1977 440 2045 jam
469 1975 623 2031 miserabili
643 1975 839 2045 desperatione
855 1988 922 2030 con·

73 2063 210 2130 ciderent,
235 2063 313 2118 venit
339 2065 389 2133 qui
405 2064 568 2119 Raimundo
588 2063 628 2119 illi
653 2065 788 2134 praedicto
805 2061 925 2119 necessi-

75 2157 160 2207 tatem
176 2164 264 2220 quam
279 2151 323 2207 sul
334 2151 451 2207 comites
467 2159 642 2221 paterentur,
659 2152 799 2207 ediceret:
816 2174 827 2200 ‹
849 2152 924 2217 Quid

18 2302 25 2307 ,
75 2245 116 2300 tu,
141 2238 245 2308 lnquit,
274 2237 337 2294 istic
362 2239 508 2305 detineris,
533 2248 560 2294 et
577 2239 697 2295 milites?
714 2240 787 2296 llcce
811 2241 851 2296 tui
871 2240 923 2310 qui

75 2338 204 2382 recensa
232 2334 258 2382 te
277 2327 418 2387 abierant.
449 2327 619 2393 lurcorum,
646 2326 869 2383 sarracenorum
897 2337 925 2384 et

75 2413 204 2469 Arabum
225 2413 358 2469 atrociter
377 2413 649 2485 circumcinguntur
662 2416 811 2483 examine3
827 2423 854 2470 et
869 2417 922 2471 nisi

75 2501 116 2557 eis
140 2501 349 2557 adminiculum
373 2502 453 2557 ocius
484 2500 568 2568 ieras,
597 2502 761 2569 morituros,
792 2503 847 2559 nisi
862 2505 921 2575 jam

75 2588 199 2644 obierint
226 2588 342 2644 indubie
362 2603 460 2645 omues
477 2590 505 2643 in
525 2589 657 2657 proximo
679 2590 762 2646 scias.
793 2591 860 2647 Vola
875 2592 925 2663 igi·

77 2686 134 2744 tur,
160 2690 291 2746 propera,
316 2676 386 2746 quia
408 2677 506 2741 lateur,
525 2678 580 2732 crit
602 2679 696 2734 omnis
720 2679 802 2735 tarda
824 2680 925 2736 veloci-

77 2775 160 2821 tas.»
189 2766 225 2820 at
245 2766 426 2822 Raimundus
455 2780 520 2821 cum
540 2781 594 2822 suo
624 2768 758 2823 universo
787 2769 924 2825 comitatu

972 385 1175 458 patientiarum
1202 386 1273 442 inibi
1298 386 1384 442 luisse
1405 400 1569 456 pensamus,
1585 387 1634 443 nbi
1652 402 1709 442 non
1724 386 1824 442 imme-

973 490 1065 532 mores
1079 484 1161 532 erant
1175 475 1284 546 quiquo
1299 475 1405 531 habitae
1418 475 1566 545 quondam
1582 476 1610 530 in
1624 476 1719 544 patria
1735 475 1827 547 digni·

971 564 1048 628 tatis,
1065 579 1153 635 quam
1169 564 1286 620 condire
1302 563 1396 620 luerat
1411 563 1493 619 solita
1508 578 1564 619 non
1581 563 1697 634 exigue
1712 565 1827 633 requies

972 651 1137 722 voluptatis,
1153 667 1220 707 curn
1234 665 1268 706 ea
1285 666 1349 721 qua
1359 650 1662 722 patiebanturnullius
1675 652 1829 707 exterioris

973 739 1095 796 lenirent
1108 748 1159 797 aut
1179 755 1242 809 spes
1257 751 1305 794 arat
1331 740 1432 795 solatia
1447 747 1584 809 quaestus
1597 753 1705 809 eosque
1722 739 1751 795 in
1767 740 1828 795 dies
1866 726 1868 787 l

973 829 1237 885 crudelissimorum
1274 830 1404 885 laborum
1432 828 1603 898 decoqueret
1630 829 1733 885 aestus!
1762 830 1829 884 llaec

973 932 1036 974 mea
1048 925 1091 973 est
1114 916 1266 984 sententia,
1283 918 1343 972 haec
1364 916 1449 972 unica
1467 930 1474 970 :
1492 929 1643 986 uunquam
1669 931 1687 971 a
1706 917 1828 972 saeculu-

975 1019 1039 1061 rum
1056 1005 1125 1061 tales
1151 1005 1294 1061 exstitisse
1320 1003 1478 1074 principiis,
1496 1005 1546 1074 qui
1569 1019 1618 1073 pro
1640 1003 1703 1059 sola
1725 1018 1828 1074 exspe-

974 1094 1097 1150 ctatione
1136 1094 1320 1150 emolumenti
1349 1092 1516 1162 spiritualis,
1544 1100 1583 1148 tot
1618 1106 1744 1162 corpora
1775 1107 1828 1148 sua

973 1194 1132 1250 exposuere
1155 1180 1311 1251 suppliciis.
1342 1180 1467 1236 Urebant
1494 1181 1605 1235 animos
1624 1180 1828 1235 remorreadeo
1866 1218 1868 1237 .

970 1271 1221 1340 peregrinantium
1258 1269 1409 1341 pignorum
1453 1268 1582 1335 allectus,
1624 1268 1827 1324 delectationes
1865 1240 1868 1321 h

976 1359 1096 1426 uxoriae,
1124 1357 1332 1428 possessionum
1359 1357 1492 1428 lastigie,
1514 1364 1542 1413 et
1570 1365 1666 1413 tamen
1688 1371 1724 1413 ac
1744 1371 1766 1412 si
1780 1356 1827 1411 ibi·
1866 1416 1868 1421 ,

974 1448 1037 1503 dein
1055 1447 1235 1517 permansuri
1252 1455 1398 1517 perpetuo,
1418 1460 1476 1502 non
1492 1445 1667 1502 desistebant
1683 1459 1701 1500 a
1719 1443 1823 1502 Christi
1866 1446 1868 1455 '

1304 1621 1421 1682 CAPUT
1440 1621 1488 1676 lll.
1865 1560 1868 1687 ⁴

1012 1711 1084 1782 [Vl]
1100 1713 1197 1765 [nalal
1210 1709 1350 1765 obsidioni
1370 1726 1456 1763 sacra
1480 1707 1596 1764 militia.
1617 1737 1654 1750 -
1676 1708 1825 1766 Sarraceni

977 1799 1066 1871 igitur
1075 1800 1151 1855 circa
1167 1798 1302 1855 lontesac
1313 1798 1433 1855 llumina
1443 1798 1566 1869 jugibus
1577 1799 1687 1853 instare
1703 1796 1825 1861 insidiis;
1865 1734 1868 1855 ‹

978 1888 1086 1957 ubique
1110 1887 1237 1943 locorum
1263 1894 1428 1942 nostrorum
1453 1886 1581 1942 caedibus
1603 1885 1735 1952 iublare;
1760 1898 1825 1955 prae·

977 1977 1049 2042 dari,
1077 1977 1179 2046 siqua
1204 1975 1368 2046 contigisset
1388 1989 1558 2043 occurrere;
1588 1982 1670 2044 rapta
1697 1974 1758 2029 sive
1773 1973 1827 2027 ani·

977 2064 1075 2130 maiia,
1090 2078 1141 2119 seu
1163 2063 1298 2134 quelibet
1313 2062 1372 2119 alla
1387 2062 1415 2118 in
1438 2063 1588 2120 cuniculos
1606 2073 1635 2119 et
1654 2062 1762 2132 spelaea
1780 2061 1826 2116 ab·

977 2151 1091 2207 ducere.
1109 2151 1190 2207 Circa
1205 2151 1348 2206 civitatem
1373 2164 1422 2220 per
1445 2150 1603 2206 exercitum
1631 2150 1658 2205 in
1682 2149 1827 2220 procinctu

977 2247 1216 2306 commanentem,
1246 2239 1331 2294 lamis
1364 2239 1485 2309 sitisque
1518 2246 1601 2294 atrox
1633 2237 1827 2295 bacchabatur

977 2328 1132 2394 arachitem
1149 2335 1176 2383 et
1196 2329 1331 2393 hostium,
1359 2327 1425 2382 hinc
1439 2336 1466 2383 et
1483 2327 1548 2383 inde
1566 2326 1739 2396 vagantium
1754 2325 1826 2382 rabi·

977 2416 1040 2471 dior
1064 2416 1217 2472 detonabat
1241 2417 1471 2486 circumquaque
1500 2415 1675 2487 malignitas.
1702 2416 1739 2469 At
1756 2415 1827 2485 prin·

977 2505 1054 2574 cipes
1082 2518 1170 2561 sacrae
1209 2503 1326 2570 militiae,
1357 2511 1468 2559 tantum
1498 2504 1726 2566 incommodum,
1750 2516 1769 2558 a
1791 2508 1829 2558 tot

979 2600 1096 2663 tamque
1131 2592 1251 2647 diversis
1294 2592 1460 2647 hominibus
1494 2591 1606 2646 tolerari
1637 2590 1689 2647 rix
1721 2590 1829 2647 diutius

979 2694 1058 2751 posse
1076 2680 1215 2745 videntes,
1236 2680 1345 2750 quibus
1369 2678 1509 2734 machinis
1523 2678 1624 2734 civitas
1645 2678 1829 2750 expugnabi-

979 2768 1032 2823 lior
1058 2778 1210 2837 putaretur
1229 2767 1397 2838 conjiciunt,
1413 2775 1567 2836 quatenus,
1594 2780 1645 2837 pro
1673 2782 1733 2838 quo
1750 2759 1829 2823 lanta

76 2853 238 2923 expeditius
254 2853 377 2909 invisere
393 2854 487 2909 lucum
508 2868 565 2924 quo
586 2855 646 2910 haec
660 2856 822 2926 agebantur
843 2871 923 2914 accc-
943 2857 1163 2944 Cpertuleraot,
1189 2857 1262 2926 passi
1286 2869 1319 2911 ac
1335 2856 1437 2925 sepulti
1460 2855 1654 2911 monumentis
1675 2854 1831 2912 Salvatcris

77 2942 158 3008 ierat,
184 2943 230 2997 secl
255 2944 284 2996 in
314 2943 375 3012 ipso
399 2944 563 2998 certaminis
588 2952 730 3013 apparatu
749 2960 806 3001 non
824 2946 852 3000 lu
876 2960 923 3002 ar·

78 3029 139 3094 mis,
157 3044 213 3085 non
227 3030 255 3084 in
277 3031 397 3097 viribus,
415 3045 515 3086 verum
536 3033 564 3086 ln
578 3031 734 3089 salvatoris
747 3033 800 3089 hile
820 3033 924 3089 sullra-

78 3120 158 3190 glum
192 3126 297 3188 sperat.
327 3121 364 3174 At
389 3118 554 3187 Gentilium,
581 3120 630 3176 irbi
661 3121 764 3177 Christi
795 3122 923 3179 militiam

77 3205 225 3276 Phalanga
257 3207 415 3277 conspexit,
456 3207 580 3263 duarum
621 3209 757 3264 continuo
798 3210 925 3266 acierum

78 3294 244 3350 discrimina
268 3295 346 3360 lecit;
374 3296 504 3351 invocato
520 3296 616 3365 itaque
632 3296 768 3352 ditissimi
784 3298 924 3367 prrcsidio,

79 3389 158 3437 tanta
173 3384 260 3438 nostrl
280 3382 335 3438 illis
359 3383 539 3439 vehementia
561 3383 722 3448 irruerunt,
745 3391 776 3438 ut
802 3386 926 3454 quisque

78 3470 187 3525 hostem
212 3472 247 3526 ad
277 3485 306 3527 se
333 3486 449 3527 versum
489 3482 688 3541 properantem
725 3480 924 3542 prosterneret.

76 3558 295 3615 Considerantes
312 3574 380 3631 ergo
397 3561 471 3616 vires
487 3574 546 3616 sese
562 3559 611 3616 ‹liu
627 3560 782 3615 Christiani
804 3561 927 3631 impetus

32 3647 35 3651 ’
77 3661 134 3702 non
159 3647 278 3713 laturos,
303 3662 412 3704 cessere
430 3648 546 3718 pagani,
571 3658 598 3704 et
623 3648 706 3704 celeri
733 3648 803 3718 luga
830 3650 928 3706 intole-

78 3735 176 3790 randae
208 3735 377 3792 consuluere
404 3735 558 3792 lormiriini.
580 3736 617 3791 At
641 3736 729 3790 nostri
754 3750 801 3791 ecs
826 3737 927 3807 rapida

78 3822 241 3880 maturitate
269 3832 430 3894 sequentes
459 3839 508 3893 per
539 3832 665 3894 ‹quatuor
693 3823 815 3880 millium
841 3839 928 3881 remo

79 3910 151 3966 tiora
166 3910 326 3981 togarum:
345 3912 373 3967 in
397 3920 519 3977 tantum,
538 3921 568 3967 ut
584 3926 650 3968 cum
671 3926 707 3967 ex
731 3913 773 3967 eis
788 3912 928 3982 plurimos

78 3999 270 4067 peremissent,
304 4014 396 4071 equos
432 4009 546 4055 centum
577 4009 692 4070 tresque
720 4014 770 4069 pro
801 4000 927 4057 victoriae

77 4085 159 4155 signo
173 4086 350 4142 reducerent.
378 4086 482 4143 Verum
506 4087 606 4143 occisis
621 4088 738 4154 caeteris,
753 4103 819 4145 oum
835 4105 926 4145 unum

978 2945 1132 3000 adorandis
1157 2944 1291 3000 interesse
1316 2944 1453 3000 valerent.
1475 2944 1581 3000 Praeter
1608 2943 1665 2999 alia
1690 2957 1761 3015 ergo
1789 2945 1830 2999 ln-

978 3040 1138 3088 strumenta
1162 3033 1296 3102 plurima,
1326 3032 1435 3104 quibus
1460 3031 1608 3088 autmari
1639 3045 1691 3101 per
1708 3031 1831 3088 arietum

979 3120 1116 3177 illisiones
1150 3121 1398 3186 labefactarentur,
1435 3128 1486 3177 aut
1523 3120 1631 3176 crebris
1660 3120 1831 3178 balistarum

976 3210 1102 3281 jactibus
1139 3217 1233 3266 turres
1256 3217 1479 3265 concuterentur
1504 3223 1538 3264 ac
1557 3209 1675 3274 moenia,
1707 3209 1767 3266 duo
1788 3210 1830 3280 jn·

980 3300 1084 3354 beatur
1099 3297 1210 3354 institui
1237 3298 1330 3368 lignea
1357 3305 1462 3364 castra,
1488 3312 1554 3367 quae
1572 3312 1623 3353 nos
1637 3311 1743 3353 sumus
1758 3295 1829 3353 soliti

980 3399 1082 3442 vocare
1094 3385 1194 3456 phalas
1209 3385 1268 3456 [cea
1284 3385 1364 3452 lalas,
1382 3386 1434 3440 hoc
1448 3389 1490 3439 est
1503 3395 1596 3441 turres
1610 3383 1749 3458 ligneasl.
1768 3386 1830 3442 Dux

981 3475 1077 3544 itaque
1090 3473 1260 3530 Godelridus
1273 3489 1359 3530 suum
1375 3475 1485 3542 primus
1501 3488 1567 3529 cum
1583 3474 1830 3530 aliisconveuien·

981 3563 1057 3618 tibus
1081 3561 1223 3617 machinis
1250 3562 1373 3617 aedilicat
1397 3569 1535 3626 castrum,
1558 3569 1585 3617 et
1608 3561 1706 3618 Sancti
1739 3562 1831 3633 Egidil

981 3665 1074 3707 eontcs
1102 3651 1293 3718 boimundus,
1318 3649 1369 3720 qui
1399 3650 1472 3706 nulli
1491 3664 1520 3705 se
1535 3638 1698 3718 patiebatur
1712 3664 1778 3706 esse
1793 3665 1833 3706 se·

980 3739 1119 3807 cundum,
1148 3740 1208 3809 ipse
1237 3739 1333 3795 itidem
1357 3738 1481 3795 instituit
1509 3752 1608 3794 suum.
1637 3738 1711 3794 Turn
1736 3738 1834 3795 Sarra·

980 3829 1053 3891 ceni,
1078 3828 1147 3883 dum
1179 3827 1327 3884 machinas
1354 3828 1438 3897 erigi,
1458 3827 1527 3883 dum
1553 3835 1646 3882 castra
1669 3828 1832 3897 procedere,

980 3916 1050 3971 dum
1063 3915 1209 3972 admoveri
1224 3915 1340 3971 arcibus
1358 3922 1500 3970 tormenta
1523 3914 1717 3984 conspiciunt,
1737 3929 1835 3971 muros

981 4011 1008 4059 et
1022 4003 1075 4073 ipsi
1092 4005 1258 4074 provehere,
1277 4005 1376 4060 lulcire
1398 4003 1532 4070 labentia,
1555 4003 1683 4059 turrium
1702 4016 1835 4059 summas

981 4091 1096 4146 insolita
1133 4092 1299 4160 proceritate
1333 4091 1488 4162 porrigere.
1515 4093 1583 4155 Qtlae
1610 4090 1731 4159 quidem
1772 4090 1833 4147 uni·

77 4172 258 4236 superstitem
282 4174 475 4245 reliquissent,
503 4190 599 4232 secum
627 4176 824 4246 adduxeruut,
838 4191 926 4247 aquo
945 4181 967 4234 b
984 4192 1074 4245 versa,
1100 4193 1166 4235 cum
1186 4186 1365 4235 maturarent
1380 4179 1525 4248 explicare
1540 4177 1683 4243 noctibus,
1705 4177 1835 4235 interdiu

77 4276 262 4331 quaecunque
278 4265 355 4332 apud
375 4264 469 4321 hostes
494 4265 704 4331 tractabantur,
722 4273 748 4320 et
768 4280 834 4335 quae
851 4267 927 4336 prin-

77 4363 143 4419 ceps
168 4351 391 4420 Babyloniorum
419 4353 512 4410 lacere
538 4360 761 4409 contranostros
776 4366 928 4423 proposue-

77 4447 132 4506 rat,
144 4438 317 4497 didicerunt.

112 4526 171 4600 [V.]
187 4527 427 4584 Silicruciaalur.
443 4527 808 4600 commendatur-ipsorum
816 4529 927 4601 polica·

76 4615 128 4672 tic.
141 4646 175 4655 -
199 4618 308 4673 interea
334 4619 396 4674 sitis
412 4618 563 4675 insolentia
585 4618 761 4675 horribiliter
779 4619 925 4690 gravaba-

76 4712 124 4761 tur
151 4705 303 4772 exercitus,
334 4707 403 4762 adeo
425 4714 457 4763 ut
476 4709 553 4762 coria
578 4707 666 4763 boum
692 4707 925 4778 bubalorumque

75 4800 200 4859 silerent,
217 4793 371 4864 inquibus
390 4795 593 4851 deferebantur
617 4810 701 4866 aquae
726 4810 775 4866 per
791 4796 926 4851 milliaria

75 4894 136 4936 sex.
170 4880 289 4937 Talibus
330 4882 444 4938 utribus
468 4883 503 4938 ael
538 4884 925 4947 convehendasutebantur

74 4982 176 5039 aquas,
194 4983 304 5039 qureex
321 4970 480 5026 recentium
494 4981 641 5043 tergorum
657 4973 778 5028 humore
792 4972 923 5038 exolidae,

75 5056 232 5112 maximam
264 5057 407 5113 miseriam
433 5059 533 5115 inediae
558 5060 734 5130 quibusdam
755 5059 923 5127 intulerant,

74 5147 150 5197 48⁰
178 5144 206 5199 in
227 5159 314 5200 usum
338 5148 484 5204 exercitus
504 5150 627 5205 transire
642 5157 756 5215 coactae,
771 5161 837 5202 curn
854 5147 924 5202 hor-

74 5230 177 5285 deaceo
207 5246 288 5300 pane.
310 5232 424 5300 Quanta
446 5242 486 5291 tot
509 5237 636 5292 virorum
662 5236 802 5291 nobilium
828 5235 924 5290 lances

73 5325 100 5373 et
111 5325 231 5388 guttura
253 5322 352 5377 cibarii
370 5324 453 5393 panis
468 5325 544 5381 illius
568 5325 744 5381 rodebantur
760 5323 920 5392 aspredine!

74 5412 186 5474 quanta
203 5405 338 5464 delicatos
364 5424 463 5467 eorum
492 5412 652 5469 stomachos
664 5412 830 5482 putidorum
855 5409 922 5465 lati-

981 4268 1016 4324 de
1030 4269 1155 4324 novitate
1169 4281 1289 4338 operum
1319 4268 1422 4324 nostris
1448 4267 1620 4323 miraculum
1641 4265 1833 4323 exhibebant.

982 4357 1072 4428 Ligna
1087 4363 1195 4423 autem,
1221 4356 1377 4426 dequibus
1398 4355 1488 4412 nostri
1503 4363 1554 4410 aut
1569 4361 1665 4409 castra
1685 4368 1739 4411 seu
1753 4370 1836 4426 quas

981 4458 1038 4513 que
1063 4442 1212 4497 machinas
1227 4441 1418 4508 instruebant,
1443 4440 1682 4498 convehebantur
1702 4455 1720 4497 e
1745 4457 1835 4499 remo

980 4530 1050 4587 tiore
1066 4529 1221 4601 provincia.

1016 4617 1225 4688 Perpendentes
1253 4616 1349 4686 itaque
1371 4616 1514 4672 exercitus
1529 4613 1672 4671 Dominici
1689 4629 1832 4685 proceres,

980 4707 1027 4763 cni
1044 4705 1124 4761 urbis
1139 4703 1212 4774 parti
1234 4702 1412 4760 imbecillitas
1427 4703 1519 4774 maior
1544 4703 1657 4768 inesset,
1676 4702 1832 4774 cujusdam

980 4800 1061 4849 nocte
1077 4790 1203 4858 sabbati,
1227 4797 1353 4846 castrum
1373 4791 1445 4846 idem
1462 4804 1527 4846 cum
1552 4788 1704 4858 aliquibus
1729 4792 1834 4846 machi

980 4882 1025 4937 nis
1053 4878 1100 4934 illo
1121 4878 1280 4949 deportant.
1312 4877 1354 4933 Ab
1370 4876 1500 4933 orientali
1524 4891 1593 4947 ergo
1612 4885 1695 4946 parte
1719 4892 1834 4935 summo

978 4981 1012 5023 ea
1038 4964 1165 5022 diluculo
1182 4964 1356 5034 eriguntur;
1372 4964 1524 5034 primaque
1538 4977 1572 5018 ac
1587 4963 1730 5020 secumda
1742 4964 1833 5020 tertia·

979 5069 1036 5125 que
1052 5053 1135 5120 ieria,
1151 5051 1195 5107 his
1210 5051 1342 5120 aptandis
1361 5049 1599 5119 stabiliendisque
1611 5049 1763 5107 insistunt.
1786 5051 1833 5107 Co

979 5157 1039 5199 mes
1062 5141 1147 5198 etlam
1162 5138 1258 5196 Sancti
1274 5137 1365 5209 Egidii
1391 5138 1549 5193 meridiana
1577 5136 1665 5207 plaga
1682 5152 1770 5194 suam
1794 5138 1832 5194 in·

978 5230 1127 5287 staurabat
1157 5226 1328 5283 machinam.
1365 5227 1439 5281 Dum
1468 5240 1537 5296 ergo
1573 5234 1653 5280 tauta
1674 5224 1830 5282 obsidionis

979 5320 1101 5376 lerveret
1119 5315 1248 5378 intentio.
1276 5314 1337 5371 sitis
1371 5321 1466 5370 tamen
1490 5313 1676 5370 intoleranda
1697 5315 1827 5371 omnium

979 5406 1136 5479 precordia
1163 5403 1289 5460 torrebat
1314 5401 1454 5458 ariditas:
1484 5400 1513 5456 in
1539 5409 1654 5457 tantum
1679 5408 1714 5458 ut
1740 5400 1826 5473 pretio
