3818 6008
68 232 121 288 lm
513 231 535 285 V
572 229 739 287 curbeltat
759 228 906 284 neutris
925 227 953 284 S.
975 228 1094 284 bantra*
1112 229 1159 284 DE
1179 227 1373 287 novluiirtvo
1763 230 1815 287 les

69 363 157 421 hante
170 377 231 419 csse
254 376 323 419 mcx
338 361 450 418 desinit.
469 361 525 417 Itos
543 360 639 416 itidem
656 360 714 416 scic
729 359 916 417 incalescente
934 362 957 414 a
972 358 1106 429 voluptas
1118 359 1206 415 menti
1216 359 1377 416 luxurianti
1387 358 1558 428 innascitur,
1570 361 1817 418 crudelitasctiam

68 452 216 522 disparere
235 450 393 506 consuevit.
419 449 500 516 Quod
524 449 699 518 expositione
723 463 781 504 non
799 448 915 520 indiget,
970 445 1177 517 indignationis
1199 461 1286 516 penes
1305 445 1376 503 alios
1389 455 1416 503 ει
1430 447 1546 505 invidie
1561 459 1725 519 generatur.
1743 450 1819 506 Deus

70 541 140 611 quia
167 539 193 594 in
217 538 283 607 ipsis
306 536 522 607 hypocritarum
544 537 695 592 eventibus
721 551 791 606 pene
813 536 918 591 indesi-
969 547 1040 604 ergo
1055 535 1108 590 boc
1121 535 1162 590 eis
1171 541 1274 603 exstat,
1291 535 1375 606 cujus
1385 535 1545 592 efficientiae
1558 552 1675 593 causam
1692 546 1818 608 praestat,

70 635 171 684 uenter
183 626 284 682 elucet.
304 648 314 674 ι
334 625 413 681 Sicut
428 625 522 695 pulvis
540 625 653 680 turbine
668 633 768 695 raptus
781 639 817 681 cx
839 638 916 693 area,
971 623 1048 679 unde
1063 623 1199 692 psalmus,
1216 621 1280 678 c'unt
1301 638 1433 692 perverso
1448 626 1670 695 pervertendum
1686 641 1754 683 eum
1769 627 1821 683 cla·

70 737 85 766 r
101 724 128 772 ct
148 716 222 771 sicut
235 715 341 785 {lomus
362 713 397 768 dc
417 711 578 769 fumario.»
604 714 677 769 Arca
702 720 798 767 nostra
819 717 919 766 sancta
971 718 1031 766 mat
1060 710 1142 781 (Psoi.
1159 727 1239 778 xvru,
1255 713 1312 780 26).
1341 717 1438 767 ltrtrna
1456 713 1531 769 enim
1555 714 1669 770 crudele
1683 722 1710 771 ct
1734 722 1820 786 petu-

71 804 199 861 Ecclesia
224 811 276 867 est,
301 802 346 859 vel
361 802 516 872 cujuslibet
539 801 763 858 conversationis
786 800 919 871 religiosa
972 797 1031 854 lum
1060 807 1101 855 cst
1128 800 1244 855 animal.
1271 804 1302 856 ln
1331 803 1378 856 cic
1402 815 1519 872 quoque
1541 803 1719 873 Assyriorum
1741 805 1823 872 quasi

71 893 215 963 professio.
243 895 286 947 Ec
306 892 360 946 bac
377 908 441 946 croc
459 894 553 961 proicis
578 893 685 945 turbine
708 891 829 959 rapitur,
851 903 917 945 cum
970 887 1076 956 pardos
1100 892 1203 955 osteis,
1226 904 1294 945 cum
1317 890 1376 945 lata
1390 898 1418 945 et
1440 891 1566 960 spatiosa
1592 891 1768 948 sectantibus
1785 890 1821 946 ob

71 981 211 1036 mentium
236 979 406 1036 instabilitas
428 980 464 1034 ad
482 979 594 1035 illicitos
613 987 704 1042 actus,
726 978 833 1033 diaboii
848 978 919 1032 llatu
972 975 1138 1032 morborum
1162 992 1281 1033 suorum
1304 978 1482 1044 varietatem,
1506 979 1614 1049 quibus
1630 979 1694 1035 aliis
1708 979 1821 1050 placere

69 1076 177 1135 actas
198 1068 342 1137 proposito
364 1067 535 1123 dimovetur.
551 1069 628 1124 Sicut
641 1081 757 1138 quoque
779 1069 872 1133 sumus
887 1066 920 1120 dc
973 1067 1109 1135 gestiunt,
1135 1080 1232 1135 poenas
1255 1067 1392 1136 permittit
1416 1065 1494 1123 luere
1514 1068 1671 1124 subitancae
1688 1066 1821 1137 praecipi-

69 1159 192 1226 fnmcric
212 1164 291 1223 sunt,
314 1156 393 1226 quia,
419 1170 485 1212 cum
509 1170 560 1226 per
584 1156 696 1211 lavares
715 1155 772 1210 alta
787 1154 920 1225 petierint
972 1154 1097 1209 tationis.
1119 1154 1230 1210 Pardus
1249 1155 1324 1210 enim
1345 1163 1372 1211 et
1387 1156 1501 1212 varium
1519 1163 1546 1212 ct
1562 1170 1598 1212 ex
1621 1155 1709 1211 nimio
1733 1169 1821 1212 cursu

70 1253 185 1315 repente
202 1244 379 1314 dispereunt.
402 1245 478 1300 Sicut
497 1259 614 1314 quoque
625 1245 715 1314 somus
732 1243 917 1310 intuentium,
972 1243 1003 1298 in
1019 1250 1277 1313 mortompraeceps
1293 1243 1398 1299 animal
1414 1252 1466 1300 est.

71 1334 129 1390 imo
152 1334 411 1397 circumstantium,
435 1332 533 1389 oculos
549 1342 690 1404 aggravat
702 1341 729 1389 et
745 1331 918 1403 perstringit,
1008 1330 1094 1387 Vens.
1109 1330 1136 1386 8.
1151 1360 1187 1372 -
1205 1353 1215 1380 ι
1234 1332 1391 1388 Occurram
1406 1332 1446 1388 cis
1459 1331 1543 1403 quasi
1557 1346 1626 1389 ursa
1641 1333 1731 1402 raptis
1745 1339 1822 1387 catu-

71 1422 111 1479 ita
126 1437 183 1478 non
200 1422 283 1477 modo
308 1422 491 1491 simplicium,
516 1423 564 1477 scd
585 1429 613 1478 et
632 1430 802 1492 argutorum
819 1420 921 1476 intelli·
976 1418 1074 1475 »lisa
1103 1420 1187 1485 Quasi
1207 1435 1273 1474 urso
1300 1424 1389 1489 raptis
1413 1423 1511 1476 catalis
1533 1424 1571 1476 eis
1595 1422 1670 1477 licus
1699 1421 1822 1477 occurrit

73 1511 185 1583 gentius
209 1510 344 1566 simulata
366 1511 518 1580 aliquoties
531 1511 626 1566 virtus
648 1510 775 1567 obducit.
796 1510 847 1566 llis
866 1508 920 1566 rite
974 1523 1040 1564 cum
1055 1507 1247 1564 insecutiones
1263 1517 1350 1579 atque
1366 1509 1510 1566 molestias
1525 1510 1561 1566 ab
1576 1511 1620 1566 bis
1635 1510 1687 1581 qui
1701 1525 1749 1566 ecs
1764 1509 1823 1566 lau-

71 1599 224 1669 ltvpocritae
247 1606 463 1668 comparantur,
489 1597 540 1668 qui
562 1596 692 1667 lapsibus
709 1597 865 1668 inopinatis
880 1597 916 1653 ad
973 1597 1043 1652 darc
1064 1597 1201 1664 solebant,
1224 1605 1252 1652 et
1265 1598 1351 1654 etiam
1373 1599 1417 1653 sui
1439 1602 1531 1668 operis
1551 1598 1754 1670 vilipensiones
1766 1598 1822 1653 irn-

71 1687 200 1744 subitum
215 1701 232 1742 a
246 1701 298 1743 suc
312 1695 423 1743 tumore
438 1686 588 1742 rellautur.
935 1659 957 1714 B
971 1685 1067 1743 mittit.
1084 1687 1155 1743 Ursa
1177 1686 1253 1742 enim
1269 1687 1359 1757 raptis
1376 1687 1481 1744 lctibus
1496 1686 1616 1744 ferocior
1628 1696 1679 1756 cst,
1702 1695 1730 1744 et
1750 1687 1821 1743 nibil

107 1776 192 1832 Vsus.
209 1777 235 1829 4.
249 1806 284 1815 -
302 1796 312 1822 ι
338 1775 397 1845 Ego
413 1782 510 1831 autem
525 1773 665 1830 Dominus
688 1775 764 1830 bens
783 1781 852 1831 tuus
866 1773 918 1845 qui
971 1783 1013 1831 est
1034 1775 1112 1845 quod
1134 1774 1226 1846 magis
1249 1789 1350 1832 corum
1366 1784 1490 1832 mentem
1513 1776 1617 1833 obruat
1634 1791 1722 1847 quam
1744 1777 1819 1849 quod

73 1863 189 1920 »eduxi
216 1871 241 1919 ιε
268 1862 302 1918 de
329 1870 407 1918 terra
428 1862 553 1932 AEgypti,
576 1870 604 1918 ει
628 1863 717 1917 licum
741 1862 851 1932 absquo
872 1876 917 1918 me
972 1865 1039 1935 quis
1053 1879 1101 1921 eos
1116 1865 1152 1920 ab
1168 1879 1287 1934 operum
1305 1879 1424 1920 suorum
1442 1865 1526 1922 laude
1539 1866 1643 1935 privat.
1661 1866 1749 1931 Quasi
1758 1881 1823 1919 urso

74 1975 84 2001 ι
103 1952 220 2019 nescies,
249 1959 277 2007 ει
304 1950 430 2005 salvator
458 1965 515 2005 non
543 1958 585 2006 est
612 1958 716 2020 praeter
744 1965 797 2006 me.
818 1951 918 2006 »Sunt
971 1966 1042 2023 crgo
1058 1967 1210 2009 occurrere
1232 1952 1348 2020 dicitur,
1368 1953 1488 2008 cumeis
1505 1952 1647 2023 judicium
1663 1951 1822 2007 secundum

70 2040 155 2096 multi
172 2039 223 2110 qui
240 2039 314 2095 bona
328 2053 362 2094 ex
379 2038 500 2094 veritate
514 2045 690 2108 proponunt,
705 2047 732 2094 ει
747 2038 918 2109 aliquandiu
972 2041 1200 2097 convenientiam
1216 2048 1329 2097 nature
1343 2041 1468 2097 bestialis
1480 2041 1620 2097 exeritur.
1636 2041 1694 2096 ·Et
1708 2038 1822 2095 dirum-

71 2130 101 2184 iu
122 2129 177 2185 boc
201 2128 262 2199 ipsc
285 2128 451 2198 persistunt,
473 2135 502 2182 at
525 2142 591 2184 cum
607 2127 718 2183 laudari
739 2143 769 2184 se
783 2129 917 2191 audiunt,

72 2218 108 2274 ad
132 2217 291 2289 appetitum
316 2216 414 2287 gloriae
437 2224 548 2272 mutata
570 2216 727 2273 intentione
748 2231 777 2273 se
801 2217 919 2273 transte-

71 2312 151 2363 runt.
172 2306 303 2376 Estcrgc
325 2318 358 2360 ac
373 2306 396 2360 si
413 2305 457 2360 bis
477 2304 605 2360 diceret:
630 2305 790 2361 Meminisse
812 2306 918 2362 debuc-

72 2395 154 2460 ratis,
178 2394 257 2465 quod
284 2408 334 2449 vos
361 2393 429 2449 clim
461 2393 496 2449 de
521 2393 704 2450 tenebrarum
729 2401 865 2464 potestate
890 2396 919 2450 in

71 2497 193 2555 regnum
219 2481 378 2538 dilectionis
403 2496 474 2537 mere
496 2481 694 2537 transtulerim
724 2483 791 2551 (dol.
815 2496 833 2550 t,
862 2485 918 2552 ist),

72 2586 117 2627 me
132 2569 217 2626 semel
243 2570 356 2641 cognito
382 2572 475 2625 omnis
499 2569 575 2625 Deus
600 2583 699 2626 recens
721 2585 738 2626 a
763 2571 845 2627 vobis
867 2571 920 2627 de-

73 2661 175 2716 buerat
197 2657 324 2726 excludi,
349 2665 376 2714 ει
400 2656 479 2713 salus
503 2667 609 2723 vestra,
626 2672 715 2727 quam
735 2658 920 2728 providentiae

974 2148 985 2176 ι
1005 2143 1070 2198 pam
1089 2128 1224 2185 interiora
1240 2128 1344 2199 iecoris
1357 2143 1456 2185 corum
1478 2143 1484 2182 :
1499 2137 1527 2185 et
1541 2142 1711 2184 consumam
1724 2141 1772 2184 cos
1786 2125 1821 2182 ibi

974 2219 1089 2289 »quasi
1114 2218 1167 2284 lec,
1188 2219 1284 2289 ‚bestia
1307 2218 1369 2289 agri
1397 2219 1506 2274 scindet
1528 2232 1586 2273 ecs.
1613 2239 1623 2265 ι
1657 2216 1822 2274 Secundum

972 2307 1105 2377 physicos
1132 2307 1225 2377 iecore
1248 2320 1390 2362 amamus
1419 2308 1494 2362 Deus
1518 2320 1587 2377 ergo
1607 2306 1709 2375 jecoris
1733 2321 1822 2359 cotem

972 2397 1104 2450 titteriora
1126 2395 1288 2465 disrumpit,
1311 2410 1377 2451 cum
1399 2394 1501 2451 occulti
1526 2395 1632 2450 amoris
1651 2393 1823 2464 petulantias

973 2483 1082 2554 quibus
1104 2483 1228 2539 insolens
1252 2483 1367 2538 animus
1389 2483 1550 2539 oblectatur
1572 2488 1656 2553 quast
1679 2483 1823 2553 quodam-

974 2571 1057 2626 modo
1076 2579 1247 2628 exenterans
1262 2571 1456 2640 undecunque
1470 2571 1612 2641 patefacit.
1628 2572 1726 2626 ibices
1743 2573 1823 2641 quasi

974 2659 1013 2713 leo
1036 2657 1188 2723 consumit,
1211 2659 1281 2713 dum
1305 2665 1411 2713 statum
1437 2672 1547 2726 eorum,
1568 2658 1619 2729 qui
1636 2658 1688 2714 sibi
1712 2656 1823 2727 aliquid

72 2755 174 2804 vestrae
189 2746 343 2816 studioque
358 2745 509 2811 ascribitis,
524 2746 593 2801 mibi
611 2746 789 2816 potissimum
805 2748 920 2805 debuis-
974 2761 1034 2803 esse
1057 2747 1242 2812 videbantur,
1266 2747 1316 2816 ibi,
1341 2747 1426 2802 idest
1448 2746 1476 2801 in
1502 2747 1557 2803 bac
1576 2746 1702 2802 carnalis
1727 2744 1823 2815 lapsus

72 2844 113 2892 set
137 2834 251 2900 ascribi,
273 2835 343 2902 quia
367 2835 390 2887 si
416 2832 509 2888 velitis
532 2833 638 2889 salvari
659 2848 704 2890 me
720 2836 919 2904 praetermisso,
975 2834 1250 2892 loeditatecvinanit.
1267 2835 1302 2890 Et
1324 2835 1379 2890 boc
1393 2834 1459 2890 lacit
1480 2834 1562 2904 quasi
1579 2834 1632 2904 leo,
1649 2832 1762 2891 assultu
1776 2834 1823 2889 vi-

72 2921 218 2978 fallimiui.
242 2922 358 2991 ubsque
378 2922 435 2976 Dec
456 2920 509 2978 scit
530 2923 632 2991 Deum
657 2924 704 2978 cui
722 2925 814 2995 magis
831 2939 920 2995 quam
940 2924 1073 3010 cdelicet
1087 2930 1194 2994 aperto,
1210 2938 1267 2978 non
1280 2937 1297 2978 a
1311 2922 1414 2989 cauda,
1431 2922 1511 2979 idest
1526 2923 1657 2987 latenter,
1675 2929 1707 2985 ut
1722 2923 1820 2978 draco.

73 3013 148 3068 Deus
160 3013 212 3068 coli
227 3013 337 3083 adjacet
352 3010 466 3067 vitium.

110 3102 194 3158 Vens.
219 3104 245 3167 ὅ,
270 3101 296 3154 6.
313 3122 381 3148 -ι
407 3100 468 3170 Ego
491 3099 613 3170 cognovi
640 3107 666 3155 te
687 3100 716 3155 in
740 3101 861 3165 deserto,
890 3100 919 3155 in

74 3198 184 3247 »terra
199 3187 371 3245 solitudinis.
395 3188 481 3244 ltixta
506 3201 613 3257 pascua
635 3203 698 3256 sua,
722 3196 750 3245 ct
774 3187 920 3258 adimpleti
974 3189 1085 3259 positus
1105 3194 1181 3242 nt)
1203 3195 1229 3242 et
1243 3186 1413 3243 Christiane
1431 3187 1603 3242 urbanitatis
1625 3186 1740 3243 nescius
1760 3186 1822 3241 ani-

76 3286 182 3344 nsunt,
209 3284 241 3333 'et
266 3275 398 3344 saturati,
423 3285 453 3336 ,et
484 3276 671 3332 elevaverunt
694 3292 863 3345 corsuum,
892 3283 921 3333 et
975 3292 1040 3334 mus
1065 3275 1243 3347 intelligitur.
1259 3275 1314 3330 Per
1335 3274 1465 3343 bestiam,
1484 3275 1569 3344 cujus
1585 3274 1681 3330 feralis
1703 3282 1732 3331 ct
1746 3274 1823 3330 indc-

75 3388 87 3417 ·
104 3365 182 3423 obliti
198 3372 267 3421 sunt
286 3367 350 3419 mei.
369 3385 380 3412 ι
397 3367 429 3420 ln
443 3364 546 3419 desorto
569 3378 615 3420 eos
630 3365 772 3435 cognovit,
788 3364 921 3435 quandin
974 3365 1043 3422 mita
1058 3372 1164 3420 natura
1184 3363 1371 3435 dignoscitur,
1394 3362 1547 3432 appetitus.
1569 3363 1665 3418 Bestia
1678 3365 1748 3430 ,agri
1761 3378 1823 3431 crgo

974 3012 1051 3069 Nihil
1065 3012 1142 3068 enim
1158 3011 1250 3082 magis
1268 3011 1437 3082 contiguum
1458 3010 1547 3075 rigori
1562 3011 1716 3080 snperbia,
1733 3023 1822 3080 quam

974 3101 1028 3156 sub
1043 3101 1096 3156 bac
1111 3099 1252 3170 liquelieri
1267 3098 1356 3154 solere
1379 3098 1505 3154 mollitie.
1522 3099 1574 3154 Per
1595 3112 1699 3170 agrum
1716 3099 1823 3154 incom-

75 3455 205 3512 vidclicet
237 3453 405 3510 secularem
432 3466 549 3508 exosam
577 3453 704 3509 habuere
729 3453 919 3523 frequentiam

73 3560 122 3602 cos
146 3541 327 3614 approbavit.
355 3543 437 3597 Nosse
461 3540 538 3596 enim
567 3541 617 3598 [tei
645 3541 798 3610 approbare
817 3549 869 3597 cst.
891 3543 921 3596 ln

75 3639 149 3689 terro
180 3630 337 3687 solitudinis
365 3627 547 3700 cognoscitur
579 3628 713 3698 quisquis
736 3629 920 3686 instabilitate

73 3716 178 3773 mentis
206 3730 303 3773 secum
332 3715 488 3772 habitantis
515 3717 603 3786 (terra
624 3717 701 3772 enim
728 3717 756 3772 in
781 3725 920 3774 aeternum

74 3808 138 3874 stat)
153 3804 261 3876 illesic.
278 3822 297 3872 r,
310 3807 336 3872 4)
361 3819 378 3860 a
403 3805 460 3860 Deo
484 3812 632 3875 gratanter
657 3813 832 3876 acceptatur.
862 3806 921 3862 llo-

75 3893 194 3950 tandum
220 3893 354 3963 quotide
377 3892 504 3949 secunda
528 3908 658 3962 persona,
684 3896 756 3949 mori
771 3895 919 3962 Hebraico,

75 3982 112 4039 ad
137 3981 249 4038 tertiam
274 3995 424 4051 personam
448 3980 558 4038 transit.
575 3983 667 4036 docta
686 3999 790 4052 pascuo
808 3999 859 4037 suc
872 3997 919 4039 eo·

74 4074 255 4148 gnoscuntur
280 4067 331 4137 qui
355 4067 384 4123 iu
400 4068 506 4125 divinae
526 4068 653 4124 lectionis
674 4068 778 4139 pabulo
802 4069 922 4126 lideliter

75 4170 109 4212 ac
134 4154 282 4212 humiliter
304 4155 491 4212 oblectantur.
517 4156 553 4212 rit
578 4171 644 4212 vero
666 4157 832 4227 implentur,
855 4173 920 4214 cum

974 3470 1017 3509 cor
1031 3451 1144 3519 scindit,
1164 3466 1241 3515 cum,
1269 3451 1364 3507 velint.
1380 3451 1482 3518 nolint,
1506 3451 1663 3521 corporalis
1680 3452 1824 3522 appetitus

974 3542 1110 3614 ingenite
1130 3540 1370 3610 concupiscentiae
1390 3541 1465 3610 ipsos
1485 3539 1664 3610 impatientes
1686 3540 1822 3605 ciliciens,

975 3630 1059 3700 quasi
1077 3629 1271 3697 eviscerando,
1289 3628 1391 3699 quales
1410 3628 1486 3698 apud
1503 3643 1532 3684 se
1545 3629 1717 3694 habeantur,
1730 3636 1824 3685 osten-

974 3718 1026 3776 dit.

1010 3806 1096 3863 Vens.
1111 3808 1136 3860 9.
1158 3834 1194 3846 -
1216 3804 1369 3861 ιΡεειιίιίο
1390 3812 1450 3872 tua,
1469 3805 1565 3871 lsrael,
1579 3805 1781 3861 tantummodo
1795 3805 1823 3860 in

978 3908 1051 3950 »me
1071 3892 1215 3949 auxilium
1240 3900 1332 3948 tuum.
1361 3914 1371 3940 ·
1398 3892 1529 3948 lsraelem
1546 3906 1634 3962 supra
1657 3892 1826 3949 dixeramus

974 3998 1023 4040 cos
1038 3983 1088 4052 qui
1109 3995 1146 4038 ex
1163 3980 1263 4036 talium
1280 3981 1527 4037 mercenariorum
1551 3980 1672 4036 fideliter
1685 3994 1735 4036 ore
1755 3995 1826 4050 pcn-

975 4070 1090 4132 debant,
1106 4077 1133 4124 ct
1150 4083 1216 4125 cum
1230 4070 1286 4125 lieo
1306 4070 1465 4125 secuudum
1484 4068 1685 4139 etymologiam
1702 4069 1825 4125 nominis

976 4158 1061 4228 dirigi
1076 4157 1240 4227 cupiebant.
1259 4156 1310 4212 ilic
1323 4158 1430 4213 dicitur
1444 4158 1562 4227 perditio
1578 4164 1635 4223 tuo,
1661 4170 1694 4211 ac
1708 4157 1732 4211 si
1746 4157 1822 4214 dice-

74 4244 166 4301 iastus
189 4258 225 4300 ex
239 4243 364 4300 scieutiae
379 4245 543 4314 copiositate
562 4245 732 4314 concipitur.
750 4245 924 4302 saturantur
943 4249 1041 4305 bret:
1059 4247 1103 4302 Tu
1119 4255 1144 4302 te
1158 4245 1306 4302 existimas
1320 4245 1463 4315 perditum
1481 4260 1551 4311 esse,
1567 4245 1636 4315 quia
1661 4245 1711 4299 tibi
1733 4245 1824 4301 conti-

76 4347 143 4389 cum
157 4340 208 4389 aut
222 4332 345 4401 lastidio,
367 4341 417 4389 aut
431 4333 566 4403 superbia
580 4346 662 4388 sacra
676 4333 826 4389 volumina
840 4335 925 4405 quasi

15 4429 28 4443 ‘
77 4420 255 4478 scientissimi
284 4436 337 4477 nec
361 4429 521 4491 respectare
544 4420 713 4491 dignantur,
731 4429 758 4478 ει
783 4430 821 4486 ut,
838 4424 925 4494 juxta

77 4511 231 4582 psalmum,
252 4510 345 4566 dicam
363 4525 368 4564 :
385 4509 505 4567 Omnem
521 4523 615 4566 escam
630 4509 727 4565 anima
741 4525 840 4567 eorum
857 4512 924 4568 abo-

77 4599 206 4656 minatur
221 4600 301 4668 [Psot.
318 4614 374 4666 cvr,
393 4600 445 4669 18).
459 4598 507 4653 Cor
519 4613 597 4652 sunm
607 4598 729 4666 elevant,
742 4613 807 4654 cum
819 4601 928 4670 sapien.

76 4688 146 4745 tiam
167 4702 251 4743 suam
276 4687 385 4756 ubique
410 4685 614 4756 percelebrant.
641 4688 692 4744 Gor
714 4688 790 4742 enim
808 4702 860 4758 pro
876 4705 925 4744 sc-

75 4778 182 4849 picntio
193 4777 220 4831 in
228 4774 515 4845 Scripturisponitur,
527 4774 597 4844 quia
606 4775 736 4845 loquitur
744 4777 924 4846 Deuspacem

77 4868 107 4923 in
123 4866 168 4922 bis
180 4864 239 4935 'qui
254 4870 464 4920 convertuntur
478 4863 514 4918 ad
526 4877 575 4918 cor
589 4862 675 4934 (Psoi.
692 4880 808 4932 cxxxiv,
829 4866 867 4936 9),
881 4869 925 4923 sin

77 4955 160 5021 alias,
176 4953 222 5009 vel
241 4959 316 5008 certe
332 4951 401 5020 quia
422 4950 507 5007 corde
529 4952 666 5022 sapimus.
684 4953 734 5008 Dei
748 4954 924 5011 obliviscun-

77 5051 135 5109 tur,
157 5041 186 5097 in
201 5053 326 5111 quorum
342 5038 478 5096 cordibus
491 5039 609 5096 confusa
621 5041 718 5096 omnia
732 5041 793 5097 sine
807 5041 926 5100 rationis

13 5120 15 5127 '
77 5130 246 5186 auctoritate
259 5127 403 5185 leruntur.

113 5217 199 5274 Vens.
215 5217 242 5271 7.
258 5245 293 5257 -
310 5239 320 5265 t
347 5217 382 5272 Et
396 5230 446 5273 ero
461 5217 507 5287 eis,⁸
516 5217 600 5288 quasi
615 5217 714 5285 leaena,
730 5218 805 5274 sicut
818 5219 925 5288 pardus

78 5327 91 5354 o
109 5305 138 5360 in
152 5305 210 5374 {via
234 5304 425 5376 Assyriorum.
443 5325 457 5354 ι
486 5305 536 5361 Est
562 5309 600 5360 eis
625 5306 701 5362 Deus
723 5308 805 5376 quasi
828 5306 923 5377 leena,

76 5393 146 5449 dum
169 5407 205 5448 cx
229 5392 305 5448 bono
326 5393 485 5449 secundum
507 5394 584 5462 quod
609 5393 762 5450 videbatur
775 5408 869 5464 opere,
885 5403 922 5465 et,

78 5481 156 5551 quod
179 5487 323 5552 qnantum
346 5482 382 5538 ad
406 5480 499 5552 ipsum
525 5496 597 5551 opus
618 5482 751 5553 pertinet,
779 5482 829 5538 Dei
850 5489 922 5552 erat,

978 4336 1051 4408 gerit
1085 4335 1217 4404 exemplo
1252 4342 1279 4390 ει
1304 4335 1419 4389 monitis
1447 4333 1547 4389 talium
1584 4333 1825 4389 damnaticiorum

979 4423 1225 4493 horripilationem
1254 4422 1382 4492 aliquam
1407 4422 1442 4476 ad
1465 4421 1660 4497 poenitendum
1689 4420 1827 4478 benevole

978 4512 1151 4582 concepisse.
1175 4510 1317 4577 Quoniam
1342 4509 1431 4580 igitur
1453 4509 1534 4564 vides
1553 4523 1602 4563 eos
1621 4509 1651 4562 in
1666 4521 1720 4563 sua
1742 4507 1827 4564 leuti-

979 4601 1079 4657 tudiuc
1093 4599 1246 4669 languisse,
1261 4596 1458 4654 tantummodo
1476 4597 1503 4650 in
1518 4610 1562 4651 me
1577 4604 1661 4651 tuum
1672 4594 1722 4653 tibi
1738 4596 1826 4652 arixi-

979 4689 1050 4745 lium
1063 4686 1179 4756 expedit
1197 4688 1381 4742 convertisse.

1014 4777 1101 4834 Vens.
1119 4778 1161 4829 ιο.
1179 4803 1214 4814 -
1241 4774 1325 4831 «Ubi
1351 4782 1391 4829 est
1419 4788 1470 4829 rex
1485 4774 1573 4829 tunsi
1598 4772 1725 4829 maxime
1748 4787 1826 4829 nunc

982 4887 992 4913 ι
1008 4865 1098 4921 salvet
1114 4871 1140 4920 tc
1153 4863 1183 4918 in
1197 4863 1332 4919 omnibus
1346 4862 1468 4918 urbibus
1489 4861 1556 4918 tuis.
1576 4883 1585 4909 ι
1604 4861 1645 4916 Αε
1658 4861 1681 4916 si
1697 4861 1824 4918 diceret:

978 4955 1068 5011 Tute
1095 4962 1145 5009 tuo
1169 4951 1333 5023 magisterio
1353 4951 1585 5021 gratulabundus
1611 4950 1827 5021 supergaudere

978 5042 1126 5112 volueras3
1151 5048 1178 5096 et
1200 5039 1284 5110 quasi
1307 5054 1359 5110 ego
1372 5054 1436 5095 sum
1452 5039 1545 5106 Pauli,
1562 5052 1615 5110 ego
1631 5052 1696 5094 sum
1713 5040 1825 5108 Cepbe,

977 5145 1031 5203 ego
1058 5143 1122 5187 sum
1152 5128 1250 5199 apollo
1277 5127 1370 5184 dicere
1394 5141 1521 5198 coeperas
1547 5129 1572 5196 (i
1584 5128 1650 5181 Cor.
1677 5142 1696 5194 1,
1722 5126 1777 5199 iil,
1799 5135 1827 5183 ct

977 5234 1041 5277 ecce
1053 5233 1150 5290 regem
1166 5226 1259 5284 tuum,
1275 5217 1310 5273 de
1324 5232 1382 5287 quo
1398 5216 1468 5272 lalso
1482 5228 1661 5286 speraveras,
1680 5229 1719 5271 ex
1733 5215 1826 5286 bype-

977 5305 1042 5361 crisi
1065 5304 1202 5361 decidisse
1225 5303 1400 5360 consideras.
1428 5303 1480 5359 llic
1504 5303 1629 5359 maxime
1646 5303 1826 5360 necessarius

978 5393 1028 5449 tibi
1042 5400 1103 5450 erat
1118 5401 1160 5457 ut,
1178 5392 1206 5446 iu
1221 5392 1356 5448 omnibus
1368 5392 1493 5448 urbibus
1504 5391 1571 5459 tuis,
1584 5391 1612 5446 id
1625 5399 1668 5447 ost
1681 5392 1827 5448 conscicn-

976 5483 1082 5540 tiarum
1106 5481 1324 5552 conceptaculis,
1339 5480 1487 5537 salutifero
1508 5490 1533 5538 ιε
1549 5481 1676 5538 muniret
1694 5481 1826 5554 exemplo
