3818 6008
109 218 161 271 sas
548 209 579 263 v.
598 209 768 266 anienem
788 208 935 265 aeolus
953 207 983 264 s.
1008 184 1194 265 naerens
1215 206 1412 264 uovrcnrvro
1812 208 1865 262 see

110 357 282 410 mercatores
296 347 335 401 eis
351 361 399 416 por
413 357 490 400 mare
505 342 674 412 direximus,
695 358 770 415 quas
784 344 853 400 satis
869 343 948 400 tenui
968 342 1189 399 dbtssimulata
1218 350 1314 399 tamen
1337 341 1522 412 conscientia,
1546 343 1624 400 mille
1638 343 1774 399 bouvines
1789 357 1860 399 cum

110 440 200 512 pretio
226 433 425 493 distrahendas
448 430 517 486 bnic
542 430 607 487 urbi
632 429 802 488 inferemus:
829 444 956 502 quarum
1010 430 1177 502 quingentis
1204 430 1325 488 sarcinis
1345 430 1569 501 Hierosolymam
1597 430 1692 487 duxit.
1720 428 1867 486 Distribu-

111 528 226 600 copiosa
252 524 389 580 varietate
414 535 471 591 quo
491 519 616 590 amplius
643 518 786 590 indigetis,
815 533 848 576 eo
876 518 957 575 vobis
1010 518 1105 588 tisque
1120 517 1253 590 singulis,
1268 530 1334 588 quae
1354 516 1427 574 turri
1441 516 1531 574 David
1544 517 1682 590 contigua
1696 523 1797 584 eram,
1813 517 1868 573 bo·

112 624 249 689 perpetuo
276 610 442 681 proluturas
469 607 643 664 noveritis.»
672 607 800 676 dixerat,
828 613 856 662 et
870 606 956 695 regis
1010 606 1172 677 spiralibus,
1189 606 1354 663 Mardonius
1370 605 1398 662 in
1420 605 1566 673 brabium,
1582 605 1633 662 ubi
1651 619 1707 662 rex
1730 604 1869 661 moraba-

110 704 241 762 muuitns
256 697 453 770 stipatoribus,
470 696 506 752 ad
519 710 573 751 sna
583 707 676 765 nsque
690 694 847 750 reducitur.
1011 701 1069 760 tur,
1084 695 1164 751 venit
1180 710 1186 749 :
1202 715 1217 744 «
1239 694 1321 755 Sunt.
1339 693 1443 766 inquit,
1456 694 1658 765 Hierosolymis
1670 692 1867 750 funestissimi

143 790 213 864 itepi
239 785 448 856 Hierosolyma
470 782 752 838 struunturinsidiae.
767 812 801 821 -
815 782 873 839 Nee
887 795 956 837 enn—
1011 791 1192 851 mercatores,
1211 783 1261 854 qui
1277 782 1359 839 nobis
1375 796 1432 839 non
1449 796 1547 853 opum,
1564 783 1613 838 sed
1628 795 1785 839 armerum
1806 794 1868 835 sar·

108 887 213 946 ctatus,
231 874 334 932 libellis
359 871 534 929 transmissis
555 870 715 940 principem
736 866 891 938 Babylonis
906 879 956 936 per
1009 871 1089 927 einas
1114 872 1284 929 attulerunt.
1307 873 1343 926 Εῑ
1371 871 1426 927 nisi
1442 870 1497 926 cito
1511 869 1707 939 subveniatis,
1735 869 1867 926 loturam
1895 900 1897 915 .

108 962 301 1023 internuntios
326 960 484 1017 adoritur:
507 981 521 1007 «
546 957 617 1014 Cum
644 965 749 1013 vestrm
770 955 956 1013 sublimitatis

107 1068 222 1121 nomen,
238 1050 365 1107 delatum
376 1049 489 1120 'ubique
507 1056 661 1113 terrarum,
682 1053 725 1103 tot
740 1045 875 1117 gentibus
889 1046 956 1116 iter-

107 1142 166 1199 rori
183 1136 339 1201 incumbat,
352 1134 431 1206 quod
444 1133 599 1190 Christiani
616 1134 743 1189 adrenae.
766 1130 848 1203 regni
869 1130 955 1187 vestrl

108 1229 179 1286 lines
202 1223 409 1289 mutilaverint,
434 1229 541 1278 aeterrm
574 1219 703 1291 subiacet
729 1219 841 1290 pudori.
886 1219 956 1274 Ecce

108 1331 173 1388 pars
189 1315 317 1372 maxima
339 1310 501 1381 babylonici
532 1308 655 1379 imperii,
678 1307 807 1365 externis
835 1306 955 1363 subacta

107 1405 230 1477 legibus,
259 1398 388 1470 antiquis
410 1397 514 1454 ritibus
527 1397 681 1452 numinum
702 1396 800 1462 saeris,
826 1394 901 1450 luxu
927 1400 955 1449 et

106 1493 254 1562 voluptate
277 1501 334 1559 qua
364 1485 407 1543 uti
435 1483 598 1541 solebamus
618 1491 710 1540 vacat.
739 1485 840 1539 Vereor
866 1483 955 1537 iratos

107 1580 183 1645 deos,
211 1592 262 1635 nec
280 1575 457 1632 llatbomum
483 1572 555 1628 velle
593 1570 776 1642 patrocinari.
807 1568 887 1637 Quod
928 1565 952 1622 si

107 1669 218 1725 viribus
244 1664 392 1734 armisque
422 1661 575 1731 resumptis
604 1659 811 1716 Christianosa
835 1665 911 1713 terra
926 1646 994 1712 etB

109 1757 230 1815 urbibus
258 1766 355 1808 arcere
384 1750 543 1818 volueritis,
575 1749 653 1805 etdil
669 1763 719 1804 vos
739 1747 908 1811 exaudient,
927 1751 954 1799 et

108 1844 270 1901 ldatbomus
289 1838 488 1910 opitulabitur.
514 1839 595 1892 Ferte
614 1849 707 1906 opem,
724 1835 813 1891 armis
832 1833 954 1890 camelos

106 1941 231 1997 onerate,
258 1932 436 1985 armatorum
472 1925 661 1982 nibilominus
698 1924 839 1994 quotlibet
865 1920 954 1978 millia

106 2018 229 2089 dirigite.
263 2014 410 2071 biennales
431 2027 531 2083 aroge
546 2013 802 2083 Hierosolymitano
823 2009 954 2067 inducias

106 2105 295 2171 obtinuimus,
327 2102 428 2157 urbem
457 2100 550 2169 ipsam
569 2099 762 2165 immunitam,
780 2098 850 2154 levis
876 2098 955 2152 viros

105 2200 271 2256 armaturae,
298 2188 376 2244 lusos
399 2186 565 2243 auxiliarios
586 2185 720 2241 vidimus.
739 2183 833 2254 Opum
849 2190 955 2238 vestra-

106 2296 171 2339 rum
205 2291 329 2335 munera
346 2283 565 2344 mercatumque
594 2273 633 2329 illi
666 2272 892 2342 repromisimus,
922 2279 955 2328 nt

104 2382 175 2441 erga
188 2382 240 2424 nos
260 2368 289 2421 in
307 2363 387 2421 nullo
406 2370 551 2432 suspectos
582 2377 630 2417 eos
644 2361 838 2417 redderemus.
854 2360 882 2416 si
902 2373 954 2430 pro

105 2457 258 2523 mercibus,
275 2467 421 2509 armorum
436 2452 566 2506 sarcinas
581 2450 636 2506 illis
660 2449 834 2515 direxeritis,
863 2448 954 2504 facilis

105 2544 183 2618 apud
199 2557 249 2600 vos
262 2541 316 2598 erit
346 2539 436 2610 ipsius
455 2539 572 2609 jactura
588 2536 678 2593 urbis.
707 2557 717 2584 ι
744 2536 794 2591 llis
818 2535 952 2605 acceptis,

104 2640 250 2703 tyrannus
269 2643 319 2699 spe
336 2627 479 2684 dictorum
495 2625 688 2682 animabatur.
710 2623 856 2681 ilirareris
871 2623 954 2680 deni-

105 2731 163 2789 que
185 2716 308 2773 militum
332 2712 660 2792 audaciamarmorum
689 2711 880 2782 quantitatem
899 2724 953 2765 va-

105 2807 241 2875 riumque
260 2801 412 2873 lulgorem,
426 2807 623 2856 armentorum
640 2796 869 2867 victualiumque
893 2794 955 2851 inil-

105 2891 234 2957 nitatem,
262 2887 327 2944 auri
351 2895 581 2957 ceterarumque
609 2898 697 2955 opum
716 2883 952 2953 immensitatem3

104 2995 172 3053 quae
186 2977 283 3036 omnia
298 2984 410 3032 mature
426 2983 527 3046 parata
541 2974 666 3030 navibus
686 2972 886 3044 imponuntur,
902 2985 954 3027 nec

104 3069 197 3124 multo
211 3072 275 3137 post
289 3063 460 3120 Ascalonem
476 3070 676 3133 exponuntur.

141 3155 360 3225 mepanturee
370 3145 683 3205 dissolvunturimidiae
692 3144 768 3220 repis
785 3147 905 3220 paratae.
919 3173 954 3184 -

105 3244 227 3300 murum
253 3255 320 3297 cum
333 3240 394 3295 dies
416 3237 627 3295 transmittendi
644 3235 748 3308 negotii
764 3233 954 3304 repromissus

106 3334 235 3396 instaret,
251 3330 336 3386 mittit
351 3329 388 3385 ad
404 3343 498 3400 regem
515 3336 668 3398 tyrannus,
684 3334 711 3383 et
724 3326 760 3382 ad
781 3325 953 3395 {conducen-

106 3420 157 3477 das
189 3431 305 3484 merces,
330 3416 525 3489 quemlibete
551 3416 638 3472 latere
668 3415 744 3485 regis
778 3411 952 3483 expostulat.

106 3507 160 3565 Sed
172 3521 205 3564 eo
218 3514 344 3576 tempore
356 3519 408 3561 rex
423 3504 502 3575 apud
520 3504 773 3576 Cavaszcastrum,
791 3502 820 3556 in
846 3500 954 3556 Arabia

105 3598 205 3661 situm,
228 3601 415 3651 concesserat.
446 3593 505 3649 lloc
528 3607 585 3648 non
609 3590 692 3648 valde
720 3589 821 3661 procul
845 3602 862 3644 a
886 3588 953 3644 Sina

106 3690 202 3740 monte
216 3681 252 3736 ad
266 3680 412 3753 regionem
429 3679 565 3737 tuendam
591 3684 808 3745 construxerat;
835 3690 902 3733 nam
926 3684 955 3733 et

104 3786 138 3829 eo
153 3784 246 3840 usque
260 3782 383 3841 regnum
398 3767 579 3823 dilataverat.
604 3766 734 3836 Denique
753 3764 952 3836 procurando·

106 3874 172 3918 rum
192 3857 334 3929 regalium
348 3857 418 3913 dum
433 3869 484 3912 rex
510 3856 631 3921 abesset,
648 3854 692 3911 vir
706 3855 825 3925 quidam
854 3852 954 3909 ssdelis·

105 3949 206 4014 umus,
233 3952 261 4002 et
288 3944 437 4015 vigilantis
458 3943 579 4014 ingenii,
617 3941 819 4013 llierosolymis
860 3941 954 3998 olllcio

106 4034 300 4106 iungebatur;
324 4032 409 4103 cujus
434 4045 540 4102 purum
568 4046 672 4088 nomen
701 4032 954 4104 ignorantesque

107 4122 202 4180 nescio
214 4120 362 4176 occasione
394 4120 574 4177 llatbonium
605 4119 789 4192 agnominari
813 4119 953 4189 comperi-

973 2938 994 2994 C

1009 960 1094 1016 timeo
1113 960 1291 1016 eversionem
1305 966 1333 1015 et
1347 957 1440 1030 gentis
1452 964 1480 1015 et
1495 957 1583 1015 tarbis.
1603 979 1613 1004 ι

1043 1088 1153 1147 Omissa
1177 1089 1267 1161 igitur
1292 1101 1345 1145 rex
1370 1086 1494 1159 negotio,
1523 1087 1560 1143 ad
1590 1085 1697 1144 urbem
1731 1085 1865 1143 testinata

1009 1177 1180 1249 regreditur,
1206 1186 1234 1232 et
1263 1174 1503 1233 commeatoribus
1519 1175 1657 1244 evocatis,
1672 1175 1739 1232 loro
1756 1188 1864 1230 merces

1008 1266 1114 1337 exponi
1136 1264 1232 1336 jussit.
1245 1263 1327 1332 Quod
1348 1263 1389 1318 illi
1409 1263 1490 1319 nullo
1509 1263 1593 1320 modo
1614 1262 1674 1319 lieri
1694 1261 1862 1332 possedire·

1008 1357 1088 1426 bant,
1112 1355 1202 1411 donoc
1220 1354 1239 1410 ii
1266 1368 1340 1424 qnos
1356 1361 1559 1424 praecesserant
1582 1352 1627 1410 vel
1652 1354 1724 1410 socii
1752 1352 1798 1409 rel
1817 1352 1863 1408 do-

1009 1443 1079 1500 mini
1094 1441 1252 1511 venalium,
1268 1441 1468 1510 adventarent,
1483 1441 1732 1511 vehementerque
1748 1440 1859 1496 resiste-

1006 1529 1086 1586 bant.
1100 1527 1167 1584 llox
1183 1535 1280 1584 autem
1295 1540 1358 1593 rex,
1373 1526 1508 1583 omnibns
1522 1527 1660 1584 custodiae
1677 1527 1858 1596 mancipatis,
1897 1520 1899 1525 ’

1009 1617 1131 1674 reserari
1151 1616 1279 1673 sarcinas
1305 1615 1380 1672 lecit.
1408 1615 1483 1684 Quid
1512 1617 1619 1686 plura?
1642 1618 1680 1673 Et
1698 1615 1814 1688 fulgore
1835 1626 1858 1672 et

1009 1719 1113 1777 genere
1141 1711 1342 1775 apparuerunt
1366 1716 1449 1760 arma
1477 1705 1547 1760 satis
1571 1703 1760 1774 spectabilia3
1792 1705 1858 1759 inter
1897 1738 1900 1763 ι

1009 1805 1074 1862 quae
1101 1791 1186 1847 etiam
1215 1803 1346 1860 reperere
1382 1790 1534 1847 classicum
1564 1804 1637 1847 auro
1679 1792 1856 1862 gemmisque
1897 1776 1900 1867 ἶ

1008 1888 1037 1937 et
1063 1881 1189 1936 novitate
1214 1879 1307 1950 operis
1335 1880 1487 1952 insigne·
1514 1882 1588 1947 ileo,
1612 1881 1651 1935 ait
1675 1894 1739 1945 rex,
1767 1883 1858 1937 merei·

1009 1968 1105 2023 monia
1120 1976 1147 2024 et
1163 1967 1323 2038 periculosa
1349 1968 1420 2023 satis
1434 1974 1504 2023 sunt
1525 1974 1553 2023 et
1567 1966 1660 2022 utilia.
1687 1967 1855 2029 Periculosa,
1898 1948 1900 1987 ¹

1009 2055 1032 2111 si
1048 2063 1207 2125 praeparato
1228 2055 1304 2111 malo
1326 2070 1384 2111 non
1410 2054 1577 2122 resistimus,
1595 2054 1688 2111 utilia.
1705 2056 1779 2125 quia
1799 2056 1856 2111 belli

1008 2143 1167 2214 proderunt
1184 2143 1294 2199 usibus.
1310 2144 1402 2214 Super
1414 2143 1459 2199 bis
1474 2143 1564 2214 igitur
1590 2143 1672 2200 vobis
1697 2143 1769 2214 ipsis
1795 2159 1856 2199 con-

1008 2231 1102 2300 sulite,
1119 2231 1204 2288 oviri
1227 2231 1320 2288 sortes.
1343 2253 1353 2280 ι
1383 2232 1423 2288 tid
1440 2231 1500 2288 baec
1526 2232 1703 2289 Eustachius
1724 2233 1856 2290 Caesaree

1009 2334 1113 2387 comes,
1145 2319 1314 2390 respondit:
1343 2342 1353 2368 ι
1384 2321 1434 2376 llis
1458 2321 1678 2391 quamprimum
1700 2323 1854 2393 productis,
1899 2316 1901 2397 l

1008 2422 1107 2464 omnes
1134 2408 1269 2463 damnate
1296 2407 1449 2477 capitibus.
1474 2407 1568 2465 Unum
1599 2409 1650 2480 qui
1679 2409 1721 2466 rei
1760 2412 1856 2466 seriem

1009 2495 1142 2562 declaret,
1171 2502 1325 2551 reservate.
1355 2517 1365 2543 ι
1398 2494 1460 2560 Ouo
1482 2495 1568 2573 lacto,
1595 2496 1646 2553 uni
1674 2497 1857 2554 securitatem
1899 2500 1902 2541 l

1009 2582 1075 2639 vitae
1087 2582 1238 2649 dederunt,
1250 2581 1273 2637 si
1298 2589 1404 2638 cuncta
1417 2596 1454 2638 ex
1469 2583 1569 2639 ordine
1584 2584 1705 2654 pandat.
1722 2583 1781 2652 Qui
1799 2585 1857 2640 ait:

1011 2671 1105 2728 «Ideo
1119 2684 1201 2727 arma
1215 2670 1335 2726 sarcinis
1351 2669 1521 2727 inclusimus
1540 2678 1573 2727 ut
1599 2685 1650 2727 vos
1670 2673 1768 2742 specie
1797 2671 1858 2746 [al.,

1008 2758 1070 2832 spe]
1094 2758 1242 2816 venalium
1266 2757 1471 2828 deciperemus.
1497 2759 1534 2814 Et
1557 2759 1619 2816 ideo
1646 2770 1858 2831 praeessemus,

1008 2854 1041 2904 ut
1054 2854 1116 2903 arte
1134 2847 1248 2902 conscia
1262 2853 1372 2902 turrem
1392 2854 1420 2901 et
1435 2848 1556 2916 {portam
1583 2847 1755 2918 contiguam
1777 2863 1861 2905 exer·
1900 2912 1902 2917 ,

1008 2934 1069 2991 citu
1094 2941 1227 2999 venturo,
1242 2939 1340 2999 noctu,
1367 2931 1449 2989 vobis
1475 2935 1626 3003 soporatis,
1665 2935 1856 3004 aperiremus.

1007 3020 1061 3089 Qui
1077 3029 1173 3078 tamen
1189 3021 1349 3092 ingressuri
1370 3034 1428 3076 non
1451 3027 1544 3089 erant,
1571 3020 1664 3077 donec
1687 3022 1859 3079 adveniente
1899 2994 1903 3109 ⁴

1007 3110 1186 3180 crepusculo,
1202 3108 1354 3165 classicum
1369 3107 1424 3164 sibi
1442 3114 1554 3177 notum,
1569 3107 1604 3164 de
1618 3121 1760 3178 supremo
1775 3111 1859 3167 turris

1008 3199 1150 3255 audirent.
1169 3197 1230 3253 Non
1244 3205 1341 3252 autem
1356 3210 1422 3252 cum
1438 3197 1557 3267 impetn,
1581 3195 1628 3252 sed
1649 3195 1815 3268 sigillatim,
1828 3203 1858 3255 ut

1009 3293 1072 3358 pote
1094 3288 1226 3342 inermes.
1250 3284 1350 3341 Turris
1366 3298 1433 3341 vero
1457 3298 1474 3339 a
1495 3282 1672 3354 quibusdam
1689 3284 1857 3352 obtinenda,

1008 3372 1044 3429 ab
1058 3372 1122 3429 aliis
1133 3386 1251 3442 quoque
1265 3372 1299 3427 ad
1315 3372 1436 3428 exitium
1447 3379 1575 3428 vestrum
1590 3372 1688 3428 statim
1702 3372 1768 3429 brec
1781 3386 1859 3430 arma

1008 3460 1158 3517 sumenda.
1182 3481 1192 3508 ι
1216 3460 1265 3515 llis
1288 3458 1396 3515 auditis
1413 3467 1587 3529 acceptoque
1606 3460 1738 3526 consilio,
1760 3463 1859 3519 Eusta-

1008 3548 1091 3604 cbius
1106 3548 1166 3603 ait:
1187 3568 1200 3597 κ
1217 3547 1276 3604 lloc
1290 3547 1382 3604 solum
1400 3549 1478 3605 omni
1493 3556 1624 3618 superest
1640 3549 1858 3618 meditamento,

1010 3642 1042 3691 ut
1057 3649 1108 3691 nos
1119 3634 1173 3693 illis
1184 3636 1313 3692 eamdem
1330 3635 1420 3693 vicem
1435 3636 1604 3693 reieramus.

1044 3766 1137 3837 igitur
1150 3782 1216 3823 cum
1231 3767 1325 3823 omnis
1344 3766 1533 3825 barbamrnm
1557 3767 1740 3826 convenisset
1753 3769 1860 3826 exerci-

1009 3854 1198 3922 tus,irruente
1214 3862 1295 3911 noete
1309 3856 1386 3913 circa
1406 3857 1505 3914 urbem
1527 3871 1594 3914 cum
1610 3871 1718 3929 magno
1733 3857 1862 3914 consedit

1008 3942 1129 3999 silentio.
1153 3943 1323 4000 Nostrorum
1347 3952 1444 4001 antem
1459 3958 1526 4015 pars
1550 3944 1677 4000 maxima
1698 3945 1787 4001 novis
1805 3945 1863 4001 illo

1008 4045 1074 4089 rum
1090 4032 1147 4103 (35)
1166 4033 1253 4089 armis
1274 4033 1395 4102 mnnita,
1413 4041 1522 4103 portam
1546 4031 1731 4090 observabat.
1759 4034 1796 4089 at
1811 4033 1861 4090 ubi

1008 4119 1189 4176 illucescente
1203 4133 1219 4176 a
1236 4121 1404 4178 custodibus
1417 4122 1505 4178 turris
1519 4120 1671 4178 classicum
1685 4121 1761 4178 illud
1783 4123 1862 4178 inso-

107 4223 182 4267 mus.
199 4207 260 4276 llic,
277 4207 433 4277 aliquando
446 4223 463 4264 a
478 4207 647 4264 Christianis
670 4215 771 4277 captus
791 4208 955 4263 adolescens
973 4207 1082 4286 fluuit,
1099 4221 1236 4277 aperuere
1252 4216 1373 4279 portam.
1385 4210 1465 4266 Tunc
1480 4210 1556 4266 lento
1577 4209 1741 4267 introibant
1756 4210 1861 4284 gradu,

107 4295 343 4367 baptismumque
364 4295 495 4365 adeptus,
511 4304 543 4351 nt
568 4296 695 4366 corporis
711 4296 815 4368 gratia,
839 4295 879 4352 ita
893 4309 953 4351 mo·
1010 4311 1063 4353 nec
1075 4296 1111 4352 ab
1127 4295 1248 4353 invicem
1265 4298 1504 4368 impediebantur.
1531 4297 1665 4354 Admisso
1688 4306 1773 4357 certa
1796 4314 1863 4371 snp

107 4384 220 4443 ruditate
236 4391 375 4452 suscepte
401 4380 585 4452 professionis
606 4390 784 4440 excreverat.
800 4385 883 4439 llnnc
899 4382 956 4439 ita·
1010 4384 1157 4454 putatione
1180 4383 1341 4441 millenario
1373 4386 1502 4442 clausere
1532 4393 1654 4457 portam,
1683 4386 1861 4460 sublatoque

107 4487 164 4545 que
180 4471 360 4544 potissimum
386 4469 464 4525 cives
483 4470 722 4540 angariaverunt,
739 4468 866 4540 eoquod
883 4475 956 4525 esset
1009 4471 1138 4528 tumultu
1153 4471 1264 4542 prolani
1280 4474 1501 4530 truncabantur.
1516 4472 1598 4540 Quod
1619 4486 1686 4530 cum
1711 4476 1862 4533 audissent

107 4558 359 4631 barbaraelinguae
374 4556 576 4628 peritissimus.
596 4558 708 4613 lnterea
730 4556 807 4627 apud
822 4554 954 4612 Sarrace-
1010 4560 1135 4616 forenses
1157 4574 1225 4616 suos
1243 4560 1270 4615 in
1287 4567 1451 4617 nostrorum
1466 4561 1620 4630 perniciem
1646 4564 1778 4634 grassari
1806 4578 1862 4621 cre
1905 4618 1907 4623 .

106 4664 159 4707 nos
184 4647 379 4705 iraudulentia
398 4645 463 4702 talis
475 4642 709 4712 machinabatur,
725 4651 758 4700 nt
773 4659 831 4701 non
851 4643 956 4701 milites
1010 4647 1123 4704 debant.
1149 4648 1305 4720 Postquam
1328 4663 1396 4706 vero
1423 4649 1481 4707 sole
1508 4650 1571 4706 tuso
1599 4650 1661 4707 dies
1700 4652 1861 4715 incanduit.

106 4740 409 4812 eosanadvenerant,
426 4742 502 4792 ⁴65
520 4736 569 4793 sed
577 4735 777 4806 negotiatores,
791 4749 849 4792 non
862 4749 954 4804 arma,
1008 4735 1100 4793 sciens
1121 4750 1172 4792 rex
1189 4752 1246 4793 non
1261 4752 1323 4794 esse
1336 4745 1431 4795 tutum
1447 4738 1608 4796 innumeris
1628 4753 1741 4808 pancos
1762 4757 1860 4799 occur·

107 4828 156 4885 aed
173 4827 285 4883 venalia
300 4827 366 4897 quis
381 4825 524 4882 estimare
540 4832 644 4896 posset,
659 4837 696 4880 ex
712 4823 822 4893 quibus
835 4823 955 4880 sarcinae
1009 4839 1081 4892 rere,
1097 4838 1236 4882 caesorum
1264 4827 1359 4896 capita
1375 4826 1471 4882 lundis
1487 4839 1520 4881 ae
1535 4824 1704 4884 balearibus
1720 4830 1858 4901 torqueri,

107 4922 321 4986 conponuntur
336 4915 510 4985 quingentae.
524 4912 585 4981 Quo
596 4910 766 4983 perveniens
780 4910 954 4979 blathonius,
1009 4919 1096 4983 atque
1118 4912 1221 4984 jactari
1242 4912 1330 4985 jussit
1345 4914 1375 4969 in
1390 4922 1492 4982 eastra,
1511 4921 1543 4971 ut
1557 4927 1680 4972 suorum
1695 4918 1792 4975 territi
1807 4932 1860 4975 me

108 5004 232 5061 diliciose
255 5003 423 5073 suscipitur,
447 5009 477 5058 et
502 5015 597 5071 neque
613 4999 756 5057 conviviis
778 5012 878 5055 eorum
904 5005 956 5055 aut
1008 4999 1087 5057 tibus
1097 5000 1133 5056 ad
1149 5000 1247 5072 lugam
1261 5009 1442 5075 cogerentur.
1457 5001 1519 5069 Quo
1542 5000 1616 5057 iacto
1633 5008 1737 5060 tantus
1764 5005 1858 5062 multi-

107 5091 235 5147 conciliis
259 5097 383 5155 arcetur,
412 5095 510 5159 utpote
524 5088 574 5159 qui
588 5088 746 5158 putabatur
764 5087 842 5159 quod
854 5102 954 5143 eornm
1009 5088 1139 5146 tudinem
1154 5088 1260 5145 invasit
1273 5089 1376 5145 borror
1399 5097 1431 5146 ut
1451 5088 1593 5145 subitoab
1613 5090 1802 5150 eisomninm
1821 5106 1859 5148 re
1905 5130 1908 5143 .

108 5190 166 5233 noo
196 5177 366 5248 intelligeret
387 5189 542 5233 sermones.
569 5175 605 5231 Et
630 5175 700 5231 dum
723 5174 834 5243 sedulo,
858 5176 956 5231 minus
1009 5191 1075 5233 rum
1100 5177 1237 5234 memoria
1264 5183 1368 5248 praeter
1397 5175 1495 5249 lugam
1512 5176 1667 5244 recederet,
1685 5177 1859 5252 lucrumque

108 5263 235 5333 providis
249 5279 348 5321 eorum
368 5261 577 5320 conventiculis
593 5277 654 5319 sese
666 5263 848 5332 insuspectus
871 5263 955 5321 inter·
1009 5272 1146 5336 putarent
1169 5265 1191 5321 si
1220 5264 1263 5322 vel
1288 5265 1373 5336 equis
1395 5265 1556 5321 conscensis
1571 5265 1773 5327 elaberentur.
1794 5269 1857 5338 Qui-

108 5347 177 5404 serit
208 5363 283 5420 quos
323 5350 526 5419 deliberarant,
569 5350 651 5408 lacile
688 5350 840 5423 perpendit
863 5352 953 5409 dolos.
1008 5350 1063 5408 bus
1078 5351 1265 5424 rugientibus,
1290 5351 1453 5424 nostrisque
1480 5353 1682 5424 sequentibus,
1710 5364 1794 5414 tanta
1815 5368 1857 5413 ex·

145 5466 200 5536 (35)
216 5469 372 5542 fluensque
388 5470 510 5528 ineditis.
