3818 6008
544 159 727 217 conscidit
747 160 781 215 lh
800 157 953 217 cnhdsrh
973 159 1038 214 tro.
1058 159 1103 214 tx.
1647 163 1698 217 266

56 290 124 358 chio,
144 289 325 347 continentia
343 289 448 355 virtus,
468 287 610 347 sciliceta
630 291 788 359 lareribus,
808 296 922 349 lotum
940 287 1070 361 promisit
1089 287 1295 359 paenitentibus
1315 288 1346 344 iu
1367 288 1492 360 justitia.
1513 287 1611 358 (Vsus.
1636 291 1695 362 il.)

56 380 115 436 roni
128 380 220 449 operis
233 379 381 437 exercitio.
400 379 525 435 Baculus
543 393 612 435 vero
626 378 795 449 spiritualis,
850 379 920 433 Eece
939 383 1028 432 cutem
1052 381 1112 446 post
1134 382 1188 432 tres
1207 392 1308 431 menses
1331 381 1527 434 nuntiaverunt
1549 379 1636 445 tuda,
1658 381 1700 434 dr·-

56 476 231 525 retentumur
259 468 360 538 gratiae
383 476 426 523 est
450 467 525 523 iuter
552 468 606 522 ista
628 467 792 524 consolatio.
849 471 961 521 centes:
987 467 1134 520 Fornieutu
1156 470 1195 520 est
1222 468 1340 522 Thamar
1360 481 1446 521 nurus
1466 472 1524 535 tue,
1550 473 1575 521 et
1589 468 1699 523 uidetur

56 571 76 613 ·o
91 556 254 612 arrhabone
268 555 350 610 nobis
365 555 484 623 dantur,
495 556 586 612 donec
600 557 695 612 mittat
706 556 796 612 ludas
850 560 942 610 oleran
958 557 1034 610 illius
1052 557 1238 609 intumescere.
1261 556 1328 611 Tres
1347 569 1458 611 menses
1476 557 1545 612 mihi
1561 557 1699 615 ridentur

56 662 71 713 ι,
98 658 185 715 quem
214 643 375 714 pollicetur,
404 644 485 713 quia,
511 650 667 714 antequam
692 651 795 700 nostrae
849 643 905 699 dici
920 644 1007 700 trium
1031 643 1221 713 plenitudines
1245 645 1401 713 actionum,
1427 644 1622 701 conversionis
1641 647 1697 702 sci-

56 732 96 788 lis
118 731 296 801 actualisque
316 731 438 786 miseria
460 739 601 801 putorem,
622 732 795 802 poenitentiae
850 732 925 800 licet,
950 731 1105 802 proiectus,
1122 746 1156 787 ac
1178 732 1358 802 perfectionis
1375 733 1454 789 illius
1474 733 1548 802 dico,
1565 749 1631 804 quae
1645 740 1698 801 est,

56 820 182 876 lessionis
206 820 353 886 instantia,
377 819 460 889 plene
477 820 596 889 aperiat,
622 821 718 877 labore
743 835 796 877 suo
850 819 1001 891 integritas
1024 821 1191 891 charitatis;
1218 829 1280 891 post
1302 836 1367 892 oure
1391 822 1447 878 tria
1469 821 1571 877 humili
1594 828 1700 879 nostrae

56 922 162 965 necesse
180 914 231 975 est,
248 909 304 963 tria
328 908 382 964 ista
401 908 560 978 discipline
583 916 689 965 nostrae
711 909 796 965 attri-

56 995 112 1052 sine
135 1008 260 1066 priorum
292 997 354 1051 luce
378 995 501 1065 per-tecte
522 1009 606 1052 nemo
628 1010 657 1053 se
684 1003 794 1052 noscat.

56 1100 94 1139 um
117 1087 204 1154 igitur
223 1086 322 1138 coitum
348 1089 468 1154 concepit
490 1086 596 1139 mulier.
619 1087 717 1152 (Vnus.
737 1086 794 1155 tc.)

56 1187 120 1240 gens
146 1173 233 1239 obiit;
259 1173 433 1243 depositoque
453 1175 567 1241 habitu,
592 1190 670 1244 quem
693 1190 797 1229 ossum

72 1262 172 1315 induto
194 1266 235 1315 est
246 1252 394 1315 uiduitatis
418 1261 547 1316 cestibus.
568 1261 612 1318 hd
638 1263 796 1332 simplicem

76 1349 230 1405 inlusionis
255 1349 404 1418 illapsum,
434 1349 508 1404 bona
539 1351 671 1420 proponit
699 1364 794 1421 agere,

56 1438 121 1494 nimi
131 1438 258 1494 emollita
273 1438 443 1504 ieonnditas,
454 1447 482 1493 et
495 1438 524 1493 in
541 1452 590 1508 spe
602 1439 692 1495 reniae
702 1453 797 1495 assur·

850 908 1040 975 confessioni,
1065 922 1081 963 a
1105 924 1165 980 qna
1191 909 1272 965 nulla
1295 910 1437 967 virtutum
1462 911 1557 967 dirimi
1585 924 1700 969 summa

850 997 996 1065 debemus,
1013 1011 1064 1068 pro
1083 998 1244 1055 titillatione
1261 1000 1403 1069 superbire
1420 999 1538 1070 spiritus
1552 1001 1701 1070 qtrerimo·

850 1085 906 1142 nica
921 1086 1072 1152 accedunt,
1088 1094 1115 1143 et
1131 1087 1165 1142 de
1180 1086 1263 1153 uteri,
1286 1088 1312 1143 id
1328 1096 1369 1143 est
1391 1089 1568 1144 conscientiae
1589 1096 1700 1145 tumore

850 1188 902 1230 nos
919 1183 1062 1246 arguunt;
1080 1182 1109 1232 at
1129 1189 1145 1229 a
1163 1175 1236 1243 Sela,
1252 1174 1279 1231 id
1299 1183 1340 1232 est
1355 1176 1445 1232 sancti
1461 1176 1584 1246 Spiritus
1598 1181 1699 1248 conjn-

851 1261 896 1334 gio
912 1277 962 1332 per
978 1263 1109 1320 clationis
1124 1263 1340 1320 tornicationem
1355 1264 1494 1320 excidisse
1509 1264 1699 1321 conclamant.

850 1351 903 1407 Sed
928 1365 997 1408 vera
1023 1351 1176 1419 confessio,
1201 1366 1267 1423 quae
1295 1365 1407 1422 semper
1433 1352 1512 1408 venit
1536 1353 1572 1407 ad
1596 1352 1699 1420 lucem,

851 1439 973 1509 produci
994 1440 1093 1511 jubet;
1118 1444 1182 1510 Qua
1203 1441 1278 1496 enim
1294 1445 1459 1509 urguentur,
1481 1439 1567 1510 jnxta
1588 1446 1701 1510 hposto-

56 1528 81 1582 rd
96 1525 244 1592 interiora,
261 1525 367 1582 scillcet
384 1526 518 1592 ooelestia,
534 1526 679 1584 inhianter
694 1529 794 1584 tendit.
851 1527 912 1584 lnm
937 1543 954 1582 o
979 1530 1078 1584 lumine
1095 1532 1310 1596 manifestentur
1324 1531 1433 1599 (aphes.
1459 1542 1487 1595 r,
1512 1530 1567 1598 l3);
1593 1537 1621 1584 et
1647 1528 1701 1584 hoc

56 1629 155 1686 rusque
167 1628 219 1685 per
233 1614 404 1671 humilitatis
421 1616 543 1686 gratiam
557 1616 662 1672 interni
680 1616 796 1673 babitus
815 1583 887 1671 Bad
909 1616 1148 1682 comburendum,
1174 1617 1264 1672 divini
1288 1616 1418 1673 videlicet
1442 1617 1516 1687 ignis
1536 1616 1700 1686 conllagra*

56 1717 79 1772 n,
95 1704 266 1760 recordatur
286 1716 354 1774 erga
373 1717 403 1759 se
424 1705 480 1760 viri
500 1706 544 1761 sui
572 1720 623 1776 pro
636 1720 665 1763 se
688 1706 795 1762 mortni
852 1704 927 1761 tione
951 1704 1146 1762 lustrandum.
1172 1705 1269 1775 illuns.
1298 1707 1355 1776 25.)
1378 1707 1441 1773 Qua
1463 1721 1521 1767 cnm
1545 1705 1702 1759 coerceretur

56 1791 274 1861 lisericordiam3
293 1792 392 1862 sicque
412 1800 490 1850 tanto
509 1794 603 1853 debito
621 1809 650 1850 se
665 1808 753 1864 penes
767 1807 797 1850 se
851 1805 902 1860 per
927 1791 1129 1848 contessionem
1152 1793 1190 1847 od
1209 1792 1382 1862 poerrirennae
1405 1809 1524 1862 percum,
1552 1792 1639 1847 mittit
1663 1792 1701 1846 cd

56 1879 81 1935 it
94 1879 224 1935 viduam.
850 1893 970 1934 roceum
991 1895 1084 1948 snum,
1111 1881 1148 1935 ad
1173 1880 1254 1936 initia
1282 1880 1388 1937 scilicet
1416 1880 1540 1936 recurrit
1572 1880 1700 1950 antiquae

56 2003 69 2021 ·.
95 1969 141 2032 20,
164 1971 208 2024 tl.
237 2000 272 2011 -
297 1972 373 2026 llicit
392 1975 481 2026 nutem
508 1972 594 2027 tudes
614 1972 720 2040 hedum
747 1987 798 2042 per
850 1968 1083 2025 contessionisac
1104 1967 1302 2039 poenitudinis,
1322 1968 1460 2038 quaesibi
1483 1982 1517 2023 ex
1537 1967 1701 2024 humilitate

56 2073 82 2112 nt
104 2072 183 2112 sunm
200 2059 398 2126 Odollurut'tern,
415 2066 446 2114 nt
464 2063 596 2130 reciperet
610 2063 710 2131 pignus
725 2061 797 2130 quod
851 2054 984 2124 spiritum
1006 2055 1143 2110 maritum
1163 2055 1246 2124 quasi
1272 2053 1374 2118 sclam,
1400 2055 1450 2125 qui
1469 2054 1574 2110 dicitur
1587 2055 1698 2120 ambro,

56 2150 59 2193 l
79 2149 198 2201 mulieri.
216 2148 349 2212 Quicum
372 2163 424 2202 non
447 2150 595 2203 inuenisset
618 2165 687 2215 euru,
708 2152 797 2203 inter-
851 2150 1006 2214 genuerat3
1031 2151 1058 2199 et
1082 2156 1111 2198 se
1133 2156 1192 2197 non
1216 2142 1250 2197 de
1274 2142 1431 2212 cupiditate
1451 2142 1584 2198 saeculari
1607 2142 1698 2213 hypo-

68 2235 186 2289 honn’nes
203 2236 255 2289 loci
269 2236 368 2289 itlius:
392 2235 442 2290 Ubi
464 2241 505 2290 est
519 2237 618 2290 mulier
637 2251 696 2305 qua
720 2236 796 2291 sede·
850 2230 946 2286 crisim
970 2231 1143 2300 concepisse,
1168 2230 1214 2286 scd
1239 2230 1274 2287 de
1298 2230 1417 2287 humilis
1440 2231 1626 2288 contessionis
1650 2231 1699 2286 in-

56 2323 149 2377 hicio?
168 2323 222 2378 Per
236 2322 392 2391 Christum,
416 2323 467 2393 qui
488 2323 619 2393 specialis
645 2331 741 2379 noster
754 2330 797 2378 est
852 2319 969 2381 stinctu,
985 2332 1051 2388 quae
1068 2319 1218 2388 mysticum
1234 2318 1388 2386 annulum,
1405 2319 1548 2375 armillam
1566 2326 1594 2376 et
1609 2319 1698 2375 bacu-

76 2411 126 2481 qui
147 2424 199 2466 nos
215 2411 250 2466 ad
266 2411 338 2467 bene
353 2411 497 2482 agendum
513 2412 641 2482 quotidie
655 2418 797 2468 contesta—
851 2407 923 2476 lum,
943 2406 997 2462 sihi
1013 2407 1159 2472 attribuit,
1184 2407 1284 2463 asserit
1304 2409 1515 2476 perseverantis
1541 2407 1699 2464 devotionis

56 2498 116 2554 >stri
142 2498 270 2568 ipsorum
294 2498 485 2570 cognitionem
510 2499 694 2555 contessionis
714 2499 797 2556 nobis
850 2487 995 2551 allectum.
1017 2494 1114 2564 (Vnus.
1127 2493 1184 2564 ic.)
1204 2496 1317 2564 npnttts
1336 2496 1503 2562 merendus,
1519 2499 1580 2550 cit:
1595 2498 1700 2550 iustior

56 2587 208 2655 humilitas,
229 2588 299 2658 quia
318 2595 427 2657 quanto
451 2589 554 2645 Christi
578 2596 797 2660 unguentorum
851 2599 892 2638 me
905 2589 953 2651 est,
969 2587 1035 2653 quio
1054 2599 1108 2638 non
1123 2584 1231 2638 tradidi
1254 2599 1313 2638 eam
1328 2585 1391 2640 sete
1403 2587 1460 2655 rttto
1479 2600 1544 2639 meo.
1563 2585 1701 2656 Agnoscit

56 2688 93 2730 nr
116 2675 231 2731 odorem
252 2675 341 2745 (Cant.
370 2692 390 2742 1,
411 2679 447 2744 3),
473 2684 552 2732 tauro
577 2678 669 2748 magis
693 2685 797 2734 nosrrae
852 2671 1701 2742 munera,qniaetsuaeaDecsibiinessenovitconversionis

56 2776 60 2816 t
77 2762 250 2819 conditionis
272 2764 458 2836 intelligimus
479 2764 606 2821 lotorem.
626 2765 708 2821 ludae
728 2777 798 2836 crgo
852 2759 1019 2829 primordia,
1029 2768 1057 2817 et
1070 2760 1283 2830 promotionum
1292 2761 1476 2818 incrementa.
1487 2764 1590 2816 castior
1598 2777 1639 2816 me
1649 2766 1698 2830 est,

62 2851 170 2923 pignus
187 2852 264 2923 quod
279 2852 396 2908 dederat
409 2852 532 2922 mulieri,
549 2854 620 2924 quia
635 2867 693 2924 quo
704 2852 797 2923 magis
852 2849 961 2919 ioquin
975 2862 1009 2905 ac
1021 2849 1140 2905 sidicat:
1154 2849 1370 2905 Perseverantia
1380 2863 1433 2905 sna
1444 2850 1479 2905 ad
1488 2849 1639 2921 justiorem
1649 2849 1701 2906 du·

56 2938 215 3006 cernimus,
230 2947 309 2996 tanto
323 2939 448 3010 amplius
460 2942 481 2996 si
498 2941 567 3012 qnid
584 2941 700 2997 virtutis
715 2940 797 2996 nobis
816 2926 836 2982 C
851 2937 894 2991 xit
906 2950 951 2992 me
965 2943 1083 3005 statum,
1100 2940 1128 2992 et
1138 2936 1350 3008 quodammodo
1364 2951 1409 2994 me
1420 2937 1482 3008 ipsu
1492 2937 1642 3009 justiorem
1655 2951 1700 2993 me

56 3041 66 3084 ι
87 3028 262 3097 poeniteutiae
286 3028 429 3100 ingestum
454 3036 505 3097 est,
529 3028 565 3084 ad
585 3029 679 3099 ipsum
699 3028 796 3083 Domi·
851 3024 982 3092 reddidit,
998 3033 1026 3080 et
1041 3025 1111 3094 quia
1123 3026 1214 3081 sancti
1226 3024 1349 3096 Spiritus
1364 3025 1540 3082 obumbrare
1554 3039 1621 3081 mon
1636 3025 1701 3096 ejus

56 3115 216 3173 rumilitatis
240 3122 307 3171 ut
337 3125 512 3188 preceptum
535 3131 592 3173 non
619 3116 655 3173 ad
684 3123 796 3172 nostras
851 3112 932 3169 initia
951 3113 1090 3169 charitate
1110 3127 1168 3169 non
1191 3115 1282 3183 potui,
1299 3114 1354 3170 sub
1367 3114 1468 3170 timore
1484 3112 1701 3185 poenitentiaea

56 3204 201 3261 eiecimus.
223 3205 370 3262 Mulierem
387 3206 510 3261 dicimus
523 3211 623 3275 coeptae
638 3203 795 3274 disciplinae

56 3292 138 3361 itum,
157 3293 193 3350 ob
209 3292 398 3360 allectionem,
414 3301 441 3350 et
460 3293 663 3349 fecunditatem
681 3292 795 3362 piorum

56 3395 79 3436 r.
104 3380 158 3437 Sed
186 3381 210 3437 is
232 3395 320 3438 verus
341 3389 439 3452 pastor
463 3396 521 3438 non
544 3381 654 3437 invenit
677 3395 740 3437 eam
766 3380 796 3435 in

851 3214 896 3255 me
917 3199 1050 3256 videlicet
1067 3201 1252 3257 contessionis
1274 3202 1367 3272 gratia
1382 3202 1418 3257 ad
1441 3201 1530 3257 bonos
1553 3202 1699 3271 proteren-

851 3288 920 3344 dum
945 3287 1065 3356 tructus,
1084 3288 1268 3361 impregnari
1291 3290 1338 3360 pio
1360 3290 1499 3346 desiderio
1522 3289 1634 3346 maluit.
1652 3290 1701 3345 At-

851 3379 941 3431 tcmen
965 3377 1040 3431 ultra
1064 3392 1118 3432 non
1145 3381 1269 3450 copnouit
1288 3394 1360 3445 eum;
1391 3378 1420 3433 id
1448 3386 1491 3436 est
1512 3379 1563 3449 qui
1589 3379 1699 3448 pridem

76 3469 249 3536 meretricio,
274 3469 343 3524 dum
366 3469 417 3524 soli
440 3469 551 3539 placere
572 3470 629 3526 lieo
650 3470 705 3525 sibi
723 3469 797 3525 inest
851 3463 969 3520 humilis
988 3478 1049 3522 suae
1072 3465 1258 3522 contessiouis
1279 3465 1387 3522 oblitus
1410 3466 1532 3521 nimium
1552 3480 1605 3522 sua
1624 3466 1701 3523 hona

56 3570 78 3613 a.
103 3555 200 3614 Potest
221 3557 306 3613 etiam
332 3557 435 3614 mulier
459 3557 516 3615 dici
540 3558 636 3615 sedere
659 3558 688 3613 in
709 3557 796 3626 bivio,
851 3551 1024 3609 attendendo
1045 3552 1218 3609 intumuisse
1244 3553 1417 3621 videbatur,
1448 3554 1507 3624 jam
1537 3554 1700 3610 dissimulat

57 3647 158 3702 utatur
182 3644 280 3716 aliqua
302 3645 377 3702 bona
402 3660 488 3717 agere
510 3660 561 3717 pro
587 3648 652 3715 Deo,
674 3658 741 3703 cum
763 3660 798 3703 ea
851 3641 990 3711 propositi
1022 3641 1066 3697 sui
1097 3641 1271 3713 perpendere
1296 3641 1484 3710 instantiam,
1511 3655 1547 3697 ne
1576 3641 1700 3699 inaniter

56 3739 80 3789 tt
95 3746 148 3803 pro
168 3734 283 3790 saeenlo.
306 3733 403 3805 (Vnus.
424 3734 480 3803 22.)
496 3734 630 3791 Homines
646 3734 699 3790 loci
720 3734 798 3792 illius
851 3729 998 3787 efferatur.

56 3817 105 3874 iles
128 3826 196 3875 sunt
211 3827 317 3886 mutua,
338 3835 412 3890 quos
431 3829 528 3891 pastor
545 3820 727 3877 Odcllamiles
744 3821 796 3879 do·
889 3820 973 3876 Vsus.
1000 3821 1044 3876 27.
1069 3850 1104 3859 -
1126 3821 1247 3875 instante
1270 3823 1360 3874 aulem
1385 3824 1484 3890 partu,
1512 3824 1701 3890 apparuerunt

56 3920 152 3964 touore
169 3915 271 3963 status.
292 3908 403 3980 Negant
424 3909 463 3964 illi
480 3909 583 3965 ibidem
599 3909 703 3965 sedisse
717 3922 798 3965 soor·
851 3910 954 3975 gemini
976 3911 1006 3963 in
1029 3914 1114 3976 utero,
1146 3915 1227 3978 utque
1254 3912 1283 3964 tn
1306 3912 1367 3978 ipsu
1391 3909 1520 3979 effusione
1548 3911 1699 3975 intantum,

65 3995 175 4052 scilicet
211 4010 407 4066 perseverasse
441 3997 602 4069 cujuspiam
641 3996 799 4068 spiritualis
852 4012 922 4052 nnus
943 3999 1060 4067 protulit
1075 4013 1195 4065 monum,
1218 4001 1247 4052 in
1272 4013 1327 4067 quo
1348 3997 1480 4052 ocstetrrc
1499 3998 1597 4064 ligauit
1617 4000 1699 4053 coeci-

56 4083 85 4140 ii
106 4084 227 4141 malum.
253 4085 344 4142 Sessio
367 4086 403 4142 ad
423 4100 508 4143 usum
531 4086 639 4156 peccati
664 4087 796 4156 pertinet,
851 4100 925 4141 num.
953 4086 1057 4142 Partus
1079 4086 1183 4151 instat,
1214 4099 1281 4142 oum
1307 4085 1458 4142 destinatio
1494 4085 1630 4156 pmpositi
1654 4086 1701 4155 pio

56 4187 60 4228 :
81 4173 119 4227 ln
136 4173 268 4228 cathedre
285 4176 444 4244 pestilentiae
462 4189 515 4228 non
531 4174 602 4228 sedit
621 4175 705 4242 (Psoi.
723 4189 742 4242 1,
761 4175 795 4243 l).
817 4172 969 4255 „allectui
998 4173 1221 4243 appropinquat.
1253 4173 1397 4243 Apparent
1423 4175 1454 4227 tu
1481 4178 1557 4227 utero
1585 4173 1700 4241 pomini,

56 4268 171 4318 ,antem
187 4269 230 4318 est
252 4276 369 4334 negare,
391 4261 495 4318 effectu
516 4275 640 4318 sunnon
662 4262 701 4318 ita
719 4262 797 4332 apud
854 4278 920 4320 cum
934 4278 972 4320 en
983 4263 1157 4319 couscientia
1176 4263 1339 4333 prominere
1356 4262 1560 4333 intelliguntur
1575 4263 1701 4319 duarum

68 4348 218 4405 evidenter
231 4350 389 4406 ostendere.
854 4351 1036 4409 affectionum
1054 4350 1137 4421 quasi
1154 4365 1190 4407 ex
1207 4365 1264 4407 uno
1277 4351 1355 4407 lonte
1367 4349 1432 4406 rivi.
1449 4352 1482 4406 ln
1496 4355 1559 4420 ipso
1573 4351 1703 4421 effusione

56 4451 72 4492 r.
87 4439 134 4492 aa.
149 4467 184 4477 -
209 4439 260 4492 Ait
284 4438 391 4494 ludus:
419 4438 524 4493 Habeat
547 4439 612 4504 sici,
632 4444 702 4493 certe
722 4454 799 4493 rnen-
853 4442 993 4507 insontum
1018 4438 1126 4509 profert
1150 4453 1356 4507 nnnsmannm,
1372 4440 1490 4496 eumad
1510 4440 1604 4507 operis
1618 4439 1702 4495 exhi-

57 4538 87 4580 os
103 4540 218 4593 arguere
237 4541 291 4581 nou
305 4530 414 4597 poterit.
439 4528 495 4595 Epo
515 4529 580 4582 misr·
595 4527 702 4582 hedum
721 4543 800 4596 qum
853 4528 989 4584 bitionem
1012 4526 1101 4582 animi
1126 4527 1238 4583 ambitu
1260 4527 1420 4596 accedente,
1445 4527 1523 4597 prior
1535 4528 1584 4583 Dei
1604 4525 1703 4583 chari-

56 4628 139 4681 rrom,
155 4619 181 4667 et
203 4621 232 4669 tu
247 4630 300 4669 non
320 4614 450 4669 invenisti
466 4630 535 4670 eom.
557 4618 624 4686 ligo,
642 4617 747 4687 inquit,
763 4630 799 4673 ex
853 4615 919 4673 tatis
939 4615 1058 4671 ellectus
1075 4629 1124 4685 por
1143 4616 1288 4671 interioris
1303 4616 1427 4672 hominis
1448 4615 1701 4685 compunctionem

56 4705 193 4759 assuete
209 4702 384 4772 intentionis,
400 4710 494 4760 cauta
507 4703 691 4775 operationis,
710 4713 738 4761 et
754 4705 801 4760 di·
853 4704 1010 4775 egreditur.
1039 4704 1072 4759 ln
1097 4717 1157 4775 qua
1184 4707 1320 4760 coccinum
1347 4719 1437 4761 manu
1464 4705 1597 4759 obstetrice
1618 4704 1701 4775 ligat,

56 4796 122 4847 uter
144 4791 266 4847 adversa
292 4791 515 4863 consolationis,
543 4793 649 4847 haedum
676 4792 801 4863 propriae
855 4792 924 4848 dnm
938 4791 1021 4853 ratio,
1040 4806 1105 4863 quar
1122 4793 1234 4848 cunetis
1252 4792 1357 4848 aniurar
1375 4791 1491 4849 casibus
1504 4791 1609 4859 obstat,
1624 4803 1702 4846 mor·

56 4879 127 4935 kouis
153 4878 322 4936 adiuturum
349 4883 547 4950 promiseram
575 4896 642 4948 epo,
668 4881 800 4951 inquom,
855 4879 1039 4937 tiilcationem
1065 4880 1225 4936 carnalium
1249 4879 1458 4937 desideriorum
1485 4879 1514 4935 in
1541 4894 1593 4935 suo
1619 4892 1704 4949 opere

56 4967 131 5037 tpiae
145 4967 331 5024 confessionis
352 4967 438 5025 intuli
456 4969 533 5040 quod
554 4969 680 5040 promisi,
698 4976 740 5035 tn,
756 4983 803 5038 pa·
855 4968 1006 5040 insigniter
1031 4976 1134 5025 serrat.
1158 4969 1254 5039 (Vens.
1274 4971 1331 5036 28.)
1350 4970 1414 5037 lste,
1431 4969 1537 5040 inquit,
1551 4967 1705 5038 egredietur

56 5063 155 5119 sterne,
184 5054 214 5110 in
229 5056 307 5113 binio
333 5058 417 5115 bonta
439 5058 634 5125 exhibitionis,
649 5065 677 5114 et
704 5057 802 5130 gloriae
853 5059 941 5127 prior,
958 5057 986 5113 id
1001 5064 1043 5113 est
1054 5070 1134 5113 amor
1151 5056 1198 5113 Dei
1210 5057 1261 5127 qui
1274 5065 1430 5127 conceptus
1443 5066 1495 5124 est,
1509 5057 1594 5115 etiam
1610 5070 1706 5127 nsque

82 5158 143 5199 earn
168 5143 338 5212 mdenmm,
368 5145 397 5202 id
422 5153 466 5203 est
492 5146 547 5202 sibi
572 5147 803 5217 acquiescentem
857 5145 893 5201 ad
913 5145 1070 5201 eiticaciam
1093 5144 1199 5201 diriore
1223 5143 1471 5215 contemplationis
1497 5145 1630 5216 prosiliet.
1658 5143 1707 5200 Sc

56 5232 159 5289 ueniri
181 5231 299 5299 leceris;
321 5233 427 5290 habeat
446 5247 514 5305 ergo
538 5233 606 5292 vita
630 5241 733 5290 nostrae
755 5233 803 5289 di·
856 5232 894 5289 let
908 5233 984 5290 enim
1001 5232 1065 5288 talis
1078 5233 1276 5290 inchoantium
1296 5246 1356 5290 esse
1374 5233 1479 5303 lervor,
1495 5234 1546 5305 oui
1561 5232 1614 5289 sibi
1634 5232 1705 5288 dum
1728 5223 1731 5233 '

56 5321 206 5393 apiguos
235 5321 347 5393 praemii
369 5322 469 5379 aeterni
495 5331 544 5379 tua
567 5337 700 5389 munera,
732 5322 804 5392 qnia
857 5321 1024 5393 seignurat‚
1052 5335 1194 5378 summam
1221 5336 1339 5392 qnoque
1366 5321 1483 5379 virtutis
1507 5328 1630 5391 arroget,
1655 5319 1706 5376 sed

56 5408 95 5465 cii
116 5408 200 5481 argui
221 5424 280 5466 non
301 5411 404 5482 poterit
422 5410 528 5468 veritas
546 5418 606 5477 tua,
624 5425 691 5481 qna
705 5409 802 5481 prote·
857 5409 915 5477 illu,
941 5409 989 5466 Dei
1012 5409 1243 5480 dispensatione,
1268 5424 1318 5479 por
1343 5409 1485 5466 deiectum
1513 5407 1708 5480 ‹pcrnotnlum-

132 5508 274 5574 Parnon.
300 5509 402 5576 clvi.
1530 5513 1550 5572 9
