3818 6008
82 311 134 364 355
533 301 554 355 V
591 299 759 355 GUlBEilTI
778 298 925 355 nubatis
944 299 970 354 S.
990 298 1109 354 MthAE
1130 299 1175 355 DE
1195 298 1389 355 NOVlGENTO

82 460 97 492 ιι
123 445 283 510 respectant
306 436 343 491 ad
371 435 438 490 deos
470 433 587 498 alienos,
616 439 643 487 ct
671 431 794 502 diligunt
817 430 931 487 vinacia
949 435 970 486 h
985 430 1089 488 ellectu
1105 432 1271 501 disparatur
1285 433 1425 489 adultero.
1447 433 1500 489 Sed
1516 441 1543 490 et
1567 435 1643 491 Deus
1665 451 1722 506 exsp

84 525 370 584 »uvarunn-Aosi
392 521 629 578 diceretztllicui
659 521 688 576 in
709 528 788 576 tanta
811 519 926 576 virtutis
980 535 1009 576 se
1024 520 1101 587 dicit,
1114 536 1179 576 curn
1206 535 1243 576 an
1269 536 1297 577 se
1315 522 1416 593 diligat
1442 523 1549 587 anima,
1576 539 1626 593 per
1657 525 1711 581 hoc

82 631 147 673 arce
164 615 296 685 reposito,
319 627 385 668 cum
413 612 506 667 dicere
528 611 577 666 Dei
596 624 654 664 non
676 608 711 665 sit
738 609 816 665 aliud
837 622 925 678 quam
981 609 1100 680 intelligi
1125 610 1201 665 lacit.
1228 611 1391 667 Secundum
1416 612 1469 667 hoc
1488 613 1616 682 psalmus
1633 628 1639 668 :
1658 635 1670 673 i
1686 615 1722 670 Nc

80 706 216 761 humanae
232 702 335 758 rationi
358 714 522 772 suggerere.
545 699 644 753 Adiiac
668 697 746 763 vade,
768 696 794 750 id
819 703 860 751 est
877 708 926 765 per
981 699 1085 768 lnquit,
1101 699 1286 768 derelinquas
1303 715 1517 771 usquequaque
1530 703 1616 772 (Psoi.
1632 701 1722 772 {cxviii

80 788 535 849 considerationemtuamahhoc
550 796 599 844 tuo
614 795 690 842 statu
706 785 816 841 aestima
828 785 926 853 alssqno
1016 786 1101 843 Vens.
1130 788 1157 840 1,
1185 816 1221 828 -
1252 809 1266 836 ιι
1297 788 1369 854 Quia
1393 789 1453 844 dies
1484 791 1590 845 ffluqog
1616 791 1721 848 Spqpbu

80 882 237 938 inlortunio
269 887 294 936 te
332 892 414 949 posse
447 877 587 933 recedere.
623 877 761 930 ilatierem
799 873 926 926 dilectam
983 875 1176 932 ‚lsraetsiqe
1202 890 1278 947 rege,
1302 885 1329 932 ei
1350 877 1410 932 stne
1436 879 1571 948 principe,
1598 879 1701 935 eisque

79 974 165 1025 amico
191 969 285 1036 dilige,
312 967 400 1023 idest
424 966 568 1022 meliorem
590 964 707 1021 vivendi
730 961 873 1028 habitum,
896 961 926 1015 iu
982 964 1065 1030 »eia
1080 973 1107 1020 et
1125 965 1186 1020 sine
1205 964 1301 1031 altari,
1325 973 1353 1021 et
1376 966 1437 1021 sine
1461 966 1564 1036 ephod,
1595 976 1622 1023 et
1647 969 1709 1023 sine

79 1069 242 1130 quotamen
255 1071 313 1112 non
332 1055 479 1124 displiceas
499 1056 566 1119 Deo,
583 1066 715 1123 propone.
736 1051 804 1118 Quae
830 1057 926 1106 tamen
982 1053 1098 1122 ›phim
1120 1074 1130 1100 »
1151 1055 1214 1108 Dios
1239 1056 1337 1108 meritos
1364 1053 1419 1123 filii
1444 1057 1528 1109 lsrael
1556 1059 1614 1110 sine
1639 1073 1722 1124 repe:

78 1148 210 1204 adultera
224 1148 286 1213 erit,
304 1146 374 1216 (quia
389 1144 417 1199 in
434 1142 681 1214 ipsaremissione,
700 1157 765 1211 qum
782 1140 925 1209 insuper·
979 1141 1194 1210 quiadiuDeo,
1226 1149 1257 1197 ut
1282 1142 1353 1206 dixi,
1374 1144 1410 1198 ad
1436 1153 1597 1213 tempusse
1630 1146 1722 1202 subiri

79 1235 249 1306 licie,qnasl
266 1234 399 1305 quaedam
415 1233 489 1288 bona
504 1231 642 1288 Deliberat
657 1230 775 1285 intentio
790 1227 925 1298 peccandi
980 1225 1142 1284 allectnales
1166 1238 1260 1284 motus
1285 1230 1374 1285 nostri
1401 1231 1540 1302 regimine
1569 1232 1688 1287 rationis
1719 1253 1722 1284 ι

77 1325 152 1382 male
167 1324 283 1396 palliata
301 1322 407 1378 latebit.
432 1323 529 1388 Diligit
546 1321 678 1374 Dominus
692 1320 762 1388 iiiios
785 1318 880 1382 israel,
900 1322 926 1371 et
979 1317 1042 1371 Sino
1055 1321 1179 1389 principe
1194 1326 1272 1385 sunt,
1289 1319 1407 1389 quando
1431 1321 1517 1375 etiarn
1541 1334 1557 1374 a
1582 1321 1656 1376 haina
1681 1322 1722 1378 vol

78 1414 184 1484 ipsimi
198 1413 372 1467 deosatienos
386 1409 634 1480 i·oepectont,quia
648 1406 787 1476 ‚auectam
811 1406 923 1473 orandi,
979 1405 1124 1462 deliciunt.
1155 1407 1232 1462 Velle
1263 1408 1340 1462 enim
1375 1410 1509 1477 Apostolo
1539 1411 1659 1480 adjacet,
1694 1425 1722 1480 pc

78 1511 106 1558 et
140 1503 225 1558 etiarn
257 1499 486 1570 compunctionis
519 1497 653 1569 gratiam,
686 1494 799 1551 allectui
827 1504 924 1550 nostro
979 1502 1075 1550 tamen
1105 1510 1160 1550 nott
1184 1495 1293 1551 invenit
1322 1497 1406 1566 (Rom.
1440 1513 1486 1562 vu,
1516 1501 1568 1563 18).
1599 1499 1664 1553 liceo
1693 1514 1722 1554 es

79 1592 155 1648 Deus
180 1589 350 1660 plerumque
365 1587 536 1658 largitur,et
559 1595 653 1642 tamen
674 1585 709 1640 ad
734 1582 922 1640 aliectandam
979 1597 1044 1651 qua
1070 1583 1273 1652 intrepretatur
1294 1587 1420 1653 princeps
1444 1586 1493 1639 sab
1515 1592 1595 1655 patre
1614 1587 1716 1642 ecceiso

78 1679 248 1750 nequitiam,
274 1677 331 1732 acsi
359 1692 417 1732 nou
446 1675 565 1743 lieverit,
599 1673 751 1744 impudens
778 1679 841 1743 post
861 1686 925 1727 mo-
943 1715 964 1769 Β
980 1671 1052 1736 ham,
1081 1671 1109 1726 id
1136 1680 1177 1727 cst
1204 1673 1308 1742 spiritu
1335 1682 1452 1730 anctore
1473 1689 1571 1745 agtus.
1596 1677 1659 1731 Sine
1681 1692 1722 1730 sat

78 1776 174 1825 menta
192 1767 356 1823 revertitur.
979 1759 1004 1813 id
1021 1760 1135 1815 estsine
1152 1760 1257 1815 interni
1273 1761 1416 1828 desiderii,
1442 1762 1518 1831 quod
1544 1776 1594 1818 nos
1623 1764 1722 1820 interit:

116 1863 183 1912 itti
216 1857 331 1909 Vinaria
355 1869 469 1908 aearum
506 1853 637 1920 diligant,
672 1850 742 1920 quia
767 1863 832 1905 oum
861 1856 924 1919 post
978 1850 1214 1914 ctat,voto.Sine
1239 1851 1334 1915 attari,
1357 1849 1383 1905 id
1405 1851 1526 1906 estsine
1550 1851 1661 1908 feriore
1683 1852 1721 1908 Dd

77 1943 355 2002 abrenuntiationem
388 1941 487 1997 mundi
512 1940 630 2011 quidam
652 1941 712 2009 jam
739 1939 791 2008 ipsi
814 1938 923 1993 mundo
977 1945 1038 1993 tare
1060 1938 1135 1991 onim
1161 1945 1229 1992 torric
1257 1951 1317 1992 esse
1345 1953 1401 1992 non
1428 1947 1549 2007 poterat,
1574 1940 1623 1994 ubi
1655 1939 1722 2010 ignit

76 2031 261 2102 despicabiles
275 2030 341 2086 laeti
365 2029 441 2085 intra
459 2029 552 2098 ipsum
571 2027 712 2084 ntundum
732 2024 803 2080 nihil
822 2025 924 2080 dulce·
977 2039 1078 2081 carnes
1092 2035 1299 2093 erenrarentur,
1317 2041 1372 2081 non
1385 2034 1455 2096 orat,
1479 2035 1506 2083 ct
1529 2027 1597 2083 sides
1616 2043 1673 2083 non
1691 2042 1722 2085 es

75 2121 150 2178 dinis
164 2130 192 2176 et
214 2119 319 2175 amoris
344 2118 502 2180 inveniant,
531 2124 626 2172 tarrten
653 2115 762 2170 mundo
784 2112 920 2182 delinqui,
979 2111 1015 2181 pii
1043 2111 1145 2167 caloris
1175 2127 1278 2181 expers
1305 2121 1356 2168 est.
1387 2114 1451 2168 Sine
1478 2114 1565 2182 ephod
1593 2123 1673 2180 sunt,
1706 2129 1722 2185 q

75 2208 224 2264 mundana
237 2205 400 2277 spectacula
416 2205 550 2275 prosequi
569 2204 732 2273 importune
750 2199 921 2256 ilcsiderant.
976 2203 1233 2268 supereminentem
1250 2201 1375 2256 scientia
1390 2202 1557 2258 charitatem
1573 2202 1677 2259 Christi
1692 2202 1722 2275 ipo

75 2297 149 2352 ilinc
163 2295 295 2365 estquod
312 2295 341 2349 in
355 2294 443 2350 veteri
465 2293 525 2364 lege
546 2292 582 2348 ab
598 2304 656 2347 uva
676 2304 759 2360 passa
774 2303 865 2359 usque
887 2288 922 2343 ad
978 2289 1089 2358 (eptas.
1108 2305 1146 2355 ιιι,
1166 2291 1227 2358 111);
1251 2291 1343 2360 ephod
1367 2304 1493 2360 namque
1515 2307 1602 2361 super
1621 2292 1722 2349 indum

75 2385 190 2442 acinum
220 2383 335 2439 Nazarei
359 2389 493 2437 vetantur
519 2381 665 2437 comedere
692 2378 784 2448 (iiam.
814 2391 852 2443 ιιι,
884 2377 920 2444 i).
976 2379 1150 2433 sacerdotale
1169 2388 1299 2434 vocatur.
1314 2380 1380 2432 siae
1405 2380 1558 2449 theraphim
1582 2388 1660 2448 sunt,
1685 2395 1722 2452 qu

77 2477 225 2543 Deopossa
239 2477 290 2534 est.
307 2485 371 2541 quae
391 2470 545 2525 immatura
568 2467 748 2538 decoquitur,
766 2473 798 2522 ut
812 2465 923 2521 diutur·
977 2467 1058 2522 nulia
1073 2467 1331 2537 exemplificatione
1346 2468 1502 2523 cmlestium
1518 2469 1636 2534 vivunt;
1662 2470 1722 2526 ther

74 2563 142 2617 nitas
155 2561 258 2632 vigeat.
275 2558 347 2624 Quid
363 2558 519 2628 noa'passa
535 2557 587 2611 nisi
602 2570 659 2622 ons,
680 2555 730 2625 qui
749 2557 815 2610 ante
837 2552 923 2623 possi·
977 2556 1053 2610 enim
1075 2555 1171 2610 lorrnae
1193 2556 1248 2610 illae
1275 2563 1366 2619 erant,
1388 2571 1454 2625 quae
1479 2558 1533 2613 sub
1557 2557 1649 2627 specie
1668 2558 1722 2615 Che

74 2646 211 2703 bilitatem
240 2646 331 2701 atatis
366 2660 482 2715 peccare
508 2644 656 2710 docentur,
685 2640 832 2698 insinuati
861 2642 923 2698 Uva
976 2643 1063 2712 Mopsi
1094 2657 1110 2697 a
1138 2644 1258 2699 Domino
1286 2645 1314 2699 in
1339 2644 1522 2701 tabernaculo
1551 2645 1609 2701 deri
1631 2647 1721 2716 jussae

75 2744 190 2791 matura
213 2743 264 2802 est,
288 2734 395 2804 quihus
424 2731 557 2803 peccandi
581 2731 743 2787 facultatem
767 2740 836 2785 aetas
862 2731 922 2799 ipsa
976 2730 1045 2798 Quae
1073 2739 1133 2787 tota
1157 2732 1321 2803 significant
1358 2733 1435 2803 quod
1462 2733 1568 2790 scilicet
1605 2741 1722 2791 terraea

73 2823 245 2894 suppeditat.
258 2822 366 2878 Aeinns
381 2828 432 2887 est,
446 2821 507 2891 qui,
519 2821 662 2875 exhausta
676 2818 753 2874 omni
765 2818 920 2888 voluptate,
976 2819 1086 2889 absque
1101 2819 1187 2875 totius
1201 2820 1411 2889 spiritualitatis
1425 2831 1558 2891 respectu
1571 2837 1601 2878 se
1617 2822 1722 2880 babent

73 2912 118 2968 vel
148 2910 322 2975 infirmitate,
350 2910 395 2965 vel
431 2909 519 2974 senio,
556 2907 614 2963 solo
646 2921 735 2977 pravo
764 2920 829 2973 usu,
862 2906 921 2961 sola
1011 2907 1213 2964 vensi-1
1238 2909 1421 2979 Etpasthaeo
1445 2918 1626 2967 revertentur
1649 2910 1699 2966 iiiii

73 2999 160 3056 etiarn
199 2998 345 3055 voluntate
378 3005 484 3067 peccat.
515 2996 640 3052 Vinaciis
677 3009 745 3064 ergo
777 2994 1173 3067 diligendocuctquaerent
1188 2997 1340 3053 Dominum
1360 2999 1449 3053 Deum
1467 3012 1563 3066 suum,
1580 3007 1607 3054 et
1620 2999 1712 3056 David

74 3094 208 3153 utuntur,
240 3085 291 3157 qui
329 3085 499 3155 spectaculis
537 3083 637 3138 aliena
672 3082 823 3151 lelicitatis,
864 3081 920 3137 ima
977 3098 1104 3151 risuum,
1120 3091 1147 3140 et
1160 3085 1306 3154 pavebunt
1335 3087 1371 3142 ad
1399 3088 1565 3156 Dominum,
1592 3096 1620 3144 et
1649 3089 1685 3145 ad
1714 3088 1722 3144 l

74 3176 176 3231 alienae
202 3173 339 3244 nequitia
368 3172 546 3228 solummodo
572 3171 735 3228 contuendo
767 3185 834 3227 cum
862 3170 920 3226 sint
977 3172 1071 3242 »ejus
1093 3172 1292 3229 innovissimo
1318 3173 1440 3231 dierum.
1466 3195 1479 3226 ιι
1511 3177 1655 3233 ilultoties
1683 3191 1722 3233 coi

76 3263 170 3320 miseri
186 3263 235 3332 ipsi
257 3268 424 3332 pascuntur.
443 3259 560 3316 Nazarei
581 3259 808 3329 interpretantur
819 3261 918 3326 soracti,
975 3267 1008 3315 ut
1020 3273 1056 3315 ex
1072 3261 1162 3316 nimia
1176 3276 1229 3317 sua
1241 3264 1411 3334 evagatione
1434 3264 1520 3320 etiam
1532 3266 1656 3321 carnalis
1681 3273 1722 3323 tor

74 3352 182 3423 quibus
197 3350 387 3418 interdicitur,
404 3364 441 3406 ne
466 3350 532 3405 uvis
552 3348 778 3420 quibuscunque
799 3360 918 3402 vescan·
974 3347 1102 3413 allectus.
1120 3356 1148 3405 et
1161 3349 1260 3406 indelit
1275 3359 1306 3407 ut
1327 3351 1363 3406 ad
1376 3352 1410 3408 de
1432 3353 1488 3408 Deo
1503 3355 1721 3426 recogitandum

75 3447 134 3508 tur,
149 3453 217 3495 cnm
246 3438 282 3494 ab
308 3452 408 3494 eorum
433 3437 600 3501 imitatione.
629 3437 680 3507 qai
703 3435 851 3506 presentis
866 3435 919 3492 viae
974 3437 1190 3503 comitiorum,
1207 3439 1301 3507 idest,
1324 3441 1529 3511 cogitationum
1547 3444 1711 3514 lrequentia

73 3528 223 3584 dulcedine
238 3533 306 3584 sunt
321 3526 420 3591 vividi,
438 3525 486 3582 Del
503 3531 645 3596 praecepto
659 3530 805 3579 arcentur.
974 3524 1168 3596 recolligatur.
1187 3526 1267 3583 Unde
1283 3535 1311 3583 et
1325 3542 1394 3584 mox
1413 3529 1504 3585 David
1521 3544 1573 3586 rex
1591 3534 1722 3601 quaeritur

109 3616 193 3673 Vnns.
208 3619 235 3681 D,
250 3617 275 3670 3.
294 3635 353 3666 -a
378 3616 413 3670 Et
429 3613 486 3669 lodi
508 3626 570 3669 cam
594 3611 663 3668 mihi
687 3609 852 3682 quindecim
869 3625 918 3668 ar·
974 3614 1046 3670 ratio
1059 3627 1149 3670 manu
1169 3614 1248 3682 loris,
1271 3630 1337 3686 quae
1363 3617 1423 3672 sola
1445 3618 1554 3675 carnali
1576 3627 1603 3675 ct
1620 3620 1722 3677 diaboli

72 3721 88 3757 ιι
105 3704 224 3776 genteis,
239 3712 266 3760 et
278 3717 346 3759 coro
366 3702 476 3767 hordei,
491 3709 519 3758 et
534 3701 652 3757 dimidio
670 3715 737 3756 coro
752 3700 863 3756 hordei.
884 3700 918 3754 Et
974 3709 1086 3773 pugnat
1109 3702 1239 3772 impetui,
1270 3705 1305 3760 ad
1328 3713 1412 3762 vetus
1433 3706 1585 3776 imperium
1615 3711 1722 3779 reciprc

71 3813 86 3844 ιι
103 3792 163 3848 dixi
176 3806 259 3849 cam:
277 3791 342 3847 Dies
356 3791 463 3847 multos
482 3789 727 3860 exspectabisime,
747 3802 805 3845 non
828 3787 918 3844 iorni·
972 3790 1020 3845 Aet
1043 3793 1185 3846 Dominum
1212 3799 1322 3862 parent,
1348 3808 1415 3850 curn
1444 3795 1481 3850 ab
1513 3795 1611 3852 illicito
1638 3811 1722 3852 cxcur

72 3902 85 3930 ιι
103 3880 223 3946 caberis,
241 3887 268 3934 et
295 3892 353 3934 non
378 3879 433 3934 erit
446 3876 518 3944 viro,
548 3877 598 3932 sed
625 3884 723 3946 elego
748 3875 917 3944 exspectabo
972 3877 1035 3947 ejus
1049 3887 1164 3947 nutum,
1180 3880 1231 3950 qai
1247 3880 1344 3938 ulcisci
1366 3891 1465 3952 potest,
1483 3891 1515 3939 ut
1543 3884 1684 3940 Dominus
1710 3884 1721 3956 j

73 3991 86 4017 ιι
103 3976 138 4023 te.
155 3988 168 4016 ι
193 3965 353 4032 Quindecim
373 3967 507 4031 argenteis
527 3965 643 4031 loditur,
666 3976 733 4018 cum
757 3962 875 4019 interior
891 3969 918 4018 et
972 3965 1115 4032 cohibent,
1133 3967 1278 4025 humiliter
1292 3970 1405 4034 scilicet,
1417 3971 1487 4041 quia
1507 3971 1586 4042 quod
1605 3972 1705 4029 servili

71 4055 198 4111 exterior
225 4054 288 4123 ejus
317 4053 488 4109 sensualitas
514 4051 653 4122 Decalogo
672 4049 742 4121 legis
761 4049 916 4120 excolitur3
972 4054 1254 4113 contrahiturmulta
1269 4072 1335 4113 oum
1362 4058 1441 4114 locus
1463 4066 1506 4115 est
1527 4060 1662 4116 facilitate
1694 4062 1721 4117 la

71 4143 156 4214 plane
184 4141 301 4208 luditur,
323 4155 390 4197 cum
416 4140 567 4197 terrenitas
594 4153 611 4193 a
644 4146 737 4194 mente
766 4139 915 4195 recutitur.
971 4150 1047 4199 recte
1063 4143 1194 4199 additum
1207 4152 1271 4201 est:
1294 4146 1334 4200 Et
1350 4146 1388 4200 od
1409 4147 1504 4202 bonnm
1535 4150 1593 4217 cjns
1624 4151 1654 4203 in
1678 4165 1722 4205 noi

71 4231 209 4299 Quinario
249 4243 351 4299 nempe
381 4243 520 4284 sensuum
554 4226 712 4297 dispertitio
739 4226 916 4299 designatur.
974 4231 1135 4299 dieram3si
1150 4234 1226 4289 enim
1239 4248 1323 4304 poena
1340 4235 1465 4304 timetur,
1487 4236 1578 4292 multo
1609 4237 1721 4293 liberali

72 4321 125 4375 Per
152 4326 303 4389 argenteos
321 4323 417 4373 autern
439 4315 570 4372 divinum
592 4315 740 4387 eloquium
764 4315 917 4385 liguratur.
940 4325 1007 4378 Dut
1019 4321 1170 4390 praemium
1181 4329 1343 4391 appetatur.
1355 4324 1509 4379 Adionnm
1517 4339 1585 4395 ergo
1603 4325 1653 4381 Dei
1670 4328 1722 4382 ini

71 4409 162 4464 corus
181 4405 279 4462 hordei
311 4404 556 4461 universalitatem
593 4403 780 4460 animalitatis
809 4404 917 4473 innuit;
971 4411 1117 4464 iiooissimo
1132 4419 1263 4479 pavetur,
1277 4425 1343 4466 cum
1362 4412 1433 4468 illud
1454 4413 1601 4483 singulare
1624 4414 1723 4471 retribv

71 4497 122 4566 qui
142 4503 238 4551 tamen
253 4494 288 4549 ad
300 4493 451 4549 dimidium
467 4507 567 4549 corum
581 4492 663 4560 redit,
680 4493 750 4563 quia
768 4491 821 4548 etsi
842 4493 918 4563 Apu·
972 4504 1107 4554 extremae
1131 4498 1239 4554 bonurn
1263 4499 1364 4555 timore
1382 4501 1503 4569 paritur,
1522 4510 1549 4557 et
1573 4501 1672 4558 laetitia
1701 4516 1719 4574 p

71 4585 161 4640 stolus
182 4583 278 4639 carnis
295 4596 396 4638 curam
421 4596 478 4638 non
499 4581 600 4648 votuit,
623 4595 748 4647 carnem,
773 4580 916 4650 inquiens,
972 4585 1071 4641 latur:
1093 4585 1255 4654 «laetetur,
1269 4586 1374 4658 inquit,
1399 4603 1448 4644 cor
1470 4604 1565 4645 meum
1588 4598 1618 4646 ut
1643 4591 1722 4649 timet

71 4685 154 4728 suam
181 4684 265 4726 nemo
289 4682 421 4740 unquam
443 4668 507 4724 odio
534 4667 637 4724 hahuit
660 4670 770 4738 (Epiros.
798 4683 825 4734 v,
861 4671 917 4736 iti),
972 4672 1234 4744 montaum(Psat.
1256 4689 1358 4744 xxxxv,
1382 4679 1426 4748 ll)
1443 4698 1466 4732 ›.

72 4759 133 4817 lieri
162 4767 257 4816 tamen
287 4758 316 4812 in
343 4755 490 4813 desideriis
518 4756 644 4812 inhibuit
660 4757 748 4823 (Dom.
773 4770 835 4824 xrrt,
863 4757 916 4828 li).

70 4849 144 4905 Ecce
159 4847 304 4918 quomodo
321 4860 373 4916 per
394 4853 545 4916 argenteos
568 4844 685 4911 luditur,
709 4859 775 4900 cum
799 4844 917 4901 univer·
1302 4818 1418 4875 CAPUT
1437 4820 1486 4877 IV·

70 4937 139 4993 sitas
154 4937 191 4993 ad
206 4935 430 4992 mediocritatem
454 4933 647 5005 restringitur.
672 4933 818 4989 llordeum
840 4933 917 4988 enirn
1007 4934 1092 4992 vias.
1110 4940 1134 4991 l.
1150 4960 1214 4987 -ι
1243 4939 1344 4996 audite
1361 4941 1482 4998 verbum
1503 4943 1626 5011 Domini,
1654 4945 1705 5002 lilii

71 5025 181 5081 cibaria
188 5025 386 5096 jumentorum
401 5029 453 5078 est.
469 5024 536 5077 Dici
555 5021 592 5076 ad
608 5037 676 5084 eam,
693 5021 779 5078 idest
797 5021 916 5077 instinxi
972 5024 1071 5093 »quia
1083 5024 1216 5094 judicum
1240 5028 1362 5083 Domino
1375 5045 1442 5086 cum
1468 5031 1677 5089 habitatoribus
1697 5042 1722 5092 te

70 5114 106 5168 ei.
126 5114 399 5168 DiesmattosDeum
416 5116 569 5179 exspectat,
586 5124 652 5166 cum
675 5110 731 5165 Deo
754 5124 784 5166 se
799 5109 916 5180 dispen-
975 5112 1089 5183 Verbum
1115 5117 1162 5168 Dei
1197 5117 1250 5183 ptii
1279 5118 1364 5171 lsrael
1394 5119 1519 5175 audiunt
1545 5134 1613 5176 cum
1643 5136 1722 5179 earm

71 5201 162 5256 sative
177 5201 212 5256 ad
228 5199 425 5269 probationem
446 5198 570 5254 bominis
596 5197 783 5253 subtrahente
801 5199 917 5254 animus
971 5200 1106 5257 duritiam
1133 5203 1253 5273 sagittae,
1273 5206 1359 5274 juxta
1383 5207 1535 5276 psalmum,
1565 5210 1689 5278 potentis
1718 5211 1722 5266 i

71 5287 332 5357 acompunctionis
347 5287 449 5358 gratia,
472 5285 516 5341 vel
532 5286 619 5342 etiam
639 5300 656 5341 a
678 5285 916 5357 contemplatione
969 5297 1043 5359 punt
1057 5289 1142 5360 (Psoi.
1162 5305 1241 5353 cxix.
1257 5293 1295 5363 i).
1314 5294 1349 5349 Et
1364 5296 1473 5362 merito,
1491 5296 1594 5366 inquit,
1611 5298 1708 5354 audiri

71 5382 169 5443 vacat;
185 5383 213 5431 et
237 5383 332 5431 tamen
357 5376 433 5430 intra
458 5374 648 5431 innocentiam
668 5388 698 5429 sc
721 5382 856 5431 coarctat.
881 5376 917 5430 Ei
971 5375 1205 5433 utaticctualitas
1232 5382 1416 5453 reprimatur,
1442 5384 1511 5453 qula
1526 5399 1592 5440 curn
1622 5387 1722 5444 saeculi

71 5464 125 5520 hoo
155 5470 196 5518 est
224 5463 301 5533 quod
331 5463 485 5533 sequitur:
510 5464 569 5518 lion
596 5461 788 5531 fornicaberis,
813 5467 839 5518 et
862 5477 915 5517 iton
969 5463 1059 5519 linea
1080 5465 1201 5522 Domino
1217 5468 1375 5540 iudicatur,
1402 5486 1459 5526 nou
1480 5472 1558 5528 sotus
1584 5472 1645 5544 ipse
1664 5475 1720 5546 ind

71 5554 124 5608 cris
152 5551 313 5618 airadum
336 5549 450 5606 interim
478 5565 496 5605 a
524 5549 606 5606 solita
632 5549 807 5607 continentia
835 5550 916 5607 nnllo
969 5553 1018 5608 sed
1032 5559 1059 5608 et
1075 5552 1251 5612 habitatores
1266 5560 1421 5629 terrae,qui
1436 5559 1509 5616 bene
1530 5560 1637 5619 scilicet
1661 5570 1722 5622 tern
