3818 6008
69 213 121 267 383

510 213 542 267 V.
566 211 732 269 obtutari
752 212 897 269 ABBleS
916 211 945 265 S.
968 208 1094 265 bantra*
1115 209 1159 264 bu
1179 206 1375 263 uoltueuro

1767 201 1821 258 384

70 355 128 413 tur,
144 362 210 405 curu
227 361 277 418 per
290 347 443 418 cujustibet
460 348 614 404 illationem
643 347 747 420 flagelli
772 349 917 405 diuturnae
936 347 985 402 tlt
1005 358 1094 414 super
1105 358 1204 399 omues
1216 337 1299 398 are'as
1312 340 1406 398 tritici.
1427 363 1436 388 ι
1460 339 1605 396 Mercedem
1631 352 1822 408 superamare

71 434 199 504 ipsorum
222 437 358 507 nequitiae
385 436 546 492 meminisse
573 436 696 492 videtur.
727 436 813 502 Quasi
841 435 917 491 enirn

74 531 194 592 putatur
213 524 288 579 Deus
303 523 431 578 oblivisci
466 538 589 594 ‘luorum
612 524 774 580 dissimulat
804 522 918 579 iuterim

73 624 183 667 errores
200 610 306 666 ulcisci.
335 611 449 665 Peccata
474 626 566 664 eorum
588 612 692 670 visitat.
713 626 778 667 ctum
803 625 855 681 per
869 611 936 685 adp

72 713 222 754 versorum
238 699 501 769 congeminationes
515 701 615 755 crebro
630 705 704 754 ano
719 713 752 755 ea
771 714 801 755 se
816 700 920 756 vidisse

71 788 256 843 demonstrat.
273 786 400 842 Verbum
419 787 494 842 enim
512 787 766 856 irettuentativurn‚
786 788 863 858 quod
878 795 921 844 est

72 874 177 939 visitat,
216 875 411 931 assiduitatem
466 876 583 931 visionis
624 876 776 947 significat.
804 879 865 945 ipsi
891 879 920 930 in

73 963 219 1030 AEgyplura
244 967 435 1016 commetiuntur
469 977 534 1019 cum
564 977 614 1032 pro
650 963 831 1019 correctionis
857 963 921 1018 luce

71 1047 270 1104 obstinationis
287 1050 420 1116 tenebris,
437 1051 515 1120 quod
530 1051 672 1121 AEgyptus
694 1050 800 1117 innuit,
819 1050 921 1106 obvol-

73 1142 194 1191 vuntur.

106 1222 191 1280 Vsus.
212 1226 252 1278 tt.
278 1255 312 1264 -
338 1244 350 1274 r
378 1225 411 1279 Et
423 1224 529 1281 obiitus
542 1233 584 1281 est
608 1225 694 1282 lsrael
711 1226 836 1281 Factoris
864 1226 920 1293 sni,

76 1330 86 1358 ›
107 1317 135 1366 et
149 1309 302 1366 aedificavit
317 1311 446 1375 delubra,
459 1312 586 1368 alluvies
608 1312 808 1381 multiplicavit
836 1312 923 1368 urbes

972 448 1050 488 areas
1064 433 1150 486 trilici
1164 431 1268 501 diligit,
1296 428 1401 484 scilicet
1428 426 1505 483 illam
1521 439 1581 496 qna
1608 425 1743 494 superins
1757 437 1823 479 con·

972 523 1097 578 duxerat
1112 521 1240 576 nationes
1255 519 1408 588 plusquam
1435 531 1534 572 omnes
1558 529 1645 571 sacrae
1667 513 1823 583 Scriptura

973 609 1104 680 paginas,
1120 623 1186 678 uua
1197 604 1449 663 distribuunturin
1466 605 1563 669 libros,
1578 612 1606 659 et
1621 603 1648 658 hi
1661 609 1823 667 suntareae,

973 714 1007 756 ac
1025 700 1047 755 si
1077 699 1210 770 quaedam
1235 695 1447 767 particulariter
1472 694 1575 749 excisae
1597 699 1738 747 terrarum
1755 704 1824 759 por·
1868 696 1869 711 ¹

973 789 1071 846 tiones.
1099 789 1180 843 Arum
1198 800 1267 857 ergo
1296 784 1382 840 tritici
1407 783 1473 838 libri
1500 788 1567 837 sunl
1591 779 1680 834 divini
1703 777 1822 848 eloquii,

973 891 1046 947 quas
1061 876 1301 945 nnistpuequanto
1312 873 1376 942 plus
1389 870 1501 936 excedit,
1517 883 1550 925 eo
1565 866 1710 923 uberiores
1727 879 1824 935 super·

974 978 1018 1019 nae
1046 961 1239 1032 intelligentiae
1270 960 1383 1016 tructus
1416 956 1573 1012 adinvenit.
1600 953 1738 1010 Triticum
1770 960 1821 1020 est,

975 1065 1032 1121 ‹puo
1045 1051 1131 1121 juxta
1144 1046 1294 1117 psalmum,
1310 1043 1558 1101 vallesabundant
1575 1043 1659 1108 (Paci.
1675 1055 1751 1106 xxiv,
1771 1042 1821 1108 tt),

974 1145 1002 1193 et
1018 1138 1103 1207 cnjus
1122 1136 1203 1204 adipe
1219 1133 1269 1189 tilii
1289 1133 1355 1188 Sion
1386 1132 1530 1186 satiantur
1547 1131 1632 1199 (Psal.
1656 1141 1742 1193 xxxx,
1770 1126 1822 1194 tt).

975 1225 1162 1293 Superomnes
1176 1235 1245 1291 ergo
1259 1236 1341 1274 oreas
1368 1222 1453 1274 trilici
1473 1232 1581 1274 merres
1600 1214 1741 1284 diligitur,
1757 1225 1822 1267 cnm

974 1326 1061 1382 super
1074 1325 1158 1367 omne
1172 1309 1248 1380 ‹puotl
1264 1310 1292 1363 iu
1311 1307 1465 1378 scripturis
1480 1306 1623 1377 reperitur
1646 1301 1825 1358 adulationes

76 1419 86 1446 ι
109 1397 244 1454 munitas.
264 1421 274 1447 ι
293 1400 377 1455 lsrael
394 1400 480 1456 abeo
507 1401 547 1467 tit,
568 1415 633 1457 cum
655 1400 768 1471 perlici
792 1400 921 1456 timorem
973 1400 1127 1471 sortilegia,
1142 1399 1248 1470 quihus
1263 1398 1298 1452 atl
1314 1397 1423 1469 ilagitia
1448 1397 1539 1467 tnajor
1563 1394 1659 1450 aditus
1673 1405 1702 1446 se
1722 1389 1823 1459 aperit,

72 1498 156 1540 asna
172 1500 221 1555 per
236 1486 376 1542 vanitates
385 1487 580 1543 exinanitione
598 1489 633 1543 ad
657 1501 755 1543 veram
769 1487 921 1543 essentiam

74 1584 188 1631 creatur
200 1582 228 1631 et
254 1575 391 1631 subsistit.
420 1574 506 1642 Quasi
527 1575 604 1632 enim
626 1583 750 1641 nonest,
776 1575 828 1645 qui
852 1575 920 1632 suh-

74 1662 209 1717 stantiam
233 1663 308 1718 vivae
333 1663 498 1719 intentionis
524 1663 638 1729 amittit,
664 1677 753 1734 quam
785 1663 923 1734 prodigus

76 1747 153 1804 tilius
187 1749 214 1804 in
244 1750 405 1806 meretrices
442 1750 587 1820 expendit.
612 1750 692 1806 Unde
719 1757 748 1805 et
767 1750 923 1820 Apostolus

74 1834 228 1893 Corinthiis
244 1836 388 1893 scribens:
410 1859 420 1886 ‹
452 1837 602 1902 Omnibus,
620 1839 669 1904 ait,
691 1839 742 1908 uui
761 1848 830 1895 sunt
849 1838 924 1894 inter

75 1938 125 1979 vos
150 1925 242 1993 (Rom.
274 1940 323 1992 xn,
357 1924 395 1997 3),
425 1948 434 1975 ι
466 1933 563 1996 aperte
596 1925 721 1981 innuens
743 1925 813 1996 quia
832 1924 924 1995 aliqui

75 2011 149 2067 inter
170 2026 218 2068 eos
243 2021 334 2080 erant,
360 2013 409 2084 qui
422 2013 582 2069 secundum
606 2013 659 2068 hor.
674 2026 733 2069 esse
754 2027 810 2068 non
831 2019 922 2069 erant.

75 2098 238 2156 Secundum
264 2101 316 2156 hoc
338 2100 425 2156 lsrael
445 2100 537 2168 iactus
562 2107 614 2165 est,
637 2115 704 2156 cnm
740 2115 791 2171 per
808 2115 924 2157 sensum

75 2187 219 2245 interioris
246 2190 345 2261 gratiae
365 2190 399 2245 ad
429 2189 551 2245 solidum
586 2196 738 2246 concretus
758 2194 809 2245 est.
835 2191 925 2246 Juxta

76 2275 265 2345 quodetiam:
280 2277 412 2333 «letetur
421 2277 508 2332 lsrael
517 2276 546 2331 in
558 2277 649 2346 coqui
660 2276 725 2333 iecit
736 2292 803 2334 eum
817 2279 923 2348 »ll'sat

76 2379 170 2432 cxxix,
187 2365 224 2437 a).
241 2367 335 2438 liujus
352 2368 473 2421 Factoris
497 2368 541 2420 sui
554 2367 639 2421 lsrael
652 2366 841 2431 obliviscitur,
857 2382 924 2424 cum

75 2465 153 2518 eum,
177 2452 227 2522 qni
242 2467 271 2508 se
286 2452 402 2509 relicere
417 2452 451 2507 de
476 2466 529 2508 sua
544 2451 750 2508 annihilatione
781 2458 923 2523 potuerat,

76 2547 237 2595 aversatur.
279 2540 396 2594 Delubra
429 2538 561 2605 redibunt,
599 2554 666 2597 cum
697 2540 742 2610 piu
775 2542 925 2597 recedente

975 1488 1069 1558 magis
1088 1501 1176 1558 uuam
1189 1486 1267 1543 verbi
1283 1484 1330 1541 Dei
1347 1483 1483 1540 exercitia
1494 1487 1680 1553 appetuntur.
1695 1478 1736 1532 Ea
1748 1476 1825 1532 enim

978 1591 1044 1648 que
1063 1580 1114 1632 aut
1140 1591 1196 1632 usu
1214 1583 1265 1630 aut
1288 1573 1451 1630 curiositate
1467 1572 1618 1635 delectant,
1636 1565 1701 1622 fidei
1723 1571 1826 1619 nostra

978 1664 1136 1734 sacrilegiis
1152 1665 1323 1734 plerumque
1337 1668 1484 1717 emuntur.

1014 1755 1088 1811 Vnus
1103 1756 1130 1819 l,
1143 1752 1170 1807 3.
1186 1781 1222 1793 -
1243 1775 1253 1801 ι
1279 1752 1352 1807 Area
1380 1756 1407 1805 et
1423 1748 1550 1804 torcular
1578 1761 1634 1802 nou
1665 1756 1761 1817 pascet
1779 1759 1826 1802 eos

979 1853 1033 1901 »ol
1048 1843 1149 1898 viuum
1168 1840 1323 1897 mentietur
1335 1839 1386 1896 eis.
1401 1838 1463 1895 Non
1497 1836 1670 1892 habitabunt
1693 1837 1722 1892 in
1751 1843 1826 1891 terra

1000 1932 1153 1989 Domini·
1180 1932 1253 1985 Area
1281 1935 1349 1984 sunt
1380 1927 1479 1982 divina
1510 1924 1672 1991 volumina,
1700 1937 1825 1995 utrorum

977 2022 1058 2078 cultu
1096 2018 1275 2088 multiplices.
1306 2026 1333 2072 ot
1361 2014 1522 2086 exquisitas
1550 2013 1769 2084 allegoriarum,
1800 2020 1826 2069 et

978 2107 1143 2180 tropologia
1168 2106 1265 2177 iruges
1282 2103 1422 2160 elicimus.
1455 2099 1537 2168 Quod
1554 2101 1582 2155 iu
1608 2100 1783 2170 propheticis
1800 2106 1825 2155 et

978 2197 1139 2269 apostolicis
1174 2194 1276 2251 litteris
1309 2193 1416 2263 saepius
1452 2190 1627 2259 experimur.
1657 2189 1825 2245 Torcularia

978 2283 1408 2357 snutquiintellectnalitatem,
1435 2293 1523 2349 uuam
1555 2291 1691 2334 vocamus
1717 2291 1826 2348 anago-

978 2391 1046 2447 gen,
1063 2386 1128 2444 quae
1142 2372 1178 2427 atl
1195 2370 1243 2426 Dei
1271 2367 1538 2437 contemplationem
1566 2367 1697 2435 pertinet,
1716 2379 1731 2421 e
1751 2363 1826 2419 Scri-

980 2462 1073 2535 pturis
1086 2459 1247 2530 exprimere
1263 2464 1379 2513 norunt.
1398 2458 1434 2511 lle
1448 2455 1556 2525 quibus
1571 2468 1639 2524 ergo
1655 2452 1779 2515 elicitur,
1797 2458 1826 2505 ut

978 2557 1021 2608 est
1044 2563 1122 2616 arca,
1153 2555 1180 2603 et
1206 2548 1257 2616 qui
1281 2545 1409 2610 eliciunt,
1435 2553 1466 2599 ιιι
1486 2550 1528 2598 est
1548 2542 1684 2607 torcular,
1709 2556 1752 2595 eos
1775 2555 1827 2593 nort

78 2627 197 2682 nomino
224 2627 439 2695 conscentiam,
459 2628 651 2685 austrenum
672 2629 834 2699 proprium,
851 2627 925 2684 illico
981 2639 1070 2710 pascu
1087 2640 1156 2693 runi
1170 2636 1282 2691 recrea
1304 2633 1421 2688 inorans
1445 2631 1570 2687 scientie
1584 2637 1723 2686 tralatus
1740 2629 1825 2700 igno-

76 2714 272 2810 neqnissimns
288 2716 375 2771 hostis
391 2716 492 2781 intrat;
520 2716 580 2772 sine
605 2717 744 2774 alterutro
769 2718 845 2773 enim
873 2719 923 2773 ho·
981 2735 1055 2794 pant,
1072 2725 1146 2781 etde
1172 2722 1306 2779 torculari
1322 2720 1483 2791 quidquam
1508 2719 1703 2788 catastisque
1726 2717 1828 2773 defleo

77 2808 148 2870 spite
166 2815 245 2857 mens
259 2818 316 2858 iton
331 2811 434 2860 exstat.
459 2804 551 2860 ludas
575 2804 676 2861 deinde
702 2805 781 2860 urbes
806 2808 927 2860 munitos
981 2817 1156 2872 imbuuntur
1181 2811 1326 2881 saptentiae
1364 2808 1537 2865 elaborando
1570 2815 1744 2877 extorquere
1771 2817 1826 2860 non

77 2890 258 2960 multiplicat,
275 2906 341 2948 cnm
357 2893 505 2948 rationalis
519 2894 640 2956 devotio,
655 2908 722 2963 quae
738 2908 789 2949 nos
812 2893 848 2948 ad
870 2892 927 2948 Deo
945 2921 966 2977 c
981 2911 1094 2961 curant,
1126 2901 1200 2969 Quid
1228 2899 1305 2955 enirn
1325 2897 1438 2954 beatius
1466 2909 1555 2966 quam
1580 2896 1699 2951 internae
1728 2894 1828 2948 vinum

79 2978 274 3034 confitendum
292 2979 344 3036 rite
360 2979 502 3046 sollicitat,
525 2981 605 3051 lapsa
626 2981 653 3036 in
680 2995 846 3051 perversum
862 2995 928 3036 con-

79 3074 124 3123 tra
154 3067 284 3137 pietatem
309 3067 502 3137 confessionis,
533 3084 584 3126 seu
602 3070 724 3135 incuria,
747 3084 796 3126 sen
818 3069 927 3139 pudore

78 3167 107 3209 se
118 3153 241 3210 obstruit
255 3163 283 3211 et
297 3156 440 3212 obfirmat.
459 3159 540 3213 Urbes
568 3161 688 3213 munitus
700 3158 833 3223 aedilicat,
860 3171 926 3214 oum

79 3243 115 3298 ati
131 3257 257 3313 qumque
272 3244 398 3301 iaicinora
410 3261 477 3316 quae
490 3247 617 3318 gesserit,
637 3246 809 3318 repagulum
839 3245 927 3301 obsti·

78 3329 203 3385 nationis
232 3329 363 3401 objectat,
393 3339 420 3387 el
444 3346 561 3389 murum
586 3333 695 3390 vitiosae
721 3331 929 3401 leelsuperhac)

78 3416 270 3474 conclusionis
284 3417 401 3474 exaltat.
421 3440 434 3467 κ
455 3420 489 3475 Ει
505 3420 615 3476 mittam
640 3420 736 3490 ignem
752 3419 783 3474 in
799 3419 929 3474 civitates

80 3523 91 3551 ι
113 3502 186 3573 ejus,
203 3510 229 3559 et
258 3504 406 3560 devorabit
428 3505 502 3562 aedes
532 3506 616 3562 illins.
636 3528 645 3554 ι
665 3509 696 3562 in
719 3507 843 3560 ciuitates
870 3505 930 3574 ejus

79 3586 155 3658 iguis
169 3588 303 3658 mittitur,
322 3605 388 3646 curn
418 3589 447 3644 in
475 3589 551 3646 illius
571 3591 671 3647 arcani
694 3590 837 3655 vecordia,
863 3604 930 3660 qum

79 3676 190 3732 nullius
202 3677 282 3733 honae
295 3678 448 3748 apertionis
462 3679 607 3749 spiramen
636 3679 770 3746 admittit,
798 3677 931 3748 concupi·

80 3765 196 3821 scentiae
208 3766 326 3837 gravior
339 3782 375 3823 ex
390 3782 443 3822 sua
458 3767 647 3824 occultatione
663 3767 738 3839 ignis
753 3767 806 3836 (orl
823 3766 929 3836 fervor)

81 3850 224 3909 inaestuat.
242 3853 322 3909 AEdes
336 3855 411 3908 illius
426 3855 553 3923 devorat,
571 3868 637 3911 cum
648 3854 734 3910 ardor
757 3853 931 3910 intrinsecus

81 3954 131 4010 per
150 3940 386 3997 incontinentiam
409 3955 470 3997 sese
488 3942 516 3996 iu
540 3941 715 3998 exhibitione
737 3940 931 3996 membrorum

80 4031 207 4098 eorporis
230 4029 403 4085 tttnniicstat.
430 4029 488 4086 Nec
507 4030 584 4085 enirn
612 4029 705 4085 caveri
735 4034 834 4096 potest,
858 4028 930 4098 puin
983 4036 985 4039 ’

81 4117 158 4187 quod
177 4117 229 4173 diu
246 4118 320 4173 intro
335 4118 503 4188 concipitur,
516 4133 564 4189 per
580 4116 737 4188 quemlibet
758 4115 928 4172 sensualita-

83 4204 118 4259 tis
126 4204 268 4271 habitum,
284 4203 382 4275 aliqua
395 4205 603 4275 significatione
616 4218 673 4260 non
691 4204 807 4274 prodeat

412 4311 527 4368 CAPUT
546 4310 595 4367 [X.

120 4416 203 4472 Vens.
219 4420 242 4470 l.
263 4448 293 4458 -
311 4438 321 4465 ‹
334 4417 397 4473 Noli
411 4416 510 4483 laetari,
523 4415 620 4481 lsrael,
631 4416 688 4471 noli
702 4416 844 4472 exsultare
858 4417 934 4471 sicut

87 4527 97 4554 ι
121 4507 227 4576 populi,
244 4508 314 4578 qtiia
346 4508 504 4563 fornicatus
518 4520 547 4561 es
563 4520 580 4559 a
599 4506 658 4561 Deo
680 4511 740 4559 tuo.
757 4524 767 4551 »
783 4502 870 4558 lsrael
888 4502 934 4559 lae-

83 4595 138 4650 tari
153 4595 331 4665 prohibetur,
345 4609 411 4651 curn
432 4593 502 4664 auia
514 4593 641 4650 exsultat
660 4591 694 4647 de
706 4605 767 4647 suae
793 4597 934 4660 proventu

84 4683 293 4751 secularitatis,
313 4682 345 4749 is,
373 4682 423 4751 uui
452 4680 599 4750 qnondam
623 4680 657 4736 de
671 4679 719 4735 Dei
742 4679 850 4734 visione
869 4692 937 4746 gau·

83 4769 150 4827 dere
163 4772 282 4840 solebat,
301 4771 446 4842 arguitur.
460 4768 531 4834 Noli,
544 4767 649 4838 iuuerit,
661 4768 798 4823 resultare
809 4769 879 4822 sicul
890 4780 936 4835 pc-

81 4862 151 4933 pulr',
160 4861 187 4917 id
195 4858 515 4928 estneeorumineptam
528 4857 666 4924 laetitiam,
679 4857 729 4927 qui
742 4856 777 4911 de
792 4857 849 4911 lieo
864 4852 936 4910 nibil

84 4963 214 5019 unquam
231 4961 364 5018 sapuere,
380 4944 552 5012 consideres,
570 4959 625 5001 nou
645 4943 789 5000 licentiam
805 4942 934 5010 imiteris,

85 5051 136 5093 nec
150 5045 176 5093 te
188 5050 289 5093 eorum
318 5033 484 5104 vulgaritati
498 5034 667 5099 coniormes,
684 5032 754 5104 quia
777 5032 862 5103 longe
879 5031 937 5086 mi·

85 5125 256 5182 sericordius
278 5122 421 5194 judicium
434 5121 591 5178 sortientur
614 5123 665 5191 qui
682 5122 757 5178 bona
770 5135 823 5175 nec
842 5134 937 5190 crupe-

85 5219 154 5269 runt
179 5226 267 5282 quam
290 5219 321 5268 tu
344 5210 395 5281 qni
424 5210 480 5265 Deo
505 5211 565 5282 jam
587 5209 748 5280 cognitione
769 5206 884 5272 haesisti,
910 5213 939 5263 et

86 5299 170 5356 modo
198 5298 356 5354 fornicatus
387 5313 425 5354 es.
457 5297 529 5354 Nota
562 5297 639 5368 quod
682 5295 772 5353 laetari
807 5296 939 5363 interius,

983 2990 1143 3049 dulcedinis
1169 2990 1203 3044 de
1231 2986 1384 3057 scripturis
1415 2985 1542 3054 exigere,
1558 2991 1584 3039 et
1613 2995 1739 3038 amorem
1758 2993 1831 3050 prae·

981 3081 1104 3137 sentium
1123 3091 1172 3148 per
1182 3090 1283 3133 earnm
1298 3075 1435 3130 haustum
1449 3087 1466 3128 a
1484 3086 1537 3127 suo
1551 3085 1637 3127 sensu
1652 3066 1830 3126 obliterare?

983 3173 1017 3225 Et
1032 3172 1124 3223 einum
1145 3170 1182 3220 ets
1199 3163 1347 3228 mentitur,
1378 3162 1448 3232 quia
1470 3174 1569 3216 eorum
1586 3174 1666 3215 mens
1679 3159 1715 3215 ab
1732 3155 1829 3213 aeterni

982 3255 1158 3313 condimenti
1182 3266 1283 3323 sapore
1312 3258 1339 3306 et
1360 3251 1455 3306 calore
1488 3249 1651 3305 fraudatur.
1670 3247 1759 3302 Terra
1775 3245 1829 3298 Do-

983 3348 1052 3400 mini
1065 3351 1107 3399 est
1117 3356 1231 3412 corpus,
1245 3338 1323 3410 qnod
1337 3337 1437 3394 evictis
1468 3336 1649 3406 passionibus
1667 3333 1769 3390 ditioni
1789 3344 1832 3386 ra·

984 3433 1069 3491 tionis
1089 3433 1146 3487 beo
1167 3429 1302 3499 subiectae
1323 3426 1485 3497 subjectum
1502 3432 1554 3482 est.
1570 3427 1603 3480 ln
1623 3424 1677 3479 hac
1691 3428 1767 3477 terro
1780 3435 1832 3475 non

984 3524 1115 3580 habitant
1130 3520 1199 3591 quia
1213 3519 1290 3574 enim
1306 3516 1387 3572 mites
1399 3529 1456 3570 non
1479 3521 1556 3582 sunt,
1573 3520 1600 3569 et
1624 3514 1712 3568 heum
1744 3510 1832 3566 inses-

983 3626 1075 3670 sorem
1100 3625 1158 3666 non
1183 3608 1307 3674 habent,
1333 3617 1386 3661 sua
1415 3603 1544 3672 ipsorum
1568 3613 1688 3671 corpora
1711 3598 1834 3652 tentare

984 3702 1062 3772 quod
1089 3706 1131 3755 est
1160 3695 1309 3767 possidere,
1340 3706 1397 3747 non
1430 3689 1596 3760 praevalent.
1624 3686 1735 3757 Corpus
1758 3684 1833 3740 enim

984 3787 1172 3858 suum,quod
1196 3783 1287 3839 Adam
1316 3778 1450 3835 obediens
1465 3776 1639 3843 obtinuerat,
1669 3772 1835 3830 inobediens

985 3882 1106 3937 ilcorum
1134 3876 1208 3933 loliis
1231 3872 1394 3929 obnubit.»
1419 3868 1551 3939 Spiritus,
1570 3867 1620 3933 ait,
1648 3873 1718 3920 tuus
1742 3864 1834 3919 honus

986 3969 1106 4025 deducet
1132 3980 1176 4020 me
1200 3963 1229 4018 in
1255 3969 1359 4017 terram
1386 3962 1458 4013 ΞΜ
1489 3965 1596 4013 rectam
1629 3954 1712 4025 (Paul.
1750 3966 1833 4016 cxxii,

988 4057 1053 4122 {0):
1074 4077 1084 4103 ι
1103 4068 1169 4124 quae
1200 4052 1260 4106 ideo
1286 4053 1433 4109 recteest,
1460 4045 1531 4115 unia
1557 4045 1666 4099 llomtar'
1688 4047 1740 4096 est.
1760 4060 1770 4088 ι
1789 4039 1835 4095 lle

991 4169 1000 4192 ι
1024 4156 1124 4198 versus
1150 4147 1192 4196 est
1216 4135 1353 4207 Ephraim
1371 4135 1400 4191 in
1433 4135 1601 4205 AEgyptum,
1615 4138 1642 4187 et
1661 4131 1690 4184 in
1713 4127 1836 4198 Assyriis

952 4241 972 4296 l)
990 4256 1000 4281 ‚
1024 4229 1164 4301 pollutum
1179 4225 1310 4283 comedit.
1330 4245 1340 4271 »
1358 4223 1491 4292 Ephraim
1507 4223 1545 4285 {in
1560 4219 1715 4287 ‚dlggplum
1739 4227 1834 4272 rever-

990 4320 1147 4385 litnr,cum
1161 4314 1296 4370 voluntas
1319 4317 1426 4377 nostra,
1449 4321 1515 4378 quae
1536 4307 1618 4377 panis
1633 4303 1731 4361 aeterni
1753 4302 1835 4373 lruge

989 4405 1114 4478 gaudere
1138 4400 1286 4466 debuerat,
1307 4397 1343 4452 ad
1358 4397 1515 4466 AEgyptum
1545 4392 1673 4449 mmroris
1696 4397 1723 4447 et
1746 4403 1836 4461 angu-

989 4495 1059 4558 stiae,
1084 4489 1182 4547 seculi
1210 4486 1339 4542 videlicet
1363 4482 1580 4549 sollicitudines,
1610 4488 1637 4537 et
1666 4478 1779 4535 iabores
1807 4491 1835 4532 se

988 4582 1184 4649 undecunque
1224 4574 1358 4631 declinat.
1395 4572 1475 4629 Unde
1505 4569 1680 4641 utribusdam
1706 4567 1834 4623 dicitur:

992 4669 1125 4727 »Venite
1154 4666 1189 4721 ad
1216 4678 1271 4731 me,
1299 4660 1475 4730 omnesqui
1513 4658 1650 4715 laboratis
1674 4664 1701 4713 et
1728 4653 1837 4712 onerati

989 4759 1056 4816 estis
1081 4755 1190 4828 (licttlt.
1220 4769 1249 4816 n,
1279 4754 1333 4817 ιθ).
1367 4773 1378 4798 ι
1415 4751 1445 4804 la
1482 4750 1607 4818 Assyriis
1635 4746 1769 4817 pollutum
1791 4756 1836 4797 co·

992 4848 1087 4914 medit,
1111 4846 1181 4901 dum
1200 4858 1266 4900 eum
1288 4842 1340 4904 his.
1357 4840 1409 4911 uni
1433 4840 1462 4896 in
1475 4838 1609 4896 domibus
1633 4849 1735 4908 regum
1761 4838 1838 4898 sunt,

990 4946 1018 4995 et
1029 4950 1086 4993 non
1097 4941 1222 5005 angusta
1234 4938 1374 4989 sectantes
1384 4926 1691 4985 mollibusindnuntur
1701 4920 1792 4990 (ibid,
1802 4918 1840 4986 8),

992 5027 1110 5096 etjnxta
1122 5022 1185 5090 lob,
1196 5021 1324 5078 suaviter
1343 5019 1457 5084 vivunt,
1481 5017 1509 5071 in
1536 5014 1644 5085 quihus
1658 5024 1716 5066 non
1735 5008 1841 5080 reperi-

994 5121 1040 5169 tur
1055 5107 1277 5182 sapientia(loh,
1296 5120 1393 5172 xxvtn,
1409 5103 1463 5174 ts),
1479 5100 1608 5159 obscenis
1622 5097 1750 5156 obsoniis
1773 5110 1842 5152 con·

992 5199 1236 5272 cupiscentiarum
1267 5209 1297 5252 se
1329 5193 1510 5264 ingurgitare
1532 5205 1589 5247 non
1616 5188 1730 5244 desiuit.
1753 5184 1844 5242 Assum

994 5289 1070 5346 enim
1083 5288 1189 5344 dieitur
1200 5285 1275 5350 calc,
1292 5297 1357 5353 quae
1373 5281 1441 5337 solet
1455 5294 1517 5336 esse
1529 5279 1618 5349 regia.

85 5386 213 5443 exterius
228 5386 375 5442 exsultare
391 5387 520 5457 pertinet.
533 5384 605 5452 Quia
617 5399 685 5455 ergo
706 5383 802 5454 impiis
815 5382 940 5454 gaudere
1030 5379 1116 5434 Vens.
1134 5382 1221 5432 4-·
1244 5372 1306 5429 Non
1322 5369 1455 5427 libabunt
1472 5369 1594 5424 Domino
1620 5365 1731 5434 vinum,
1743 5372 1771 5421 et
1786 5378 1843 5420 non

85 5489 142 5531 non
157 5480 210 5540 est,
226 5472 380 5543 utrobique
392 5473 513 5531 vetitum
526 5478 577 5529 est.
601 5495 611 5520 ι
632 5471 760 5529 Dilexisti
782 5470 940 5528 mercedem
999 5491 1009 5515 ι
1031 5466 1185 5538 placebunt
1199 5463 1235 5519 ei.
1262 5483 1271 5510 ι
1291 5463 1389 5517 Virtam
1406 5458 1521 5513 Domino
1542 5471 1595 5511 noa
1608 5455 1690 5519 libat,
1711 5452 1843 5526 quisquis
