3818 6008
56 62 65 193 Γ
116 114 143 167 ιι
601 109 707 168 urnae
726 110 797 176 ouo
812 84 947 171 'centur
967 112 1088 171 saeuo
1107 113 1206 174 uteru
1227 115 1377 173 uneesr.
1410 84 1413 91 ’
1834 125 1868 175 ιι

114 244 182 318 plari
196 245 312 304 interno
325 245 573 319 contemplationis
597 246 741 306 subtilitas
758 249 819 307 hec
833 250 959 318 eliciens,
975 255 996 310 A
1015 250 1119 308 exinde
1131 251 1258 309 libellum
1281 251 1438 321 edideram,
1463 253 1541 325 quod
1567 252 1620 311 sibi
1635 253 1695 312 lieri
1708 255 1745 311 ad
1759 269 1867 312 sermo·

56 400 59 409 Ι
113 334 310 407 siucperiidiae
334 343 387 394 ant
412 336 544 395 salsitatis
567 335 688 395 incursu
709 338 957 409 potuitcommeu-
1014 339 1058 396 nis
1072 340 1221 397 materiam
1243 339 1426 398 iaciendiillc
1448 350 1623 413 poposcerat,
1650 343 1768 402 undeet
1793 343 1866 401 leci-

63 438 71 477 :¹
113 423 174 480 lari.
1014 427 1129 485 niosiori
1156 444 1245 500 quam
1268 437 1370 486 caetera
1406 430 1537 487 oratione
1567 432 1689 488 tractavi
1715 439 1743 489 et
1772 446 1865 504 pauca

63 514 67 583 ι
144 509 232 567 Porro
249 512 305 569 sub
329 511 488 585 allegoricis
509 512 641 572 sensibus
656 529 715 571 non
737 529 831 587 pauca
853 515 960 585 pariter
1013 515 1138 587 qualiter
1151 517 1211 573 lteri
1232 518 1331 574 debeat
1345 532 1439 574 sermo
1455 518 1612 589 prcctexui;
1629 518 1742 590 reliqua
1768 529 1865 578 autem

62 586 69 643 Ι
110 597 292 668 addidissem,
304 599 360 656 nisi
376 601 493 659 modum
515 602 609 674 operis
636 604 820 676 praetergredi
845 604 961 661 timuis·
1014 619 1162 662 eteorum
1179 620 1245 678 quas
1268 621 1408 677 coeperam
1432 605 1610 677 experientia
1624 606 1685 664 sola
1703 622 1754 679 spe
1765 608 1864 666 divina

62 682 66 693 '
109 701 175 743 sem
203 687 293 745 Plane
317 696 430 760 petente
467 691 592 762 quodam
622 691 715 749 amico
743 707 805 750 meo
833 691 959 764 primum
1015 695 1195 766 praesumpsi.

644 871 878 880 ...ι-Μ*

782 1019 806 1068 ²
833 1015 1011 1091 ruerem
1038 1017 1180 1093 ureae

334 1210 483 1329 QUO
519 1211 793 1319 ORDINE
828 1213 1069 1319 SERMO
1105 1214 1301 1318 FIERI
1336 1215 1633 1321 DEBEAT.

137 1556 230 1615 Valde
245 1556 288 1614 illi
309 1557 502 1628 periculosum
527 1563 570 1614 est
593 1570 611 1613 a
630 1556 761 1613 doctrina
786 1570 896 1614 cessare
910 1556 958 1614 cui
973 1572 995 1628 p
1013 1558 1109 1617 auimo
1128 1559 1204 1616 bona
1229 1561 1366 1616 versaret
1388 1558 1523 1617 Attamen
1547 1567 1616 1616 sunt
1649 1560 1700 1632 qui
1730 1560 1803 1618 bene
1827 1574 1862 1618 ac

59 1656 63 1675 ¹
106 1647 232 1704 olilcium
248 1646 371 1717 pertinet
394 1645 771 1718 predicandi;sicutenlm
794 1645 958 1703 damnabile
1011 1648 1190 1706 continenter
1210 1648 1468 1718 vtmnqsedquia
1488 1648 1658 1718 pastoralem
1677 1664 1735 1706 non
1754 1649 1862 1708 babent

59 1698 65 1795 Ῑ
105 1743 144 1792 εει
162 1735 300 1806 exempla
325 1735 476 1805 pravitatis
498 1735 657 1804 ostendere,
678 1734 718 1791 ita
737 1733 823 1791 etiam
840 1735 958 1791 damna·
1011 1734 1041 1791 in
1055 1735 1180 1792 Ecclesia
1196 1736 1300 1805 locum,
1314 1736 1456 1793 aestimant
1470 1751 1499 1793 se
1519 1751 1576 1793 non
1596 1736 1699 1794 debere
1723 1737 1861 1794 iratribus

57 1804 64 1853 ³
107 1823 173 1880 tioni
188 1823 358 1894 proximum
374 1837 435 1880 esse
447 1831 558 1881 constat
572 1838 638 1881 eum
656 1824 706 1894 qui
732 1830 881 1894 peccantes
899 1838 957 1881 uon
1009 1832 1115 1880 sanctae
1133 1824 1342 1894 praedicationis
1357 1825 1498 1895 verbum;
1513 1826 1589 1896 qnod
1602 1826 1684 1882 valde
1698 1825 1859 1884 absurdum

59 1930 62 1941 ·
105 1913 164 1969 rnlt
178 1912 434 1969 docendosenare.
1010 1920 1065 1969 est:
1091 1912 1211 1969 sienim
1231 1926 1280 1983 per
1304 1913 1457 1985 subjugale
1481 1920 1604 1976 mutum,
1628 1913 1656 1970 td
1679 1922 1721 1971 est
1736 1928 1787 1985 per
1800 1914 1860 1971 asi-

137 2000 212 2057 Snnt
226 2007 326 2057 autem
347 2014 436 2071 super
450 2001 505 2058 lrac
528 2014 559 2057 re
580 2001 702 2057 diversae
717 2000 868 2057 bominum
881 2014 957 2071 quo-
1010 2014 1088 2063 nam,
1101 2001 1187 2072 justa
1208 2000 1278 2057 illud
1307 2000 1381 2058 beati
1406 2001 1479 2058 Petri
1495 2002 1533 2071 (ll
1558 2002 1633 2057 Petr.
1660 2017 1689 2071 ιι,
1712 2002 1767 2072 16),
1784 2003 1861 2060 Dens

106 2089 238 2146 rumdam
258 2089 442 2146 intentiones.
467 2089 566 2160 Aliqui
589 2090 665 2146 enim
690 2088 719 2145 id
742 2090 834 2146 lacere
855 2089 956 2146 nolunt
1009 2088 1114 2158 corripi
1132 2088 1223 2145 voluit
1247 2089 1392 2159 prophetae
1413 2088 1615 2160 insipientiam,
1630 2104 1718 2161 quam
1734 2090 1859 2148 multum

60 2192 63 2197 ·
107 2178 170 2235 vicli
195 2178 343 2250 superbie,
365 2177 414 2235 alii
434 2177 555 2247 lastidio,
577 2177 625 2234 alii
650 2177 768 2235 invidia.
795 2178 954 2248 Respuunt,
1005 2178 1037 2233 et
1061 2191 1132 2247 pene
1150 2177 1261 2248 absque
1290 2178 1505 2247 comparatione
1525 2177 1641 2248 dignior
1662 2185 1704 2234 est
1726 2178 1857 2236 bumana

61 2224 67 2291 Ι
108 2268 236 2339 inquam,
262 2265 419 2338 praedicare
446 2281 505 2337 pre
528 2266 674 2338 superbia,
709 2273 737 2322 et
763 2266 841 2337 quod
872 2266 956 2323 multi
1009 2274 1115 2322 natura
1129 2267 1165 2321 ad
1181 2266 1343 2322 docendum
1365 2273 1393 2322 ει
1408 2265 1535 2323 dandam
1558 2267 1756 2338 coaequalibus
1768 2266 1859 2324 disci·

107 2354 265 2412 ambienter
279 2354 372 2412 lacere
393 2353 529 2427 gestiunt,
545 2362 572 2412 ει
585 2369 637 2425 pro
651 2355 711 2411 sola
729 2353 886 2427 jactantia:
903 2355 956 2411 boc
1010 2353 1141 2424 plinam?

106 2444 148 2500 isti
161 2457 198 2501 ne
211 2443 450 2503 sermocinatores
472 2450 621 2509 vocentur,
637 2443 715 2514 quod
739 2442 845 2499 inleme
864 2457 963 2516 genus,
1045 2443 1211 2513 loquamur
1231 2441 1328 2513 itaque
1347 2441 1517 2514 quicunque
1543 2456 1630 2499 secrae
1655 2443 1766 2515 paginae
1780 2443 1857 2501 uoti-

106 2532 257 2590 bominnm
271 2546 332 2590 esse
346 2532 427 2598 solet,
441 2532 510 2604 quia
527 2545 578 2603 pro
594 2544 646 2588 suo
661 2538 762 2588 ventre
782 2530 952 2600 loquuntur,
1009 2531 1078 2588 tiam
1106 2530 1201 2602 adepti
1228 2545 1341 2600 snmus,
1370 2531 1444 2587 sicut
1467 2545 1504 2587 ex
1527 2531 1594 2600 Deo,
1622 2532 1676 2588 lton
1696 2539 1738 2589 est
1767 2532 1858 2590 Deum

107 2621 213 2678 undea
237 2620 375 2693 Gregorio
399 2620 577 2678 Nazianzeno
591 2622 720 2690 (Apoloq.
737 2627 810 2676 orat.
829 2622 853 2688 l)
868 2633 875 2673 :
893 2634 955 2674 veo-
1008 2620 1095 2677 totius
1109 2619 1199 2677 nostri
1227 2627 1365 2678 tractatus
1389 2620 1526 2677 habentes
1550 2620 1700 2693 originem,
1715 2628 1742 2678 ει
1761 2635 1857 2678 coram

106 2712 218 2781 tritoque·
231 2711 414 2780 appellentur,
429 2724 464 2766 ex
475 2708 639 2780 typoniroio
651 2708 855 2781 dedignantur.
1008 2708 1064 2766 Deo
1082 2709 1156 2766 nulli
1176 2710 1352 2780 praeteriise
1376 2709 1428 2765 soli
1444 2723 1481 2765 ex
1506 2709 1611 2766 nostris
1636 2709 1777 2767 sermonis
1788 2723 1855 2767 cen·

57 2824 60 2837 =
137 2800 218 2855 luter
237 2798 349 2870 quossi
370 2798 544 2870 comparatio
567 2798 626 2866 liet,
648 2797 740 2854 multo
759 2796 856 2853 utilior
872 2797 954 2852 inve·
1008 2798 1133 2855 tentione
1156 2797 1266 2869 placere
1289 2804 1460 2869 quaerentes.
1490 2797 1518 2854 Si
1549 2797 1626 2854 enim
1653 2797 1796 2870 quidquid
1819 2798 1856 2855 ad

56 2890 59 2905 '
105 2889 183 2944 nitur
198 2887 252 2959 qni
271 2886 325 2944 sibi
345 2886 395 2944 soli
411 2887 517 2944 noxius
529 2888 672 2959 jactanter
684 2870 829 2957 praedicat,
846 2894 873 2943 et
889 2880 987 2943 aliisC
1006 2887 1234 2943 exhortationem
1257 2887 1378 2957 pertinet
1397 2886 1573 2954 animarum,
1598 2900 1654 2944 non
1672 2885 1751 2943 aliud
1772 2886 1856 2944 debet

56 2990 58 2995 ·
105 2977 210 3046 quibus
221 2974 587 3033 instruanturdocumenta
598 2974 751 3043 ministrat,
767 2988 855 3046 quam
869 2975 953 3046 isqui
1006 2989 1107 3032 sonare
1122 2989 1212 3046 quem
1225 2975 1326 3042 Deum,
1342 2975 1387 3032 vel
1404 2974 1522 3031 aliunde
1540 2989 1629 3045 quam
1643 2989 1679 3032 ex
1697 2975 1756 3046 ipso
1770 2975 1855 3047 quasi

105 3064 180 3135 qnod
195 3064 331 3135 intelligit
346 3064 453 3122 utiliter
472 3064 582 3121 tumide
600 3063 682 3132 celat,
707 3077 760 3120 nec
780 3063 834 3120 sibl
860 3064 954 3120 bonus
1006 3078 1042 3120 ert
1058 3064 1174 3134 proprio
1203 3078 1255 3119 suo
1279 3062 1356 3120 sonte
1381 3063 1504 3135 prodire,
1529 3063 1599 3135 quid
1625 3062 1766 3135 sacrilegii
1787 3064 1856 3121 lacit

56 3134 58 3223 f
105 3160 153 3221 εει,
169 3166 224 3209 nec
239 3151 310 3208 alios
320 3151 416 3224 jurat.
1007 3147 1057 3220 qui
1081 3149 1116 3204 de
1135 3147 1240 3204 divinis
1258 3147 1346 3204 rebus
1369 3148 1398 3204 in
1425 3149 1534 3219 quibus
1550 3148 1600 3204 liei
1623 3149 1683 3204 sola
1697 3149 1854 3220 quaerenda

56 3248 58 3253 ·
137 3240 254 3298 invidia
266 3241 386 3312 quidam
401 3239 554 3312 dupliciter
566 3254 583 3297 e
595 3253 677 3297 sacra
693 3239 893 3311 predicatione
909 3252 951 3296 re·
1006 3236 1070 3293 laus
1085 3244 1136 3306 est,
1158 3250 1241 3293 suam
1265 3237 1414 3307 presumit
1435 3238 1587 3308 quaerere?
1605 3236 1631 3293 Si
1650 3236 1761 3294 lurtum
1780 3236 1854 3294 iuter

103 3329 270 3398 trabuntur,
296 3328 366 3400 quia
390 3328 512 3385 aliorum
529 3328 611 3385 bonis
630 3328 760 3384 moribus
783 3327 951 3395 invidentes,
1007 3326 1136 3382 bumana
1157 3325 1271 3398 negotia
1294 3325 1545 3395 probrosissimum
1566 3334 1617 3395 est,
1640 3325 1712 3396 quid
1726 3325 1853 3382 criminis

103 3417 177 3474 unde
192 3416 383 3474 meliorentur
398 3417 492 3474 dicere
508 3417 619 3483 nolunt,
632 3416 846 3488 scripturarum
866 3415 952 3473 etiam
1005 3429 1066 3471 esse
1081 3422 1217 3486 putamus
1232 3428 1285 3471 sua
1313 3414 1482 3471 subtrahere
1503 3415 1559 3471 Deo
1582 3422 1609 3471 et
1625 3413 1678 3470 sibi
1694 3405 1853 3486 arrogare?

103 3506 253 3563 scientiam
266 3518 355 3576 quam
370 3505 486 3570 babent,
505 3520 535 3562 se
560 3506 665 3563 babere
683 3505 875 3572 dissimulant,
900 3518 953 3561 nec
1042 3502 1201 3574 Fugiamus
1210 3501 1297 3559 etiam
1307 3502 1507 3557 connumerari
1524 3501 1639 3558 duobus
1653 3500 1707 3557 illis
1725 3499 1853 3571 pessimis

102 3593 242 3651 disserere
266 3607 317 3650 eas
338 3594 432 3651 avidis
463 3601 491 3651 ει
515 3593 744 3666 intelligibilibus
770 3593 952 3651 auditoribus
1005 3599 1031 3648 et
1056 3588 1315 3656 inordinatissimis,
1339 3596 1372 3644 ut
1395 3589 1435 3644 sic
1467 3589 1570 3652 dicam,
1591 3588 1752 3655 ordinibus,
1779 3602 1853 3659 quos

101 3691 216 3750 curant,
237 3689 369 3740 verentes
390 3696 428 3740 ne
454 3697 508 3740 sua
531 3682 661 3741 doctrina
678 3681 705 3739 ln
730 3689 843 3739 tontum
866 3682 950 3754 proil-
1006 3679 1036 3735 lu
1051 3677 1178 3735 Ecclesia
1205 3691 1263 3734 nou
1282 3676 1422 3733 babemus
1441 3683 1474 3733 ut
1496 3675 1606 3744 iratres,
1627 3675 1676 3732 sed
1697 3674 1852 3733 toleremus

100 3770 188 3838 daut,
211 3778 244 3827 nt
265 3770 321 3828 sibi
343 3771 478 3830 discendo
496 3772 640 3844 coequari
663 3771 787 3840 valeant,
811 3778 862 3829 aut
881 3771 952 3829 lorte
1006 3775 1038 3825 ut
1057 3768 1160 3834 hostes,
1186 3780 1311 3839 quorum
1334 3765 1406 3823 alter
1422 3772 1464 3822 est
1479 3765 1554 3821 male
1577 3764 1752 3834 iacientium,
1780 3763 1853 3821 alter

102 3859 277 3931 precedant,
1004 3869 1073 3912 vero
1085 3855 1157 3913 bene
1172 3854 1264 3912 lacere
1280 3853 1449 3911 nolentium.
1467 3853 1502 3910 lli
1512 3853 1703 3926 designantur
1716 3866 1766 3924 pcr
1778 3852 1853 3909 duos

134 3949 184 4005 list
200 3956 229 4005 et
243 3949 345 4006 tertius
367 3948 483 4006 invidis
506 3949 693 4020 modusque
713 3948 783 4006 dum
798 3947 863 4005 aliis
881 3949 951 4005 bene
1004 3944 1255 4012 incardinetur
1277 3951 1305 4000 et
1322 3943 1414 4012 Onon,
1443 3956 1569 4014 quorum
1593 3941 1705 4014 primus
1726 3954 1851 4013 nequam

101 4037 299 4106 predicationi
320 4031 518 4094 insistentibus
542 4036 825 4109 inriderequispiam
840 4036 949 4107 incipit,
1006 4033 1034 4089 in
1050 4039 1203 4104 conspectu
1229 4030 1350 4099 Domini,
1378 4038 1406 4088 et
1433 4031 1470 4087 ab
1497 4031 1558 4101 ipso
1583 4045 1744 4101 percussus,
1761 4029 1850 4087 vitam

100 4125 251 4184 ardentius
265 4126 302 4182 ad
326 4126 502 4198 loquendum
526 4139 556 4183 se
576 4125 714 4193 accendit,
734 4124 948 4196 scripturarum
1007 4121 1173 4193 iniquorum
1198 4121 1277 4193 quia
1298 4121 1356 4177 Deo
1380 4133 1430 4191 pro
1445 4119 1600 4177 sceleribus
1618 4120 1790 4191 puniuntur,
1807 4118 1853 4176 dc·

101 4215 292 4272 obscuritates
305 4214 445 4284 enucleat,
469 4214 525 4271 alie
545 4214 681 4287 qnaelibet
692 4221 720 4271 et
734 4215 831 4272 minus
845 4214 949 4271 usitata
965 4182 987 4237 ⁰
1006 4210 1285 4282 signat3secundus,
1313 4209 1364 4280 qui
1388 4222 1484 4265 semen
1513 4209 1609 4265 fratris
1632 4208 1747 4265 nomine
1761 4207 1851 4264 susci·

100 4303 230 4375 exponit,
250 4316 413 4375 gravesque
437 4303 593 4359 sententias
617 4302 772 4375 depingere
794 4302 949 4374 composito
1005 4299 1182 4367 tarenoluit,
1204 4306 1232 4356 et
1261 4297 1402 4354 divinitus
1428 4297 1554 4354 interimi
1575 4297 1689 4366 meruit,
1720 4310 1768 4354 ens
1800 4297 1851 4367 qui

101 4404 232 4448 sermone
255 4390 413 4455 contendit,
436 4404 494 4447 non
518 4397 551 4447 ut
570 4390 605 4445 ad
635 4390 708 4447 bene
725 4391 869 4461 agendum
893 4404 949 4446 an·
1004 4387 1084 4444 verbi
1104 4387 1153 4444 lici
1172 4388 1279 4444 semine
1299 4386 1328 4442 in
1351 4386 1486 4443 cordibus
1511 4385 1637 4443 lidelium
1654 4385 1689 4442 ad
1715 4386 1851 4442 bonorem

101 4479 212 4535 dientes
225 4477 357 4546 redillcet,
372 4477 422 4535 sed
436 4485 467 4535 nt
492 4477 618 4552 gloriolae
633 4478 757 4550 cupidus
770 4478 842 4536 scire
863 4493 950 4551 super
1004 4476 1108 4533 Christi
1141 4475 1267 4533 lructum
1294 4475 1359 4533 boni
1394 4475 1488 4546 operis
1522 4488 1671 4545 procreare
1698 4481 1849 4545 respuunt,

100 4567 266 4624 aliossunm
282 4566 466 4623 demonstret.
486 4567 544 4624 *Sed
560 4567 624 4625 licet
648 4569 723 4624 bona
738 4568 811 4626 male
832 4568 950 4639 dispen-
1004 4565 1157 4635 signidcat,
1184 4564 1311 4636 quinon
1334 4564 1433 4620 minus
1456 4563 1634 4620 damnationi
1656 4562 1852 4621 succumbunt

99 4662 149 4724 set,
163 4662 193 4712 et
219 4654 345 4725 scipsum
360 4654 430 4712 alios
450 4656 606 4728 querende
630 4657 739 4727 perdat,
763 4663 859 4714 tamen
881 4671 951 4728 quo·
1004 4666 1092 4724 quam
1110 4654 1139 4709 lri
1154 4655 1206 4725 qui
1221 4653 1297 4709 mala
1312 4654 1372 4724 ipsa
1384 4652 1522 4709 eliciunt.

99 4758 218 4816 cunque
236 4751 319 4816 pacto
335 4742 468 4802 cbristus
490 4745 682 4803 annuntietur
703 4745 888 4817 gaudendum
908 4753 949 4802 est
1039 4742 1110 4800 Nam
1126 4743 1160 4812 si,
1171 4742 1257 4814 iuxta
1277 4743 1392 4800 beatum
1408 4741 1593 4799 Ambrosium
1609 4742 1663 4810 (De
1677 4741 1749 4809 omo.
1763 4738 1814 4797 lib.
1829 4755 1850 4808 ι,

100 4831 224 4903 (recep.
250 4846 270 4900 1,
299 4832 352 4901 ιιι),
384 4839 411 4890 ει
438 4847 522 4889 ιιειιιο
548 4846 618 4890 sane
641 4833 676 4889 de
699 4833 764 4890 fidei
787 4833 874 4891 verbo
890 4842 950 4891 tra·
1003 4845 1067 4902 cap.
1093 4832 1147 4903 36),
1164 4830 1215 4904 qui
1231 4846 1288 4888 non
1304 4830 1445 4902 repellite
1468 4830 1543 4887 socio
1559 4829 1694 4901 iniuriam
1710 4827 1733 4884 si
1748 4834 1850 4900 potest,

98 4919 381 4993 ctansrejiclendns,
406 4921 477 4994 quia
491 4921 522 4979 in
543 4921 642 4980 multis
658 4921 737 4980 utilis
750 4929 792 4979 εει
806 4936 950 4979 mercena·
1003 4925 1084 4976 ιειιιο
1105 4919 1196 4976 estin
1217 4920 1286 4977 vitio
1309 4933 1396 4991 quam
1420 4918 1466 4976 ille
1491 4918 1543 4990 qui
1566 4916 1639 4985 lecit,
1665 4915 1736 4987 quid
1758 4916 1851 4974 obstat

100 5009 171 5067 tius.
1004 5007 1098 5065 dicere
1118 5009 1194 5080 quod
1218 5008 1339 5066 similem
1363 5021 1480 5080 prorsus
1506 5014 1619 5063 reatum
1643 5004 1774 5063 incurrat
1799 5005 1851 5077 qui

134 5097 209 5155 Sunt
218 5097 306 5155 etiam
319 5097 373 5171 qui
386 5096 460 5155 bona
470 5096 550 5169 loqni
565 5096 727 5166 lastidiunt,
738 5111 863 5170 quorum
878 5097 949 5154 dum
1005 5106 1167 5167 peccantem
1192 5097 1323 5166 attendit,
1355 5104 1382 5155 et
1413 5095 1555 5167 corrigere
1596 5097 1736 5153 recusat?
1762 5096 1852 5152 iuxta

101 5187 138 5244 ab
163 5187 246 5245 omni
261 5186 309 5259 pia
321 5186 435 5245 actione
453 5200 559 5245 manns
567 5192 667 5251 cesset,
679 5200 736 5244 non
751 5194 794 5244 εει
808 5186 916 5244 mirum
926 5187 950 5244 si
1003 5187 1171 5258 Apostolum
1186 5200 1256 5244 sane
1272 5200 1329 5242 non
1350 5184 1443 5241 solum
1460 5184 1510 5256 qui
1537 5184 1659 5254 iaciunt,
1681 5184 1730 5242 sed
1751 5191 1779 5242 et
1798 5181 1851 5254 'qui

100 5283 238 5333 asanctae
251 5273 407 5333 locutionis
420 5274 515 5332 studio
528 5273 629 5346 lingua
643 5281 794 5345 torpescat.
806 5273 860 5342 Qui
872 5276 949 5332 enim
1004 5274 1175 5332 iacientibus
1190 5274 1383 5340 consentiunt,
1401 5271 1483 5345 digni
1498 5281 1587 5332 morte
1609 5274 1747 5331 dicuntur
1760 5272 1849 5355 (bom.

101 5364 140 5421 nil
153 5363 222 5421 boni
236 5364 373 5435 proponit
387 5376 485 5433 agere,
507 5361 595 5431 unde,
612 5376 719 5433 queso,
744 5362 796 5420 diu
810 5362 904 5421 valeat
920 5363 949 5419 in
1005 5379 1025 5429 ι,
1041 5364 1096 5430 32).
1823 5364 1838 5376 ‘'
