3818 6008
112 206 164 261 als
563 205 594 259 V.
614 159 781 261 cursuum
802 204 947 259 nestris
965 205 993 259 S.
1016 202 1134 259 MARIAE
1154 202 1198 258 DE
1217 203 1414 258 NOVIOENTO
1508 188 1510 193 ¹
1809 202 1862 257 itt

114 350 208 407 neque
217 349 299 406 prece
313 347 407 405 neque
418 333 478 390 vita
488 333 644 404 quisquam
657 331 864 403 Deoloquitur.
878 332 958 390 Unde
976 335 1025 389 tl»
1043 332 1123 389 bitur
1147 340 1233 400 terra,
1263 340 1290 390 et
1318 331 1428 404 lugebit
1450 332 1544 390 omnis
1572 332 1716 390 habitator
1743 332 1859 405 ejusl»

112 433 177 483 est:
194 425 296 481 «Dum
313 423 441 480 medium
455 422 599 479 silentium
616 429 743 478 tenerent
766 422 863 478 omnia
878 421 956 492 (Sap.
1013 423 1101 491 Super
1124 422 1199 478 istud
1229 427 1303 477 terre
1329 430 1472 489 movetur,
1502 436 1567 479 cum
1595 421 1676 479 nulla
1702 437 1760 480 non
1781 436 1863 478 mens

113 513 288 584 xvur‚l5).»
306 512 365 568 lloc
389 510 534 568 silentium
557 510 586 565 in
610 510 687 565 ouini
712 509 773 566 loco
797 509 957 580 projicitur,
1013 511 1169 581 peccatoris
1196 511 1251 567 sub
1281 519 1362 568 tanta
1397 511 1618 568 commiuatione
1656 519 1788 568 terretur.
1827 511 1863 567 Et

113 615 179 659 cum
191 601 227 657 ab
240 601 318 657 omni
330 599 689 670 mentequaeuonltorarie
704 599 752 654 sed
769 597 959 654 localiterDeo
1013 600 1084 671 quid
1106 602 1212 656 mirum
1241 601 1264 656 si
1291 606 1423 670 peccator
1450 599 1540 666 timet,
1568 614 1633 656 eum
1660 600 1749 656 etiam
1774 601 1863 654 omnis

113 691 212 757 servit,
227 690 288 745 baec
303 702 392 758 prava
411 689 592 745 taciturnitas
612 687 802 744 exsecrationi
825 686 957 742 babetur.
1013 689 1152 745 dubitator
1174 689 1303 761 ejusdem
1322 697 1417 757 terrae,
1434 689 1460 744 id
1483 697 1525 744 est
1546 690 1597 759 qui
1619 689 1672 759 ipsi
1695 696 1811 759 peccato
1826 687 1862 742 ad

149 779 234 835 Vnus.
252 779 277 832 l.
296 807 326 818 -
346 799 356 826 ι
373 777 478 832 Audite
497 776 550 832 boc
563 776 613 846 qui
626 775 772 831 conteritis
792 787 957 844 pauperem,
1013 777 1160 850 integrum
1180 778 1357 844 dominatur,
1381 777 1489 849 lugiet?
1516 777 1602 832 Terre
1621 778 1698 833 enim
1725 790 1777 847 pro
1798 792 1864 846 pec·

115 888 126 916 ι
143 875 170 924 et
181 866 301 923 delicere
322 865 413 922 lacitis
427 879 530 936 egenos
545 872 636 921 terre.
652 886 662 910 ·
682 864 763 930 Quod
784 871 827 919 est
841 863 934 918 dicere
950 875 956 914 ε
1012 880 1098 935 eante,
1112 875 1140 924 et
1155 868 1279 922 babitare
1292 881 1344 937 pro
1356 867 1494 921 domarim-i
1503 866 1574 922 solet
1591 865 1666 935 poni.
1687 887 1697 914 ι
1716 866 1750 921 lit
1760 878 1862 921 ascen-

114 954 277 1026 lntelligaut
305 955 365 1010 baee
392 954 444 1026 qui
474 960 670 1023 paupertatem
699 951 816 1022 spiritus
831 964 881 1021 per
910 965 958 1006 su·
1016 956 1087 1012 »det
1100 956 1184 1026 quasi
1200 955 1308 1012 fluvius
1324 956 1487 1021 universus,
1503 962 1530 1010 et
1544 954 1686 1025 ejicietur,
1704 961 1732 1009 et
1754 952 1863 1008 delluet

113 1043 240 1116 peritiam
267 1043 424 1115 hypocrisis
450 1043 594 1111 obterunt,
622 1051 648 1098 et
671 1048 839 1106 eosntotus,
856 1038 906 1111 qui
931 1054 960 1096 se
1015 1044 1125 1113 »quasi
1159 1043 1240 1100 rivus
1272 1043 1398 1114 AEgypti.
1436 1065 1446 1090 ι
1477 1043 1562 1109 Qurrsi
1594 1044 1693 1112 pecias
1717 1044 1862 1098 ualemus

113 1134 203 1190 divini
222 1132 326 1190 auxilii
350 1133 476 1189 latentur
489 1146 603 1201 egenos,
619 1139 646 1187 et
659 1131 695 1187 de
718 1145 771 1186 sua
785 1129 886 1186 crebro
900 1137 960 1185 ter·
1013 1133 1150 1200 ascendit,
1166 1146 1233 1188 cum
1249 1132 1307 1203 ipse
1324 1134 1464 1186 habitator
1486 1146 1544 1187 non
1557 1130 1705 1197 dimidius,
1725 1130 1773 1185 sed
1798 1132 1861 1184 uai-

113 1223 235 1279 renitate
248 1229 417 1288 causantur,
432 1235 449 1276 a
465 1222 521 1278 Deo
535 1221 654 1276 delicere
669 1220 788 1275 iaciunt.
1011 1237 1105 1277 versus
1120 1223 1209 1278 instar
1232 1221 1312 1278 lluvii
1337 1221 1434 1277 omnia
1456 1221 1659 1290 praecipitantis
1677 1219 1808 1280 adversa.
1824 1219 1861 1275 ad

148 1311 235 1369 Vuns.
254 1314 279 1365 ὅ.
293 1339 329 1352 -
345 1332 356 1359 ‹
372 1309 501 1376 Quando,
526 1310 672 1379 inquiunt,
698 1307 831 1364 transibit
853 1307 960 1363 mensis
1013 1324 1141 1380 superna
1156 1309 1272 1366 virtutis
1292 1309 1426 1379 erumpit.
1446 1309 1480 1365 Et
1505 1309 1593 1365 isdem
1614 1308 1739 1379 ejicitur,
1760 1321 1861 1364 cuma

115 1407 171 1456 »et
186 1398 418 1455 venundabimus
441 1411 589 1453 merces.»
616 1397 740 1453 Mensem
766 1396 888 1452 transire
907 1395 959 1451 de-
1014 1398 1134 1469 pristina
1157 1399 1331 1466 terrenitate,
1363 1398 1406 1454 vel
1433 1405 1547 1468 peccato
1576 1397 1743 1453 secluditur.
1772 1396 1862 1462 Quasi

113 1489 241 1545 siderant
255 1493 330 1543 πο
345 1487 396 1558 qui
413 1487 488 1543 banc
506 1486 648 1543 virtutum
672 1484 868 1541 collectionem
894 1484 959 1540 exi·
1011 1489 1088 1542 riom
1107 1489 1226 1557 AEpppti,
1240 1487 1318 1544 baud
1334 1487 1456 1544 dubium
1470 1487 1541 1557 quin
1558 1493 1643 1554 terra,
1661 1500 1727 1556 quae
1742 1484 1860 1541 inhabi-

113 1577 208 1634 uaniri
220 1577 295 1633 intra
310 1577 406 1633 sinum
427 1575 529 1632 mentis
550 1578 697 1644 exoptant,
713 1574 750 1630 ad
773 1572 851 1644 quod
874 1572 958 1642 plane
1013 1576 1077 1643 tari,
1095 1576 1187 1645 idest
1206 1576 1341 1646 possideri
1366 1575 1459 1642 debet,
1482 1574 1593 1641 delinit,
1613 1588 1679 1630 cum
1693 1573 1801 1644 peccati
1815 1573 1862 1630 de

112 1673 236 1723 aestuare
254 1665 470 1722 affectualitates
493 1666 593 1721 solent.
620 1665 702 1720 'lunc
726 1677 825 1717 moces
848 1675 958 1717 venuu-
1013 1664 1134 1732 lectatio,
1152 1665 1263 1736 quaede
1283 1665 1432 1735 praesentis
1446 1663 1542 1721 saeculi
1560 1663 1684 1735 AEgypto
1698 1662 1859 1730 derivatur,

111 1754 192 1824 dant,
220 1770 287 1812 cum
312 1755 393 1812 bonae
419 1753 594 1810 exhibitions
617 1766 704 1824 opera
729 1758 838 1808 mentes
865 1749 960 1806 laudis
1011 1753 1145 1824 inseipsa
1160 1753 1265 1811 delicit.

112 1856 225 1912 avaras,
242 1843 371 1915 ejusdem
387 1857 474 1899 causa
490 1841 670 1913 recipienda,
687 1855 737 1911 pru
758 1838 847 1915 pretio
862 1845 957 1895 osteu-
1048 1843 1133 1900 Vens.
1146 1846 1172 1911 9,
1188 1846 1229 1898 lt).
1247 1864 1303 1891 -ι
1320 1842 1356 1897 Et
1371 1841 1426 1898 erit
1441 1841 1470 1897 iu
1484 1841 1530 1898 die
1553 1840 1601 1896 illa
1615 1840 1684 1897 dicit
1698 1838 1859 1896 Dominus:

111 1938 211 1988 tanc·
237 1933 271 1988 Et
296 1931 458 1998 sabbatum.
487 1930 638 2002 (subaudis
662 1929 780 2000 quando
808 1927 913 1995 veniet)
932 1934 960 1984 et
1015 1932 1159 1988 »cccrum
1188 1932 1228 1988 sor
1262 1931 1291 1986 rn
1320 1931 1449 1998 morture,
1479 1936 1507 1987 et
1537 1929 1734 1986 enebrescero
1757 1927 1861 1984 tactam

113 2020 305 2090 »aperiemus
329 2020 520 2088 lrumentum,
545 2026 576 2075 ut
602 2018 811 2075 imminuamus
839 2030 960 2073 mensu·
1014 2015 1151 2076 interram
1166 2021 1195 2076 in
1208 2020 1253 2076 die
1274 2020 1402 2076 luminis.
1422 2041 1433 2068 ·
1451 2021 1527 2087 Eril,
1550 2032 1620 2075 vera
1643 2017 1751 2075 scilicet
1770 2030 1863 2074 esseu-

114 2123 218 2176 -cam,
239 2116 266 2165 et
281 2122 442 2180 augeamus
466 2108 580 2175 siclum,
604 2115 631 2164 et
651 2119 847 2177 supponamus
870 2112 960 2160 state·
1013 2108 1051 2166 tia
1063 2109 1214 2177 constabit,
1239 2112 1268 2163 in
1287 2109 1332 2164 die
1354 2111 1414 2177 illu,
1430 2109 1458 2166 id
1475 2117 1518 2166 est
1532 2108 1562 2164 in
1585 2108 1649 2164 luce
1670 2108 1786 2165 interna
1801 2121 1859 2178 prae

112 2212 190 2255 »ras
210 2197 371 2254 dolosas?»
396 2198 544 2254 Sabbatum
568 2197 720 2267 quaeritur,
737 2209 804 2252 cum
832 2208 868 2251 ex
898 2194 961 2264 lege
1012 2198 1103 2254 oculis
1116 2211 1228 2268 semper
1244 2198 1388 2265 habenda,
1413 2205 1440 2254 et
1467 2197 1530 2253 ideo
1556 2195 1726 2266 pronomine
1751 2195 1864 2251 demon·

111 2286 308 2343 membrorum
323 2300 341 2343 a
354 2286 428 2342 bono
448 2300 533 2356 opere
556 2285 668 2356 requies
683 2283 845 2340 miseranda
861 2290 961 2352 capta-
1012 2286 1130 2343 strativo
1150 2293 1257 2342 notata.
1280 2286 1390 2343 Occidet
1411 2285 1453 2341 sol
1470 2286 1594 2351 merdic,
1618 2290 1706 2340 aestus
1731 2282 1861 2340 videlicet

36 2362 44 2374 ’
111 2383 169 2433 tur.
199 2377 282 2433 Tunc
305 2378 472 2442 framentum
505 2375 645 2445 aperitur,
683 2387 750 2429 cum
775 2370 960 2427 lructuositas
1012 2373 1176 2430 tentationis
1190 2374 1298 2431 decidet
1322 2375 1375 2430 sub
1399 2375 1493 2430 calore
1513 2372 1697 2442 aspirationis
1716 2385 1861 2442 superna.

111 2463 231 2521 interior
245 2464 282 2520 ad
294 2464 375 2521 lucra
391 2463 496 2520 lavoris
511 2463 695 2533 expanditur.
712 2461 848 2518 Mensura
863 2460 961 2516 immi·
1013 2465 1044 2518 la
1058 2464 1103 2517 die
1117 2463 1229 2518 mininis
1258 2471 1332 2519 terra
1348 2463 1524 2530 tenebratur,
1547 2477 1614 2518 eum
1636 2459 1864 2518 excandescente

111 2554 223 2620 fluitur,
239 2567 307 2610 ⁰111ss
322 2552 412 2609 sancti
426 2552 559 2622 propositi
574 2551 676 2607 modus
691 2549 722 2605 iu
740 2549 802 2620 ipsa
822 2548 961 2605 intentio·
1013 2553 1050 2609 ad
1066 2551 1116 2609 Dei
1144 2565 1269 2608 amorem
1297 2551 1471 2609 conscientia
1494 2551 1619 2618 sordent,
1644 2558 1672 2607 et
1694 2549 1863 2606 erubescere

112 2655 149 2697 ne
169 2641 333 2710 deponitur.
356 2639 449 2698 Siclus
472 2648 605 2712 augetur,
622 2653 688 2695 eum
711 2638 860 2695 diabolicae
888 2652 961 2709 sug·
1014 2641 1125 2697 iaciunt
1148 2640 1292 2697 bominem
1319 2640 1503 2697 tenebrarum
1527 2654 1593 2709 quae
1612 2638 1744 2695 exercuit
1766 2651 1861 2709 opera.

112 2729 248 2800 gestionis
274 2742 412 2785 nummus
438 2729 474 2784 ad
499 2741 592 2784 mores
616 2734 766 2799 gratanter
786 2726 958 2783 admittitur.
1017 2730 1080 2785 «Et
1106 2736 1272 2786 convertam
1300 2728 1468 2785 festivitates
1500 2735 1610 2785 vestras
1643 2728 1672 2782 iu
1705 2726 1859 2784 luctum.»

112 2815 222 2897 statera
237 2815 334 2874 dolosa
346 2817 531 2887 supponitur,
549 2830 616 2872 cum
631 2814 667 2871 ad
680 2815 863 2871 excusandas
875 2828 961 2871 excu·
1013 2817 1085 2875 Cum
1115 2818 1221 2889 gaudia
1247 2817 1343 2874 saeculi
1368 2816 1598 2888 compunctionis
1628 2815 1803 2887 rediguntur
1827 2815 1863 2871 ad

112 2905 236 2962 sationes
268 2905 298 2961 in
336 2905 459 2976 peccatis
491 2904 653 2975 Scripturas
680 2904 850 2961 adhibemus
874 2903 957 2975 (Psoi.
978 2907 1173 2991 cetimulum.
1193 2906 1508 2967 ·Canticavertuntur
1528 2907 1557 2961 iu
1582 2905 1742 2976 planctum,
1763 2923 1774 2952 ·
1794 2916 1862 2958 cum

112 3008 177 3061 cxc,
193 2994 229 3063 l).
250 2993 366 3051 Staterae
385 2995 460 3051 enim
486 2994 548 3050 idco
564 2994 592 3049 in
618 2992 726 3064 psalmo
754 2999 911 3062 ponuntur,
928 2999 959 3049 ut
1013 2996 1213 3053 delectationes
1247 2997 1275 3051 iu
1302 3009 1480 3067 quacunque
1491 3009 1530 3062 ‚re
1555 2992 1726 3059 mundiales,
1747 2990 1863 3047 nullum

112 3087 175 3138 est:
210 3103 220 3128 ι
250 3080 400 3136 blendaces
423 3080 473 3136 lilii
509 3081 659 3136 bominum
686 3080 713 3134 in
739 3079 851 3135 steteris
874 3079 957 3147 (Psoi,
1014 3099 1140 3142 amurcae
1164 3085 1322 3156 spiritualis
1337 3083 1435 3141 valent
1459 3083 1585 3154 reperire
1611 3079 1863 3153 sulirrgium,·Er

112 3183 171 3238 uxr,
189 3171 243 3238 lo),
265 3192 278 3220 a
309 3170 350 3225 lbi
374 3169 450 3226 enim
475 3177 573 3226 nostra
594 3169 668 3225 lacta
692 3168 890 3239 appendimus.
907 3168 960 3225 So-
1015 3173 1176 3230 »inducam
1198 3188 1285 3244 super
1306 3188 1391 3230 omne
1405 3173 1524 3228 dorsum
1539 3179 1668 3228 vestrum
1692 3181 1819 3233 saccum,
1836 3174 1863 3223 et

112 3259 206 3316 lentus
221 3258 358 3315 nimirum
371 3273 437 3315 cum
459 3258 537 3328 apio
559 3257 653 3314 studio
677 3265 790 3327 torpore
811 3257 958 3325 volumus,
1015 3277 1129 3333 »super
1156 3277 1240 3319 omne
1268 3270 1356 3333 caput
1380 3261 1530 3318 calvitium
1555 3275 1562 3314 :
1590 3267 1618 3316 et
1642 3272 1746 3329 ponam
1778 3255 1862 3328 quasi

113 3347 206 3404 dicere
235 3348 306 3404 illud
332 3347 491 3418 sapientis:
523 3347 612 3416 Onus,
638 3347 743 3418 inquit,
769 3359 857 3416 super
882 3352 908 3402 te
924 3360 961 3402 ne
1016 3351 1154 3408 »luctum
1184 3351 1337 3422 unigeniti,
1362 3357 1390 3408 et
1411 3350 1566 3406 novissima
1590 3348 1653 3420 ejus
1672 3345 1757 3418 quasi
1787 3345 1862 3401 diem

113 3436 265 3503 levaveris,
292 3451 357 3493 cum
385 3436 508 3492 necdum
535 3435 659 3506 prolecto
690 3435 757 3492 boni
784 3434 856 3491 initii
885 3434 961 3490 rudi·
1016 3454 1188 3497 tamarum.
1221 3462 1231 3489 t
1266 3441 1355 3510 Super
1383 3455 1459 3494 omne
1487 3439 1597 3494 dorsum
1624 3452 1715 3491 eorum
1755 3450 1863 3489 soccum

113 3531 211 3580 menta
228 3524 408 3595 coeperimus.
1013 3529 1090 3584 Deus
1103 3528 1224 3594 inducit,
1236 3543 1303 3585 cum
1319 3529 1347 3585 in
1364 3542 1500 3598 perversa
1513 3540 1614 3583 eorum
1637 3523 1784 3595 patientia,
1804 3536 1863 3593 qua

148 3613 235 3669 Vuns.
251 3616 277 3668 6.
294 3627 328 3654 *-
345 3635 359 3663 c
383 3613 417 3670 Et
440 3620 473 3670 ut
491 3611 685 3682 possideamus
709 3612 738 3667 in
760 3619 880 3684 argento
897 3626 961 3683 ege·
1011 3617 1098 3690 juxta
1112 3617 1201 3674 aliurn
1218 3617 1397 3687 prophetam,
1407 3629 1520 3685 semper
1533 3615 1568 3670 ad
1579 3614 1760 3671 diabolorum
1774 3619 1864 3667 trans·

116 3709 235 3759 ›nosct
250 3716 391 3774 pauperes
417 3716 469 3772 pro
492 3700 703 3767 calceamentis.
731 3708 759 3757 et
787 3700 960 3773 quisquilias
1013 3707 1086 3764 itum
1101 3706 1295 3762 incurvantur
1316 3706 1386 3774 (Iso,
1402 3720 1443 3770 ur,
1471 3703 1533 3770 abt:
1561 3703 1614 3759 boc
1642 3701 1717 3758 enim
1743 3701 1863 3757 dorsum

115 3789 279 3847 ‘frumenti
298 3791 467 3847 vendamus·
487 3812 497 3839 t
514 3792 545 3845 la
568 3795 680 3857 “lembi
695 3804 790 3856 egenos
805 3789 957 3860 bissidessb
1013 3795 1170 3867 signillcat;
1190 3794 1295 3864 peccati
1308 3793 1388 3864 jugis
1403 3793 1543 3863 asperitas
1567 3790 1751 3848 confricatur.
1776 3791 1864 3857 Super

113 3894 181 3937 ⁰11OE
208 3893 259 3950 per
287 3879 373 3935 [31833
401 3878 616 3948 scripturarum
642 3878 898 3948 imeriirsslalffisses.
923 3879 958 3935 ad
1013 3901 1090 3942 omne
1121 3889 1204 3954 caput
1231 3884 1373 3938 calvitium
1405 3881 1562 3946 inducitur,
1603 3893 1670 3936 cum
1701 3877 1863 3934 discretive

113 3968 303 4024 remissiorem
328 3967 417 4023 vitam
447 3966 591 4036 quoslibet
622 3967 759 4023 doctrinae
785 3974 812 4023 et
840 3966 961 4023 rationis
1014 3973 1209 4045 cogitationes,
1231 3986 1297 4043 quae
1325 3970 1427 4042 pudori
1444 3977 1540 4025 nostro
1555 3967 1719 4033 consulunt,
1737 3971 1765 4020 et
1785 3979 1819 4019 ac
1838 3966 1861 4018 si

114 4055 291 4127 intorquent,
314 4068 364 4126 per
389 4055 466 4126 quod
489 4071 537 4111 eos
558 4055 611 4112 sibi
632 4056 843 4126 incorporando
866 4056 960 4126 possi-
1014 4059 1110 4131 capilli
1126 4060 1245 4116 lrontem
1266 4059 1413 4124 muniunt,
1442 4072 1458 4112 a
1487 4063 1591 4122 mente,
1617 4068 1683 4125 cquae
1707 4059 1861 4123 amputaei,

113 4144 190 4201 deni.
224 4145 359 4213 Pauperes
381 4159 432 4214 pro
458 4145 646 4200 calceameutis
680 4145 778 4202 itidem
802 4145 957 4216 possident,
1013 4147 1203 4222 ignominiose
1227 4147 1376 4204 excidunt.
1409 4148 1500 4216 Quasi,
1515 4148 1616 4200 laetam
1637 4145 1773 4210 oniperto·
1787 4142 1863 4197 Deus

113 4246 180 4290 cum
195 4245 272 4289 vera
289 4232 460 4289 humilitatis
474 4233 582 4289 amicos
607 4235 759 4292 verborum
782 4247 901 4290 suorum
918 4233 958 4289 le·
978 4211 1077 4295 Deam
1092 4238 1181 4308 ponit,
1202 4251 1269 4294 cum
1285 4236 1373 4302 illam,
1386 4249 1452 4305 quaa
1466 4248 1516 4304 per
1531 4241 1618 4303 caput
1632 4230 1795 4303 signillcata
1808 4236 1862 4296 est,

113 4321 237 4387 nocinio‚
265 4322 387 4379 mortuis
415 4322 550 4392 operibus
573 4323 704 4379 addicere
727 4321 852 4378 student.
877 4323 959 4388 Quis·
1012 4324 1216 4383 conscientiam
1231 4323 1371 4396 singulari
1389 4322 1476 4392 lapsae
1495 4321 1616 4377 rationis
1629 4320 1735 4376 damno
1758 4332 1864 4389 suppo-

114 4411 216 4481 qao'lt'as
235 4411 368 4477 frumenta·
399 4411 541 4478 vendunt,
572 4424 638 4467 cum
662 4418 800 4478 extrema,
822 4417 848 4466 et
875 4411 958 4480 quasi
1012 4414 1065 4470 nit.
1081 4413 1154 4470 Nota
1173 4412 1251 4483 quod
1275 4411 1310 4467 de
1334 4423 1436 4481 genere
1460 4409 1563 4464 transit
1592 4408 1627 4463 ad
1655 4421 1756 4478 genus.
1787 4406 1863 4461 sicul

113 4499 267 4556 carnaliter
286 4499 362 4556 dicta
375 4500 591 4570 scripturarum
613 4498 753 4568 exempla,
777 4497 813 4554 ad
835 4497 958 4556 audieu—
1013 4502 1084 4559 illud
1098 4509 1151 4570 est,
1167 4500 1244 4570 quod
1260 4499 1351 4554 David
1377 4511 1511 4568 quaerens
1528 4495 1750 4553 tabernaculum
1764 4494 1862 4549 Domi·

114 4586 186 4643 tium
201 4587 410 4645 traductionem
425 4597 585 4659 exponunt.
1013 4606 1060 4658 no,
1079 4591 1107 4646 in
1120 4591 1246 4660 Ephrata
1271 4588 1377 4644 dicitur
1398 4586 1542 4642 invenisse
1563 4598 1626 4640 earn
1654 4584 1746 4652 (Psoi.
1760 4596 1861 4647 cxxxi,

120 4674 123 4679 ’
148 4674 238 4733 Vnus.
254 4681 281 4731 t.
299 4706 328 4716 -
349 4675 486 4733 ‹iuravit
506 4677 646 4733 Dominus
661 4675 689 4732 in
704 4675 839 4746 superbia
861 4675 957 4733 Jacob.
1011 4684 1039 4746 5,
1053 4680 1094 4747 6);
1111 4691 1162 4748 pro
1175 4676 1350 4746 significante
1367 4675 1540 4731 interserens
1552 4676 1747 4742 sipiripculom.
1764 4673 1860 4726 Nouis-

113 4763 172 4821 »Si
202 4764 310 4822 oblitus
337 4764 419 4821 luero
444 4778 537 4835 usque
565 4765 601 4820 ad
634 4765 718 4822 tinem
746 4766 844 4822 omnia
872 4777 960 4835 opera
1013 4768 1158 4837 eimaejas
1179 4765 1347 4837 quosidicm
1363 4763 1589 4833 cmorumponit,
1613 4776 1678 4818 com
1702 4761 1862 4817 satietatem

116 4867 283 4911 ›eorumn
314 4855 349 4908 la
377 4853 507 4923 superbie
531 4851 614 4909 iacob
641 4855 716 4911 Deus
734 4853 825 4925 jurat,
841 4868 907 4911 cum
923 4854 958 4910 ti·
1013 4855 1132 4928 peccati,
1171 4867 1259 4925 quam
1293 4851 1480 4924 paenitudinis
1500 4850 1643 4907 acerbitas
1670 4848 1741 4905 solet
1766 4849 1862 4918 sequi,

114 4955 220 4998 morem
237 4955 348 5009 eorum,
366 4941 417 5011 qui
430 4942 465 4996 de
487 4941 719 5011 supplantatione
732 4942 869 4999 vitiorum
895 4942 959 5013 glo-
1011 4941 1191 5000 amarissime
1221 4941 1286 4998 lacit
1315 4938 1462 4996 doloribus
1492 4936 1663 5007 suspicionis
1686 4934 1791 4992 addici.
1826 4937 1864 4992 lit

114 5028 238 5098 riantur,
280 5029 392 5101 adjus
417 5029 519 5086 debitae
552 5030 670 5087 ultiouis
700 5031 828 5086 vocando
865 5029 957 5086 rellat.
1012 5038 1088 5088 recte
1120 5030 1180 5087 dies
1212 5042 1339 5096 amarus,
1371 5026 1526 5095 voluptatis
1551 5025 1681 5081 lrilaritas
1715 5025 1864 5095 praemissa

115 5120 215 5177 Omnia
229 5135 311 5190 opera
323 5135 414 5175 eoram
430 5120 564 5189 usquead
580 5120 664 5185 linem
683 5134 740 5177 non
767 5118 957 5187 obliviscitur,
1013 5120 1195 5176 moeroribus.

114 5207 185 5277 quia
198 5208 251 5264 etsi
265 5208 376 5265 interim
396 5207 511 5265 videtur
524 5208 664 5277 oblivisci,
688 5215 715 5265 et
741 5208 827 5264 linem
850 5214 958 5277 tamen,
1048 5209 1135 5265 Vnus.
1153 5211 1194 5261 lt.
1212 5236 1246 5245 -
1263 5227 1274 5255 ι
1292 5205 1364 5260 Ecce
1387 5203 1448 5260 dies
1474 5203 1604 5269 veniunt,
1624 5202 1692 5258 dicit
1711 5200 1861 5268 Dominus,

114 5293 197 5352 idest
210 5296 381 5354 omnimodis
395 5297 431 5354 ab
445 5296 509 5368 ejus
523 5310 711 5368 nequaquam
732 5295 840 5368 judicio
866 5295 961 5353 oblite
1012 5303 1069 5352 ›et
1089 5295 1217 5351 emittam
1245 5294 1346 5349 laniem
1378 5292 1405 5348 in
1437 5299 1522 5359 terra,
1553 5306 1611 5347 non
1635 5290 1740 5346 lumem
1767 5289 1860 5360 panis,

114 5384 173 5441 rari
188 5385 404 5455 permittuntur.
1013 5398 1138 5455 »neque
1165 5383 1240 5439 sitim
1267 5395 1362 5453 aqum,
1388 5381 1440 5438 'sed
1466 5380 1603 5437 audiendi
1629 5380 1752 5436 verbum
1767 5378 1858 5435 Dei.-

148 5473 234 5532 Vens.
251 5474 277 5526 8.
290 5502 324 5512 —
339 5497 349 5521 ι
365 5474 504 5546 Nunquid
527 5488 614 5544 super
632 5473 708 5531 istud
723 5487 780 5530 non
795 5487 958 5531 commove·
1013 5495 1024 5522 ι
1046 5475 1117 5541 Ecce,
1130 5471 1211 5528 idest
1227 5471 1256 5527 in
1274 5472 1327 5528 boc
1343 5470 1403 5541 ipso
1425 5470 1495 5526 tanti
1522 5469 1644 5540 torporis
1664 5468 1774 5536 habitu,
1791 5469 1859 5532 dies,
