3818 6008
565 129 748 186 uoarsuuu
769 131 802 185 tu
822 103 970 189 ceassiu
990 133 1056 188 ua
1079 133 1121 188 vt.
1658 143 1708 195 trs

58 266 138 321 etlire
156 273 184 321 et
203 273 311 321 certare
343 273 443 336 parata
469 266 608 321 consistit.
633 268 682 322 ldst
707 269 792 334 enim,
813 271 891 325 aest
907 271 1036 326 omnium
1052 273 1193 326 veritatis.
1224 272 1266 327 Ad
1296 273 1446 329 banctota
1470 275 1527 330 Lex
1546 278 1660 346 pendet,
1678 286 1706 334 et

63 353 214 423 proprium
233 360 308 408 stare
336 353 477 409 certantis.
493 354 598 420 Quaeso,
626 356 674 418 ait,
701 371 736 410 ue
754 367 802 410 tuo
858 361 1003 428 propheta
1018 360 1126 430 (Metili.
1142 375 1210 420 xxti.
1236 362 1296 428 illl;
1318 361 1433 431 publica
1451 372 1545 419 autem
1564 374 1616 430 est,
1638 368 1709 436 qnia

56 457 91 498 no
115 442 204 497 calori
231 442 353 498 nimium
390 442 470 508 lidas,
501 457 609 511 precor,
635 444 744 508 audies,
775 444 802 499 id
857 447 1032 511 rudibuset
1055 449 1137 517 quasi
1156 449 1278 516 publicis
1301 449 1423 520 ingeniis
1453 453 1627 507 naturaliter
1647 453 1706 507 sin-

56 544 117 585 cere
132 544 167 585 ne
197 544 311 593 renuas,
334 529 416 585 velox
432 531 468 584 ad
491 531 667 587 audiendum
683 533 800 599 existas,

56 618 187 689 sripturae
202 619 372 674 documento
388 618 427 673 nil
440 633 520 688 posse
537 628 561 675 te
577 620 669 676 lacere
690 622 800 687 credes,

58 720 113 778 rgo
130 721 181 776 pro
201 721 272 777 agro
286 708 424 777 excipias,
453 716 484 764 ut
506 723 563 764 non
580 710 608 763 in
634 710 801 780 agrestina

67 795 198 865 corporis
229 796 321 858 cultu,
344 797 393 851 sed
423 797 458 852 tle
486 797 645 867 spiritualis
671 799 800 867 pecuniae

56 884 105 940 eris
121 892 269 954 provectu.
285 884 386 952 Sielus,
405 885 491 956 juxta
507 887 583 956 quod
613 886 727 955 legitur,
755 887 800 941 vi-

56 972 134 1028 bolos
156 973 257 1042 babet;
275 974 377 1029 obolus
393 988 460 1029 vero
486 988 503 1029 a
522 974 712 1031 similitudine
725 975 798 1031 obeli

56 1063 156 1132 ,quod
172 1070 214 1118 est
229 1063 351 1133 sagitta;
369 1063 478 1118 siculus
493 1078 561 1133 crgo
585 1064 688 1133 viginti
703 1064 800 1120 obulos

856 535 959 592 ceritas
983 535 1102 606 iustitiae
1132 537 1334 606 cognoscibilis
1371 553 1431 593 esse
1456 547 1555 607 potest,
1586 541 1707 609 probata

855 637 933 690 vero,
951 624 1021 694 quia
1046 624 1106 679 sine
1122 626 1250 679 externis
1263 629 1443 695 argumentis
1458 627 1560 695 elucet,
1579 643 1612 683 ac
1634 644 1704 698 pra:-

856 711 944 767 miuet
955 727 1005 781 per
1020 713 1141 781 seipsam
1163 715 1220 782 ipsa
1237 713 1392 781 Scripturas
1407 728 1495 770 settara
1512 718 1632 785 puritas.

890 800 975 856 Vsus.
1014 802 1056 866 l'i,
1089 804 1129 858 ts
1164 804 1205 854 to.
1236 832 1270 839 —
1297 803 1534 872 Gorrttnnntusque
1560 811 1599 858 est
1639 821 1705 872 teger

854 889 990 957 quendam
1013 889 1164 956 prornis,
1180 891 1209 942 in
1229 905 1281 957 quo
1297 895 1356 942 crat
1379 892 1507 959 spelunca
1533 893 1636 962 ‹tttptea
1656 909 1698 948 re-

852 979 969 1046 spiciens
995 979 1102 1039 Maure,
1120 981 1175 1031 tarn
1206 981 1263 1047 ipse
1289 994 1371 1045 quant
1400 981 1537 1046 spelunca,
1563 989 1588 1034 et
1613 997 1703 1036 ornnes

852 1065 961 1119 arbores
983 1067 1041 1135 ejus
1061 1070 1106 1119 91
1133 1069 1161 1119 in
1190 1069 1292 1119 eunctis
1322 1069 1443 1121 terminis
1475 1084 1524 1136 per
1546 1072 1701 1133 circuitam,

56 1164 107 1217 rus,
124 1164 206 1206 sacra
218 1151 381 1221 paginaest,
397 1165 462 1220 quaa
473 1151 646 1222 Decalogum
662 1152 794 1208 scientiae.
851 1154 974 1208 Abrabae
1005 1157 1035 1208 ia
1057 1157 1250 1223 possessionem
1292 1155 1447 1210 uidentibus
1478 1159 1544 1224 filiis
1569 1160 1648 1220 ilcila,
1677 1165 1702 1214 et

56 1238 150 1303 rium,
168 1239 197 1294 id
208 1246 250 1294 est
275 1238 472 1308 perfectionem
488 1239 570 1294 nobis
584 1241 715 1310 proponit
733 1256 798 1310 ope·
852 1244 953 1296 cunctis
970 1244 1019 1310 qui
1038 1242 1180 1296 intrabant
1192 1248 1301 1311 portant
1317 1245 1446 1298 ciuitatis.
1469 1248 1561 1314 Atque
1574 1249 1614 1299 itu
1630 1263 1701 1316 sepe-

56 1326 178 1395 sbonae,
208 1328 316 1397 quibus
340 1327 421 1397 quasi
439 1328 552 1398 sagittis
567 1328 636 1384 vitia
653 1329 797 1385 leriuntttr
851 1330 913 1382 tivit
932 1330 1077 1383 Abrabam
1092 1331 1190 1384 Sarum
1218 1335 1605 1402 acoremsuantinspelttnca
1626 1339 1700 1402 tigri-

56 1415 184 1485 ‚hisqne
199 1430 317 1472 rursum
350 1430 429 1471 mens
457 1417 588 1487 tangitur
614 1419 797 1474 vulneranda
850 1419 965 1488 duplici,
986 1422 1035 1489 qut
1063 1420 1226 1488 respiciebat
1255 1421 1360 1473 Maure.
1392 1423 1452 1474 liae
1477 1427 1516 1474 est
1542 1422 1648 1476 Hebron
1672 1426 1701 1477 in

57 1510 94 1559 te.
121 1504 293 1560 vicenarius
323 1504 399 1559 enim
425 1504 469 1559 bis
505 1505 657 1561 denariam
685 1505 793 1562 ’babet
851 1510 925 1562 terra
951 1509 1091 1564 cienena.
1129 1509 1203 1576 Aper
1245 1509 1382 1576 quondan
1410 1510 1557 1578 prrcnis
1595 1525 1701 1581 corpus

56 1599 137 1648 utem
164 1592 369 1663 quadringenti
394 1600 614 1662 quatercentum
638 1595 793 1664 continent,
814 1565 955 1652 Bscilicet
981 1597 1049 1652 olim
1077 1597 1225 1652 subditum
1250 1598 1388 1667 appetitui
1406 1599 1510 1665 carnis,
1530 1601 1557 1652 in
1577 1615 1629 1668 quo
1649 1601 1700 1652 du-

56 1689 120 1737 tuor
146 1681 305 1751 Evangelia
336 1682 445 1737 mundo
472 1682 688 1748 abrenuntiare,
717 1685 795 1754 quod
847 1687 914 1754 plen
931 1687 1060 1755 spelunca
1087 1685 1282 1741 sensualitatis
1304 1699 1337 1741 aa
1364 1686 1582 1757 imaginalitatis
1611 1688 1701 1743 lervel

56 1785 104 1826 um
127 1778 179 1838 est,
206 1771 334 1834 edocent,
362 1772 413 1841 qui
441 1771 576 1840 plenaria
601 1773 738 1837 scientiae,
768 1783 795 1830 et
850 1773 884 1828 ad
914 1773 1032 1828 insidias
1051 1773 1189 1840 avaritiae,
1215 1789 1250 1829 ac
1274 1775 1448 1843 rapacitatis,
1480 1775 1601 1829 Abrtrbae
1631 1791 1699 1830 con-

56 1874 66 1914 s
98 1859 219 1930 integrae
245 1859 388 1927 denarios,
415 1860 442 1916 ld
472 1869 514 1916 est
536 1861 723 1930 perfectiones
750 1863 795 1917 lra-
850 1862 982 1917 firmatur
1002 1864 1247 1930 inpassessienern,
1277 1862 1345 1917 dum
1364 1862 1440 1931 equod
1456 1862 1486 1916 iu
1501 1863 1699 1919 conversionis

56 1961 73 2003 r
100 1947 256 2016 Scriptura
286 1947 385 2018 legalis
415 1949 595 2016 documento,
613 1950 794 2018 perlectionts
850 1951 930 2005 initio
957 1965 1015 2006 non
1041 1950 1102 2005 sine
1130 1949 1260 2005 molestia
1286 1950 1506 2014 observabatur,
1543 1953 1698 2006 transitio

56 2036 146 2092 trium
164 2044 412 2104 assequunturett
427 2044 555 2106 quatuor
569 2038 794 2108 Evangeliorum
847 2038 1060 2095 delectationem
1092 2052 1143 2107 per
1167 2039 1318 2094 irremissae
1348 2038 1508 2093 devotionis
1531 2039 1696 2110 jugitatem.

63 2124 175 2194 seipsos
217 2124 398 2195 abnegando.
442 2125 620 2182 Adolescenti
656 2141 791 2196 namque,
848 2127 935 2182 Porro
958 2141 1008 2195 pet·
1030 2127 1196 2196 speluncam
1218 2140 1319 2182 sensus
1353 2132 1380 2181 et
1405 2126 1545 2197 imagines
1569 2142 1626 2182 non
1650 2128 1695 2182 in-

56 2226 141 2269 ema
166 2213 300 2282 primaevo
325 2213 508 2281 custodierat,
533 2213 640 2269 dicitur
662 2216 794 2271 allomi-
847 2214 965 2271 concine
991 2214 1163 2284 accepimus,
1198 2214 1267 2284 quia
1299 2213 1340 2268 uti
1371 2213 1421 2278 leo,
1453 2220 1541 2282 atque
1565 2212 1639 2268 latro
1668 2213 1695 2267 iu

60 2301 171 2357 sivclit
193 2301 335 2370 perlectus
354 2316 425 2368 esse,
449 2317 514 2371 quen
538 2302 661 2371 possidet
688 2306 794 2360 vendat
847 2302 957 2371 speleis
977 2303 1062 2358 latere
1087 2301 1194 2369 didicit,
1220 2302 1256 2357 ita
1291 2299 1411 2356 abactas
1436 2299 1578 2370 corporeis
1610 2299 1697 2356 rebus

84 2404 144 2453 xix,
172 2389 230 2458 at).
247 2389 420 2460 Decalogum
437 2391 586 2447 exterioris
601 2391 791 2448 observantiae
847 2391 973 2458 initians,
989 2390 1065 2445 intra
1080 2399 1107 2445 et
1129 2398 1212 2444 extra
1235 2389 1353 2459 praelata
1374 2390 1432 2444 duo
1452 2389 1500 2445 illa
1515 2402 1548 2443 ae
1568 2390 1592 2443 sl
1608 2403 1698 2459 quas-

56 2483 161 2543 rat‚et
189 2477 251 2533 ideo
280 2476 479 2534 intellectualis
508 2479 637 2550 becalogi
663 2494 792 2536 cumsa-
846 2473 913 2533 dam
940 2477 1132 2534 concavitates
1162 2477 1278 2532 obsidet.
1308 2477 1369 2532 Non
1398 2477 1474 2531 enim
1517 2477 1574 2531 alla
1609 2490 1697 2546 quarn

56 2565 248 2621 invaluerat.
846 2565 1004 2635 corporalia
1031 2573 1154 2631 narrant,
1173 2565 1240 2620 hinc
1265 2565 1310 2620 ille
1338 2565 1497 2635 egreditur,
1526 2572 1557 2619 ut
1588 2579 1697 2620 concu-

56 2667 60 2709 ·.
88 2667 157 2724 ergo
173 2659 246 2707 terra
275 2654 400 2723 corporis
416 2655 505 2710 nostri
528 2656 737 2725 quadringentis
752 2659 791 2711 si-
847 2654 944 2723 piscat,
975 2668 1025 2724 per
1041 2654 1102 2710 haec
1126 2655 1160 2709 ad
1188 2653 1269 2708 illum
1286 2651 1441 2721 corporalis
1467 2651 1555 2706 libido
1571 2651 1696 2722 ingredi-

56 2741 94 2798 tia
113 2741 155 2797 nil
172 2741 284 2810 stabile,
311 2751 456 2810 constane,
482 2750 533 2799 aut
554 2745 683 2801 validam
710 2746 738 2801 in
763 2761 792 2802 se
845 2750 904 2810 tur,
919 2752 949 2798 ut
967 2746 1115 2814 suggerat.
1140 2743 1292 2812 Postquam
1309 2742 1436 2810 corporis
1451 2741 1591 2812 fragilitas
1605 2740 1695 2796 animi

56 2828 110 2887 nisi
127 2839 295 2886 sanctarum
311 2830 525 2900 Scripturarum
542 2847 559 2888 a
575 2834 710 2890 vitiorum
725 2836 791 2906 jure
810 2830 953 2919 cvirtute
974 2831 1116 2897 lirmatnr,
1140 2831 1238 2885 blame
1267 2830 1345 2899 qued
1366 2829 1573 2899 interpretatur
1587 2831 1697 2883 dinisiu-

56 2925 104 2974 lnr
129 2919 296 2988 impendiis;
322 2919 376 2975 ltoc
409 2920 483 2976 inter
522 2923 672 2991 rationein,
695 2926 723 2978 et
746 2923 791 2978 ai·
845 2919 963 2982 tte8,l'el
984 2920 1141 2988 perspicua,
1166 2917 1288 2986 respicit,
1311 2917 1381 2986 cruia
1404 2926 1557 2987 postquam
1582 2932 1694 2973 mensa

63 3007 344 3077 estpretium,quia
365 3008 653 3077 quotiescarnalium
674 3011 792 3068 lascivia
846 3008 981 3064 vitiorum
1003 3021 1032 3062 se
1055 3006 1138 3062 [luxu
1163 3006 1320 3076 restringit,
1350 3006 1579 3075 perspicuitatem
1618 3006 1695 3060 divi-

56 3095 107 3165 tplt
134 3093 303 3162 affectuum,
325 3102 352 3151 et
375 3097 502 3166 corporis
530 3097 652 3154 indebite
669 3109 792 3170 usurpat
845 3097 944 3160 sionis,
961 3096 987 3150 id
1011 3102 1053 3150 est
1081 3095 1260 3150 discretionis
1283 3093 1415 3164 attingit3
1442 3094 1501 3163 ipse
1526 3108 1594 3165 ergo
1616 3108 1693 3163 ager,

56 3183 139 3240 dines
166 3197 281 3253 agrum,
304 3183 345 3239 nil
365 3184 484 3254 spiritus
500 3192 596 3242 noster
623 3193 792 3244 contrenien-
845 3192 871 3240 et
888 3183 1034 3253 spelunca,
1053 3192 1084 3239 ut
1103 3182 1305 3251 praemisimus,
1324 3182 1435 3236 interno
1457 3182 1556 3251 vigore
1582 3182 1696 3236 sarman·

56 3271 789 3344 odappetituicarnisopponatnabetnumanum,
847 3281 903 3338 tur,
941 3272 989 3327 sed
1015 3280 1041 3326 et
1068 3271 1177 3326 <arbores
1208 3273 1238 3325 in
1260 3273 1365 3325 cunctis
1387 3271 1520 3337 terminis,
1550 3270 1694 3325 universae

56 3361 203 3431 icripturae
218 3360 433 3416 documentum.
451 3362 504 3417 Sed
519 3367 651 3431 quantam
667 3370 706 3419 est
725 3367 791 3421 boe?
844 3359 951 3416 scilicet
974 3360 1160 3429 cogitationes
1197 3359 1323 3414 tructam
1364 3357 1402 3428 pii
1430 3358 1533 3427 operis,
1575 3365 1601 3412 et
1627 3357 1694 3412 lolia
1732 3422 1735 3439 Ι

56 3447 164 3504 iceret:
192 3448 268 3504 Licet
289 3447 389 3518 aliqua
413 3449 560 3518 quantitas
587 3450 792 3508 tibivideatur
844 3456 950 3504 sanctae
981 3447 1131 3503 locutionis
1158 3447 1328 3513 emittentes,
1361 3448 1388 3501 in
1416 3446 1494 3501 omni
1523 3459 1576 3501 sua
1607 3445 1695 3501 inteu-

56 3535 225 3606 tscorporis
254 3535 392 3605 impetum
420 3535 634 3606 Scripturarum
662 3540 791 3596 testimo·
844 3537 931 3600 tione,
957 3551 1024 3606 quae
1048 3536 1133 3605 quasi
1156 3535 1288 3604 quaedam
1321 3532 1468 3588 linalitatls
1501 3532 1623 3602 provisio
1664 3533 1691 3587 in

56 3623 172 3690 andare,
198 3624 326 3693 appetitu
355 3631 451 3679 tamen
476 3625 511 3679 ad
529 3625 648 3681 rationis
664 3633 721 3683 tuae
734 3636 791 3694 tar·
845 3624 956 3680 cunctis
970 3638 1036 3693 qaae
1052 3624 1166 3693 agimus
1179 3622 1358 3693 dignoscitur
1369 3635 1439 3687 esse,
1458 3620 1629 3676 solidantur.

56 3731 61 3768 t
86 3712 272 3782 complacato,
298 3711 339 3767 nil
363 3725 502 3780 magnum
537 3721 589 3769 est.
613 3715 701 3783 sepeli
721 3732 790 3788 ergo
879 3713 943 3769 Filii
963 3711 1034 3768 lletb
1062 3711 1169 3778 vident,
1188 3725 1253 3766 cam
1278 3709 1382 3766 talibus
1397 3708 1517 3780 negotiis
1540 3709 1692 3779 cogitatio-

56 3816 86 3867 n,
111 3800 193 3856 bonis
215 3801 317 3870 utique
340 3800 477 3871 operibus
502 3809 563 3871 tege
589 3816 693 3873 corpus
725 3820 789 3861 cor·
844 3815 914 3856 nani
955 3804 1048 3855 motus
1078 3798 1129 3854 ulli
1166 3813 1223 3853 non
1253 3797 1365 3867 vident;
1404 3797 1500 3853 cuncti
1528 3797 1612 3852 etiam
1641 3798 1691 3867 qui

56 3903 103 3957 lm,
121 3902 157 3943 ne
184 3903 234 3958 per
256 3889 323 3943 vitre
343 3888 538 3944 remissionem
565 3891 685 3960 prodeat
712 3894 791 3949 inte·
842 3894 950 3958 portam
972 3890 1092 3942 ciuitatis
1127 3887 1245 3953 intrant,
1280 3900 1378 3941 omnes
1402 3885 1503 3955 utique
1527 3884 1691 3952 rationales,

56 3978 222 4033 eriminum.
253 3977 348 4047 [Vens.
369 3977 425 4044 lb.)
447 3977 534 4032 Audit
549 3977 603 4034 boc
631 3979 788 4049 Abrabam,
844 3977 1014 4048 imaginales
1029 3976 1175 4032 sensuales
1191 3990 1308 4044 quoque
1324 3975 1456 4044 impetus,
1480 3974 1531 4044 qui
1547 3988 1598 4044 per
1614 3974 1691 4044 lpor-

56 4065 186 4122 salientis
207 4079 272 4120 cnm
304 4065 359 4121 [teo
387 4064 602 4122 affectualitatis
622 4081 682 4124 suec
710 4079 791 4140 grate
844 4074 901 4122 tam
926 4065 1016 4121 divini
1041 4065 1151 4120 tintorls
1171 4063 1297 4134 (initium
1318 4062 1394 4118 enim
1417 4061 1563 4133 sapientire
1589 4064 1642 4132 est)
1665 4070 1692 4118 ct

70 4152 309 4209 benevolentiam.
340 4154 480 4222 nepueu
513 4157 667 4223 pecuniam,
702 4172 784 4225 quum
804 4161 1023 4224 bpeceatorum
1045 4152 1238 4219 consessionis,
1276 4152 1312 4207 ad
1338 4151 1483 4207 civitatem
1500 4150 1550 4206 Dei
1571 4165 1599 4206 se
1617 4150 1692 4206 colli-

77 4242 275 4312 poslataaerat,
306 4242 481 4296 audientibus
508 4242 576 4308 tiliis
609 4245 694 4308 Hetb;
722 4246 791 4315 quia

56 4329 75 4385 lt
91 4328 253 4385 intellectus
268 4328 382 4385 allectui
408 4328 561 4400 Scriptura
578 4332 686 4393 ,divinae
703 4333 789 4403 justi-

57 4432 97 4474 na
118 4431 201 4473 suain
225 4417 349 4489 dirigere
365 4417 455 4473 vitam
470 4419 582 4484 debeat,
596 4427 624 4475 et
638 4435 726 4490 quam
740 4436 791 4491 per

56 4505 133 4563 itiam
169 4505 293 4562 liliorum
329 4507 418 4571 lietb,
449 4507 628 4578 cogitatuum
661 4508 791 4566 videlicet

57 4608 106 4651 nm
122 4594 220 4650 divino
241 4594 514 4659 timoretectarum,
536 4596 617 4665 sequi
641 4596 788 4653 deliberat.

65 4689 182 4739 moneta
209 4682 391 4752 publicaest,
420 4691 447 4738 et
473 4683 602 4752 probata,
627 4684 697 4754 quia
718 4685 790 4741 nulli

56 4784 113 4827 ano
134 4771 163 4826 in
177 4770 299 4826 dubium
324 4771 447 4826 veniunt
461 4784 550 4827 sacrae
570 4772 683 4842 pagina
706 4774 790 4829 insti-

56 4858 153 4915 udicia
175 4859 252 4915 enim
279 4861 388 4913 Domini
403 4876 466 4913 aaa
478 4861 632 4929 justificata
656 4863 686 4914 in
700 4867 790 4916 sarnet-

56 4949 101 5004 tal.
118 4962 200 5013 aaut,
218 4949 270 5018 lb).
292 4948 404 5003 boneta
415 4948 548 5018 quadam
563 4948 664 5016 est,lcx
680 4949 789 5016 divina,

56 5050 156 5104 usura,
180 5051 311 5104 numero,
324 5044 351 5092 et
367 5037 600 5107 pondereomnia
616 5039 691 5094 Deus
709 5038 789 5094 insti-

56 5138 188 5183 nmerum
213 5124 332 5194 quidem
365 5124 550 5181 consiliorum
581 5126 788 5195 univcrsitatis,

56 5227 108 5271 am
136 5212 271 5269 omnium
286 5227 337 5281 per
350 5213 475 5284 singula.
498 5220 525 5268 et
547 5214 708 5282 peremnia
733 5214 790 5270 sia·

56 5299 411 5371 neennmperabtlttatis,
435 5300 550 5371 pondus
578 5301 656 5372 quod
680 5316 697 5357 e
722 5319 790 5373 pen·

56 5389 152 5448 licitur
172 5389 210 5446 ad
230 5388 501 5470 contemplationem
526 5388 603 5445 illius
631 5405 697 5461 quae
725 5391 791 5448 bnis

845 4251 928 4314 gunt,
946 4243 990 4298 liis
1005 4241 1181 4297 commerciis
1196 4241 1302 4296 lavent.
1328 4239 1409 4296 Unde
1429 4239 1533 4295 dicitnr
1550 4255 1557 4292 ;
1575 4241 1691 4308 Pupulus

845 4332 914 4400 ejus,
931 4336 956 4385 et
968 4346 1038 4397 aues,
1055 4333 1166 4384 introite
1190 4329 1357 4398 pertusatas
1375 4331 1405 4382 in
1419 4330 1583 4394 carisesst'one
1603 4329 1688 4393 (Psal.

844 4433 921 4486 xcix,
937 4417 964 4489 4)
978 4433 984 4471 :
998 4418 1095 4487 sepelit
1119 4418 1216 4486 itaque
1233 4417 1375 4471 Abrabam
1389 4431 1501 4470 acorem
1520 4417 1549 4468 ia
1563 4417 1690 4484 spelunca

845 4511 917 4575 egri,
943 4509 991 4575 qui
1027 4505 1142 4575 respicit
1169 4508 1272 4570 dicare,
1302 4519 1368 4560 cnm
1393 4513 1512 4560 auctore
1544 4503 1691 4558 intellectu

844 4595 1024 4660 sensualitas,
1040 4609 1073 4650 ac
1102 4591 1295 4665 imaginalitas
1309 4592 1463 4662 corporalis
1486 4592 1522 4646 ad
1542 4591 1688 4646 discretio-

844 4684 890 4739 nis
905 4684 1040 4738 virtutem
1065 4682 1193 4747 tendens,
1209 4688 1236 4737 et
1266 4682 1319 4737 sub
1334 4694 1404 4751 agro
1424 4680 1582 4750 spiritualis
1607 4693 1689 4735 eiter-

844 4771 901 4828 citii
928 4786 959 4827 se
983 4772 1142 4837 coritinens,
1166 4769 1358 4826 avisibilium
1381 4768 1689 4830 delectationererum

844 4876 873 4916 sc
888 4860 1032 4922 cohibens.
1059 4859 1149 4929 ipsam
1176 4860 1261 4914 etiam
1277 4857 1421 4913 interioris
1440 4856 1565 4912 bominis
1582 4853 1689 4911 voluu-

846 4956 930 5005 tatem
952 4949 1039 5015 levet,
1061 4963 1094 5003 ae
1116 4947 1206 5003 veluti
1234 4947 1308 5002 intra
1325 4946 1382 5001 duo
1405 4953 1484 5015 septa
1507 4944 1611 5000 munit.
1630 4946 1690 4998 linc

843 5043 882 5092 est
897 5038 1002 5092 Hebron
1023 5040 1052 5090 in
1068 5042 1140 5092 terra
1163 5037 1299 5089 Cbuttuan
1316 5051 1322 5088 :
1341 5034 1453 5090 Hebron
1483 5032 1690 5103 interpretatur

844 5131 1016 5193 unguntum
1037 5128 1241 5194 sempiternum,
1267 5123 1311 5179 vel
1340 5126 1409 5177 visio
1436 5125 1599 5191 sempiterna
1621 5120 1688 5177 dici—

844 5222 902 5282 tur,
927 5216 1064 5271 chanaan
1082 5229 1149 5270 vero
1175 5215 1352 5267 mutationem
1380 5219 1476 5280 sonat;
1492 5211 1591 5266 Maure
1606 5224 1684 5279 ergo,

844 5303 928 5359 idest
948 5303 1119 5359 discretionis
1142 5303 1325 5371 perspicuitas
1354 5300 1389 5356 ad
1419 5302 1473 5357 hoc
1495 5307 1526 5355 ut
1545 5299 1592 5354 bat
1618 5297 1689 5351 visio

842 5392 1024 5462 sempiterna,
1040 5399 1068 5448 et
1091 5396 1233 5461 augeatur
1256 5403 1376 5460 semper,
1398 5388 1522 5460 attingit,
1543 5400 1607 5442 cum
1623 5384 1689 5440 sub·
