3818 6008
78 244 132 301 473
447 238 677 299 TROPOLOGIAE
695 240 731 296 lu
750 238 854 308 08EE,
874 238 965 296 subs
984 238 1029 296 ET
1048 237 1120 294 JER.
1142 263 1174 278 -
1195 236 1262 294 tttt.
1282 238 1313 294 tt.
1336 237 1370 293 ltt
1389 236 1465 294 tun.
1774 237 1827 292 474

77 388 310 452 conqueruntur,
333 378 495 436 secundum
525 391 600 448 quos
623 383 652 434 et
676 374 814 446 psalmus,
839 375 967 442 0000444
1016 373 1102 430 Vnus.
1118 373 1162 427 44.
1177 393 1239 421 -ι
1264 369 1428 443 0440044044
1456 369 1564 426 unbem
1589 368 1650 435 tibi,
1675 383 1711 425 ne
1730 374 1825 425 trans·

77 469 165 543 bonua
182 470 268 525 lsrael
290 471 380 524 beust
407 465 587 535 conscriptus
605 473 646 522 est
668 465 756 536 (Psat.
773 478 860 530 nxxu,
889 464 925 535 4).
982 461 1195 517 »restoration
1213 460 1309 517 Nubes
1328 459 1351 514 ei
1367 458 1530 528 opponitur,
1555 472 1622 513 cum
1643 455 1824 513 obstaculum

79 559 197 614 Domino
214 557 386 627 nonjubente
399 555 460 612 44044
474 555 553 621 44044,
575 553 625 625 qui
641 568 689 610 eos
704 567 777 624 quos
790 553 927 609 scelerose
981 550 1119 606 internos
1132 557 1159 604 et
1173 550 1263 605 ileum
1282 561 1378 618 pravae
1393 554 1496 603 nostrae
1512 545 1678 601 intentionis
1691 544 1826 602 obtendi-

80 645 210 702 victitare
223 643 378 716 cognoscit,
393 657 536 713 sanusque
551 641 707 698 incolumes
729 655 762 697 ao
776 640 927 711 opulentos
980 646 1037 694 tur.
1055 640 1151 695 Oratio
1170 652 1227 693 uon
1249 636 1361 703 transit,
1384 649 1473 706 quam
1495 633 1702 690 malevolentiae
1718 632 1826 690 crassi-

79 731 210 799 attendit,
231 731 347 788 tortuua
370 731 576 801 potiusquam
599 730 647 786 bei
664 729 773 801 judicio
797 729 844 800 agi
869 742 927 785 cre
979 725 1048 781 tudo
1063 726 1179 782 retudit.

79 820 131 876 dit.
1015 813 1100 870 Vsus.
1122 814 1166 870 45.
1183 834 1246 862 -‹
1267 812 1493 869 Evadicatiouem
1516 818 1543 866 et
1566 809 1753 880 abiectionem
1772 823 1825 880 po-

115 908 202 966 Vsus.
219 911 263 964 38.
276 931 338 955 -·
360 908 474 963 Exere
496 906 634 963 4444004444
661 921 719 962 404
743 906 927 978 egredientur
980 923 993 951 n
1011 902 1093 958 suisti
1119 916 1163 957 rue
1177 901 1205 957 in
1227 901 1319 956 medio
1344 899 1557 971 populorum.»
1584 899 1645 955 Non
1668 896 1752 961 dixit,
1767 908 1826 952 era-

80 1017 96 1048 »
111 1010 165 1053 uec
179 997 265 1065 bona,
283 1011 335 1053 uec
350 996 435 1052 mala.
455 1017 466 1046 ι
490 997 544 1053 Nec
571 997 649 1058 bana,
671 1010 718 1049 nec
740 995 815 1051 mula
834 1010 868 1049 en
882 1009 927 1048 ore
978 991 1079 1047 dicasti
1095 1005 1148 1058 me,
1174 991 1221 1046 sed
1246 990 1456 1044 eradicationem
1479 990 1597 1057 posuisti
1617 1001 1667 1040 me.
1693 983 1826 1040 Exadius·

79 1087 221 1142 ditissimi
242 1086 440 1157 egrediuntur,
473 1086 544 1157 quia
564 1098 716 1154 nunquam
746 1084 776 1139 iu
802 1097 924 1153 praesen-
979 1078 1027 1146 tio,
1045 1079 1087 1134 vel
1103 1078 1225 1148 abjectio
1249 1091 1328 1133 mens
1347 1077 1395 1131 ilia
1419 1076 1450 1131 tlt
1472 1084 1522 1131 aut
1545 1074 1672 1144 ponitur,
1695 1085 1762 1142 quas
1788 1077 1826 1126 to

79 1176 187 1232 tiarum
203 1175 317 1245 proprie
339 1174 416 1230 bona
442 1174 534 1242 bonis,
564 1187 616 1229 nec
645 1186 747 1228 rursus
769 1171 927 1243 specialiter
980 1166 1037 1222 tius
1051 1167 1193 1222 interioris
1212 1166 1278 1222 boni
1295 1166 1437 1234 semetipsi
1463 1164 1549 1234 pestis
1567 1162 1700 1219 04404444.
1725 1159 1825 1216 444044-

79 1262 158 1320 mala
199 1263 282 1319 malis
313 1276 350 1318 ex
391 1261 532 1319 sententia
568 1260 720 1332 contigisse
756 1260 925 1317 creduntur.

81 1351 240 1422 Utrobique
253 1353 332 1408 enim
354 1351 486 1417 credunt,
514 1349 584 1421 quia
607 1349 740 1419 utrisque
762 1347 928 1404 communia

78 1447 158 1496 sunt.

114 1529 203 1586 Vnus.
218 1529 261 1583 39.
276 1558 311 1568 -
327 1548 341 1578 «
358 1526 432 1595 Quid
453 1523 709 1597 immurmuraviti
724 1525 773 1593 ni,
789 1538 926 1581 murmu-

81 1613 195 1688 »ravin
211 1615 296 1671 homo
311 1615 422 1678 vivens,
434 1614 480 1670 vir
495 1627 546 1684 pro
561 1614 684 1684 peccatis
705 1612 789 1669 suist
804 1634 816 1661 ·
832 1612 924 1668 Homo

78 1705 173 1758 vinens
196 1710 372 1769 murmurat,
393 1701 541 1774 quiscum
562 1703 590 1758 in
615 1702 738 1773 peccatis
760 1702 850 1768 vivat,
866 1671 966 1757 nonB

78 1789 116 1846 ad
145 1796 262 1860 peccata
289 1789 404 1861 respicit
431 1805 497 1861 qua
522 1797 675 1860 perpetrat,
704 1790 727 1845 si
755 1789 864 1860 aliquid
880 1788 927 1844 ad·

78 1878 222 1934 versitatis
240 1879 379 1946 incurvat,
396 1878 443 1934 sed
458 1892 569 1945 eorum,
586 1878 635 1949 qui
660 1891 745 1949 agere
767 1878 864 1948 peiora
878 1877 926 1933 vi-

78 1966 195 2032 dentur,
226 1980 285 2023 sese
312 1966 525 2037 comparatione
549 1966 698 2037 iustificat.
731 1969 781 2022 Vir
808 1980 925 2037 quoque

75 2071 129 2126 pro
142 2061 260 2124 40000444
282 2063 456 2125 murmurat,
480 2069 546 2112 cum
568 2070 625 2112 non
640 2069 694 2112 sua
716 2056 789 2112 inter
813 2057 925 2127 patieu-

78 2143 150 2201 dum
179 2151 295 2215 peccata
320 2152 447 2211 accusat,
474 2145 523 2202 004
552 2146 642 2202 Deum
666 2145 753 2202 nimie
779 2145 925 2201 ierieutem

77 2232 269 2304 querimoniis
280 2232 385 2304 pulsat.

466 2336 530 2377 non.

115 2408 202 2464 Vsus.
217 2409 263 2463 40.
291 2428 351 2458 -ι
374 2407 542 2464 scrutemur
565 2408 630 2464 vias
652 2416 774 2465 nostras.
799 2415 826 2464 et
842 2422 925 2479 qnae-

81 2508 208 2552 ·ramus
221 2502 249 2551 et
260 2502 441 2552 revertamur
455 2495 491 2551 ad
513 2496 678 2552 Dominum.
696 2517 709 2546 s
731 2495 808 2563 Nun,
830 2498 927 2564 sempi-

78 2587 196 2638 ternum.
213 2582 276 2640 Non
289 2586 366 2640 enlm
387 2583 531 2653 convenit,
545 2583 568 2639 si
588 2583 624 2639 ad
649 2591 762 2654 tempus
784 2597 835 2653 pro
859 2597 926 2653 pec·

77 2678 143 2728 cato
160 2671 330 2742 puniamur,
353 2685 547 2739 murmurare,
572 2672 620 2728 sed
645 2672 740 2742 potius
761 2672 798 2728 ad
818 2673 926 2741 sempi-

76 2766 207 2828 ternum‚
232 2759 310 2830 quod
332 2760 407 2815 Deus
432 2767 483 2827 est,
509 2773 674 2830 properare,
693 2760 773 2816 Unde
793 2762 854 2815 nias
874 2774 926 2814 no-

77 2852 152 2903 stras
164 2853 325 2915 scrutemur,
348 2847 432 2904 idest
454 2850 580 2905 actiones
600 2849 800 2906 discutiamus.
830 2851 925 2904 uomi-

971 1262 1025 1313 cat
1038 1256 1113 1312 euim
1130 1263 1158 1311 et
1172 1255 1279 1326 abjicit,
1296 1255 1346 1325 qni
1365 1254 1439 1310 bona
1462 1251 1633 1308 naturaliter
1655 1249 1741 1305 440440
1757 1262 1775 1303 0
1795 1261 1825 1304 se

978 1351 1142 1414 extorquet,
1158 1350 1185 1400 et
1207 1343 1328 1413 superbe
1349 1341 1486 1398 excludit.
1511 1341 1545 1395 m
1569 1340 1623 1396 boc
1641 1338 1673 1394 444
1693 1339 1723 1392 ia
1736 1335 1825 1391 medio

977 1434 1149 1503 populorum,
1177 1432 1430 1501 circumstrepente
1462 1429 1562 1500 utique
1594 1425 1684 1484 animi
1704 1425 1826 1483 auribus

978 1520 1141 1592 frequentia
1155 1521 1301 1577 vitiorum.

1369 1624 1433 1665 rua.

1015 1699 1101 1756 Vsus.
1117 1699 1162 1753 46.
1187 1729 1222 1739 -
1244 1719 1256 1749 ι
1282 1701 1465 1769 aperuerunt
1495 1708 1581 1766 super
1607 1707 1659 1749 nos
1683 1703 1825 1748 ossuum

982 1808 993 1835 ι
1010 1801 1108 1843 omnes
1123 1787 1241 1843 inimici.
1260 1807 1271 1834 s
1295 1787 1360 1853 Phe,
1379 1785 1585 1855 interpretatur
1600 1797 1639 1848 os,
1654 1787 1683 1837 et
1695 1778 1773 1849 quod
1787 1776 1825 1833 il·

981 1878 1029 1933 lud
1045 1893 1083 1945 os,
1100 1878 1152 1932 nisi
1171 1877 1247 1948 quod
1268 1876 1356 1932 menti
1379 1875 1415 1930 ad
1441 1872 1640 1944 perversitates
1661 1870 1723 1940 jam
1747 1879 1826 1938 pror·

980 1981 1030 2022 sus
1046 1966 1156 2028 acclini,
1173 1980 1272 2022 omues
1291 1972 1373 2021 actus
1393 1964 1557 2019 insusurrat
1579 1957 1744 2016 obscenos?
1768 1956 1826 2012 4400

979 2070 1061 2124 super
1075 2070 1122 2109 nos
1136 2070 1224 2109 omnes
1239 2055 1345 2108 inimici
1359 2053 1448 2109 400444
1464 2049 1609 2122 04044444,
1622 2061 1688 2104 curu
1703 2046 1740 2102 04
1755 2058 1825 2101 040-

980 2143 1155 2199 cendendam
1171 2141 1365 2213 perquaelibet
1378 2141 1499 2197 crimina
1518 2137 1722 2195 conscientiam
1736 2133 1825 2190 indu-

980 2231 1104 2288 bitanter
1116 2239 1284 2301 erumpunt.

1015 2319 1100 2376 Vnus.
1118 2320 1162 2374 47.
1176 2350 1211 2359 -
1227 2339 1241 2368 u
1255 2317 1387 2374 Formido
1400 2324 1427 2374 et
1449 2316 1572 2386 laqueus
1591 2312 1665 2369 40040
1684 2318 1726 2367 004
1743 2308 1826 2365 nobis

980 2408 1175 2465 »vaticinatio
1194 2416 1221 2463 04
1246 2406 1417 2462 contritio.»
1442 2404 1517 2460 Ordo
1538 2409 1600 2459 est:
1623 2403 1707 2456 Facta
1730 2402 1770 2454 est
1783 2412 1826 2453 no

981 2498 1021 2551 bis
1036 2500 1196 2552 vaticinatio
1210 2500 1237 2552 et
1257 2497 1399 2562 contritio,
1419 2495 1531 2563 iaqueus
1554 2497 1579 2546 et
1602 2489 1732 2558 [0404440.
1751 2486 1827 2543 Vati·

980 2587 1081 2640 einatio
1093 2594 1144 2654 est,
1161 2600 1227 2642 cum
1244 2599 1324 2641 mens
1339 2584 1453 2640 obsessa
1468 2581 1585 2652 flagitiis
1599 2590 1749 2634 successus
1771 2573 1825 2631 sibi

979 2688 1138 2744 prosperos,
1154 2681 1181 2731 et
1196 2688 1257 2744 spes
1279 2672 1437 2743 gloriarum
1453 2671 1581 2740 spondet.
1606 2667 1660 2723 Sed
1681 2666 1758 2721 hauc
1771 2676 1826 2720 va-

980 2763 1174 2820 ticinationem
1188 2761 1320 2833 00444444
1330 2762 1465 2826 contritio,
1489 2757 1556 2828 quia
1579 2769 1638 2826 quo
1660 2752 1753 2825 magis
1764 2750 1826 2807 0440

980 2852 1025 2907 sui
1048 2858 1179 2921 respectu
1201 2850 1357 2915 extollitur,
1382 2863 1415 2905 eo
1437 2845 1561 2919 graviori
1588 2842 1760 2914 opprimitur
1781 2853 1826 2896 ve·

75 2950 144 2991 num
156 2949 274 3006 quoqne
288 2950 452 3006 queramus,
468 2941 493 2991 et
514 2937 550 2993 ad
570 2951 636 2993 eum
659 2943 837 3004 renotentur,
855 2937 927 2992 Scri·
945 2947 965 3003 c
981 2947 1063 3009 pente
1078 2945 1201 3009 4000040.
1218 2939 1320 3009 Fitque
1333 2951 1400 2993 mox
1417 2944 1575 3004 utrumque
1595 2932 1705 2987 misera
1722 2928 1826 2985 0444400

77 3023 288 3094 pturisscilicet
302 3024 495 3095 invigilemus,
519 3025 556 3081 ibi
578 3034 739 3096 quaerentes
756 3026 834 3082 nude
848 3039 925 3081 com-
978 3027 1097 3096 formido
1125 3032 1150 3082 et
1184 3028 1305 3095 laqueus,
1327 3025 1397 3081 dum
1423 3022 1656 3080 vaticinationem
1684 3016 1827 3075 mordacis

78 3125 258 3184 pungamur,
273 3119 301 3168 et
322 3112 358 3168 04
377 3112 471 3182 ipsum
498 3113 605 3184 444440
629 3115 850 3185 compunctione
871 3115 926 3170 du·
980 3115 1124 3185 intercipit
1151 3113 1243 3184 cnlpae
1270 3121 1373 3177 metus,
1414 3120 1441 3169 et
1477 3109 1643 3168 contritioni
1669 3107 1780 3178 adjacet
1801 3104 1826 3161 is

76 3215 191 3259 camur.
979 3204 1031 3275 qui
1046 3203 1179 3273 spiritum
1193 3202 1379 3259 004400040440
1401 3201 1533 3258 occludat
1556 3195 1761 3269 desperationis
1783 3194 1825 3249 la·

114 3291 200 3349 Vsus.
213 3290 259 3346 44.
275 3319 310 3330 -
326 3310 340 3340 v
360 3292 499 3347 levemus
516 3290 603 3347 corda
626 3299 723 3349 nostra
742 3306 808 3349 cum
831 3293 925 3349 maui—
980 3305 1082 3363 quens.

80 3379 166 3436 »bus
184 3378 221 3434 ad
242 3377 397 3435 Dominum
423 3378 453 3433 in
481 3378 607 3434 caelos·
637 3380 725 3436 corda
754 3387 848 3436 nostra
866 3397 927 3435 cum
1016 3379 1102 3436 Vnus.
1118 3381 1162 3434 48.
1177 3409 1210 3419 -
1231 3400 1244 3428 ι
1267 3379 1428 3436 Divisioues
1448 3390 1593 3448 aquarum
1614 3371 1735 3431 deduxit
1756 3385 1825 3428 ocu·

77 3468 206 3522 manime
228 3466 369 3533 levamus,
389 3480 456 3522 oum
484 3466 686 3538 intelligentias
710 3481 778 3523 cum
804 3481 927 3523 040004-
981 3467 1055 3524 »lus
1071 3467 1196 3524 mensio
1211 3467 1382 3523 contritione
1406 3465 1470 3522 illiae
1496 3463 1593 3534 popuii
1608 3462 1674 3519 mei.
1695 3481 1710 3513 s
1733 3460 1826 3531 Aquae

77 3556 159 3612 tione
177 3569 309 3626 operum,
337 3554 399 3611 sine
426 3555 532 3611 indmae
556 3554 650 3612 laudis
680 3555 862 3625 aspiratione,
890 3555 927 3612 04
979 3556 1161 3623 4444444444,
1190 3569 1257 3612 oum
1280 3554 1438 3624 spiritualis
1467 3552 1639 3609 subtilitates
1663 3548 1825 3620 intelligen-

78 3646 173 3702 neum
187 3644 243 3700 sub
257 3657 306 3713 spe
320 3643 426 3700 scilicet
440 3643 499 3700 sola
514 3644 617 3700 caelesti
634 3643 818 3714 porrigimus.
980 3645 1036 3712 tiae,
1053 3644 1074 3699 si
1091 3658 1156 3714 quae
1175 3643 1340 3704 resederint,
1360 3642 1576 3711 disperguntur.
1601 3640 1670 3705 llas,
1694 3637 1765 3693 dum
1778 3650 1827 3707 po-

115 3730 312 3788 4144044.-
329 3752 340 3780 ι
366 3731 422 3788 Nos
443 3731 542 3802 inique
560 3731 682 3803 egimus,
702 3740 730 3788 et
751 3732 787 3788 04
806 3731 925 3788 iracnn·
981 3733 1066 3804 pulus
1081 3732 1248 3800 conteritur,
1265 3732 1357 3787 000444
1370 3729 1494 3798 deducit,
1520 3727 1599 3800 quia,
1625 3727 1696 3783 dum
1715 3723 1826 3781 0001044-

81 3819 190 3876 »diam
215 3819 447 3889 provocavimus,
474 3819 578 3876 idcirco
599 3829 630 3876 tu
654 3819 838 3877 inexorabilis
859 3835 924 3877 es.»
980 3821 1035 3877 bus
1050 3820 1149 3891 incipit
1172 3820 1320 3891 subjacere
1343 3819 1509 3875 intentionis
1529 3829 1661 3883 acumen,
1687 3812 1826 3884 paulatim

79 3908 194 3979 Liquet,
225 3914 330 3964 0404040
361 3921 583 3978 prosequamur.
611 3909 669 3964 4400
692 3917 787 3965 40404
811 3909 927 3967 4440444
979 3917 1154 3966 extenuatus
1171 3907 1291 3964 interius
1305 3915 1387 3965 extra
1402 3921 1431 3963 se
1447 3905 1552 3964 444444.

79 3996 266 4053 tractandum
290 3995 367 4066 quod
390 4009 442 4066 pro
462 3996 666 4067 iniquitatibus
688 3997 865 4053 ineaorabitis
881 3997 927 4054 bic
1381 4011 1438 4052 444.

79 4085 188 4142 4404444
201 4085 288 4152 Dens,
303 4091 331 4141 et
352 4084 430 4152 alibi,
455 4092 617 4154 4000040400
640 4099 697 4140 404
721 4086 821 4142 044440
836 4086 924 4157 (loun.
1016 4085 1102 4143 Vsus.
1117 4086 1162 4150 49,
1179 4086 1223 4140 50.
1246 4114 1283 4127 —
1298 4109 1311 4132 ι.
1334 4083 1443 4142 004440
1457 4098 1540 4142 meus
1559 4081 1684 4140 afflictus
1705 4087 1757 4149 est,
1774 4093 1828 4137 400

79 4186 122 4236 rx,
136 4171 193 4242 at),
208 4173 286 4244 qnod
300 4186 359 4229 uno
373 4172 459 4228 verbo
469 4170 600 4234 solvitur,
614 4173 684 4243 quia
697 4173 927 4245 videlicetquau-
982 4194 997 4224 n
1015 4174 1113 4241 tacuit,
1127 4188 1161 4230 00
1176 4175 1253 4245 quod
1269 4189 1326 4230 non
1347 4181 1420 4230 esset
1435 4173 1558 4244 requies.
1580 4174 1677 4230 Donec
1700 4169 1828 4240 respire-

78 4260 132 4317 444
158 4261 188 4316 44
218 4260 374 4317 intentione
407 4259 544 4330 peccandi
582 4273 765 4329 perseverare
804 4262 926 4333 proban·
945 4239 1061 4331 1'iren
1077 4271 1105 4320 et
1122 4263 1231 4319 videret
1244 4263 1384 4319 Dominus
1399 4262 1433 4319 de
1456 4262 1573 4319 omlis.»
1601 4261 1700 4319 oculus
1722 4257 1827 4329 alitigi-

79 4356 139 4415 tur,
156 4355 184 4406 ct
202 4348 407 4405 inexorabilem
437 4348 527 4403 Deum
554 4347 660 4404 iaciant
687 4356 714 4405 et
739 4349 856 4406 minime
878 4364 929 4407 au·
981 4359 1102 4420 tunnas
1125 4359 1208 4420 tacet,
1230 4366 1297 4408 curu
1319 4352 1437 4408 intentio
1459 4351 1538 4408 vitiis
1566 4350 1711 4416 atteritur,
1735 4360 1828 4405 neca

79 4436 210 4493 diamur.
980 4440 1101 4511 strepitu
1129 4440 1335 4497 desideriorum
1358 4440 1443 4497 etiam
1481 4438 1655 4496 004004044ἰο
1688 4450 1719 4494 00
1741 4449 1828 4493 0004·
1890 4486 1894 4491 .

980 4529 1071 4586 00440
1097 4528 1242 4599 aiiligente
1266 4529 1385 4585 cohibet.
1411 4529 1446 4584 Et
1472 4528 1526 4586 hoc
1551 4528 1582 4584 444
1609 4527 1680 4598 quia
1706 4541 1760 4581 non
1785 4531 1828 4583 est

115 4611 202 4669 Vsus.
218 4611 263 4666 ta.
278 4641 314 4652 -
334 4632 347 4660 «
367 4610 510 4681 operuisti
532 4610 561 4666 in
584 4610 689 4678 lurore,
713 4618 741 4667 et
762 4612 927 4682 percussisti
980 4619 1096 4684 requies,
1113 4614 1192 4671 nulla
1209 4615 1339 4671 videlicet
1362 4614 1399 4670 ab
1414 4621 1487 4669 vestu
1511 4613 1645 4669 interiore
1666 4610 1826 4682 temperies,

81 4714 173 4767 snos,
186 4699 323 4764 occidisti,
350 4714 402 4756 neo
420 4700 579 4770 4040404044.
598 4719 612 4749 a
630 4698 759 4767 Samoou,
786 4700 925 4771 interpre-
980 4703 1062 4758 donee
1081 4703 1222 4772 respiciat,
1247 4711 1276 4759 et
1298 4703 1394 4760 videat
1419 4706 1548 4758 Dominus
1570 4703 1603 4756 de
1626 4702 1712 4768 004440,
1736 4700 1827 4757 donec

78 4793 160 4843 40444
181 4787 260 4841 audi.
289 4786 408 4843 Summa
439 4787 516 4844 enim
549 4802 612 4858 ope,
641 4802 701 4859 qno
724 4788 928 4847 inexorabilior
980 4790 1082 4860 utique
1108 4790 1288 4857 misereatur,
1315 4797 1344 4846 et
1367 4789 1505 4861 approbet
1530 4790 1745 4845 conversionem
1774 4801 1825 4844 no·

77 4875 250 4942 estimatur,
268 4875 376 4932 dimota
398 4889 554 4946 pravorum
575 4877 756 4946 appetituum
776 4876 924 4948 densitate,
979 4886 1068 4934 stram
1084 4879 1224 4935 Dominus
1247 4893 1296 4949 per
1320 4877 1506 4934 imitationem
1529 4876 1649 4934 04400440
1670 4889 1827 4935 conversa·

76 4976 193 5019 4000000
205 4971 248 5019 004
261 4971 295 5020 44
308 4964 418 5029 044404,
441 4964 464 5021 04
479 4964 616 5022 obnixius
639 4964 820 5021 inclametur.
837 4967 867 5020 ln
878 4968 924 5033 su·
979 4966 1074 5023 tionis.

75 5067 140 5107 rore
153 5053 312 5123 operimur,
327 5067 394 5109 cnm
409 5053 538 5109 irruente
551 5052 706 5110 criminum
729 5053 835 5110 nebula
848 5054 925 5111 desi·
1014 5055 1100 5112 Vnus.
1117 5057 1160 5109 tt.
1176 5073 1237 5107 -ι
1260 5054 1367 5111 004440
1396 5068 1478 5110 mens
1495 5054 1677 5124 4044440440
1698 5060 1742 5110 004
1762 5053 1825 5110 ani·

77 5141 193 5212 4404444
226 5148 307 5197 40040
337 5140 535 5210 deprimimur.
569 5140 759 5208 percutimur,
792 5155 858 5198 cum
888 5142 925 5198 ab
981 5157 1085 5198 »mam
1097 5147 1173 5197 m
1190 5156 1282 5199 meam
1300 5142 1328 5196 iu
1344 5143 1456 5199 crunctis
1480 5141 1688 5198 tiliabnsnrbis
1711 5154 1823 5199 mete.-

76 5228 156 5285 omui
173 5227 338 5300 integritate
352 5228 515 5300 dejicimur.
529 5228 638 5286 Occidit
653 5229 738 5296 Deus,
759 5242 812 5285 400
834 5242 925 5299 peper·
979 5230 1043 5297 Ain,
1070 5232 1277 5301 interpretatur
1298 5231 1400 5284 ocutus.
1425 5230 1460 5285 Et
1488 5229 1554 5301 quis
1574 5236 1616 5286 est
1642 5229 1745 5294 ocutus,
1769 5228 1824 5286 nisi

76 5317 126 5384 cit,
138 5329 208 5374 curu
223 5315 356 5387 spiritum
369 5330 387 5372 a
399 5330 453 5374 sua
467 5319 531 5375 4400
537 5316 706 5389 exstinguit,
719 5317 749 5372 44
760 5331 819 5387 quo
830 5325 925 5374 tamen
978 5316 1041 5387 ipsa
1055 5318 1155 5374 eadem
1166 5318 1296 5386 intentio,
1311 5332 1378 5389 quae
1399 5319 1526 5375 animam
1547 5318 1739 5390 depraedatur,
1754 5318 1825 5375 dnm

75 5403 161 5460 nobis
182 5411 323 5474 parceret,
344 5403 370 5460 si
392 5405 437 5462 vel
459 5404 585 5462 scintilla
606 5405 689 5462 nobis
709 5405 926 5478 alicujnsbene
979 5413 1083 5462 cuncta
1104 5420 1170 5476 quae
1197 5406 1268 5464 bene
1293 5421 1428 5464 exercere
1452 5407 1609 5479 aliquando
1630 5406 1754 5472 videtur,
1774 5418 1834 5478 per-

75 5491 211 5550 volantia
225 5500 397 5550 remaneret.
978 5494 1025 5552 sui
1053 5495 1317 5567 prevaricationem
1345 5496 1500 5566 subtrabit,
1527 5498 1598 5557 dum
1619 5495 1719 5554 landes
1745 5494 1827 5553 tora-

442 4536 564 4579 suncti.
