3818 6008
485 235 533 293 bu
552 233 757 291 etouotttous
777 233 995 293 sanctonum.
1012 265 1046 274 —
1057 235 1122 291 titt.
1144 235 1193 291 tlt.
1660 239 1712 293 662

54 370 185 427 shabere
199 369 278 440 (Luc.
297 384 375 438 xxiv,
395 369 450 441 39).
467 389 482 420 p
501 369 624 440 [tignum
641 368 737 440 itaque
750 369 806 425 tuit
823 370 1017 439 uastandam,
1034 385 1091 427 non
1111 371 1188 428 enirn
1210 371 1381 442 competenti
1402 371 1547 429 intellectu
1567 375 1708 444 caperetis

54 459 189 530 upliciter
211 459 240 514 in
267 473 301 514 ea
322 473 411 530 quam
436 458 540 515 assueti
572 456 686 514 lucrant
710 457 811 528 specie,
865 473 940 528 eam,
965 459 1040 516 banc
1064 460 1148 517 modo
1173 459 1255 516 vobis
1275 467 1418 530 superstes
1445 475 1568 531 expono,
1595 469 1627 518 ut
1649 476 1713 518 eant

54 564 59 602 r
86 548 194 604 eisdem
218 547 341 603 rudibus
369 554 528 616 appareret,
552 561 587 602 ne
615 547 650 603 de
676 546 813 602 inusitata
866 549 1041 620 perpendere
1055 563 1089 606 ac
1106 549 1230 606 recolere
1247 549 1410 618 addiscatis,
1426 564 1494 606 curn
1509 557 1621 608 naturae
1646 551 1711 622 glo-

54 643 92 692 tte
108 636 144 691 ad
165 643 292 691 externe
313 634 457 705 opinionis
477 649 603 692 errorem
625 635 737 691 animos
758 635 812 691 mi·
866 637 983 694 riticatae
998 637 1196 695 excellentiam
1219 638 1320 695 babitu
1339 638 1501 706 humiliore,
1521 639 1589 709 quia
1609 639 1713 697 obscu-

54 724 181 795 apacium
196 722 351 780 derivaret.
866 725 950 793 riore,
963 735 1126 784 contexero.

54 829 94 868 ue
119 811 255 868 Dmninus
281 811 432 867 vulnerum
453 809 603 866 cicatrices
624 808 812 865 resuscitatus
902 813 916 885 5
940 815 975 870 ll.
999 814 1163 885 Respondet
1180 813 1331 884 objectioni
1354 817 1380 869 6.
1408 813 1547 886 Explicat
1569 814 1711 886 quomodo

55 899 102 957 ilis
114 900 248 956 ostendit.
261 929 297 942 -
311 900 365 967 Qui
382 900 479 970 itaque
495 899 522 954 in
535 899 715 955 subobscura
730 897 811 954 nabi·
865 901 999 958 Curium
1009 903 1159 974 injudicio
1172 907 1299 959 extremo
1306 904 1436 971 sormam
1449 901 1524 958 amai
1536 902 1710 959 immutabit.

55 989 160 1060 iquasi
181 989 312 1059 spontive
327 996 468 1057 suscepta,
481 987 541 1058 iarn
564 985 657 1057 gloria
672 985 810 1043 imminu·
864 1020 901 1034 -
914 993 1001 1049 Porro
1017 993 1051 1049 de
1076 993 1263 1049 translatione
1286 992 1360 1048 servi
1382 992 1480 1048 torma
1503 991 1712 1050 indivinitatis

55 1078 189 1149 »pueruli
212 1077 284 1149 quid
311 1077 458 1132 mirumst
484 1074 639 1131 inobducta
661 1074 810 1131 clavorum
865 1081 997 1148 tonnam,
1022 1082 1044 1136 si
1058 1081 1099 1137 sic
1114 1080 1256 1152 intelligas
1276 1088 1306 1138 ut
1327 1081 1355 1136 in
1377 1080 1496 1136 alteram
1511 1081 1634 1150 speciem
1659 1083 1711 1137 de-

55 1167 89 1223 sis
112 1165 268 1222 exhibuit?
287 1165 398 1232 Quibus
418 1164 531 1220 tamen?
559 1161 698 1233 llpostolis
727 1161 812 1232 plane
865 1175 1005 1236 mutetur,
1029 1177 1056 1224 et
1078 1176 1148 1224 tunc
1170 1183 1235 1225 cnm
1256 1168 1428 1225 obductione
1451 1167 1617 1224 cicatricum
1641 1166 1712 1222 dens

55 1269 100 1316 tm,
129 1260 157 1311 et
185 1255 367 1325 postmodum
395 1253 520 1318 Titania,
548 1262 575 1308 et
603 1252 657 1306 hoc
681 1250 811 1321 utrisque
864 1264 892 1312 et
908 1256 1063 1313 umbilicus
1078 1256 1135 1325 ille,
1160 1265 1187 1313 ct
1208 1256 1317 1326 siquid
1339 1255 1472 1312 cstaliud
1492 1255 1608 1322 residui,
1628 1254 1712 1325 quasi

55 1342 173 1410 tutibus,
191 1343 244 1398 110⁰
257 1349 285 1398 θῑ
299 1340 395 1397 semel·
413 1340 484 1397 Vide
502 1341 523 1394 Sl
544 1338 658 1395 duobus
672 1338 811 1394 Emmaus
865 1346 954 1401 veteri
969 1351 1072 1402 trunco
1087 1345 1222 1401 insitivus
1245 1344 1381 1400 surculus
1395 1351 1568 1413 apponatur,
1588 1343 1712 1399 dicimus

55 1431 158 1499 nttbus,
177 1431 242 1487 lide
256 1430 279 1486 Si
293 1429 324 1486 ill
339 1429 520 1486 creberrimis
535 1441 585 1498 lter
603 1427 663 1483 dies
684 1426 810 1497 quadra·
865 1433 950 1504 plane
963 1434 1042 1505 qnia,
1057 1433 1080 1489 si
1106 1435 1146 1490 sic
1165 1447 1195 1489 se
1218 1447 1262 1489 res
1284 1433 1383 1500 habet,
1400 1433 1465 1489 dure
1490 1431 1712 1488 resurrectiones

62 1534 115 1591 pra
134 1526 306 1590 argumento
322 1515 462 1573 conviviis
478 1516 589 1586 aliquid
606 1515 809 1571 obducendum
865 1521 970 1578 curisti
995 1529 1089 1584 erunt,
1118 1529 1145 1577 et
1163 1521 1205 1576 bis
1224 1519 1434 1576 immutabitur.
1461 1519 1488 1574 st
1515 1526 1612 1575 tantus
1630 1532 1711 1576 error

54 1608 103 1679 ¹5¹3
118 1608 183 1664 Vide
197 1608 220 1664 Sl
246 1606 416 1663 mulieribus
439 1604 525 1676 pedes
543 1604 607 1675 ⁰1⁰⁸
636 1602 808 1670 tenentibus,
864 1610 996 1667 coalescit
1012 1612 1041 1666 in
1063 1609 1166 1679 capite,
1186 1609 1256 1679 quid
1275 1609 1376 1679 poterit
1397 1609 1432 1664 de
1453 1608 1646 1664 membrorum
1662 1621 1711 1664 re·

55 1695 123 1753 liam
135 1696 282 1752 aliascum
294 1703 404 1751 osteum
416 1692 554 1762 [tassionis
573 1699 717 1762 appatuit·
734 1690 807 1758 Quid
828 1715 848 1770 p
863 1696 1039 1754 surrectione
1055 1698 1121 1769 quis
1136 1696 1269 1752 credere?
1288 1696 1453 1752 Transitum
1470 1695 1550 1752 illurn
1566 1696 1600 1751 dc
1619 1693 1711 1751 torma

55 1783 100 1840 'uit
119 1783 215 1840 dubiis
229 1782 396 1838 cicatricum
419 1790 505 1837 antra
523 1779 725 1838 contrectanda
740 1791 809 1849 por·
866 1787 894 1842 ip
929 1787 1048 1843 [prmum
1085 1785 1189 1843 christi
1224 1785 1264 1841 pii
1293 1785 1372 1842 aliua
1408 1784 1597 1855 intelligimus
1622 1797 1712 1854 quam

57 1914 65 1940 ι
90 1873 145 1928 nisi
172 1871 350 1928 identitatem
372 1870 494 1940 tulliiiae
510 1884 638 1940 lelwflae
660 1884 717 1924 110ss
736 1882 809 1924 ⁰011·
864 1877 1003 1947 absorpta
1017 1883 1106 1931 morte
1122 1875 1152 1930 in
1168 1875 1328 1939 victoriati
1346 1877 1413 1930 Cor.
1427 1888 1475 1941 xv,
1493 1873 1547 1944 54),
1567 1880 1595 1929 et
1611 1879 1712 1929 exacto

55 1959 115 2017 line
128 1958 221 2026 lactei,
238 1959 287 2015 sed
309 1958 517 2014 recentioribus
531 1957 630 2014 mortis
646 1971 706 2014 suae
720 1955 810 2028 signis
865 1964 952 2035 impla
966 1971 993 2020 et
1005 1963 1149 2033 impietate
1173 1963 1247 2034 ejus,
1267 1962 1359 2017 diviso
1380 1962 1510 2018 videiippi
1525 1960 1562 2017 ab
1585 1961 1628 2016 pp
1650 1959 1712 2016 puq.

55 2047 129 2104 lere?
161 2047 209 2118 (¹⁴)
238 2045 312 2113 puta
339 2053 400 2115 pou
428 2047 665 2102 resurrectionem
688 2044 811 2102 vulnera
866 2060 913 2111 vus
937 2053 1010 2124 ejus,
1034 2050 1248 2122 appropinquat
1275 2064 1324 2106 cor
1349 2049 1428 2107 trtius
1451 2049 1543 2121 (ruat.
1568 2064 1625 2116 arv,
1653 2048 1709 2115 mi,

55 2142 182 2193 asertala
206 2134 418 2206 portenderent.
440 2133 464 2189 si
481 2134 567 2190 etiam
583 2135 734 2205 hucusque
748 2147 810 2189 111²·
865 2141 953 2199 stulto
968 2140 1075 2198 scilicet
1096 2139 1183 2210 impio
1205 2152 1241 2194 ne
1257 2139 1351 2194 videat
1372 2137 1492 2209 gloriam
1513 2137 1585 2207 ejus,
1599 2135 1709 2208 ladntlt-

55 2223 84 2282 l?
100 2226 143 2279 Au
165 2231 196 2280 ut
216 2223 329 2280 Patrem
348 2235 381 2278 ac
400 2222 424 2278 Si
452 2222 547 2278 tirum
569 2222 741 2279 obliviosum
762 2235 811 2292 lter
865 2235 969 2285 tuntnr
982 2227 1063 2284 electi
1081 2226 1134 2282 soli
1154 2225 1190 2280 ad
1214 2224 1366 2281 videndam
1390 2225 1510 2296 gloriam
1534 2223 1641 2279 divinae
1668 2223 1716 2277 vi-

55 2311 297 2383 idispensationis
312 2325 363 2381 pro
386 2310 552 2367 hominibus
570 2319 708 2382 susceptae
730 2324 812 2367 com-
865 2315 954 2371 sionis
980 2313 1080 2385 ipsius.
1107 2314 1179 2369 ilinc
1204 2319 1246 2369 est
1274 2312 1351 2383 quod
1380 2313 1455 2369 luda
1479 2319 1602 2368 exeunte
1623 2311 1715 2367 dicit:

57 2401 118 2459 ret?
142 2401 220 2458 Esto.
241 2403 323 2458 certe
349 2399 405 2455 alia
427 2400 541 2455 curanti
566 2398 644 2456 Patri
661 2399 722 2456 sola
750 2400 811 2455 sine
866 2424 881 2455 e
896 2400 1688 2469 NnnoclaritroatusestFilinshominisidoanxvu,aa).
1702 2421 1716 2448 n

56 2489 133 2547 ribus
156 2503 223 2546 caro
248 2503 309 2546 sure
332 2489 458 2545 dexterae
479 2487 607 2545 assidens
632 2501 812 2545 commonere
865 2492 947 2549 tunc
972 2491 1056 2562 plane
1080 2490 1182 2546 transit
1211 2489 1247 2546 ad
1274 2489 1350 2546 banc
1375 2488 1621 2556 clarificationem,
1649 2502 1716 2544 cum

56 2588 115 2637 iret.
867 2583 901 2650 de
915 2581 1007 2637 torma
1020 2579 1107 2645 servi,
1123 2594 1190 2651 quae
1201 2579 1289 2652 justis
1306 2586 1334 2636 et
1354 2579 1468 2651 iniustis
1487 2579 1649 2635 communis
1663 2587 1714 2647 est,

56 2665 241 2738 -Rfflitvbdet
255 2663 408 2737 viselliom'
427 2668 452 2720 5.
468 2663 680 2731 inabiudieii
698 2681 811 2720 eorum·
867 2669 991 2727 transire
1006 2683 1058 2725 nos
1082 2667 1159 2735 iacit,
1177 2667 1283 2724 scilicet
1303 2669 1378 2724 solos
1396 2667 1499 2724 electos
1520 2666 1556 2721 ad
1579 2673 1717 2723 aeternam

56 2754 187 2810 nimium
201 2761 273 2812 nata
286 2753 317 2809 in
332 2752 451 2810 Obruta
467 2770 561 2809 nonne
581 2754 813 2826 conspicientur?
868 2760 912 2815 sni
939 2757 1088 2814 visionem.
1113 2757 1147 2812 tn
1169 2757 1223 2812 troc
1250 2760 1374 2813 transitu
1402 2757 1444 2812 eis
1466 2755 1610 2812 ministrat
1637 2757 1714 2825 (duc.

55 2845 179 2916 lobjicis
193 2844 271 2915 qnod
287 2842 332 2899 vel
348 2843 377 2898 in
392 2843 438 2899 die
453 2842 555 2914 judicii
578 2844 670 2899 visuri
686 2844 743 2900 sint
767 2858 812 2900 rc-
867 2861 917 2914 xn,
941 2848 998 2917 37),
1030 2860 1096 2902 cunr
1127 2845 1256 2916 reprobis
1288 2845 1429 2902 abdicatis
1451 2845 1527 2915 ipsos
1552 2858 1604 2900 sno
1631 2843 1717 2901 vultu

56 2946 89 2989 ac
109 2932 190 3003 impii
209 2946 277 2989 euin
299 2931 430 2987 videlicet
449 2945 535 3001 quem
560 2939 756 3002 pupugerant.
782 2930 811 2987 Si
867 2935 999 2992 exsatiat.
1032 2933 1164 2991 caristus
1188 2934 1285 3005 itaque
1307 2933 1419 3003 transit,
1443 2947 1511 2990 curn
1532 2939 1593 3002 post
1614 2931 1717 3004 iudicii

56 3022 103 3079 cui
118 3030 145 3078 te
159 3021 297 3092 injuriam
322 3020 463 3092 irrogasse
475 3019 649 3087 meraineris,
671 3021 732 3076 sine
752 3020 810 3077 ullo
830 2996 940 3081 Cdiem
970 3022 1055 3081 etiam
1090 3023 1164 3079 servi
1193 3022 1313 3080 termam
1339 3022 1557 3092 arepvoborum
1587 3027 1716 3077 contem-

56 3124 145 3183 quam
159 3109 291 3166 intuleris
309 3108 425 3179 injurie
446 3108 622 3165 monimento
640 3109 810 3180 conspicias,
866 3113 992 3184 piatione
1006 3111 1138 3179 secludit,
1155 3118 1183 3168 et
1200 3111 1356 3168 electorum
1368 3109 1518 3167 obtutibus
1539 3123 1599 3166 sese
1616 3108 1716 3165 viden·

56 3197 230 3256 iooniestim
254 3196 410 3268 perpetrati
433 3196 462 3251 in
484 3211 552 3252 eum
573 3196 709 3253 facinoris
728 3201 813 3254 temet
866 3202 1050 3272 qumaperir,
1066 3198 1544 3273 imoepssiipividendpirapsigii.
1593 3241 1595 3245 ,

56 3287 86 3345 to
105 3288 330 3343 commemoras?
356 3286 389 3341 ct
411 3285 482 3355 quid
506 3285 558 3341 tibi
582 3285 710 3342 lacerum
728 3285 812 3344 taciet
1204 3288 1320 3346 CAPUT
1341 3288 1376 3345 V.

61 3376 133 3447 qnid
145 3377 174 3432 in
190 3375 325 3432 manibus
340 3373 520 3445 pedibusque
534 3373 636 3429 tixurae
651 3374 810 3443 clavorum,
900 3378 948 3445 51.
966 3374 1130 3431 Producant
1142 3374 1418 3432 San-tltedardemes
1431 3373 1577 3445 quoddam
1589 3369 1715 3426 indacu-

60 3463 101 3521 ilii
124 3458 249 3521 hominis
276 3462 385 3534 parebit
409 3462 547 3534 signum?
571 3465 602 3517 ln
624 3463 702 3520 illius
715 3464 812 3535 gloriae
865 3462 926 3518 ium
940 3466 1066 3535 tempore
1079 3461 1214 3518 Ludoaici
1229 3460 1512 3533 Piipatratum.1d
1534 3474 1591 3513 non
1610 3458 1716 3530 probat

56 3567 67 3610 t
94 3553 239 3624 quomodo
261 3552 411 3608 conveniet
435 3551 657 3622 quinquipertiti
683 3553 812 3609 vulneris
864 3551 978 3607 dentem
991 3551 1149 3609 saluatm
1163 3556 1277 3606 exstare
1295 3547 1378 3605 inibi.
1394 3578 1429 3588 -
1444 3548 1535 3618 igitur
1560 3546 1593 3602 iis
1615 3554 1715 3602 contra

56 3642 83 3697 r?
96 3642 132 3698 Et
146 3649 222 3698 certe
235 3655 302 3696 cunr
317 3640 468 3710 discipulis
486 3641 638 3697 comedens
654 3655 688 3697 ac
712 3641 813 3698 bibens
866 3640 955 3711 buius
965 3641 1113 3698 sententiae
1121 3645 1304 3696 exsecutores
1314 3636 1435 3705 emissis,
1449 3636 1520 3692 illud
1530 3634 1715 3691 advertamus

56 3745 97 3788 ius
110 3730 272 3786 mandenda
288 3731 439 3795 tractabat,
459 3728 592 3800 nunquid
611 3729 706 3786 sanies
720 3729 812 3787 hianti
866 3729 944 3801 quod
960 3729 989 3784 in
1006 3726 1291 3785 Sancti-Medardensi
1313 3723 1431 3782 ecclesia
1459 3722 1598 3780 miracula
1623 3722 1715 3794 pluris

72 3828 142 3878 tunc
155 3818 283 3876 tluebat‘t
297 3818 469 3875 absurditas
486 3818 606 3874 intinita.
866 3817 950 3889 pretii
975 3831 1062 3887 snper
1092 3816 1139 3872 illo
1164 3816 1247 3872 dente
1274 3813 1468 3870 declamitant.
1494 3812 1634 3879 Primum,
1658 3811 1714 3866 nisi

56 3922 134 3981 ,pro
152 3922 227 3966 verae
242 3907 403 3964 testimonio
425 3921 513 3978 quam
527 3915 728 3978 resumpserat
749 3922 812 3965 car·
867 3906 958 3972 tallor,
984 3912 1012 3962 et
1035 3906 1113 3976 qnod
1142 3903 1321 3975 potissimum
1343 3900 1488 3957 memoria
1509 3900 1665 3966 succurrit,
1687 3897 1714 3955 id

57 3997 226 4054 randucavit
248 4010 446 4066 saepenumero
462 4011 529 4053 cum
550 3996 621 4062 suis,
645 4011 702 4051 non
719 4011 814 4053 neces
866 4003 918 4063 est,
935 3995 1009 4051 inter
1020 3993 1182 4065 capellanos
1197 3991 1334 4050 Ludovici
1350 3991 1392 4047 Pii
1410 3988 1589 4059 imperatoris
1602 3988 1632 4043 in
1650 3987 1715 4057 ejus

70 4085 121 4143 sed
141 4085 332 4155 dispensative
352 4084 433 4155 (Luc.
457 4100 536 4148 xxiv,
556 4086 621 4155 ti);
642 4085 693 4157 qui
714 4084 814 4156 januis
867 4083 957 4155 ipsius
985 4084 1139 4155 presentia
1163 4096 1251 4152 super
1280 4082 1332 4136 isto
1361 4080 1549 4136 tractabatur.
1583 4077 1715 4148 Cumque

57 4189 70 4232 s
91 4174 209 4230 intravit
228 4176 263 4231 ad
290 4174 365 4244 ipsos
389 4174 448 4229 sola
473 4174 607 4244 potentia,
625 4188 682 4229 uon
708 4181 813 4229 natura
868 4173 950 4230 valde
976 4173 1216 4230 amonachorum
1239 4169 1380 4226 sententia
1405 4168 1556 4235 resilirent,
1578 4165 1651 4223 nibil
1679 4166 1715 4221 de

71 4277 119 4328 xx,
130 4263 186 4333 aa),
207 4262 358 4318 interstitia
383 4275 509 4331 namque
529 4261 670 4330 parietum
690 4275 748 4317 non
764 4274 813 4331 pe-
832 4274 996 4331 pmrpore,
1013 4261 1090 4331 quod
1105 4259 1233 4331 Virginis
1253 4267 1354 4316 uterus
1375 4257 1449 4314 tudlt
1469 4255 1608 4325 interris,
1635 4267 1714 4312 rese-

57 4357 79 4408 n
97 4351 210 4421 pondus
227 4349 324 4406 carnis
340 4362 374 4405 ac
393 4363 466 4417 ossa,
485 4363 536 4405 nec
558 4350 711 4406 aetheream
729 4349 811 4406 habi·
866 4350 941 4406 disso
955 4349 1084 4417 terentes,
1112 4349 1147 4405 ad
1172 4349 1328 4404 missarum
1347 4346 1486 4404 solemnia
1510 4351 1622 4402 constat
1644 4343 1715 4400 v'en·

57 4452 101 4496 em
124 4438 189 4496 talis
208 4440 383 4497 naturaliter
399 4439 508 4509 patitur
530 4438 718 4509 corpulentia,
735 4438 812 4510 quod
867 4445 938 4495 turn.
964 4438 1023 4494 lllic
1045 4438 1074 4493 in
1100 4438 1189 4494 sacris
1211 4436 1313 4494 mediis
1342 4433 1551 4506 phylacterium
1576 4432 1612 4488 ab
1630 4430 1714 4487 altari

79 4527 179 4584 virtuti
200 4528 417 4585 resurrectionis
436 4527 603 4596 ascribitur;
624 4518 675 4599 qui
699 4542 729 4584 se
747 4528 812 4584 lon·
866 4527 973 4583 dicitur
992 4525 1153 4584 substitisse
1174 4539 1364 4596 suspensum:
1382 4522 1459 4594 quod
1478 4521 1543 4591 sibi,
1557 4528 1584 4577 et
1608 4518 1712 4589 aliqui·

59 4614 163 4672 iterum
201 4614 284 4687 tingit
309 4619 380 4669 ³52
411 4614 481 4670 dum
508 4628 525 4669 a
549 4614 662 4672 duobus
687 4615 814 4686 praelatis
867 4615 931 4682 bns,
956 4614 1007 4685 qui
1030 4614 1176 4681 viderunt,
1199 4613 1340 4669 exstitisse
1364 4612 1642 4680 aiuntargumento.
1661 4605 1715 4664 Sed

57 4716 116 4761 rere
131 4703 314 4774 compellitur
328 4703 406 4770 (Luc.
422 4718 500 4770 xxiv,
516 4703 575 4773 til),
592 4718 649 4760 non
673 4702 764 4774 potnit
776 4705 812 4759 ad
868 4701 956 4774 quod,
979 4715 1087 4773 queso,
1112 4700 1337 4773 argumentum?
1355 4702 1424 4766 Qua
1444 4709 1581 4768 superna,
1606 4709 1713 4767 quaeso,

57 4791 165 4863 isigna
180 4789 319 4860 passionis
335 4804 434 4846 recens
448 4797 518 4846 actae
539 4787 658 4846 cuilibet
670 4789 813 4846 dubitanti
868 4804 935 4858 vox,
952 4790 1028 4861 quis,
1045 4803 1155 4860 precor,
1180 4789 1301 4860 angelus
1320 4787 1458 4855 detonuit,
1478 4786 1593 4842 dentem
1612 4782 1715 4840 Salva·

57 4893 133 4947 nera,
149 4893 186 4936 ex
201 4894 259 4950 quo
273 4879 316 4935 sui
341 4878 431 4948 ipsius
451 4886 513 4934 turn
536 4886 651 4946 natura,
669 4886 728 4935 tum
747 4893 814 4949 per-
869 4879 938 4935 toris
953 4887 1022 4934 tunc
1036 4892 1097 4935 esse
1116 4892 1203 4949 quern
1229 4877 1349 4934 tenellus
1368 4873 1509 4932 ediderit?
1521 4873 1573 4929 Sed
1589 4872 1659 4944 quid
1678 4871 1715 4927 ad

57 4967 210 5037 imbetnr?
236 4969 336 5024 Nonne
358 4967 405 5023 illa
423 4981 520 5023 conatu
546 4969 636 5035 Petro,
660 4968 765 5024 tacobo
787 4975 815 5024 et
869 4980 914 5022 me
938 4967 1069 5038 angelus,
1091 4967 1161 5038 quid
1182 4965 1260 5022 voxi
1280 4965 1308 5022 Si
1333 4963 1427 5021 throni
1455 4969 1483 5020 ct
1506 4960 1716 5018 dominationes

59 5055 118 5114 ein
133 5064 229 5113 tnonte
245 5056 460 5126 transfiguratio
480 5055 675 5126 perlunctoria
696 5056 814 5124 exstitit,
869 5055 946 5111 istud
960 5063 1130 5123 assererent,
1145 5055 1217 5112 nulli
1231 5068 1298 5111 vere
1314 5053 1452 5121 fidelium,
1469 5051 1517 5107 sed
1532 5049 1597 5105 ildei
1621 5062 1716 5105 scren-

57 5143 82 5201 t.
97 5159 168 5214 xvu,
183 5144 221 5215 2),
239 5151 271 5200 nt
290 5145 424 5215 probaret
442 5159 529 5216 quern
550 5152 612 5214 post
628 5145 816 5201 resurrectio·
871 5143 941 5200 tiam
953 5142 1123 5200 habentium
1145 5142 1235 5198 animi
1250 5140 1382 5199 assentiri
1399 5140 1456 5197 ullo
1471 5137 1554 5196 modo
1569 5136 1714 5194 deberent.

57 5239 163 5291 statum
184 5232 327 5301 babuerit,
354 5246 442 5304 quern
468 5239 564 5289 umen
588 5241 621 5289 ut
647 5240 719 5300 erat,
749 5246 816 5290 cum
871 5231 936 5299 Qui,
953 5239 986 5289 ut
999 5231 1133 5302 superius
1144 5229 1282 5299 diximus,
1298 5237 1326 5287 et
1339 5227 1441 5286 millies
1460 5225 1649 5297 repetendam
1662 5224 1717 5282 dn-

58 5319 182 5390 rexisset‚
211 5335 262 5391 pro
288 5320 453 5378 infirmitate
484 5319 644 5378 videntium
669 5318 817 5377 ostendere
871 5320 974 5389 cimas,
990 5320 1014 5376 si
1028 5319 1165 5391 capillum
1176 5319 1211 5376 de
1226 5319 1308 5377 nobis
1318 5333 1375 5375 non
1385 5317 1546 5388 periturum
1560 5320 1716 5380 asseverat,

58 5408 154 5466 sediti
174 5412 213 5466 dc
233 5409 257 5465 si
283 5409 389 5465 diceret
404 5423 410 5464 :
426 5406 500 5476 Quia
515 5408 595 5465 vobis
619 5423 676 5465 non
701 5408 819 5478 expedit
872 5409 895 5463 si
911 5407 1062 5481 quidpiam
1077 5409 1107 5465 in
1126 5415 1203 5464 terra
1225 5406 1311 5465 babet
1331 5404 1447 5475 residui,
1467 5404 1497 5459 in
1520 5416 1551 5459 se
1571 5402 1719 5458 credentes

58 5496 175 5555 nmnuti
207 5497 335 5569 corporis
366 5495 524 5554 duritatem
555 5496 639 5554 robis
669 5495 819 5553 redivivus
873 5496 969 5568 potius
986 5497 1117 5568 exemplo
1133 5510 1188 5555 suo
1212 5497 1365 5569 desporme
1387 5507 1478 5569 quam
1497 5490 1637 5550 doctrinis
1657 5504 1718 5548 cre·
