<?xml version="1.0" encoding="UTF-8"?>
<!DOCTYPE html PUBLIC "-//W3C//DTD XHTML 1.0 Transitional//EN"
    "http://www.w3.org/TR/xhtml1/DTD/xhtml1-transitional.dtd">
<html xmlns="http://www.w3.org/1999/xhtml" xml:lang="en" lang="en">
 <head>
  <title>
</title>
<meta http-equiv="Content-Type" content="text/html;charset=utf-8" />
  <meta name='ocr-system' content='tesseract 3.04.00' />
  <meta name='ocr-capabilities' content='ocr_page ocr_carea ocr_par ocr_line ocrx_word'/>
</head>
<body>
  <div class='ocr_page' id='page_1' title='image "./patrologiaecurs05unkngoog_0238.png"; bbox 0 0 3794 6008; ppageno 0'>
   <div class='ocr_carea' id='block_1_1' title="bbox 328 272 1711 342">
    <p class='ocr_par' dir='ltr' id='par_1_1' title="bbox 328 272 1711 342">
     <span class='ocr_line' id='line_1_1' title="bbox 328 272 1711 342; baseline 0.011 -15"><span class='ocrx_word' id='word_1_1' title='bbox 328 272 555 331; x_wconf 70' lang='lat' dir='ltr'><strong>ruoeoboeffl</strong></span> <span class='ocrx_word' id='word_1_2' title='bbox 572 273 609 331; x_wconf 81' lang='lat' dir='ltr'><strong>Ili</strong></span> <span class='ocrx_word' id='word_1_3' title='bbox 627 272 732 341; x_wconf 64' lang='lat'><strong>0888,</strong></span> <span class='ocrx_word' id='word_1_4' title='bbox 752 277 845 336; x_wconf 76' lang='lat' dir='ltr'><strong>ellos</strong></span> <span class='ocrx_word' id='word_1_5' title='bbox 863 278 907 334; x_wconf 81' lang='lat' dir='ltr'><strong>nl</strong></span> <span class='ocrx_word' id='word_1_6' title='bbox 925 277 1003 335; x_wconf 77' lang='lat' dir='ltr'><strong>ine.</strong></span> <span class='ocrx_word' id='word_1_7' title='bbox 1024 307 1055 317; x_wconf 86' lang='lat'><strong>··</strong></span> <span class='ocrx_word' id='word_1_8' title='bbox 1067 274 1135 333; x_wconf 82' lang='lat' dir='ltr'><strong>nte.</strong></span> <span class='ocrx_word' id='word_1_9' title='bbox 1155 279 1189 334; x_wconf 80' lang='lat' dir='ltr'><strong>V.</strong></span> <span class='ocrx_word' id='word_1_10' title='bbox 1213 280 1248 335; x_wconf 81' lang='lat' dir='ltr'><strong>lli</strong></span> <span class='ocrx_word' id='word_1_11' title='bbox 1266 280 1341 338; x_wconf 75' lang='lat' dir='ltr'><strong>tert.</strong></span> <span class='ocrx_word' id='word_1_12' title='bbox 1467 272 1470 277; x_wconf 40' lang='lat'>¹</span> <span class='ocrx_word' id='word_1_13' title='bbox 1654 287 1711 342; x_wconf 72' lang='grc' dir='ltr'>ιιιιι</span> 
     </span>
    </p>
   </div>
   <div class='ocr_carea' id='block_1_2' title="bbox 51 407 1711 2673">
    <p class='ocr_par' dir='ltr' id='par_1_2' title="bbox 51 407 1711 2505">
     <span class='ocr_line' id='line_1_2' title="bbox 348 407 1711 487; baseline 0.012 -27"><span class='ocrx_word' id='word_1_14' title='bbox 348 419 412 460; x_wconf 81' lang='grc' dir='ltr'>ιιι.</span> <span class='ocrx_word' id='word_1_15' title='bbox 822 408 915 464; x_wconf 78' lang='lat' dir='ltr'><strong>anisi</strong></span> <span class='ocrx_word' id='word_1_16' title='bbox 931 415 964 465; x_wconf 92' lang='lat' dir='ltr'><strong>ut</strong></span> <span class='ocrx_word' id='word_1_17' title='bbox 981 407 1092 479; x_wconf 87' lang='lat' dir='ltr'><strong>absque</strong></span> <span class='ocrx_word' id='word_1_18' title='bbox 1110 408 1259 481; x_wconf 86' lang='lat' dir='ltr'><strong>scrupulo,</strong></span> <span class='ocrx_word' id='word_1_19' title='bbox 1274 417 1301 467; x_wconf 92' lang='lat' dir='ltr'><strong>et</strong></span> <span class='ocrx_word' id='word_1_20' title='bbox 1320 411 1510 477; x_wconf 71' lang='lat' dir='ltr'>crassitudine</span> <span class='ocrx_word' id='word_1_21' title='bbox 1530 415 1711 487; x_wconf 76' lang='lat' dir='ltr'><strong>cogitationis</strong></span> 
     </span>
     <span class='ocr_line' id='line_1_3' title="bbox 52 490 1710 576; baseline 0.009 -28"><span class='ocrx_word' id='word_1_22' title='bbox 52 505 76 548; x_wconf 86' lang='grc' dir='ltr'><strong>ι.</strong></span> <span class='ocrx_word' id='word_1_23' title='bbox 96 493 138 545; x_wconf 84' lang='grc'><strong>11.</strong></span> <span class='ocrx_word' id='word_1_24' title='bbox 154 520 189 532; x_wconf 90' lang='grc'><strong>-</strong></span> <span class='ocrx_word' id='word_1_25' title='bbox 205 509 219 543; x_wconf 75' lang='lat' dir='ltr'><strong>a</strong></span> <span class='ocrx_word' id='word_1_26' title='bbox 236 490 313 547; x_wconf 79' lang='lat' dir='ltr'><strong>Decii</strong></span> <span class='ocrx_word' id='word_1_27' title='bbox 327 491 466 549; x_wconf 84' lang='lat' dir='ltr'><strong>Dominus</strong></span> <span class='ocrx_word' id='word_1_28' title='bbox 485 507 551 563; x_wconf 73' lang='lat' dir='ltr'><strong>quae</strong></span> <span class='ocrx_word' id='word_1_29' title='bbox 565 492 711 565; x_wconf 90' lang='lat' dir='ltr'><strong>cogitavit,</strong></span> <span class='ocrx_word' id='word_1_30' title='bbox 725 509 806 551; x_wconf 91' lang='lat' dir='ltr'><strong>oom-</strong></span> <span class='ocrx_word' id='word_1_31' title='bbox 860 496 970 567; x_wconf 82' lang='lat' dir='ltr'><strong>aliqua,</strong></span> <span class='ocrx_word' id='word_1_32' title='bbox 996 496 1170 552; x_wconf 90' lang='lat' dir='ltr'><strong>conscientia</strong></span> <span class='ocrx_word' id='word_1_33' title='bbox 1193 497 1325 568; x_wconf 88' lang='lat' dir='ltr'><strong>interius,</strong></span> <span class='ocrx_word' id='word_1_34' title='bbox 1350 499 1402 556; x_wconf 94' lang='lat' dir='ltr'><strong>ubi</strong></span> <span class='ocrx_word' id='word_1_35' title='bbox 1424 500 1503 558; x_wconf 92' lang='lat' dir='ltr'><strong>solus</strong></span> <span class='ocrx_word' id='word_1_36' title='bbox 1522 503 1599 560; x_wconf 91' lang='lat' dir='ltr'><strong>Deus</strong></span> <span class='ocrx_word' id='word_1_37' title='bbox 1622 506 1710 576; x_wconf 90' lang='lat' dir='ltr'><strong>videt,</strong></span> 
     </span>
     <span class='ocr_line' id='line_1_4' title="bbox 52 578 1710 661; baseline 0.01 -27"><span class='ocrx_word' id='word_1_38' title='bbox 52 578 71 636; x_wconf 90' lang='lat' dir='ltr'><strong>it</strong></span> <span class='ocrx_word' id='word_1_39' title='bbox 90 592 251 636; x_wconf 89' lang='lat' dir='ltr'><strong>sermonem</strong></span> <span class='ocrx_word' id='word_1_40' title='bbox 277 593 364 636; x_wconf 87' lang='lat' dir='ltr'><strong>suum</strong></span> <span class='ocrx_word' id='word_1_41' title='bbox 392 595 478 651; x_wconf 88' lang='lat' dir='ltr'><strong>quem</strong></span> <span class='ocrx_word' id='word_1_42' title='bbox 502 591 676 651; x_wconf 78' lang='lat' dir='ltr'><strong>preceperat</strong></span> <span class='ocrx_word' id='word_1_43' title='bbox 699 596 717 638; x_wconf 88' lang='lat' dir='ltr'><strong>a</strong></span> <span class='ocrx_word' id='word_1_44' title='bbox 742 582 806 639; x_wconf 91' lang='lat' dir='ltr'><strong>die·</strong></span> <span class='ocrx_word' id='word_1_45' title='bbox 859 592 1072 641; x_wconf 70' lang='lat' dir='ltr'><strong>extenuetur«</strong></span> <span class='ocrx_word' id='word_1_46' title='bbox 1094 585 1169 640; x_wconf 88' lang='lat' dir='ltr'><strong>Lora</strong></span> <span class='ocrx_word' id='word_1_47' title='bbox 1182 585 1218 640; x_wconf 92' lang='lat' dir='ltr'><strong>ad</strong></span> <span class='ocrx_word' id='word_1_48' title='bbox 1237 600 1304 642; x_wconf 90' lang='lat' dir='ltr'><strong>euru</strong></span> <span class='ocrx_word' id='word_1_49' title='bbox 1329 601 1434 644; x_wconf 92' lang='lat' dir='ltr'><strong>manus</strong></span> <span class='ocrx_word' id='word_1_50' title='bbox 1460 597 1523 647; x_wconf 87' lang='lat' dir='ltr'><strong>tuas</strong></span> <span class='ocrx_word' id='word_1_51' title='bbox 1537 605 1590 661; x_wconf 92' lang='lat' dir='ltr'><strong>pro</strong></span> <span class='ocrx_word' id='word_1_52' title='bbox 1613 595 1710 651; x_wconf 90' lang='lat' dir='ltr'><strong>anima</strong></span> 
     </span>
     <span class='ocr_line' id='line_1_5' title="bbox 55 666 1709 745; baseline 0.011 -24"><span class='ocrx_word' id='word_1_53' title='bbox 55 666 204 737; x_wconf 88' lang='lat' dir='ltr'><strong>antiquis;</strong></span> <span class='ocrx_word' id='word_1_54' title='bbox 229 668 381 736; x_wconf 75' lang='lat' dir='ltr'><strong>destruxit,</strong></span> <span class='ocrx_word' id='word_1_55' title='bbox 409 675 508 724; x_wconf 92' lang='lat' dir='ltr'><strong>etuon</strong></span> <span class='ocrx_word' id='word_1_56' title='bbox 528 669 665 739; x_wconf 82' lang='lat' dir='ltr'><strong>pepercit,</strong></span> <span class='ocrx_word' id='word_1_57' title='bbox 690 678 718 727; x_wconf 93' lang='grc' dir='ltr'><strong>ιι</strong></span> <span class='ocrx_word' id='word_1_58' title='bbox 731 670 805 728; x_wconf 83' lang='grc' dir='ltr'>ιιιιι-</span> <span class='ocrx_word' id='word_1_59' title='bbox 861 670 1082 740; x_wconf 75' lang='lat' dir='ltr'><strong>»parvulorum</strong></span> <span class='ocrx_word' id='word_1_60' title='bbox 1108 680 1234 742; x_wconf 89' lang='lat' dir='ltr'><strong>tuorum,</strong></span> <span class='ocrx_word' id='word_1_61' title='bbox 1264 675 1316 745; x_wconf 88' lang='lat' dir='ltr'><strong>qui</strong></span> <span class='ocrx_word' id='word_1_62' title='bbox 1339 676 1504 733; x_wconf 82' lang='lat' dir='ltr'><strong>deiecerunt</strong></span> <span class='ocrx_word' id='word_1_63' title='bbox 1527 678 1558 734; x_wconf 90' lang='lat' dir='ltr'><strong>in</strong></span> <span class='ocrx_word' id='word_1_64' title='bbox 1583 682 1658 738; x_wconf 85' lang='lat' dir='ltr'><strong>lame</strong></span> <span class='ocrx_word' id='word_1_65' title='bbox 1681 682 1709 739; x_wconf 93' lang='lat' dir='ltr'><strong>in</strong></span> 
     </span>
     <span class='ocr_line' id='line_1_6' title="bbox 52 754 1709 831; baseline 0.008 -21"><span class='ocrx_word' id='word_1_66' title='bbox 52 754 83 810; x_wconf 85' lang='lat' dir='ltr'><strong>rit</strong></span> <span class='ocrx_word' id='word_1_67' title='bbox 112 769 199 825; x_wconf 88' lang='lat' dir='ltr'><strong>super</strong></span> <span class='ocrx_word' id='word_1_68' title='bbox 228 763 254 811; x_wconf 86' lang='lat' dir='ltr'><strong>te</strong></span> <span class='ocrx_word' id='word_1_69' title='bbox 280 757 438 823; x_wconf 90' lang='lat' dir='ltr'><strong>inimicum,</strong></span> <span class='ocrx_word' id='word_1_70' title='bbox 469 757 608 814; x_wconf 79' lang='lat' dir='ltr'><strong>exaltavit</strong></span> <span class='ocrx_word' id='word_1_71' title='bbox 634 772 725 816; x_wconf 87' lang='lat' dir='ltr'><strong>cornu</strong></span> <span class='ocrx_word' id='word_1_72' title='bbox 750 760 805 816; x_wconf 91' lang='lat' dir='ltr'><strong>bo-</strong></span> <span class='ocrx_word' id='word_1_73' title='bbox 862 759 1129 828; x_wconf 68' lang='lat' dir='ltr'><strong>rcapitocmnium</strong></span> <span class='ocrx_word' id='word_1_74' title='bbox 1152 761 1353 831; x_wconf 87' lang='lat' dir='ltr'><strong>compitorum.</strong></span> <span class='ocrx_word' id='word_1_75' title='bbox 1375 785 1387 812; x_wconf 76' lang='grc' dir='ltr'><strong>ι</strong></span> <span class='ocrx_word' id='word_1_76' title='bbox 1407 764 1529 820; x_wconf 73' lang='lat' dir='ltr'><strong>adeum</strong></span> <span class='ocrx_word' id='word_1_77' title='bbox 1553 767 1628 824; x_wconf 85' lang='lat' dir='ltr'><strong>levat</strong></span> <span class='ocrx_word' id='word_1_78' title='bbox 1646 785 1709 824; x_wconf 88' lang='lat' dir='ltr'><strong>ma-</strong></span> 
     </span>
     <span class='ocr_line' id='line_1_7' title="bbox 52 843 1709 918; baseline 0.01 -21"><span class='ocrx_word' id='word_1_79' title='bbox 52 856 75 897; x_wconf 89' lang='lat' dir='ltr'><strong>n</strong></span> <span class='ocrx_word' id='word_1_80' title='bbox 87 848 214 899; x_wconf 92' lang='lat' dir='ltr'><strong>tuorum.</strong></span> <span class='ocrx_word' id='word_1_81' title='bbox 234 863 245 891; x_wconf 76' lang='grc' dir='ltr'><strong>ι</strong></span> <span class='ocrx_word' id='word_1_82' title='bbox 271 843 337 911; x_wconf 86' lang='lat' dir='ltr'><strong>Phe,</strong></span> <span class='ocrx_word' id='word_1_83' title='bbox 353 844 611 914; x_wconf 90' lang='lat' dir='ltr'><strong>interpretaturos.</strong></span> <span class='ocrx_word' id='word_1_84' title='bbox 627 846 681 903; x_wconf 91' lang='lat' dir='ltr'><strong>Ore</strong></span> <span class='ocrx_word' id='word_1_85' title='bbox 697 855 806 904; x_wconf 87' lang='lat' dir='ltr'><strong>secreta</strong></span> <span class='ocrx_word' id='word_1_86' title='bbox 858 862 919 914; x_wconf 83' lang='lat' dir='ltr'><strong>aas,</strong></span> <span class='ocrx_word' id='word_1_87' title='bbox 935 847 986 918; x_wconf 88' lang='lat' dir='ltr'><strong>qui</strong></span> <span class='ocrx_word' id='word_1_88' title='bbox 1003 848 1112 905; x_wconf 91' lang='lat' dir='ltr'><strong>bouum</strong></span> <span class='ocrx_word' id='word_1_89' title='bbox 1127 848 1156 904; x_wconf 91' lang='lat' dir='ltr'><strong>in</strong></span> <span class='ocrx_word' id='word_1_90' title='bbox 1167 849 1216 905; x_wconf 89' lang='lat' dir='ltr'><strong>Dei</strong></span> <span class='ocrx_word' id='word_1_91' title='bbox 1230 851 1354 916; x_wconf 90' lang='lat' dir='ltr'><strong>nomine,</strong></span> <span class='ocrx_word' id='word_1_92' title='bbox 1368 866 1424 907; x_wconf 92' lang='lat' dir='ltr'><strong>uon</strong></span> <span class='ocrx_word' id='word_1_93' title='bbox 1440 853 1469 909; x_wconf 92' lang='lat' dir='ltr'><strong>in</strong></span> <span class='ocrx_word' id='word_1_94' title='bbox 1482 852 1567 910; x_wconf 91' lang='lat' dir='ltr'><strong>laude</strong></span> <span class='ocrx_word' id='word_1_95' title='bbox 1581 855 1709 914; x_wconf 91' lang='lat' dir='ltr'><strong>bumana</strong></span> 
     </span>
     <span class='ocr_line' id='line_1_8' title="bbox 52 930 1708 1014; baseline 0.008 -28"><span class='ocrx_word' id='word_1_96' title='bbox 52 943 61 986; x_wconf 85' lang='grc' dir='ltr'><strong>ι</strong></span> <span class='ocrx_word' id='word_1_97' title='bbox 84 930 188 986; x_wconf 92' lang='lat' dir='ltr'><strong>mentis</strong></span> <span class='ocrx_word' id='word_1_98' title='bbox 213 931 399 988; x_wconf 85' lang='lat' dir='ltr'><strong>absolvimus.</strong></span> <span class='ocrx_word' id='word_1_99' title='bbox 427 933 464 990; x_wconf 88' lang='lat' dir='ltr'><strong>Et</strong></span> <span class='ocrx_word' id='word_1_100' title='bbox 488 936 617 989; x_wconf 81' lang='lat' dir='ltr'><strong>Dominus</strong></span> <span class='ocrx_word' id='word_1_101' title='bbox 649 934 717 991; x_wconf 86' lang='lat' dir='ltr'><strong>facit</strong></span> <span class='ocrx_word' id='word_1_102' title='bbox 746 951 806 1005; x_wconf 81' lang='lat' dir='ltr'><strong>qua</strong></span> <span class='ocrx_word' id='word_1_103' title='bbox 858 934 977 1001; x_wconf 89' lang='lat' dir='ltr'><strong>extollit,</strong></span> <span class='ocrx_word' id='word_1_104' title='bbox 994 949 1052 991; x_wconf 93' lang='lat' dir='ltr'><strong>uon</strong></span> <span class='ocrx_word' id='word_1_105' title='bbox 1072 935 1189 992; x_wconf 89' lang='lat' dir='ltr'><strong>inclinat</strong></span> <span class='ocrx_word' id='word_1_106' title='bbox 1208 951 1290 1007; x_wconf 91' lang='lat' dir='ltr'><strong>opus.</strong></span> <span class='ocrx_word' id='word_1_107' title='bbox 1309 939 1345 994; x_wconf 83' lang='lat' dir='ltr'><strong>Et</strong></span> <span class='ocrx_word' id='word_1_108' title='bbox 1359 940 1412 995; x_wconf 93' lang='lat' dir='ltr'><strong>boc</strong></span> <span class='ocrx_word' id='word_1_109' title='bbox 1429 956 1479 1010; x_wconf 83' lang='lat' dir='ltr'><strong>pro</strong></span> <span class='ocrx_word' id='word_1_110' title='bbox 1494 945 1588 997; x_wconf 83' lang='lat' dir='ltr'><strong>ocimo</strong></span> <span class='ocrx_word' id='word_1_111' title='bbox 1600 959 1708 1014; x_wconf 79' lang='lat' dir='ltr'><strong>porea-</strong></span> 
     </span>
     <span class='ocr_line' id='line_1_9' title="bbox 52 1021 1708 1093; baseline 0.01 -20"><span class='ocrx_word' id='word_1_112' title='bbox 52 1025 73 1088; x_wconf 92' lang='lat' dir='ltr'><strong>t,</strong></span> <span class='ocrx_word' id='word_1_113' title='bbox 91 1032 159 1073; x_wconf 92' lang='lat' dir='ltr'><strong>cum</strong></span> <span class='ocrx_word' id='word_1_114' title='bbox 181 1032 223 1082; x_wconf 87' lang='lat' dir='ltr'><strong>ea,</strong></span> <span class='ocrx_word' id='word_1_115' title='bbox 248 1034 313 1090; x_wconf 80' lang='lat' dir='ltr'><strong>quac</strong></span> <span class='ocrx_word' id='word_1_116' title='bbox 334 1021 412 1076; x_wconf 86' lang='lat' dir='ltr'><strong>cordi</strong></span> <span class='ocrx_word' id='word_1_117' title='bbox 437 1029 533 1077; x_wconf 91' lang='lat' dir='ltr'><strong>nostro</strong></span> <span class='ocrx_word' id='word_1_118' title='bbox 548 1022 702 1092; x_wconf 89' lang='lat' dir='ltr'><strong>aspirando</strong></span> <span class='ocrx_word' id='word_1_119' title='bbox 732 1024 805 1080; x_wconf 91' lang='lat' dir='ltr'><strong>insi·</strong></span> <span class='ocrx_word' id='word_1_120' title='bbox 858 1024 956 1087; x_wconf 80' lang='lat' dir='ltr'><strong>brom,</strong></span> <span class='ocrx_word' id='word_1_121' title='bbox 974 1023 1003 1079; x_wconf 93' lang='lat' dir='ltr'><strong>id</strong></span> <span class='ocrx_word' id='word_1_122' title='bbox 1026 1029 1068 1079; x_wconf 88' lang='lat' dir='ltr'><strong>est</strong></span> <span class='ocrx_word' id='word_1_123' title='bbox 1097 1038 1147 1093; x_wconf 92' lang='lat' dir='ltr'><strong>pro</strong></span> <span class='ocrx_word' id='word_1_124' title='bbox 1169 1024 1228 1080; x_wconf 89' lang='lat' dir='ltr'><strong>vita</strong></span> <span class='ocrx_word' id='word_1_125' title='bbox 1255 1026 1417 1084; x_wconf 90' lang='lat' dir='ltr'><strong>studiorum</strong></span> <span class='ocrx_word' id='word_1_126' title='bbox 1443 1043 1543 1087; x_wconf 90' lang='lat' dir='ltr'><strong>recens</strong></span> <span class='ocrx_word' id='word_1_127' title='bbox 1563 1030 1591 1086; x_wconf 92' lang='lat' dir='ltr'><strong>in</strong></span> <span class='ocrx_word' id='word_1_128' title='bbox 1608 1040 1708 1089; x_wconf 90' lang='lat' dir='ltr'><strong>sancta</strong></span> 
     </span>
     <span class='ocr_line' id='line_1_10' title="bbox 68 1105 1707 1190; baseline 0.01 -30"><span class='ocrx_word' id='word_1_129' title='bbox 68 1105 116 1175; x_wconf 93' lang='lat' dir='ltr'><strong>pia</strong></span> <span class='ocrx_word' id='word_1_130' title='bbox 146 1106 240 1176; x_wconf 92' lang='lat' dir='ltr'><strong>operis</strong></span> <span class='ocrx_word' id='word_1_131' title='bbox 269 1110 452 1164; x_wconf 87' lang='lat' dir='ltr'><strong>exsecutione</strong></span> <span class='ocrx_word' id='word_1_132' title='bbox 492 1110 609 1166; x_wconf 88' lang='lat' dir='ltr'><strong>revelat.</strong></span> <span class='ocrx_word' id='word_1_133' title='bbox 649 1113 803 1169; x_wconf 78' lang='lat' dir='ltr'><strong>Sermonem</strong></span> <span class='ocrx_word' id='word_1_134' title='bbox 857 1111 1031 1180; x_wconf 73' lang='lat' dir='ltr'><strong>professione</strong></span> <span class='ocrx_word' id='word_1_135' title='bbox 1045 1118 1214 1181; x_wconf 83' lang='lat' dir='ltr'><strong>coeptorum.</strong></span> <span class='ocrx_word' id='word_1_136' title='bbox 1241 1116 1273 1168; x_wconf 84' lang='lat' dir='ltr'><strong>la</strong></span> <span class='ocrx_word' id='word_1_137' title='bbox 1292 1118 1366 1181; x_wconf 77' lang='lat' dir='ltr'><strong>some</strong></span> <span class='ocrx_word' id='word_1_138' title='bbox 1392 1116 1539 1184; x_wconf 78' lang='lat' dir='ltr'><strong>deficiunt,</strong></span> <span class='ocrx_word' id='word_1_139' title='bbox 1560 1121 1610 1190; x_wconf 85' lang='lat' dir='ltr'><strong>qui</strong></span> <span class='ocrx_word' id='word_1_140' title='bbox 1626 1121 1707 1178; x_wconf 90' lang='lat' dir='ltr'><strong>verbi</strong></span> 
     </span>
     <span class='ocr_line' id='line_1_11' title="bbox 55 1195 1705 1278; baseline 0.008 -27"><span class='ocrx_word' id='word_1_141' title='bbox 55 1195 188 1263; x_wconf 87' lang='lat' dir='ltr'><strong>complet,</strong></span> <span class='ocrx_word' id='word_1_142' title='bbox 218 1210 284 1251; x_wconf 92' lang='lat' dir='ltr'><strong>cum</strong></span> <span class='ocrx_word' id='word_1_143' title='bbox 309 1210 352 1259; x_wconf 85' lang='lat' dir='ltr'><strong>ea,</strong></span> <span class='ocrx_word' id='word_1_144' title='bbox 381 1210 447 1266; x_wconf 85' lang='lat' dir='ltr'><strong>quae</strong></span> <span class='ocrx_word' id='word_1_145' title='bbox 478 1197 687 1268; x_wconf 86' lang='lat' dir='ltr'><strong>perspiritum</strong></span> <span class='ocrx_word' id='word_1_146' title='bbox 716 1214 803 1256; x_wconf 91' lang='lat' dir='ltr'><strong>suum</strong></span> <span class='ocrx_word' id='word_1_147' title='bbox 858 1198 906 1254; x_wconf 89' lang='lat' dir='ltr'><strong>Dei</strong></span> <span class='ocrx_word' id='word_1_148' title='bbox 922 1198 1020 1269; x_wconf 88' lang='lat' dir='ltr'><strong>iuopia</strong></span> <span class='ocrx_word' id='word_1_149' title='bbox 1045 1207 1176 1269; x_wconf 86' lang='lat' dir='ltr'><strong>percunt.</strong></span> <span class='ocrx_word' id='word_1_150' title='bbox 1195 1203 1230 1255; x_wconf 84' lang='lat' dir='ltr'><strong>Ic</strong></span> <span class='ocrx_word' id='word_1_151' title='bbox 1260 1206 1349 1271; x_wconf 83' lang='lat' dir='ltr'><strong>capite</strong></span> <span class='ocrx_word' id='word_1_152' title='bbox 1375 1209 1495 1261; x_wconf 79' lang='lat' dir='ltr'><strong>omnium</strong></span> <span class='ocrx_word' id='word_1_153' title='bbox 1518 1211 1705 1278; x_wconf 80' lang='lat' dir='ltr'><strong>compitorum,</strong></span> 
     </span>
     <span class='ocr_line' id='line_1_12' title="bbox 52 1283 1704 1358; baseline 0.01 -20"><span class='ocrx_word' id='word_1_154' title='bbox 52 1283 174 1352; x_wconf 89' lang='lat' dir='ltr'><strong>unobis,</strong></span> <span class='ocrx_word' id='word_1_155' title='bbox 202 1298 252 1354; x_wconf 90' lang='lat' dir='ltr'><strong>per</strong></span> <span class='ocrx_word' id='word_1_156' title='bbox 265 1298 295 1340; x_wconf 91' lang='lat' dir='ltr'><strong>se</strong></span> <span class='ocrx_word' id='word_1_157' title='bbox 309 1295 453 1354; x_wconf 88' lang='lat' dir='ltr'><strong>operatur,</strong></span> <span class='ocrx_word' id='word_1_158' title='bbox 475 1300 525 1355; x_wconf 89' lang='lat' dir='ltr'><strong>per</strong></span> <span class='ocrx_word' id='word_1_159' title='bbox 538 1300 567 1342; x_wconf 91' lang='lat' dir='ltr'><strong>se</strong></span> <span class='ocrx_word' id='word_1_160' title='bbox 582 1287 617 1341; x_wconf 90' lang='lat' dir='ltr'><strong>ad</strong></span> <span class='ocrx_word' id='word_1_161' title='bbox 636 1287 802 1357; x_wconf 89' lang='lat' dir='ltr'><strong>exemplum</strong></span> <span class='ocrx_word' id='word_1_162' title='bbox 857 1287 887 1342; x_wconf 95' lang='lat' dir='ltr'><strong>in</strong></span> <span class='ocrx_word' id='word_1_163' title='bbox 903 1287 1047 1358; x_wconf 91' lang='lat' dir='ltr'><strong>proposito</strong></span> <span class='ocrx_word' id='word_1_164' title='bbox 1067 1287 1175 1345; x_wconf 88' lang='lat' dir='ltr'><strong>scilicet</strong></span> <span class='ocrx_word' id='word_1_165' title='bbox 1196 1291 1326 1347; x_wconf 91' lang='lat' dir='ltr'><strong>omnium</strong></span> <span class='ocrx_word' id='word_1_166' title='bbox 1350 1293 1534 1352; x_wconf 76' lang='lat' dir='ltr'><strong>saecularium</strong></span> <span class='ocrx_word' id='word_1_167' title='bbox 1549 1297 1704 1355; x_wconf 85' lang='lat' dir='ltr'><strong>actionum.</strong></span> 
     </span>
     <span class='ocr_line' id='line_1_13' title="bbox 52 1373 1311 1446; baseline 0.005 -22"><span class='ocrx_word' id='word_1_168' title='bbox 52 1379 78 1427; x_wconf 85' lang='grc' dir='ltr'><strong>ι.</strong></span> <span class='ocrx_word' id='word_1_169' title='bbox 93 1373 178 1428; x_wconf 91' lang='lat' dir='ltr'><strong>lluuc</strong></span> <span class='ocrx_word' id='word_1_170' title='bbox 192 1380 395 1443; x_wconf 78' lang='lat' dir='ltr'><strong>praeoeperato</strong></span> <span class='ocrx_word' id='word_1_171' title='bbox 419 1373 512 1430; x_wconf 83' lang='lat' dir='ltr'><strong>diebus</strong></span> <span class='ocrx_word' id='word_1_172' title='bbox 532 1377 665 1445; x_wconf 83' lang='lat' dir='ltr'><strong>antiquis,</strong></span> <span class='ocrx_word' id='word_1_173' title='bbox 681 1376 751 1446; x_wconf 84' lang='lat' dir='ltr'><strong>quia</strong></span> <span class='ocrx_word' id='word_1_174' title='bbox 770 1390 803 1432; x_wconf 92' lang='lat' dir='ltr'><strong>eo</strong></span> <span class='ocrx_word' id='word_1_175' title='bbox 1251 1391 1311 1434; x_wconf 83' lang='lat' dir='ltr'><strong>uns.</strong></span> 
     </span>
     <span class='ocr_line' id='line_1_14' title="bbox 52 1458 1705 1542; baseline 0.007 -26"><span class='ocrx_word' id='word_1_176' title='bbox 52 1467 218 1527; x_wconf 76' lang='lat' dir='ltr'><strong>istruerata</strong></span> <span class='ocrx_word' id='word_1_177' title='bbox 240 1461 415 1531; x_wconf 90' lang='lat' dir='ltr'><strong>primoribus</strong></span> <span class='ocrx_word' id='word_1_178' title='bbox 439 1462 555 1519; x_wconf 92' lang='lat' dir='ltr'><strong>sanctis.</strong></span> <span class='ocrx_word' id='word_1_179' title='bbox 572 1463 606 1518; x_wconf 88' lang='lat' dir='ltr'><strong>ili</strong></span> <span class='ocrx_word' id='word_1_180' title='bbox 632 1464 710 1519; x_wconf 90' lang='lat' dir='ltr'><strong>enim</strong></span> <span class='ocrx_word' id='word_1_181' title='bbox 734 1472 803 1520; x_wconf 88' lang='lat' dir='ltr'><strong>sunt</strong></span> <span class='ocrx_word' id='word_1_182' title='bbox 892 1458 978 1517; x_wconf 86' lang='lat' dir='ltr'><strong>Vsus.</strong></span> <span class='ocrx_word' id='word_1_183' title='bbox 1000 1463 1045 1517; x_wconf 76' lang='grc' dir='ltr'><strong>ιθ.</strong></span> <span class='ocrx_word' id='word_1_184' title='bbox 1059 1493 1094 1502; x_wconf 94' lang='lat'><em>-</em></span> <span class='ocrx_word' id='word_1_185' title='bbox 1121 1485 1132 1512; x_wconf 79' lang='grc' dir='ltr'><strong>ι</strong></span> <span class='ocrx_word' id='word_1_186' title='bbox 1161 1463 1244 1531; x_wconf 87' lang='lat' dir='ltr'><strong>Vide,</strong></span> <span class='ocrx_word' id='word_1_187' title='bbox 1266 1464 1396 1532; x_wconf 86' lang='lat' dir='ltr'><strong>Domine,</strong></span> <span class='ocrx_word' id='word_1_188' title='bbox 1410 1473 1438 1522; x_wconf 90' lang='grc' dir='ltr'><strong>ιι</strong></span> <span class='ocrx_word' id='word_1_189' title='bbox 1464 1469 1612 1525; x_wconf 90' lang='lat' dir='ltr'><strong>considera</strong></span> <span class='ocrx_word' id='word_1_190' title='bbox 1632 1485 1705 1542; x_wconf 86' lang='lat' dir='ltr'><strong>quo·</strong></span> 
     </span>
     <span class='ocr_line' id='line_1_15' title="bbox 52 1548 1705 1624; baseline 0.004 -20"><span class='ocrx_word' id='word_1_191' title='bbox 52 1548 131 1619; x_wconf 69' lang='lat' dir='ltr'><strong>tuiin</strong></span> <span class='ocrx_word' id='word_1_192' title='bbox 147 1549 220 1605; x_wconf 92' lang='lat' dir='ltr'><strong>libro</strong></span> <span class='ocrx_word' id='word_1_193' title='bbox 237 1550 285 1605; x_wconf 90' lang='lat' dir='ltr'><strong>Dei</strong></span> <span class='ocrx_word' id='word_1_194' title='bbox 310 1550 482 1607; x_wconf 90' lang='lat' dir='ltr'><strong>iormantur.</strong></span> <span class='ocrx_word' id='word_1_195' title='bbox 512 1552 565 1608; x_wconf 83' lang='lat' dir='ltr'><strong>Per</strong></span> <span class='ocrx_word' id='word_1_196' title='bbox 583 1552 802 1610; x_wconf 90' lang='lat' dir='ltr'><strong>boseuimdies</strong></span> <span class='ocrx_word' id='word_1_197' title='bbox 859 1569 870 1594; x_wconf 73' lang='grc' dir='ltr'><strong>ι</strong></span> <span class='ocrx_word' id='word_1_198' title='bbox 896 1548 974 1604; x_wconf 91' lang='lat' dir='ltr'><strong>niam</strong></span> <span class='ocrx_word' id='word_1_199' title='bbox 999 1549 1222 1608; x_wconf 82' lang='lat' dir='ltr'><strong>vindemiaveris</strong></span> <span class='ocrx_word' id='word_1_200' title='bbox 1250 1553 1298 1608; x_wconf 88' lang='lat' dir='ltr'><strong>ita.</strong></span> <span class='ocrx_word' id='word_1_201' title='bbox 1329 1574 1340 1601; x_wconf 68' lang='grc' dir='ltr'><em>υ</em></span> <span class='ocrx_word' id='word_1_202' title='bbox 1370 1554 1434 1623; x_wconf 84' lang='lat' dir='ltr'><strong>lies,</strong></span> <span class='ocrx_word' id='word_1_203' title='bbox 1459 1557 1590 1624; x_wconf 84' lang='lat' dir='ltr'><strong>spiritum</strong></span> <span class='ocrx_word' id='word_1_204' title='bbox 1614 1565 1705 1615; x_wconf 84' lang='lat' dir='ltr'><strong>sonat.</strong></span> 
     </span>
     <span class='ocr_line' id='line_1_16' title="bbox 52 1634 1705 1713; baseline 0.007 -21"><span class='ocrx_word' id='word_1_205' title='bbox 52 1636 183 1707; x_wconf 75' lang='grc' dir='ltr'>ιιιιοιιιιι</span> <span class='ocrx_word' id='word_1_206' title='bbox 209 1638 387 1708; x_wconf 83' lang='lat' dir='ltr'><strong>praecipitur,</strong></span> <span class='ocrx_word' id='word_1_207' title='bbox 417 1654 476 1709; x_wconf 85' lang='lat' dir='ltr'><strong>quo</strong></span> <span class='ocrx_word' id='word_1_208' title='bbox 507 1654 589 1696; x_wconf 89' lang='lat' dir='ltr'><strong>mens</strong></span> <span class='ocrx_word' id='word_1_209' title='bbox 614 1646 683 1696; x_wconf 72' lang='grc' dir='ltr'><strong>ιω</strong></span> <span class='ocrx_word' id='word_1_210' title='bbox 703 1647 800 1698; x_wconf 84' lang='lat' dir='ltr'><strong>nostra</strong></span> <span class='ocrx_word' id='word_1_211' title='bbox 855 1634 986 1693; x_wconf 81' lang='lat' dir='ltr'><strong>Clamant</strong></span> <span class='ocrx_word' id='word_1_212' title='bbox 999 1651 1078 1710; x_wconf 88' lang='lat' dir='ltr'><strong>crgo,</strong></span> <span class='ocrx_word' id='word_1_213' title='bbox 1094 1640 1145 1709; x_wconf 87' lang='lat' dir='ltr'><strong>qui</strong></span> <span class='ocrx_word' id='word_1_214' title='bbox 1161 1653 1260 1710; x_wconf 90' lang='lat' dir='ltr'><strong>supra,</strong></span> <span class='ocrx_word' id='word_1_215' title='bbox 1279 1641 1409 1705; x_wconf 85' lang='lat' dir='ltr'><strong>Domino,</strong></span> <span class='ocrx_word' id='word_1_216' title='bbox 1427 1650 1459 1699; x_wconf 91' lang='grc' dir='ltr'><strong>ιιι</strong></span> <span class='ocrx_word' id='word_1_217' title='bbox 1473 1644 1577 1713; x_wconf 91' lang='lat' dir='ltr'><strong>videat,</strong></span> <span class='ocrx_word' id='word_1_218' title='bbox 1593 1652 1622 1702; x_wconf 91' lang='grc' dir='ltr'><strong>ιι</strong></span> <span class='ocrx_word' id='word_1_219' title='bbox 1636 1661 1705 1704; x_wconf 91' lang='lat' dir='ltr'><strong>oon·</strong></span> 
     </span>
     <span class='ocr_line' id='line_1_17' title="bbox 52 1701 1705 1803; baseline 0.008 -23"><span class='ocrx_word' id='word_1_220' title='bbox 52 1724 141 1780; x_wconf 89' lang='lat' dir='ltr'><strong>monis</strong></span> <span class='ocrx_word' id='word_1_221' title='bbox 167 1727 350 1795; x_wconf 79' lang='lat' dir='ltr'><strong>conceptione</strong></span> <span class='ocrx_word' id='word_1_222' title='bbox 370 1726 521 1784; x_wconf 89' lang='lat' dir='ltr'><strong>lustratur.</strong></span> <span class='ocrx_word' id='word_1_223' title='bbox 550 1727 603 1784; x_wconf 86' lang='lat' dir='ltr'><strong>Sed</strong></span> <span class='ocrx_word' id='word_1_224' title='bbox 632 1735 696 1798; x_wconf 90' lang='lat' dir='ltr'><strong>post</strong></span> <span class='ocrx_word' id='word_1_225' title='bbox 724 1728 800 1784; x_wconf 88' lang='lat' dir='ltr'><strong>banc</strong></span> <span class='ocrx_word' id='word_1_226' title='bbox 819 1701 839 1756; x_wconf 68' lang='grc' dir='ltr'><strong>Β</strong></span> <span class='ocrx_word' id='word_1_227' title='bbox 855 1723 960 1781; x_wconf 84' lang='lat' dir='ltr'><strong>siderei</strong></span> <span class='ocrx_word' id='word_1_228' title='bbox 987 1740 1074 1797; x_wconf 86' lang='lat' dir='ltr'><strong>quem</strong></span> <span class='ocrx_word' id='word_1_229' title='bbox 1105 1727 1145 1783; x_wconf 93' lang='lat' dir='ltr'><strong>ita</strong></span> <span class='ocrx_word' id='word_1_230' title='bbox 1172 1728 1404 1799; x_wconf 88' lang='lat' dir='ltr'><strong>vindemiaverit,</strong></span> <span class='ocrx_word' id='word_1_231' title='bbox 1431 1731 1523 1789; x_wconf 91' lang='lat' dir='ltr'><strong>idest</strong></span> <span class='ocrx_word' id='word_1_232' title='bbox 1546 1733 1705 1803; x_wconf 68' lang='lat' dir='ltr'><strong>videncet</strong></span> 
     </span>
     <span class='ocr_line' id='line_1_18' title="bbox 52 1812 1704 1893; baseline 0.006 -24"><span class='ocrx_word' id='word_1_233' title='bbox 52 1819 107 1869; x_wconf 89' lang='grc' dir='ltr'>ιιιιι</span> <span class='ocrx_word' id='word_1_234' title='bbox 133 1812 254 1870; x_wconf 87' lang='lat' dir='ltr'><strong>destruit</strong></span> <span class='ocrx_word' id='word_1_235' title='bbox 278 1814 427 1880; x_wconf 88' lang='lat' dir='ltr'><strong>Dominus,</strong></span> <span class='ocrx_word' id='word_1_236' title='bbox 455 1822 485 1871; x_wconf 92' lang='lat' dir='ltr'><strong>et</strong></span> <span class='ocrx_word' id='word_1_237' title='bbox 511 1829 569 1871; x_wconf 93' lang='lat' dir='ltr'><strong>nou</strong></span> <span class='ocrx_word' id='word_1_238' title='bbox 607 1816 708 1886; x_wconf 89' lang='lat' dir='ltr'><strong>parcit,</strong></span> <span class='ocrx_word' id='word_1_239' title='bbox 732 1830 799 1872; x_wconf 90' lang='lat' dir='ltr'><strong>cum</strong></span> <span class='ocrx_word' id='word_1_240' title='bbox 854 1813 1076 1883; x_wconf 71' lang='lat' dir='ltr'><strong>praecordialiter</strong></span> <span class='ocrx_word' id='word_1_241' title='bbox 1100 1817 1247 1873; x_wconf 88' lang='lat' dir='ltr'><strong>attendere</strong></span> <span class='ocrx_word' id='word_1_242' title='bbox 1270 1832 1322 1874; x_wconf 90' lang='lat' dir='ltr'><strong>nos</strong></span> <span class='ocrx_word' id='word_1_243' title='bbox 1344 1818 1439 1887; x_wconf 86' lang='lat' dir='ltr'><strong>iaciat,</strong></span> <span class='ocrx_word' id='word_1_244' title='bbox 1456 1822 1599 1890; x_wconf 86' lang='lat' dir='ltr'><strong>quomodo</strong></span> <span class='ocrx_word' id='word_1_245' title='bbox 1615 1823 1704 1893; x_wconf 90' lang='lat' dir='ltr'><strong>spiri-</strong></span> 
     </span>
     <span class='ocr_line' id='line_1_19' title="bbox 52 1901 1702 1982; baseline 0.005 -25"><span class='ocrx_word' id='word_1_246' title='bbox 52 1901 203 1957; x_wconf 85' lang='lat' dir='ltr'><strong>nenderaut</strong></span> <span class='ocrx_word' id='word_1_247' title='bbox 217 1901 252 1956; x_wconf 91' lang='lat' dir='ltr'><strong>ad</strong></span> <span class='ocrx_word' id='word_1_248' title='bbox 276 1902 362 1958; x_wconf 81' lang='lat' dir='ltr'><strong>coelos</strong></span> <span class='ocrx_word' id='word_1_249' title='bbox 377 1910 491 1972; x_wconf 90' lang='lat' dir='ltr'><strong>repente</strong></span> <span class='ocrx_word' id='word_1_250' title='bbox 510 1903 540 1958; x_wconf 92' lang='lat' dir='ltr'><strong>in</strong></span> <span class='ocrx_word' id='word_1_251' title='bbox 563 1904 680 1974; x_wconf 87' lang='lat' dir='ltr'><strong>abyssos</strong></span> <span class='ocrx_word' id='word_1_252' title='bbox 706 1904 799 1961; x_wconf 83' lang='lat' dir='ltr'><strong>delabi</strong></span> <span class='ocrx_word' id='word_1_253' title='bbox 854 1908 926 1968; x_wconf 91' lang='lat' dir='ltr'><strong>tum,</strong></span> <span class='ocrx_word' id='word_1_254' title='bbox 942 1903 993 1972; x_wconf 82' lang='lat' dir='ltr'><strong>oui</strong></span> <span class='ocrx_word' id='word_1_255' title='bbox 1004 1902 1144 1960; x_wconf 91' lang='lat' dir='ltr'><strong>adversus</strong></span> <span class='ocrx_word' id='word_1_256' title='bbox 1157 1918 1272 1961; x_wconf 89' lang='lat' dir='ltr'><strong>carnem</strong></span> <span class='ocrx_word' id='word_1_257' title='bbox 1296 1907 1411 1977; x_wconf 89' lang='lat' dir='ltr'><strong>proprie</strong></span> <span class='ocrx_word' id='word_1_258' title='bbox 1429 1909 1607 1979; x_wconf 88' lang='lat' dir='ltr'><strong>concupiscit</strong></span> <span class='ocrx_word' id='word_1_259' title='bbox 1625 1911 1702 1982; x_wconf 81' lang='lat' dir='ltr'><strong>(Gal.</strong></span> 
     </span>
     <span class='ocr_line' id='line_1_20' title="bbox 52 1989 1701 2068; baseline 0.009 -27"><span class='ocrx_word' id='word_1_260' title='bbox 52 1989 99 2044; x_wconf 87' lang='lat' dir='ltr'><strong>tit.</strong></span> <span class='ocrx_word' id='word_1_261' title='bbox 128 1991 272 2044; x_wconf 80' lang='lat' dir='ltr'><strong>lrrimicom</strong></span> <span class='ocrx_word' id='word_1_262' title='bbox 299 2005 381 2059; x_wconf 82' lang='lat' dir='ltr'><strong>saper</strong></span> <span class='ocrx_word' id='word_1_263' title='bbox 404 2005 468 2047; x_wconf 91' lang='lat' dir='ltr'><strong>eam</strong></span> <span class='ocrx_word' id='word_1_264' title='bbox 490 1990 626 2060; x_wconf 85' lang='lat' dir='ltr'><strong>laetiiicat,</strong></span> <span class='ocrx_word' id='word_1_265' title='bbox 654 2007 722 2049; x_wconf 93' lang='lat' dir='ltr'><strong>cum</strong></span> <span class='ocrx_word' id='word_1_266' title='bbox 744 1993 798 2050; x_wconf 90' lang='lat' dir='ltr'><strong>sub</strong></span> <span class='ocrx_word' id='word_1_267' title='bbox 852 2003 880 2055; x_wconf 92' lang='lat' dir='ltr'><strong>v,</strong></span> <span class='ocrx_word' id='word_1_268' title='bbox 898 1989 951 2060; x_wconf 84' lang='grc'><strong>17),</strong></span> <span class='ocrx_word' id='word_1_269' title='bbox 972 1990 1110 2047; x_wconf 90' lang='lat' dir='ltr'><strong>vitalibus</strong></span> <span class='ocrx_word' id='word_1_270' title='bbox 1137 1993 1210 2049; x_wconf 89' lang='lat' dir='ltr'><strong>lucis</strong></span> <span class='ocrx_word' id='word_1_271' title='bbox 1228 1993 1372 2050; x_wconf 84' lang='lat' dir='ltr'><strong>fructibus</strong></span> <span class='ocrx_word' id='word_1_272' title='bbox 1393 2002 1539 2066; x_wconf 88' lang='lat' dir='ltr'><strong>tantopere</strong></span> <span class='ocrx_word' id='word_1_273' title='bbox 1560 1998 1701 2068; x_wconf 91' lang='lat' dir='ltr'><strong>spoliave-</strong></span> 
     </span>
     <span class='ocr_line' id='line_1_21' title="bbox 51 2077 1701 2156; baseline 0.005 -23"><span class='ocrx_word' id='word_1_274' title='bbox 51 2090 81 2133; x_wconf 89' lang='lat' dir='ltr'><strong>m</strong></span> <span class='ocrx_word' id='word_1_275' title='bbox 101 2077 199 2144; x_wconf 90' lang='lat' dir='ltr'><strong>bostis,</strong></span> <span class='ocrx_word' id='word_1_276' title='bbox 216 2078 243 2134; x_wconf 91' lang='lat' dir='ltr'><strong>id</strong></span> <span class='ocrx_word' id='word_1_277' title='bbox 263 2085 306 2134; x_wconf 91' lang='lat' dir='ltr'><strong>est</strong></span> <span class='ocrx_word' id='word_1_278' title='bbox 322 2086 388 2135; x_wconf 93' lang='lat' dir='ltr'><strong>voto</strong></span> <span class='ocrx_word' id='word_1_279' title='bbox 402 2080 547 2147; x_wconf 85' lang='lat' dir='ltr'><strong>cohibens,</strong></span> <span class='ocrx_word' id='word_1_280' title='bbox 565 2081 799 2152; x_wconf 91' lang='lat' dir='ltr'><strong>gratulabundus</strong></span> <span class='ocrx_word' id='word_1_281' title='bbox 851 2077 899 2132; x_wconf 90' lang='lat' dir='ltr'><strong>rit.</strong></span> <span class='ocrx_word' id='word_1_282' title='bbox 918 2098 930 2126; x_wconf 79' lang='lat' dir='ltr'><strong>r</strong></span> <span class='ocrx_word' id='word_1_283' title='bbox 947 2078 1061 2148; x_wconf 83' lang='lat' dir='ltr'><strong>Ergone</strong></span> <span class='ocrx_word' id='word_1_284' title='bbox 1072 2080 1220 2137; x_wconf 93' lang='lat' dir='ltr'><strong>comedent</strong></span> <span class='ocrx_word' id='word_1_285' title='bbox 1235 2081 1370 2138; x_wconf 90' lang='lat' dir='ltr'><strong>mulieres</strong></span> <span class='ocrx_word' id='word_1_286' title='bbox 1384 2082 1509 2140; x_wconf 89' lang='lat' dir='ltr'><strong>iructum</strong></span> <span class='ocrx_word' id='word_1_287' title='bbox 1521 2099 1617 2153; x_wconf 92' lang='lat' dir='ltr'><strong>suum,</strong></span> <span class='ocrx_word' id='word_1_288' title='bbox 1631 2100 1701 2156; x_wconf 91' lang='lat' dir='ltr'><strong>par-</strong></span> 
     </span>
     <span class='ocr_line' id='line_1_22' title="bbox 52 2164 1701 2238; baseline 0.007 -19"><span class='ocrx_word' id='word_1_289' title='bbox 52 2171 100 2221; x_wconf 88' lang='grc' dir='ltr'>ιιι.</span> <span class='ocrx_word' id='word_1_290' title='bbox 131 2166 219 2221; x_wconf 81' lang='lat' dir='ltr'><strong>coma</strong></span> <span class='ocrx_word' id='word_1_291' title='bbox 243 2167 362 2222; x_wconf 79' lang='lat' dir='ltr'><strong>bostium</strong></span> <span class='ocrx_word' id='word_1_292' title='bbox 386 2168 504 2235; x_wconf 88' lang='lat' dir='ltr'><strong>exaltat,</strong></span> <span class='ocrx_word' id='word_1_293' title='bbox 533 2182 599 2226; x_wconf 92' lang='lat' dir='ltr'><strong>cum</strong></span> <span class='ocrx_word' id='word_1_294' title='bbox 626 2168 702 2225; x_wconf 90' lang='lat' dir='ltr'><strong>vires</strong></span> <span class='ocrx_word' id='word_1_295' title='bbox 726 2170 798 2226; x_wconf 89' lang='lat' dir='ltr'><strong>resi·</strong></span> <span class='ocrx_word' id='word_1_296' title='bbox 853 2164 965 2222; x_wconf 82' lang='lat' dir='ltr'><strong>»volus</strong></span> <span class='ocrx_word' id='word_1_297' title='bbox 984 2167 1018 2222; x_wconf 91' lang='lat' dir='ltr'><strong>ad</strong></span> <span class='ocrx_word' id='word_1_298' title='bbox 1035 2181 1201 2224; x_wconf 89' lang='lat' dir='ltr'><strong>mensuram</strong></span> <span class='ocrx_word' id='word_1_299' title='bbox 1228 2169 1353 2238; x_wconf 82' lang='lat' dir='ltr'><strong>palmaei</strong></span> <span class='ocrx_word' id='word_1_300' title='bbox 1372 2170 1394 2226; x_wconf 94' lang='lat' dir='ltr'><strong>si</strong></span> <span class='ocrx_word' id='word_1_301' title='bbox 1409 2171 1549 2229; x_wconf 91' lang='lat' dir='ltr'><strong>occiditur</strong></span> <span class='ocrx_word' id='word_1_302' title='bbox 1575 2173 1604 2228; x_wconf 94' lang='grc' dir='ltr'><strong>ιιι</strong></span> <span class='ocrx_word' id='word_1_303' title='bbox 1638 2188 1701 2230; x_wconf 92' lang='lat' dir='ltr'><strong>san-</strong></span> 
     </span>
     <span class='ocr_line' id='line_1_23' title="bbox 54 2254 1701 2328; baseline 0.007 -20"><span class='ocrx_word' id='word_1_304' title='bbox 54 2265 154 2309; x_wconf 88' lang='lat' dir='ltr'><strong>eorum</strong></span> <span class='ocrx_word' id='word_1_305' title='bbox 169 2254 311 2324; x_wconf 79' lang='lat' dir='ltr'><strong>superbiae</strong></span> <span class='ocrx_word' id='word_1_306' title='bbox 338 2261 433 2324; x_wconf 87' lang='lat' dir='ltr'><strong>negat.</strong></span> <span class='ocrx_word' id='word_1_307' title='bbox 450 2254 547 2312; x_wconf 89' lang='lat' dir='ltr'><strong>Cornu</strong></span> <span class='ocrx_word' id='word_1_308' title='bbox 561 2255 636 2312; x_wconf 92' lang='lat' dir='ltr'><strong>enim</strong></span> <span class='ocrx_word' id='word_1_309' title='bbox 654 2264 796 2326; x_wconf 89' lang='lat' dir='ltr'><strong>nostrum,</strong></span> <span class='ocrx_word' id='word_1_310' title='bbox 852 2255 992 2311; x_wconf 76' lang='lat' dir='ltr'><strong>»cenario</strong></span> <span class='ocrx_word' id='word_1_311' title='bbox 1006 2255 1119 2311; x_wconf 89' lang='lat' dir='ltr'><strong>Domini</strong></span> <span class='ocrx_word' id='word_1_312' title='bbox 1135 2257 1265 2312; x_wconf 87' lang='lat' dir='ltr'><strong>sacerdos</strong></span> <span class='ocrx_word' id='word_1_313' title='bbox 1286 2265 1314 2313; x_wconf 90' lang='lat' dir='ltr'><strong>et</strong></span> <span class='ocrx_word' id='word_1_314' title='bbox 1333 2259 1524 2328; x_wconf 81' lang='lat' dir='ltr'><strong>propnetat·</strong></span> <span class='ocrx_word' id='word_1_315' title='bbox 1551 2260 1630 2327; x_wconf 89' lang='lat' dir='ltr'><strong>Quod</strong></span> <span class='ocrx_word' id='word_1_316' title='bbox 1658 2269 1701 2319; x_wconf 91' lang='grc' dir='ltr'><strong>ιιι</strong></span> 
     </span>
     <span class='ocr_line' id='line_1_24' title="bbox 66 2340 1699 2417; baseline 0.007 -23"><span class='ocrx_word' id='word_1_317' title='bbox 66 2352 182 2395; x_wconf 90' lang='lat' dir='ltr'><strong>carnevu</strong></span> <span class='ocrx_word' id='word_1_318' title='bbox 197 2340 336 2397; x_wconf 79' lang='lat' dir='ltr'><strong>excedere</strong></span> <span class='ocrx_word' id='word_1_319' title='bbox 360 2349 412 2396; x_wconf 89' lang='lat' dir='ltr'><strong>est.</strong></span> <span class='ocrx_word' id='word_1_320' title='bbox 440 2341 538 2397; x_wconf 83' lang='lat' dir='ltr'><strong>Cornu</strong></span> <span class='ocrx_word' id='word_1_321' title='bbox 561 2350 657 2401; x_wconf 87' lang='lat' dir='ltr'><strong>autern</strong></span> <span class='ocrx_word' id='word_1_322' title='bbox 678 2344 796 2412; x_wconf 91' lang='lat' dir='ltr'><strong>diaboli,</strong></span> <span class='ocrx_word' id='word_1_323' title='bbox 851 2340 954 2398; x_wconf 88' lang='lat' dir='ltr'><strong>dicere.</strong></span> <span class='ocrx_word' id='word_1_324' title='bbox 968 2341 997 2399; x_wconf 85' lang='lat' dir='ltr'><strong>st</strong></span> <span class='ocrx_word' id='word_1_325' title='bbox 1011 2343 1085 2399; x_wconf 90' lang='lat' dir='ltr'><strong>sacri</strong></span> <span class='ocrx_word' id='word_1_326' title='bbox 1100 2342 1208 2413; x_wconf 85' lang='lat' dir='ltr'><strong>eloquii</strong></span> <span class='ocrx_word' id='word_1_327' title='bbox 1223 2343 1356 2411; x_wconf 84' lang='lat' dir='ltr'><strong>ducatus,</strong></span> <span class='ocrx_word' id='word_1_328' title='bbox 1379 2345 1430 2417; x_wconf 87' lang='lat' dir='ltr'><strong>qui</strong></span> <span class='ocrx_word' id='word_1_329' title='bbox 1451 2353 1493 2404; x_wconf 92' lang='lat' dir='ltr'><strong>est</strong></span> <span class='ocrx_word' id='word_1_330' title='bbox 1511 2346 1630 2406; x_wconf 90' lang='lat' dir='ltr'><strong>lucerua</strong></span> <span class='ocrx_word' id='word_1_331' title='bbox 1644 2364 1699 2406; x_wconf 90' lang='lat' dir='ltr'><strong>no-</strong></span> 
     </span>
     <span class='ocr_line' id='line_1_25' title="bbox 52 2427 1699 2505; baseline 0.005 -22"><span class='ocrx_word' id='word_1_332' title='bbox 52 2441 88 2483; x_wconf 90' lang='lat' dir='ltr'><strong>un</strong></span> <span class='ocrx_word' id='word_1_333' title='bbox 99 2441 148 2484; x_wconf 90' lang='lat' dir='ltr'><strong>cor</strong></span> <span class='ocrx_word' id='word_1_334' title='bbox 158 2428 213 2484; x_wconf 90' lang='lat' dir='ltr'><strong>bac</strong></span> <span class='ocrx_word' id='word_1_335' title='bbox 226 2427 351 2500; x_wconf 84' lang='lat' dir='ltr'><strong>illacque</strong></span> <span class='ocrx_word' id='word_1_336' title='bbox 364 2429 514 2486; x_wconf 84' lang='lat' dir='ltr'><strong>ventilare.</strong></span> <span class='ocrx_word' id='word_1_337' title='bbox 851 2428 918 2484; x_wconf 90' lang='lat' dir='ltr'><strong>stris</strong></span> <span class='ocrx_word' id='word_1_338' title='bbox 944 2428 1066 2498; x_wconf 89' lang='lat' dir='ltr'><strong>pedibus</strong></span> <span class='ocrx_word' id='word_1_339' title='bbox 1078 2428 1161 2500; x_wconf 78' lang='lat' dir='ltr'><strong>(Psoi.</strong></span> <span class='ocrx_word' id='word_1_340' title='bbox 1178 2444 1274 2496; x_wconf 88' lang='lat' dir='ltr'><strong>cxvru,</strong></span> <span class='ocrx_word' id='word_1_341' title='bbox 1301 2433 1373 2500; x_wconf 83' lang='lat'><strong>105),</strong></span> <span class='ocrx_word' id='word_1_342' title='bbox 1396 2439 1425 2488; x_wconf 89' lang='lat' dir='ltr'><strong>et</strong></span> <span class='ocrx_word' id='word_1_343' title='bbox 1440 2432 1699 2505; x_wconf 81' lang='lat' dir='ltr'><strong>providentiaque</strong></span> 
     </span>
    </p>

    <p class='ocr_par' dir='ltr' id='par_1_3' title="bbox 52 2516 1700 2673">
     <span class='ocr_line' id='line_1_26' title="bbox 330 2516 1699 2592; baseline 0.004 -19"><span class='ocrx_word' id='word_1_344' title='bbox 330 2532 409 2573; x_wconf 81' lang='lat' dir='ltr'><strong>suna.</strong></span> <span class='ocrx_word' id='word_1_345' title='bbox 850 2516 956 2572; x_wconf 87' lang='lat' dir='ltr'><strong>nostris</strong></span> <span class='ocrx_word' id='word_1_346' title='bbox 969 2516 1269 2588; x_wconf 76' lang='lat' dir='ltr'><strong>praeeminetlactibus</strong></span> <span class='ocrx_word' id='word_1_347' title='bbox 1282 2521 1313 2573; x_wconf 86' lang='lat' dir='ltr'><strong>ia</strong></span> <span class='ocrx_word' id='word_1_348' title='bbox 1323 2522 1480 2575; x_wconf 83' lang='lat' dir='ltr'><strong>sanctuario</strong></span> <span class='ocrx_word' id='word_1_349' title='bbox 1491 2523 1608 2590; x_wconf 79' lang='grc' dir='ltr'>ιιοιιιιιι,</span> <span class='ocrx_word' id='word_1_350' title='bbox 1620 2522 1699 2592; x_wconf 89' lang='lat' dir='ltr'><strong>quod</strong></span> 
     </span>
     <span class='ocr_line' id='line_1_27' title="bbox 52 2605 1700 2673; baseline 0.009 -21"><span class='ocrx_word' id='word_1_351' title='bbox 52 2619 69 2661; x_wconf 87' lang='lat' dir='ltr'><strong>t.</strong></span> <span class='ocrx_word' id='word_1_352' title='bbox 91 2607 132 2660; x_wconf 78' lang='lat' dir='ltr'><strong>te,</strong></span> <span class='ocrx_word' id='word_1_353' title='bbox 149 2633 184 2646; x_wconf 88' lang='lat'>-</span> <span class='ocrx_word' id='word_1_354' title='bbox 202 2626 213 2655; x_wconf 72' lang='grc' dir='ltr'><strong>ι</strong></span> <span class='ocrx_word' id='word_1_355' title='bbox 231 2605 372 2661; x_wconf 78' lang='lat' dir='ltr'><strong>clamavit</strong></span> <span class='ocrx_word' id='word_1_356' title='bbox 397 2620 561 2663; x_wconf 74' lang='lat' dir='ltr'><strong>cereorum</strong></span> <span class='ocrx_word' id='word_1_357' title='bbox 583 2607 619 2663; x_wconf 83' lang='lat' dir='ltr'><strong>ad</strong></span> <span class='ocrx_word' id='word_1_358' title='bbox 641 2608 796 2664; x_wconf 83' lang='lat' dir='ltr'><strong>nominum</strong></span> <span class='ocrx_word' id='word_1_359' title='bbox 850 2610 892 2659; x_wconf 93' lang='lat' dir='ltr'><strong>est</strong></span> <span class='ocrx_word' id='word_1_360' title='bbox 906 2618 996 2673; x_wconf 90' lang='lat' dir='ltr'><strong>mens,</strong></span> <span class='ocrx_word' id='word_1_361' title='bbox 1006 2605 1168 2672; x_wconf 90' lang='lat' dir='ltr'><strong>subruitur,</strong></span> <span class='ocrx_word' id='word_1_362' title='bbox 1185 2605 1257 2662; x_wconf 91' lang='lat' dir='ltr'><strong>scire</strong></span> <span class='ocrx_word' id='word_1_363' title='bbox 1269 2606 1356 2662; x_wconf 89' lang='lat' dir='ltr'><strong>velim</strong></span> <span class='ocrx_word' id='word_1_364' title='bbox 1369 2615 1467 2664; x_wconf 89' lang='lat' dir='ltr'><strong>utrum</strong></span> <span class='ocrx_word' id='word_1_365' title='bbox 1483 2607 1607 2666; x_wconf 79' lang='lat' dir='ltr'><strong>infirmas</strong></span> <span class='ocrx_word' id='word_1_366' title='bbox 1623 2624 1700 2667; x_wconf 90' lang='lat' dir='ltr'><strong>rnen-</strong></span> 
     </span>
    </p>
   </div>
   <div class='ocr_carea' id='block_1_3' title="bbox 52 2693 1800 2774">
    <p class='ocr_par' dir='ltr' id='par_1_4' title="bbox 52 2693 1800 2774">
     <span class='ocr_line' id='line_1_28' title="bbox 52 2693 1800 2774; baseline 0.001 -23"><span class='ocrx_word' id='word_1_367' title='bbox 52 2707 81 2751; x_wconf 87' lang='lat' dir='ltr'><strong>er</strong></span> <span class='ocrx_word' id='word_1_368' title='bbox 105 2708 203 2749; x_wconf 91' lang='lat' dir='ltr'><strong>muros</strong></span> <span class='ocrx_word' id='word_1_369' title='bbox 231 2693 297 2749; x_wconf 83' lang='lat' dir='ltr'><strong>iiliae</strong></span> <span class='ocrx_word' id='word_1_370' title='bbox 308 2694 425 2750; x_wconf 65' lang='lat' dir='ltr'><strong>Sicu.»</strong></span> <span class='ocrx_word' id='word_1_371' title='bbox 455 2695 538 2762; x_wconf 81' lang='lat' dir='ltr'><strong>Sada,</strong></span> <span class='ocrx_word' id='word_1_372' title='bbox 558 2697 713 2751; x_wconf 79' lang='lat' dir='ltr'><strong>consolatio.</strong></span> <span class='ocrx_word' id='word_1_373' title='bbox 746 2697 797 2754; x_wconf 82' lang='lat' dir='ltr'><strong>Gor</strong></span> <span class='ocrx_word' id='word_1_374' title='bbox 849 2697 984 2762; x_wconf 74' lang='lat' dir='ltr'><strong>tesqua</strong></span> <span class='ocrx_word' id='word_1_375' title='bbox 1007 2693 1173 2749; x_wconf 89' lang='lat' dir='ltr'><strong>innuuntur</strong></span> <span class='ocrx_word' id='word_1_376' title='bbox 1195 2695 1401 2762; x_wconf 73' lang='lat' dir='ltr'><strong>permitteres,</strong></span> <span class='ocrx_word' id='word_1_377' title='bbox 1428 2694 1582 2765; x_wconf 86' lang='lat' dir='ltr'><strong>inquibus</strong></span> <span class='ocrx_word' id='word_1_378' title='bbox 1605 2697 1697 2768; x_wconf 89' lang='lat' dir='ltr'><strong>dispe·</strong></span> <span class='ocrx_word' id='word_1_379' title='bbox 1798 2768 1800 2774; x_wconf 24' lang='lat'><strong>⁴</strong></span> 
     </span>
    </p>
   </div>
   <div class='ocr_carea' id='block_1_4' title="bbox 51 2780 1699 5591">
    <p class='ocr_par' dir='ltr' id='par_1_5' title="bbox 51 2780 1699 5591">
     <span class='ocr_line' id='line_1_29' title="bbox 62 2780 1699 2853; baseline 0.006 -20"><span class='ocrx_word' id='word_1_380' title='bbox 62 2781 202 2850; x_wconf 84' lang='lat' dir='ltr'><strong>videlicet,</strong></span> <span class='ocrx_word' id='word_1_381' title='bbox 216 2781 276 2853; x_wconf 72' lang='lat' dir='ltr'><strong>iqui</strong></span> <span class='ocrx_word' id='word_1_382' title='bbox 298 2797 387 2851; x_wconf 86' lang='lat' dir='ltr'><strong>supra</strong></span> <span class='ocrx_word' id='word_1_383' title='bbox 410 2782 577 2853; x_wconf 83' lang='lat' dir='ltr'><strong>plauserant</strong></span> <span class='ocrx_word' id='word_1_384' title='bbox 599 2784 735 2841; x_wconf 82' lang='lat' dir='ltr'><strong>manibus</strong></span> <span class='ocrx_word' id='word_1_385' title='bbox 759 2785 795 2842; x_wconf 80' lang='lat' dir='ltr'><strong>ad</strong></span> <span class='ocrx_word' id='word_1_386' title='bbox 850 2780 989 2837; x_wconf 83' lang='lat' dir='ltr'><strong>reunihae</strong></span> <span class='ocrx_word' id='word_1_387' title='bbox 1003 2781 1069 2837; x_wconf 83' lang='lat' dir='ltr'><strong>duae</strong></span> <span class='ocrx_word' id='word_1_388' title='bbox 1089 2795 1143 2849; x_wconf 82' lang='lat' dir='ltr'><strong>res,</strong></span> <span class='ocrx_word' id='word_1_389' title='bbox 1159 2782 1305 2849; x_wconf 82' lang='lat' dir='ltr'><strong>comedent,</strong></span> <span class='ocrx_word' id='word_1_390' title='bbox 1322 2782 1414 2850; x_wconf 86' lang='lat' dir='ltr'><strong>idest,</strong></span> <span class='ocrx_word' id='word_1_391' title='bbox 1437 2792 1609 2841; x_wconf 80' lang='lat' dir='ltr'><strong>consument</strong></span> <span class='ocrx_word' id='word_1_392' title='bbox 1623 2786 1699 2843; x_wconf 84' lang='lat' dir='ltr'><strong>intra</strong></span> 
     </span>
     <span class='ocr_line' id='line_1_30' title="bbox 51 2867 1696 2944; baseline 0.002 -19"><span class='ocrx_word' id='word_1_393' title='bbox 51 2882 111 2937; x_wconf 91' lang='lat' dir='ltr'><strong>um,</strong></span> <span class='ocrx_word' id='word_1_394' title='bbox 126 2884 208 2938; x_wconf 82' lang='lat' dir='ltr'><strong>saper</strong></span> <span class='ocrx_word' id='word_1_395' title='bbox 221 2885 312 2925; x_wconf 85' lang='lat' dir='ltr'><strong>muros</strong></span> <span class='ocrx_word' id='word_1_396' title='bbox 326 2872 391 2939; x_wconf 61' lang='lat' dir='ltr'><strong>{iiiia</strong></span> <span class='ocrx_word' id='word_1_397' title='bbox 405 2872 469 2926; x_wconf 81' lang='lat' dir='ltr'><strong>sion</strong></span> <span class='ocrx_word' id='word_1_398' title='bbox 489 2870 603 2938; x_wconf 88' lang='lat' dir='ltr'><strong>clamat,</strong></span> <span class='ocrx_word' id='word_1_399' title='bbox 627 2884 693 2927; x_wconf 85' lang='lat' dir='ltr'><strong>curn</strong></span> <span class='ocrx_word' id='word_1_400' title='bbox 709 2886 796 2942; x_wconf 90' lang='lat' dir='ltr'><strong>super</strong></span> <span class='ocrx_word' id='word_1_401' title='bbox 848 2881 878 2924; x_wconf 86' lang='lat' dir='ltr'><strong>se</strong></span> <span class='ocrx_word' id='word_1_402' title='bbox 894 2867 980 2924; x_wconf 91' lang='lat' dir='ltr'><strong>totius</strong></span> <span class='ocrx_word' id='word_1_403' title='bbox 1003 2882 1063 2927; x_wconf 84' lang='lat' dir='ltr'><strong>suae</strong></span> <span class='ocrx_word' id='word_1_404' title='bbox 1085 2870 1167 2926; x_wconf 80' lang='lat' dir='ltr'><strong>bone</strong></span> <span class='ocrx_word' id='word_1_405' title='bbox 1192 2870 1312 2927; x_wconf 89' lang='lat' dir='ltr'><strong>actionis</strong></span> <span class='ocrx_word' id='word_1_406' title='bbox 1337 2870 1449 2927; x_wconf 81' lang='lat' dir='ltr'><strong>tructus</strong></span> <span class='ocrx_word' id='word_1_407' title='bbox 1464 2886 1558 2942; x_wconf 88' lang='lat' dir='ltr'><strong>nuper</strong></span> <span class='ocrx_word' id='word_1_408' title='bbox 1580 2881 1696 2944; x_wconf 88' lang='lat' dir='ltr'><strong>coeptos,</strong></span> 
     </span>
     <span class='ocr_line' id='line_1_31' title="bbox 52 2956 1697 3048; baseline 0.002 -35"><span class='ocrx_word' id='word_1_409' title='bbox 52 2957 232 3013; x_wconf 72' lang='lat' dir='ltr'><strong>conscientie</strong></span> <span class='ocrx_word' id='word_1_410' title='bbox 253 2959 469 3030; x_wconf 88' lang='lat' dir='ltr'><strong>oppressionem</strong></span> <span class='ocrx_word' id='word_1_411' title='bbox 493 2958 720 3015; x_wconf 80' lang='lat' dir='ltr'><strong>consideratione</strong></span> <span class='ocrx_word' id='word_1_412' title='bbox 736 2959 795 3016; x_wconf 90' lang='lat' dir='ltr'><strong>ire·</strong></span> <span class='ocrx_word' id='word_1_413' title='bbox 814 2963 876 3048; x_wconf 72' lang='lat' dir='ltr'><strong>Cet</strong></span> <span class='ocrx_word' id='word_1_414' title='bbox 901 2956 1024 3013; x_wconf 88' lang='lat' dir='ltr'><strong>necdum</strong></span> <span class='ocrx_word' id='word_1_415' title='bbox 1052 2957 1088 3013; x_wconf 91' lang='lat' dir='ltr'><strong>ad</strong></span> <span class='ocrx_word' id='word_1_416' title='bbox 1117 2958 1318 3027; x_wconf 88' lang='lat' dir='ltr'><strong>perlectionem</strong></span> <span class='ocrx_word' id='word_1_417' title='bbox 1344 2959 1473 3030; x_wconf 87' lang='lat' dir='ltr'><strong>aliquam</strong></span> <span class='ocrx_word' id='word_1_418' title='bbox 1502 2961 1697 3033; x_wconf 81' lang='lat' dir='ltr'><strong>attingentes?</strong></span> 
     </span>
     <span class='ocr_line' id='line_1_32' title="bbox 60 3044 1696 3120; baseline 0.002 -20"><span class='ocrx_word' id='word_1_419' title='bbox 60 3044 229 3115; x_wconf 90' lang='lat' dir='ltr'><strong>illacrymat.</strong></span> <span class='ocrx_word' id='word_1_420' title='bbox 254 3046 290 3101; x_wconf 88' lang='lat' dir='ltr'><strong>Et</strong></span> <span class='ocrx_word' id='word_1_421' title='bbox 316 3060 382 3116; x_wconf 84' lang='lat' dir='ltr'><strong>quae</strong></span> <span class='ocrx_word' id='word_1_422' title='bbox 402 3046 495 3117; x_wconf 87' lang='lat' dir='ltr'><strong>major</strong></span> <span class='ocrx_word' id='word_1_423' title='bbox 522 3047 677 3104; x_wconf 87' lang='lat' dir='ltr'><strong>consolatio</strong></span> <span class='ocrx_word' id='word_1_424' title='bbox 690 3049 796 3105; x_wconf 79' lang='lat' dir='ltr'><strong>animae</strong></span> <span class='ocrx_word' id='word_1_425' title='bbox 850 3044 949 3101; x_wconf 88' lang='lat' dir='ltr'><strong>Palma</strong></span> <span class='ocrx_word' id='word_1_426' title='bbox 973 3059 1041 3102; x_wconf 88' lang='lat' dir='ltr'><strong>vero</strong></span> <span class='ocrx_word' id='word_1_427' title='bbox 1072 3045 1197 3114; x_wconf 81' lang='lat' dir='ltr'><strong>initium,</strong></span> <span class='ocrx_word' id='word_1_428' title='bbox 1225 3046 1342 3103; x_wconf 89' lang='lat' dir='ltr'><strong>cubitus</strong></span> <span class='ocrx_word' id='word_1_429' title='bbox 1368 3047 1575 3116; x_wconf 90' lang='lat' dir='ltr'><strong>plenitudinem</strong></span> <span class='ocrx_word' id='word_1_430' title='bbox 1603 3048 1696 3120; x_wconf 92' lang='lat' dir='ltr'><strong>signi-</strong></span> 
     </span>
     <span class='ocr_line' id='line_1_33' title="bbox 53 3132 925 3204; baseline -0.003 -15"><span class='ocrx_word' id='word_1_431' title='bbox 53 3132 101 3189; x_wconf 90' lang='lat' dir='ltr'><strong>bet</strong></span> <span class='ocrx_word' id='word_1_432' title='bbox 118 3133 225 3200; x_wconf 87' lang='lat' dir='ltr'><strong>miseri,</strong></span> <span class='ocrx_word' id='word_1_433' title='bbox 255 3147 343 3204; x_wconf 84' lang='lat' dir='ltr'><strong>quam</strong></span> <span class='ocrx_word' id='word_1_434' title='bbox 366 3134 443 3204; x_wconf 85' lang='lat' dir='ltr'><strong>quod</strong></span> <span class='ocrx_word' id='word_1_435' title='bbox 460 3134 512 3190; x_wconf 89' lang='lat' dir='ltr'><strong>scit</strong></span> <span class='ocrx_word' id='word_1_436' title='bbox 536 3134 642 3191; x_wconf 90' lang='lat' dir='ltr'><strong>sanctis</strong></span> <span class='ocrx_word' id='word_1_437' title='bbox 670 3135 740 3192; x_wconf 92' lang='lat' dir='ltr'><strong>viris</strong></span> <span class='ocrx_word' id='word_1_438' title='bbox 765 3150 795 3192; x_wconf 90' lang='lat' dir='ltr'><strong>se</strong></span> <span class='ocrx_word' id='word_1_439' title='bbox 849 3132 925 3189; x_wconf 84' lang='lat' dir='ltr'><strong>licat.</strong></span> 
     </span>
     <span class='ocr_line' id='line_1_34' title="bbox 52 3221 1294 3295; baseline 0.002 -18"><span class='ocrx_word' id='word_1_440' title='bbox 52 3221 134 3278; x_wconf 84' lang='lat' dir='ltr'><strong>¹aberi</strong></span> <span class='ocrx_word' id='word_1_441' title='bbox 144 3221 159 3278; x_wconf 82' lang='grc' dir='ltr'><strong>ι</strong></span> <span class='ocrx_word' id='word_1_442' title='bbox 171 3224 231 3279; x_wconf 91' lang='lat' dir='ltr'><strong>lloc</strong></span> <span class='ocrx_word' id='word_1_443' title='bbox 247 3223 324 3278; x_wconf 91' lang='lat' dir='ltr'><strong>enim</strong></span> <span class='ocrx_word' id='word_1_444' title='bbox 337 3222 434 3279; x_wconf 87' lang='lat' dir='ltr'><strong>littera</strong></span> <span class='ocrx_word' id='word_1_445' title='bbox 447 3230 541 3279; x_wconf 89' lang='lat' dir='ltr'><strong>sonat.</strong></span> <span class='ocrx_word' id='word_1_446' title='bbox 562 3243 576 3272; x_wconf 78' lang='lat' dir='ltr'><strong>a</strong></span> <span class='ocrx_word' id='word_1_447' title='bbox 592 3224 689 3281; x_wconf 91' lang='lat' dir='ltr'><strong>Deduc</strong></span> <span class='ocrx_word' id='word_1_448' title='bbox 709 3225 795 3295; x_wconf 85' lang='lat' dir='ltr'><strong>quasi</strong></span> <span class='ocrx_word' id='word_1_449' title='bbox 1242 3237 1294 3279; x_wconf 87' lang='lat' dir='ltr'><strong>sm.</strong></span> 
     </span>
     <span class='ocr_line' id='line_1_35' title="bbox 53 3311 1695 3383; baseline 0.003 -17"><span class='ocrx_word' id='word_1_450' title='bbox 53 3317 130 3368; x_wconf 88' lang='lat' dir='ltr'><strong>ntem</strong></span> <span class='ocrx_word' id='word_1_451' title='bbox 145 3311 286 3381; x_wconf 84' lang='lat' dir='ltr'><strong>lacrymas</strong></span> <span class='ocrx_word' id='word_1_452' title='bbox 308 3325 358 3382; x_wconf 91' lang='lat' dir='ltr'><strong>per</strong></span> <span class='ocrx_word' id='word_1_453' title='bbox 385 3312 470 3380; x_wconf 90' lang='lat' dir='ltr'><strong>diem,</strong></span> <span class='ocrx_word' id='word_1_454' title='bbox 498 3319 525 3368; x_wconf 91' lang='lat' dir='ltr'><strong>et</strong></span> <span class='ocrx_word' id='word_1_455' title='bbox 547 3320 670 3378; x_wconf 88' lang='lat' dir='ltr'><strong>noctem,</strong></span> <span class='ocrx_word' id='word_1_456' title='bbox 692 3321 720 3369; x_wconf 90' lang='grc' dir='ltr'><strong>ιι</strong></span> <span class='ocrx_word' id='word_1_457' title='bbox 735 3327 793 3369; x_wconf 91' lang='lat' dir='ltr'><strong>nou</strong></span> <span class='ocrx_word' id='word_1_458' title='bbox 883 3311 969 3368; x_wconf 83' lang='lat' dir='ltr'><strong>Vnus.</strong></span> <span class='ocrx_word' id='word_1_459' title='bbox 984 3313 1028 3366; x_wconf 79' lang='grc'><strong>21.</strong></span> <span class='ocrx_word' id='word_1_460' title='bbox 1046 3320 1080 3351; x_wconf 50' lang='lat'><em>4</em></span> <span class='ocrx_word' id='word_1_461' title='bbox 1096 3332 1107 3359; x_wconf 79' lang='grc' dir='ltr'><strong>ι</strong></span> <span class='ocrx_word' id='word_1_462' title='bbox 1122 3311 1322 3368; x_wconf 88' lang='lat' dir='ltr'><strong>lacucruutin</strong></span> <span class='ocrx_word' id='word_1_463' title='bbox 1338 3313 1496 3369; x_wconf 85' lang='lat' dir='ltr'><strong>tornatoris</strong></span> <span class='ocrx_word' id='word_1_464' title='bbox 1511 3327 1584 3383; x_wconf 87' lang='lat' dir='ltr'><strong>puer</strong></span> <span class='ocrx_word' id='word_1_465' title='bbox 1606 3321 1634 3369; x_wconf 90' lang='lat' dir='ltr'><strong>ct</strong></span> <span class='ocrx_word' id='word_1_466' title='bbox 1648 3328 1695 3371; x_wconf 89' lang='lat' dir='ltr'><strong>se-</strong></span> 
     </span>
     <span class='ocr_line' id='line_1_36' title="bbox 52 3395 1697 3469; baseline 0.002 -18"><span class='ocrx_word' id='word_1_467' title='bbox 52 3395 170 3466; x_wconf 85' lang='lat' dir='ltr'><strong>equiem</strong></span> <span class='ocrx_word' id='word_1_468' title='bbox 184 3396 246 3464; x_wconf 89' lang='lat' dir='ltr'><strong>tibi,</strong></span> <span class='ocrx_word' id='word_1_469' title='bbox 263 3411 357 3468; x_wconf 87' lang='lat' dir='ltr'><strong>neque</strong></span> <span class='ocrx_word' id='word_1_470' title='bbox 372 3405 463 3454; x_wconf 88' lang='lat' dir='ltr'><strong>taceat</strong></span> <span class='ocrx_word' id='word_1_471' title='bbox 480 3399 589 3469; x_wconf 91' lang='lat' dir='ltr'><strong>pupilia</strong></span> <span class='ocrx_word' id='word_1_472' title='bbox 607 3399 682 3456; x_wconf 91' lang='lat' dir='ltr'><strong>oculi</strong></span> <span class='ocrx_word' id='word_1_473' title='bbox 706 3399 759 3456; x_wconf 90' lang='lat' dir='ltr'><strong>tui.</strong></span> <span class='ocrx_word' id='word_1_474' title='bbox 777 3419 791 3453; x_wconf 72' lang='grc' dir='ltr'><strong>ι</strong></span> <span class='ocrx_word' id='word_1_475' title='bbox 849 3418 860 3447; x_wconf 75' lang='grc' dir='ltr'><strong>ι</strong></span> <span class='ocrx_word' id='word_1_476' title='bbox 879 3411 953 3467; x_wconf 84' lang='lat' dir='ltr'><strong>uex3</strong></span> <span class='ocrx_word' id='word_1_477' title='bbox 970 3397 1099 3468; x_wconf 90' lang='lat' dir='ltr'><strong>virgines</strong></span> <span class='ocrx_word' id='word_1_478' title='bbox 1114 3411 1194 3461; x_wconf 86' lang='lat' dir='ltr'><strong>mcae,</strong></span> <span class='ocrx_word' id='word_1_479' title='bbox 1208 3404 1237 3453; x_wconf 90' lang='lat' dir='ltr'><strong>et</strong></span> <span class='ocrx_word' id='word_1_480' title='bbox 1251 3398 1373 3468; x_wconf 85' lang='lat' dir='ltr'><strong>juvenes</strong></span> <span class='ocrx_word' id='word_1_481' title='bbox 1398 3399 1453 3455; x_wconf 92' lang='lat' dir='ltr'><strong>mei</strong></span> <span class='ocrx_word' id='word_1_482' title='bbox 1476 3399 1641 3455; x_wconf 87' lang='lat' dir='ltr'><strong>ceciderunt</strong></span> <span class='ocrx_word' id='word_1_483' title='bbox 1657 3399 1697 3455; x_wconf 93' lang='lat' dir='ltr'><strong>in·</strong></span> 
     </span>
     <span class='ocr_line' id='line_1_37' title="bbox 52 3485 1693 3557; baseline 0.001 -18"><span class='ocrx_word' id='word_1_484' title='bbox 52 3499 110 3539; x_wconf 84' lang='lat' dir='ltr'><strong>rum</strong></span> <span class='ocrx_word' id='word_1_485' title='bbox 133 3493 175 3541; x_wconf 90' lang='lat' dir='ltr'><strong>est</strong></span> <span class='ocrx_word' id='word_1_486' title='bbox 193 3500 319 3556; x_wconf 90' lang='lat' dir='ltr'><strong>quorum</strong></span> <span class='ocrx_word' id='word_1_487' title='bbox 343 3502 388 3541; x_wconf 89' lang='lat' dir='ltr'><strong>cor</strong></span> <span class='ocrx_word' id='word_1_488' title='bbox 414 3487 517 3542; x_wconf 90' lang='lat' dir='ltr'><strong>clamat</strong></span> <span class='ocrx_word' id='word_1_489' title='bbox 532 3487 570 3541; x_wconf 87' lang='lat' dir='ltr'><strong>ud</strong></span> <span class='ocrx_word' id='word_1_490' title='bbox 585 3490 735 3557; x_wconf 83' lang='lat' dir='ltr'><strong>Dominum,</strong></span> <span class='ocrx_word' id='word_1_491' title='bbox 755 3488 792 3544; x_wconf 91' lang='lat' dir='ltr'><strong>ad</strong></span> <span class='ocrx_word' id='word_1_492' title='bbox 848 3486 981 3557; x_wconf 68' lang='lat' dir='ltr'><strong>»gladie</strong></span> <span class='ocrx_word' id='word_1_493' title='bbox 1007 3485 1170 3542; x_wconf 89' lang='lat' dir='ltr'><strong>interiecisti</strong></span> <span class='ocrx_word' id='word_1_494' title='bbox 1188 3485 1217 3541; x_wconf 92' lang='lat' dir='ltr'><strong>iu</strong></span> <span class='ocrx_word' id='word_1_495' title='bbox 1231 3486 1276 3543; x_wconf 90' lang='lat' dir='ltr'><strong>die</strong></span> <span class='ocrx_word' id='word_1_496' title='bbox 1303 3487 1409 3542; x_wconf 87' lang='lat' dir='ltr'><strong>luroris</strong></span> <span class='ocrx_word' id='word_1_497' title='bbox 1435 3486 1487 3554; x_wconf 90' lang='lat' dir='ltr'><strong>tui,</strong></span> <span class='ocrx_word' id='word_1_498' title='bbox 1519 3487 1693 3556; x_wconf 89' lang='lat' dir='ltr'><strong>percussisti,</strong></span> 
     </span>
     <span class='ocr_line' id='line_1_38' title="bbox 52 3571 1694 3643; baseline 0.002 -16"><span class='ocrx_word' id='word_1_499' title='bbox 52 3571 125 3628; x_wconf 80' lang='lat' dir='ltr'><strong>Sion.</strong></span> <span class='ocrx_word' id='word_1_500' title='bbox 142 3573 184 3628; x_wconf 82' lang='lat' dir='ltr'><strong>Ac</strong></span> <span class='ocrx_word' id='word_1_501' title='bbox 198 3573 220 3628; x_wconf 92' lang='lat' dir='ltr'><strong>si</strong></span> <span class='ocrx_word' id='word_1_502' title='bbox 235 3573 328 3629; x_wconf 90' lang='lat' dir='ltr'><strong>dicat:</strong></span> <span class='ocrx_word' id='word_1_503' title='bbox 351 3575 390 3630; x_wconf 91' lang='lat' dir='ltr'><strong>De</strong></span> <span class='ocrx_word' id='word_1_504' title='bbox 405 3575 531 3631; x_wconf 90' lang='lat' dir='ltr'><strong>interiori</strong></span> <span class='ocrx_word' id='word_1_505' title='bbox 549 3583 598 3631; x_wconf 92' lang='lat' dir='ltr'><strong>tua</strong></span> <span class='ocrx_word' id='word_1_506' title='bbox 619 3576 792 3632; x_wconf 90' lang='lat' dir='ltr'><strong>conscientia</strong></span> <span class='ocrx_word' id='word_1_507' title='bbox 848 3596 859 3623; x_wconf 74' lang='grc' dir='ltr'><strong>ι</strong></span> <span class='ocrx_word' id='word_1_508' title='bbox 877 3588 930 3630; x_wconf 92' lang='lat' dir='ltr'><strong>uec</strong></span> <span class='ocrx_word' id='word_1_509' title='bbox 944 3574 1078 3630; x_wconf 90' lang='lat' dir='ltr'><strong>misertus</strong></span> <span class='ocrx_word' id='word_1_510' title='bbox 1091 3588 1130 3629; x_wconf 91' lang='lat' dir='ltr'><strong>es.</strong></span> <span class='ocrx_word' id='word_1_511' title='bbox 1147 3595 1158 3622; x_wconf 70' lang='grc' dir='ltr'><strong>ι</strong></span> <span class='ocrx_word' id='word_1_512' title='bbox 1177 3573 1238 3643; x_wconf 87' lang='lat' dir='ltr'><strong>Sin,</strong></span> <span class='ocrx_word' id='word_1_513' title='bbox 1253 3576 1311 3628; x_wconf 83' lang='lat' dir='ltr'><strong>vilo</strong></span> <span class='ocrx_word' id='word_1_514' title='bbox 1325 3588 1332 3643; x_wconf 92' lang='lat'>;</span> <span class='ocrx_word' id='word_1_515' title='bbox 1348 3587 1406 3629; x_wconf 91' lang='lat' dir='ltr'><strong>uon</strong></span> <span class='ocrx_word' id='word_1_516' title='bbox 1424 3573 1481 3640; x_wconf 91' lang='lat' dir='ltr'><strong>illa,</strong></span> <span class='ocrx_word' id='word_1_517' title='bbox 1498 3588 1563 3643; x_wconf 84' lang='lat' dir='ltr'><strong>quae</strong></span> <span class='ocrx_word' id='word_1_518' title='bbox 1576 3575 1694 3630; x_wconf 91' lang='lat' dir='ltr'><strong>abscon·</strong></span> 
     </span>
     <span class='ocr_line' id='line_1_39' title="bbox 67 3661 1691 3735; baseline 0 -19"><span class='ocrx_word' id='word_1_519' title='bbox 67 3661 188 3717; x_wconf 80' lang='lat' dir='ltr'><strong>evidens</strong></span> <span class='ocrx_word' id='word_1_520' title='bbox 209 3661 322 3731; x_wconf 89' lang='lat' dir='ltr'><strong>pietatis</strong></span> <span class='ocrx_word' id='word_1_521' title='bbox 344 3677 425 3732; x_wconf 92' lang='lat' dir='ltr'><strong>opus,</strong></span> <span class='ocrx_word' id='word_1_522' title='bbox 447 3677 479 3719; x_wconf 93' lang='lat' dir='ltr'><strong>ao</strong></span> <span class='ocrx_word' id='word_1_523' title='bbox 505 3664 527 3718; x_wconf 91' lang='grc' dir='ltr'><strong>ιι</strong></span> <span class='ocrx_word' id='word_1_524' title='bbox 544 3671 709 3730; x_wconf 91' lang='lat' dir='ltr'><strong>torrentem,</strong></span> <span class='ocrx_word' id='word_1_525' title='bbox 739 3665 791 3735; x_wconf 88' lang='lat' dir='ltr'><strong>qui</strong></span> <span class='ocrx_word' id='word_1_526' title='bbox 845 3663 961 3718; x_wconf 90' lang='lat' dir='ltr'><strong>dilaest</strong></span> <span class='ocrx_word' id='word_1_527' title='bbox 978 3675 1043 3718; x_wconf 86' lang='lat' dir='ltr'><strong>cunr</strong></span> <span class='ocrx_word' id='word_1_528' title='bbox 1068 3661 1181 3717; x_wconf 83' lang='lat' dir='ltr'><strong>Christo</strong></span> <span class='ocrx_word' id='word_1_529' title='bbox 1195 3662 1224 3716; x_wconf 93' lang='grc' dir='ltr'><strong>ιιι</strong></span> <span class='ocrx_word' id='word_1_530' title='bbox 1246 3663 1302 3717; x_wconf 92' lang='lat' dir='ltr'><strong>Deo</strong></span> <span class='ocrx_word' id='word_1_531' title='bbox 1325 3661 1391 3732; x_wconf 78' lang='lat' dir='ltr'><strong>(col.</strong></span> <span class='ocrx_word' id='word_1_532' title='bbox 1417 3676 1457 3729; x_wconf 88' lang='grc' dir='ltr'>ιιι,</span> <span class='ocrx_word' id='word_1_533' title='bbox 1479 3661 1525 3732; x_wconf 89' lang='grc'><strong>3);</strong></span> <span class='ocrx_word' id='word_1_534' title='bbox 1549 3677 1606 3718; x_wconf 92' lang='lat' dir='ltr'><strong>non</strong></span> <span class='ocrx_word' id='word_1_535' title='bbox 1634 3662 1691 3729; x_wconf 92' lang='lat' dir='ltr'><strong>illa,</strong></span> 
     </span>
     <span class='ocr_line' id='line_1_40' title="bbox 52 3748 1693 3821; baseline 0.001 -18"><span class='ocrx_word' id='word_1_536' title='bbox 52 3748 112 3804; x_wconf 77' lang='lat' dir='ltr'><strong>titia</strong></span> <span class='ocrx_word' id='word_1_537' title='bbox 125 3763 250 3820; x_wconf 73' lang='lat' dir='ltr'><strong>quaeque</strong></span> <span class='ocrx_word' id='word_1_538' title='bbox 266 3750 431 3820; x_wconf 82' lang='lat' dir='ltr'><strong>praecipitet,</strong></span> <span class='ocrx_word' id='word_1_539' title='bbox 449 3751 570 3807; x_wconf 80' lang='lat' dir='ltr'><strong>internae</strong></span> <span class='ocrx_word' id='word_1_540' title='bbox 585 3751 621 3807; x_wconf 94' lang='lat' dir='ltr'><strong>ad</strong></span> <span class='ocrx_word' id='word_1_541' title='bbox 640 3753 731 3808; x_wconf 91' lang='lat' dir='ltr'><strong>Deum</strong></span> <span class='ocrx_word' id='word_1_542' title='bbox 746 3766 790 3809; x_wconf 91' lang='lat' dir='ltr'><strong>re·</strong></span> <span class='ocrx_word' id='word_1_543' title='bbox 845 3763 903 3821; x_wconf 81' lang='lat' dir='ltr'><strong>otia</strong></span> <span class='ocrx_word' id='word_1_544' title='bbox 919 3750 947 3805; x_wconf 91' lang='lat' dir='ltr'><strong>in</strong></span> <span class='ocrx_word' id='word_1_545' title='bbox 969 3749 1099 3819; x_wconf 80' lang='lat' dir='ltr'><strong>praesenti</strong></span> <span class='ocrx_word' id='word_1_546' title='bbox 1124 3749 1339 3815; x_wconf 88' lang='lat' dir='ltr'><strong>commorimur,</strong></span> <span class='ocrx_word' id='word_1_547' title='bbox 1363 3757 1391 3805; x_wconf 91' lang='grc' dir='ltr'><strong>ιι</strong></span> <span class='ocrx_word' id='word_1_548' title='bbox 1414 3748 1624 3819; x_wconf 89' lang='lat' dir='ltr'><strong>consepelimur</strong></span> <span class='ocrx_word' id='word_1_549' title='bbox 1639 3749 1693 3820; x_wconf 94' lang='lat' dir='ltr'><strong>ipsi</strong></span> 
     </span>
     <span class='ocr_line' id='line_1_41' title="bbox 52 3837 1693 3910; baseline -0.001 -17"><span class='ocrx_word' id='word_1_550' title='bbox 52 3838 106 3894; x_wconf 83' lang='lat' dir='ltr'><strong>tnis</strong></span> <span class='ocrx_word' id='word_1_551' title='bbox 131 3837 272 3908; x_wconf 87' lang='lat' dir='ltr'><strong>lacrymas</strong></span> <span class='ocrx_word' id='word_1_552' title='bbox 299 3852 356 3894; x_wconf 94' lang='lat' dir='ltr'><strong>non</strong></span> <span class='ocrx_word' id='word_1_553' title='bbox 386 3838 479 3894; x_wconf 89' lang='lat' dir='ltr'><strong>solum</strong></span> <span class='ocrx_word' id='word_1_554' title='bbox 518 3853 568 3910; x_wconf 90' lang='lat' dir='ltr'><strong>per</strong></span> <span class='ocrx_word' id='word_1_555' title='bbox 594 3840 791 3910; x_wconf 87' lang='lat' dir='ltr'><strong>prosperitatis</strong></span> <span class='ocrx_word' id='word_1_556' title='bbox 844 3838 955 3895; x_wconf 88' lang='lat' dir='ltr'><strong>Christo</strong></span> <span class='ocrx_word' id='word_1_557' title='bbox 972 3839 1055 3908; x_wconf 73' lang='lat' dir='ltr'><strong>(nom.</strong></span> <span class='ocrx_word' id='word_1_558' title='bbox 1084 3852 1112 3902; x_wconf 93' lang='lat' dir='ltr'><strong>v,</strong></span> <span class='ocrx_word' id='word_1_559' title='bbox 1133 3840 1160 3903; x_wconf 87' lang='lat'><strong>8,</strong></span> <span class='ocrx_word' id='word_1_560' title='bbox 1188 3839 1225 3904; x_wconf 78' lang='grc' dir='ltr'><strong>ι).</strong></span> <span class='ocrx_word' id='word_1_561' title='bbox 1255 3838 1334 3893; x_wconf 91' lang='lat' dir='ltr'><strong>Unde</strong></span> <span class='ocrx_word' id='word_1_562' title='bbox 1347 3845 1389 3894; x_wconf 88' lang='lat' dir='ltr'><strong>est</strong></span> <span class='ocrx_word' id='word_1_563' title='bbox 1413 3837 1490 3908; x_wconf 89' lang='lat' dir='ltr'><strong>quod</strong></span> <span class='ocrx_word' id='word_1_564' title='bbox 1501 3838 1650 3907; x_wconf 82' lang='lat' dir='ltr'><strong>jacuerant</strong></span> <span class='ocrx_word' id='word_1_565' title='bbox 1665 3840 1693 3892; x_wconf 84' lang='lat' dir='ltr'><strong>in</strong></span> 
     </span>
     <span class='ocr_line' id='line_1_42' title="bbox 52 3925 1692 3998; baseline -0.001 -16"><span class='ocrx_word' id='word_1_566' title='bbox 52 3925 216 3982; x_wconf 73' lang='lat' dir='ltr'><strong>puntentur</strong></span> <span class='ocrx_word' id='word_1_567' title='bbox 229 3926 305 3982; x_wconf 90' lang='lat' dir='ltr'><strong>euim</strong></span> <span class='ocrx_word' id='word_1_568' title='bbox 332 3927 451 3998; x_wconf 86' lang='lat' dir='ltr'><strong>quidam</strong></span> <span class='ocrx_word' id='word_1_569' title='bbox 472 3941 537 3983; x_wconf 90' lang='lat' dir='ltr'><strong>cum</strong></span> <span class='ocrx_word' id='word_1_570' title='bbox 562 3927 732 3985; x_wconf 77' lang='lat' dir='ltr'><strong>benefecerit</strong></span> <span class='ocrx_word' id='word_1_571' title='bbox 749 3929 790 3986; x_wconf 89' lang='lat' dir='ltr'><strong>eis</strong></span> <span class='ocrx_word' id='word_1_572' title='bbox 844 3932 918 3982; x_wconf 84' lang='lat' dir='ltr'><strong>terro</strong></span> <span class='ocrx_word' id='word_1_573' title='bbox 933 3929 1002 3989; x_wconf 77' lang='lat' dir='ltr'><strong>toris</strong></span> <span class='ocrx_word' id='word_1_574' title='bbox 1015 3941 1084 3996; x_wconf 83' lang='lat' dir='ltr'><strong>puer</strong></span> <span class='ocrx_word' id='word_1_575' title='bbox 1097 3931 1122 3981; x_wconf 86' lang='lat' dir='ltr'><strong>et</strong></span> <span class='ocrx_word' id='word_1_576' title='bbox 1135 3941 1226 3980; x_wconf 82' lang='lat' dir='ltr'><strong>senec.</strong></span> <span class='ocrx_word' id='word_1_577' title='bbox 1251 3926 1328 3980; x_wconf 83' lang='lat' dir='ltr'><strong>Foris</strong></span> <span class='ocrx_word' id='word_1_578' title='bbox 1345 3941 1416 3996; x_wconf 82' lang='lat' dir='ltr'><strong>paor</strong></span> <span class='ocrx_word' id='word_1_579' title='bbox 1430 3931 1455 3979; x_wconf 86' lang='lat' dir='ltr'><strong>et</strong></span> <span class='ocrx_word' id='word_1_580' title='bbox 1475 3940 1558 3980; x_wconf 82' lang='lat' dir='ltr'><strong>senec</strong></span> <span class='ocrx_word' id='word_1_581' title='bbox 1572 3927 1602 3979; x_wconf 83' lang='lat' dir='ltr'><strong>ic</strong></span> <span class='ocrx_word' id='word_1_582' title='bbox 1619 3931 1692 3980; x_wconf 86' lang='lat' dir='ltr'><strong>terro</strong></span> 
     </span>
     <span class='ocr_line' id='line_1_43' title="bbox 52 4011 1690 4086; baseline -0.001 -15"><span class='ocrx_word' id='word_1_583' title='bbox 52 4016 120 4071; x_wconf 76' lang='lat' dir='ltr'><strong>Ptol.</strong></span> <span class='ocrx_word' id='word_1_584' title='bbox 134 4029 230 4083; x_wconf 86' lang='lat' dir='ltr'><strong>xnvur,</strong></span> <span class='ocrx_word' id='word_1_585' title='bbox 249 4014 302 4085; x_wconf 83' lang='grc'><strong>19),</strong></span> <span class='ocrx_word' id='word_1_586' title='bbox 319 4016 467 4072; x_wconf 89' lang='lat' dir='ltr'><strong>sedetiam</strong></span> <span class='ocrx_word' id='word_1_587' title='bbox 482 4030 533 4086; x_wconf 90' lang='lat' dir='ltr'><strong>per</strong></span> <span class='ocrx_word' id='word_1_588' title='bbox 544 4016 725 4075; x_wconf 85' lang='lat' dir='ltr'><strong>adversitatis</strong></span> <span class='ocrx_word' id='word_1_589' title='bbox 735 4032 788 4074; x_wconf 85' lang='lat' dir='ltr'><strong>no·</strong></span> <span class='ocrx_word' id='word_1_590' title='bbox 842 4015 947 4086; x_wconf 85' lang='lat' dir='ltr'><strong>jacent,</strong></span> <span class='ocrx_word' id='word_1_591' title='bbox 964 4029 1030 4071; x_wconf 92' lang='lat' dir='ltr'><strong>cum</strong></span> <span class='ocrx_word' id='word_1_592' title='bbox 1052 4021 1135 4071; x_wconf 89' lang='lat' dir='ltr'><strong>extra</strong></span> <span class='ocrx_word' id='word_1_593' title='bbox 1163 4027 1193 4070; x_wconf 89' lang='lat' dir='ltr'><strong>se</strong></span> <span class='ocrx_word' id='word_1_594' title='bbox 1223 4028 1280 4069; x_wconf 92' lang='lat' dir='ltr'><strong>non</strong></span> <span class='ocrx_word' id='word_1_595' title='bbox 1297 4013 1389 4069; x_wconf 91' lang='lat' dir='ltr'><strong>solum</strong></span> <span class='ocrx_word' id='word_1_596' title='bbox 1411 4012 1538 4069; x_wconf 91' lang='lat' dir='ltr'><strong>carnalis</strong></span> <span class='ocrx_word' id='word_1_597' title='bbox 1561 4011 1690 4083; x_wconf 89' lang='lat' dir='ltr'><strong>allectus,</strong></span> 
     </span>
     <span class='ocr_line' id='line_1_44' title="bbox 52 4101 1693 4175; baseline -0.001 -16"><span class='ocrx_word' id='word_1_598' title='bbox 52 4116 68 4159; x_wconf 94' lang='lat' dir='ltr'><strong>n</strong></span> <span class='ocrx_word' id='word_1_599' title='bbox 90 4116 149 4173; x_wconf 87' lang='lat' dir='ltr'><strong>qua</strong></span> <span class='ocrx_word' id='word_1_600' title='bbox 163 4103 320 4160; x_wconf 86' lang='lat' dir='ltr'><strong>clarissime</strong></span> <span class='ocrx_word' id='word_1_601' title='bbox 335 4104 454 4160; x_wconf 91' lang='lat' dir='ltr'><strong>retinuit</strong></span> <span class='ocrx_word' id='word_1_602' title='bbox 472 4104 500 4159; x_wconf 92' lang='lat' dir='ltr'><strong>in</strong></span> <span class='ocrx_word' id='word_1_603' title='bbox 528 4104 576 4159; x_wconf 93' lang='lat' dir='ltr'><strong>Dei</strong></span> <span class='ocrx_word' id='word_1_604' title='bbox 601 4118 686 4161; x_wconf 89' lang='lat' dir='ltr'><strong>aures</strong></span> <span class='ocrx_word' id='word_1_605' title='bbox 702 4106 790 4162; x_wconf 92' lang='lat' dir='ltr'><strong>canti·</strong></span> <span class='ocrx_word' id='word_1_606' title='bbox 845 4118 903 4175; x_wconf 82' lang='lat' dir='ltr'><strong>quo</strong></span> <span class='ocrx_word' id='word_1_607' title='bbox 918 4104 948 4159; x_wconf 92' lang='lat' dir='ltr'><strong>iu</strong></span> <span class='ocrx_word' id='word_1_608' title='bbox 965 4117 1072 4160; x_wconf 89' lang='lat' dir='ltr'><strong>morem</strong></span> <span class='ocrx_word' id='word_1_609' title='bbox 1087 4104 1169 4174; x_wconf 91' lang='lat' dir='ltr'><strong>pueri</strong></span> <span class='ocrx_word' id='word_1_610' title='bbox 1196 4102 1237 4158; x_wconf 93' lang='lat' dir='ltr'><strong>nil</strong></span> <span class='ocrx_word' id='word_1_611' title='bbox 1264 4102 1357 4158; x_wconf 89' lang='lat' dir='ltr'><strong>levius</strong></span> <span class='ocrx_word' id='word_1_612' title='bbox 1382 4102 1422 4157; x_wconf 92' lang='lat' dir='ltr'><strong>nil</strong></span> <span class='ocrx_word' id='word_1_613' title='bbox 1442 4101 1606 4159; x_wconf 89' lang='lat' dir='ltr'><strong>instabilius</strong></span> <span class='ocrx_word' id='word_1_614' title='bbox 1627 4116 1693 4159; x_wconf 91' lang='lat' dir='ltr'><strong>con·</strong></span> 
     </span>
     <span class='ocr_line' id='line_1_45' title="bbox 54 4189 1691 4262; baseline -0.001 -14"><span class='ocrx_word' id='word_1_615' title='bbox 54 4207 106 4249; x_wconf 88' lang='lat' dir='ltr'><strong>us:</strong></span> <span class='ocrx_word' id='word_1_616' title='bbox 122 4208 169 4247; x_wconf 83' lang='lat' dir='ltr'><strong>nec</strong></span> <span class='ocrx_word' id='word_1_617' title='bbox 190 4194 236 4247; x_wconf 80' lang='lat' dir='ltr'><strong>des</strong></span> <span class='ocrx_word' id='word_1_618' title='bbox 255 4194 385 4261; x_wconf 77' lang='lat' dir='ltr'><strong>requiem,</strong></span> <span class='ocrx_word' id='word_1_619' title='bbox 410 4192 437 4247; x_wconf 93' lang='lat' dir='ltr'><strong>id</strong></span> <span class='ocrx_word' id='word_1_620' title='bbox 459 4200 501 4249; x_wconf 89' lang='lat' dir='ltr'><strong>est</strong></span> <span class='ocrx_word' id='word_1_621' title='bbox 523 4192 705 4250; x_wconf 84' lang='lat' dir='ltr'><strong>securitatem</strong></span> <span class='ocrx_word' id='word_1_622' title='bbox 727 4195 787 4262; x_wconf 91' lang='lat' dir='ltr'><strong>tibi,</strong></span> <span class='ocrx_word' id='word_1_623' title='bbox 844 4199 900 4249; x_wconf 89' lang='lat' dir='ltr'><strong>stat</strong></span> <span class='ocrx_word' id='word_1_624' title='bbox 915 4193 945 4248; x_wconf 93' lang='lat' dir='ltr'><strong>in</strong></span> <span class='ocrx_word' id='word_1_625' title='bbox 960 4190 1142 4258; x_wconf 88' lang='lat' dir='ltr'><strong>bomine,sed</strong></span> <span class='ocrx_word' id='word_1_626' title='bbox 1157 4191 1242 4247; x_wconf 89' lang='lat' dir='ltr'><strong>etiam</strong></span> <span class='ocrx_word' id='word_1_627' title='bbox 1258 4190 1321 4259; x_wconf 91' lang='lat' dir='ltr'><strong>ipsa</strong></span> <span class='ocrx_word' id='word_1_628' title='bbox 1334 4189 1415 4258; x_wconf 90' lang='lat' dir='ltr'><strong>ratio,</strong></span> <span class='ocrx_word' id='word_1_629' title='bbox 1429 4189 1475 4246; x_wconf 88' lang='lat' dir='ltr'><strong>cui</strong></span> <span class='ocrx_word' id='word_1_630' title='bbox 1493 4189 1588 4246; x_wconf 89' lang='lat' dir='ltr'><strong>iluxos</strong></span> <span class='ocrx_word' id='word_1_631' title='bbox 1602 4191 1691 4247; x_wconf 91' lang='lat' dir='ltr'><strong>animi</strong></span> 
     </span>
     <span class='ocr_line' id='line_1_46' title="bbox 52 4267 1691 4350; baseline 0 -14"><span class='ocrx_word' id='word_1_632' title='bbox 52 4279 78 4336; x_wconf 91' lang='lat' dir='ltr'><strong>ul</strong></span> <span class='ocrx_word' id='word_1_633' title='bbox 95 4281 225 4338; x_wconf 88' lang='lat' dir='ltr'><strong>moeroris</strong></span> <span class='ocrx_word' id='word_1_634' title='bbox 239 4280 407 4337; x_wconf 90' lang='lat' dir='ltr'><strong>assiduitate</strong></span> <span class='ocrx_word' id='word_1_635' title='bbox 420 4295 691 4350; x_wconf 83' lang='lat' dir='ltr'><strong>praesumas;ceqce</strong></span> <span class='ocrx_word' id='word_1_636' title='bbox 702 4287 789 4338; x_wconf 84' lang='lat' dir='ltr'><strong>taceat</strong></span> <span class='ocrx_word' id='word_1_637' title='bbox 808 4267 960 4338; x_wconf 85' lang='lat' dir='ltr'><strong>Dbabitus</strong></span> <span class='ocrx_word' id='word_1_638' title='bbox 980 4295 1033 4338; x_wconf 91' lang='lat' dir='ltr'><strong>suo</strong></span> <span class='ocrx_word' id='word_1_639' title='bbox 1056 4280 1201 4336; x_wconf 89' lang='lat' dir='ltr'><strong>senioratu</strong></span> <span class='ocrx_word' id='word_1_640' title='bbox 1223 4278 1397 4350; x_wconf 80' lang='lat' dir='ltr'><strong>restringere</strong></span> <span class='ocrx_word' id='word_1_641' title='bbox 1411 4279 1586 4344; x_wconf 79' lang='lat' dir='ltr'><strong>conveniret,</strong></span> <span class='ocrx_word' id='word_1_642' title='bbox 1604 4286 1691 4336; x_wconf 80' lang='lat' dir='ltr'><strong>terre</strong></span> 
     </span>
     <span class='ocr_line' id='line_1_47' title="bbox 60 4367 1689 4439; baseline 0 -16"><span class='ocrx_word' id='word_1_643' title='bbox 60 4370 132 4423; x_wconf 82' lang='lat' dir='ltr'><strong>oculi</strong></span> <span class='ocrx_word' id='word_1_644' title='bbox 144 4371 193 4435; x_wconf 83' lang='lat' dir='ltr'><strong>tui,</strong></span> <span class='ocrx_word' id='word_1_645' title='bbox 220 4368 247 4423; x_wconf 93' lang='lat' dir='ltr'><strong>id</strong></span> <span class='ocrx_word' id='word_1_646' title='bbox 265 4375 308 4424; x_wconf 92' lang='lat' dir='ltr'><strong>est</strong></span> <span class='ocrx_word' id='word_1_647' title='bbox 321 4381 474 4439; x_wconf 84' lang='lat' dir='ltr'><strong>nunquam</strong></span> <span class='ocrx_word' id='word_1_648' title='bbox 498 4382 593 4439; x_wconf 75' lang='lat' dir='ltr'><strong>pravas</strong></span> <span class='ocrx_word' id='word_1_649' title='bbox 608 4371 789 4427; x_wconf 79' lang='lat' dir='ltr'><strong>conscientiae</strong></span> <span class='ocrx_word' id='word_1_650' title='bbox 842 4369 888 4425; x_wconf 91' lang='lat' dir='ltr'><strong>nis</strong></span> <span class='ocrx_word' id='word_1_651' title='bbox 904 4381 1022 4438; x_wconf 91' lang='lat' dir='ltr'><strong>prorsus</strong></span> <span class='ocrx_word' id='word_1_652' title='bbox 1046 4367 1195 4423; x_wconf 64' lang='lat' dir='ltr'><strong>inhaerent„</strong></span> <span class='ocrx_word' id='word_1_653' title='bbox 1224 4368 1360 4434; x_wconf 81' lang='lat' dir='ltr'><strong>Virgines,</strong></span> <span class='ocrx_word' id='word_1_654' title='bbox 1381 4370 1405 4420; x_wconf 88' lang='lat' dir='ltr'><strong>et</strong></span> <span class='ocrx_word' id='word_1_655' title='bbox 1424 4367 1537 4436; x_wconf 79' lang='lat' dir='ltr'><strong>juvenes</strong></span> <span class='ocrx_word' id='word_1_656' title='bbox 1552 4369 1582 4421; x_wconf 84' lang='lat' dir='ltr'><strong>ia</strong></span> <span class='ocrx_word' id='word_1_657' title='bbox 1596 4369 1689 4435; x_wconf 75' lang='lat' dir='ltr'><strong>olodm</strong></span> 
     </span>
     <span class='ocr_line' id='line_1_48' title="bbox 52 4454 1690 4530; baseline 0 -18"><span class='ocrx_word' id='word_1_658' title='bbox 52 4463 115 4517; x_wconf 80' lang='lat' dir='ltr'><strong>rat,</strong></span> <span class='ocrx_word' id='word_1_659' title='bbox 139 4456 295 4526; x_wconf 77' lang='lat' dir='ltr'><strong>cuiusuis</strong></span> <span class='ocrx_word' id='word_1_660' title='bbox 322 4456 501 4513; x_wconf 89' lang='lat' dir='ltr'><strong>successibus</strong></span> <span class='ocrx_word' id='word_1_661' title='bbox 522 4471 633 4527; x_wconf 90' lang='lat' dir='ltr'><strong>semper</strong></span> <span class='ocrx_word' id='word_1_662' title='bbox 658 4457 789 4530; x_wconf 91' lang='lat' dir='ltr'><strong>invigilet</strong></span> <span class='ocrx_word' id='word_1_663' title='bbox 841 4458 960 4526; x_wconf 89' lang='lat' dir='ltr'><strong>cadunt,</strong></span> <span class='ocrx_word' id='word_1_664' title='bbox 984 4471 1051 4514; x_wconf 90' lang='lat' dir='ltr'><strong>cum</strong></span> <span class='ocrx_word' id='word_1_665' title='bbox 1067 4456 1091 4511; x_wconf 91' lang='lat' dir='ltr'><strong>si</strong></span> <span class='ocrx_word' id='word_1_666' title='bbox 1106 4455 1209 4527; x_wconf 85' lang='lat' dir='ltr'><strong>quain</strong></span> <span class='ocrx_word' id='word_1_667' title='bbox 1236 4454 1333 4512; x_wconf 90' lang='lat' dir='ltr'><strong>animo</strong></span> <span class='ocrx_word' id='word_1_668' title='bbox 1350 4455 1427 4510; x_wconf 91' lang='lat' dir='ltr'><strong>bona</strong></span> <span class='ocrx_word' id='word_1_669' title='bbox 1443 4454 1551 4511; x_wconf 88' lang='lat' dir='ltr'><strong>illibata</strong></span> <span class='ocrx_word' id='word_1_670' title='bbox 1580 4456 1690 4512; x_wconf 90' lang='lat' dir='ltr'><strong>resede-</strong></span> 
     </span>
     <span class='ocr_line' id='line_1_49' title="bbox 52 4542 1688 4616; baseline 0 -16"><span class='ocrx_word' id='word_1_671' title='bbox 52 4557 85 4600; x_wconf 88' lang='grc' dir='ltr'><strong>ιι</strong></span> <span class='ocrx_word' id='word_1_672' title='bbox 95 4544 253 4614; x_wconf 89' lang='lat' dir='ltr'><strong>spiritualis</strong></span> <span class='ocrx_word' id='word_1_673' title='bbox 267 4544 348 4600; x_wconf 87' lang='lat' dir='ltr'><strong>aciei.</strong></span> <span class='ocrx_word' id='word_1_674' title='bbox 841 4546 910 4612; x_wconf 88' lang='lat' dir='ltr'><strong>rint,</strong></span> <span class='ocrx_word' id='word_1_675' title='bbox 926 4546 949 4602; x_wconf 91' lang='lat' dir='ltr'><strong>si</strong></span> <span class='ocrx_word' id='word_1_676' title='bbox 965 4544 1035 4616; x_wconf 84' lang='lat' dir='ltr'><strong>quid</strong></span> <span class='ocrx_word' id='word_1_677' title='bbox 1051 4545 1079 4599; x_wconf 94' lang='lat' dir='ltr'><strong>in</strong></span> <span class='ocrx_word' id='word_1_678' title='bbox 1090 4545 1153 4615; x_wconf 87' lang='lat' dir='ltr'><strong>ejus</strong></span> <span class='ocrx_word' id='word_1_679' title='bbox 1168 4543 1299 4600; x_wconf 88' lang='lat' dir='ltr'><strong>moribus</strong></span> <span class='ocrx_word' id='word_1_680' title='bbox 1320 4542 1452 4599; x_wconf 89' lang='lat' dir='ltr'><strong>validum</strong></span> <span class='ocrx_word' id='word_1_681' title='bbox 1471 4557 1505 4600; x_wconf 92' lang='lat' dir='ltr'><strong>ac</strong></span> <span class='ocrx_word' id='word_1_682' title='bbox 1521 4542 1591 4599; x_wconf 87' lang='lat' dir='ltr'><strong>iortc</strong></span> <span class='ocrx_word' id='word_1_683' title='bbox 1606 4544 1688 4600; x_wconf 90' lang='lat' dir='ltr'><strong>resti·</strong></span> 
     </span>
     <span class='ocr_line' id='line_1_50' title="bbox 322 4630 1690 4703; baseline -0.001 -15"><span class='ocrx_word' id='word_1_684' title='bbox 322 4646 403 4688; x_wconf 81' lang='lat' dir='ltr'><strong>corn.</strong></span> <span class='ocrx_word' id='word_1_685' title='bbox 841 4635 916 4703; x_wconf 90' lang='lat' dir='ltr'><strong>terit,</strong></span> <span class='ocrx_word' id='word_1_686' title='bbox 942 4639 1033 4690; x_wconf 90' lang='lat' dir='ltr'><strong>totum</strong></span> <span class='ocrx_word' id='word_1_687' title='bbox 1061 4631 1145 4688; x_wconf 91' lang='lat' dir='ltr'><strong>alicui</strong></span> <span class='ocrx_word' id='word_1_688' title='bbox 1178 4630 1290 4701; x_wconf 90' lang='lat' dir='ltr'><strong>capitali</strong></span> <span class='ocrx_word' id='word_1_689' title='bbox 1318 4637 1433 4701; x_wconf 90' lang='lat' dir='ltr'><strong>peccato</strong></span> <span class='ocrx_word' id='word_1_690' title='bbox 1461 4630 1632 4687; x_wconf 91' lang='lat' dir='ltr'><strong>succumbit.</strong></span> <span class='ocrx_word' id='word_1_691' title='bbox 1657 4633 1690 4686; x_wconf 82' lang='lat' dir='ltr'><strong>ln</strong></span> 
     </span>
     <span class='ocr_line' id='line_1_51' title="bbox 52 4714 1687 4794; baseline 0 -20"><span class='ocrx_word' id='word_1_692' title='bbox 52 4734 66 4774; x_wconf 84' lang='grc' dir='ltr'><strong>ι.</strong></span> <span class='ocrx_word' id='word_1_693' title='bbox 83 4722 127 4776; x_wconf 87' lang='grc'><strong>19.</strong></span> <span class='ocrx_word' id='word_1_694' title='bbox 142 4750 177 4762; x_wconf 90' lang='grc'><strong>-</strong></span> <span class='ocrx_word' id='word_1_695' title='bbox 194 4742 204 4769; x_wconf 77' lang='grc' dir='ltr'><strong>ι</strong></span> <span class='ocrx_word' id='word_1_696' title='bbox 222 4721 380 4791; x_wconf 80' lang='lat' dir='ltr'><strong>consurge,</strong></span> <span class='ocrx_word' id='word_1_697' title='bbox 397 4714 483 4776; x_wconf 87' lang='lat' dir='ltr'><strong>lauda</strong></span> <span class='ocrx_word' id='word_1_698' title='bbox 498 4721 528 4776; x_wconf 92' lang='lat' dir='ltr'><strong>in</strong></span> <span class='ocrx_word' id='word_1_699' title='bbox 544 4729 627 4778; x_wconf 90' lang='lat' dir='ltr'><strong>nocte</strong></span> <span class='ocrx_word' id='word_1_700' title='bbox 651 4723 680 4778; x_wconf 92' lang='lat' dir='ltr'><strong>in</strong></span> <span class='ocrx_word' id='word_1_701' title='bbox 705 4724 787 4794; x_wconf 92' lang='lat' dir='ltr'><strong>prin·</strong></span> <span class='ocrx_word' id='word_1_702' title='bbox 841 4722 896 4787; x_wconf 84' lang='lat' dir='ltr'><strong>die,</strong></span> <span class='ocrx_word' id='word_1_703' title='bbox 913 4720 958 4778; x_wconf 90' lang='lat' dir='ltr'><strong>vel</strong></span> <span class='ocrx_word' id='word_1_704' title='bbox 973 4727 1016 4777; x_wconf 91' lang='lat' dir='ltr'><strong>est</strong></span> <span class='ocrx_word' id='word_1_705' title='bbox 1035 4720 1064 4776; x_wconf 92' lang='lat' dir='ltr'><strong>in</strong></span> <span class='ocrx_word' id='word_1_706' title='bbox 1078 4718 1316 4787; x_wconf 82' lang='lat' dir='ltr'><strong>manilestatione,</strong></span> <span class='ocrx_word' id='word_1_707' title='bbox 1338 4721 1383 4774; x_wconf 81' lang='lat' dir='ltr'><strong>sui</strong></span> <span class='ocrx_word' id='word_1_708' title='bbox 1404 4719 1518 4786; x_wconf 67' lang='lat' dir='ltr'><strong>furoris,</strong></span> <span class='ocrx_word' id='word_1_709' title='bbox 1544 4718 1687 4786; x_wconf 87' lang='lat' dir='ltr'><strong>interficit,</strong></span> 
     </span>
     <span class='ocr_line' id='line_1_52' title="bbox 59 4805 1689 4881; baseline -0.001 -17"><span class='ocrx_word' id='word_1_710' title='bbox 59 4809 238 4881; x_wconf 89' lang='lat' dir='ltr'><strong>vigiliarum,</strong></span> <span class='ocrx_word' id='word_1_711' title='bbox 253 4809 451 4867; x_wconf 86' lang='lat' dir='ltr'><strong>eiiundcsiout</strong></span> <span class='ocrx_word' id='word_1_712' title='bbox 465 4824 543 4881; x_wconf 88' lang='lat' dir='ltr'><strong>aqua</strong></span> <span class='ocrx_word' id='word_1_713' title='bbox 560 4825 610 4866; x_wconf 91' lang='lat' dir='ltr'><strong>cor</strong></span> <span class='ocrx_word' id='word_1_714' title='bbox 625 4817 707 4868; x_wconf 90' lang='lat' dir='ltr'><strong>tuum</strong></span> <span class='ocrx_word' id='word_1_715' title='bbox 722 4822 789 4870; x_wconf 86' lang='lat' dir='ltr'><strong>ante</strong></span> <span class='ocrx_word' id='word_1_716' title='bbox 841 4825 908 4867; x_wconf 91' lang='lat' dir='ltr'><strong>cum</strong></span> <span class='ocrx_word' id='word_1_717' title='bbox 929 4808 1097 4866; x_wconf 90' lang='lat' dir='ltr'><strong>interiorum</strong></span> <span class='ocrx_word' id='word_1_718' title='bbox 1119 4821 1253 4864; x_wconf 91' lang='lat' dir='ltr'><strong>occasum</strong></span> <span class='ocrx_word' id='word_1_719' title='bbox 1268 4808 1304 4864; x_wconf 92' lang='lat' dir='ltr'><strong>de</strong></span> <span class='ocrx_word' id='word_1_720' title='bbox 1329 4806 1479 4862; x_wconf 87' lang='lat' dir='ltr'><strong>exterioris</strong></span> <span class='ocrx_word' id='word_1_721' title='bbox 1505 4805 1598 4862; x_wconf 82' lang='lat' dir='ltr'><strong>ruinae</strong></span> <span class='ocrx_word' id='word_1_722' title='bbox 1626 4806 1689 4863; x_wconf 90' lang='lat' dir='ltr'><strong>evi-</strong></span> 
     </span>
     <span class='ocr_line' id='line_1_53' title="bbox 52 4893 1688 4972; baseline -0.002 -19"><span class='ocrx_word' id='word_1_723' title='bbox 52 4903 122 4954; x_wconf 76' lang='lat' dir='ltr'><strong>ctum</strong></span> <span class='ocrx_word' id='word_1_724' title='bbox 139 4898 262 4954; x_wconf 90' lang='lat' dir='ltr'><strong>Domini.</strong></span> <span class='ocrx_word' id='word_1_725' title='bbox 283 4920 293 4946; x_wconf 77' lang='grc' dir='ltr'><strong>ι</strong></span> <span class='ocrx_word' id='word_1_726' title='bbox 316 4898 406 4968; x_wconf 84' lang='lat' dir='ltr'><strong>Copb,</strong></span> <span class='ocrx_word' id='word_1_727' title='bbox 430 4898 537 4955; x_wconf 85' lang='lat' dir='ltr'><strong>dicitur</strong></span> <span class='ocrx_word' id='word_1_728' title='bbox 563 4902 664 4970; x_wconf 84' lang='lat' dir='ltr'><strong>aspice.</strong></span> <span class='ocrx_word' id='word_1_729' title='bbox 690 4901 788 4972; x_wconf 88' lang='lat' dir='ltr'><strong>lioga-</strong></span> <span class='ocrx_word' id='word_1_730' title='bbox 841 4897 938 4955; x_wconf 92' lang='lat' dir='ltr'><strong>dentia</strong></span> <span class='ocrx_word' id='word_1_731' title='bbox 951 4896 1083 4954; x_wconf 88' lang='lat' dir='ltr'><strong>ostendit.</strong></span> <span class='ocrx_word' id='word_1_732' title='bbox 1109 4895 1244 4963; x_wconf 86' lang='lat' dir='ltr'><strong>Perculit,</strong></span> <span class='ocrx_word' id='word_1_733' title='bbox 1277 4909 1330 4951; x_wconf 91' lang='lat' dir='ltr'><strong>uec</strong></span> <span class='ocrx_word' id='word_1_734' title='bbox 1358 4895 1518 4962; x_wconf 89' lang='lat' dir='ltr'><strong>miseretur,</strong></span> <span class='ocrx_word' id='word_1_735' title='bbox 1548 4908 1615 4950; x_wconf 89' lang='lat' dir='ltr'><strong>curn</strong></span> <span class='ocrx_word' id='word_1_736' title='bbox 1630 4893 1688 4952; x_wconf 92' lang='lat' dir='ltr'><strong>labi</strong></span> 
     </span>
     <span class='ocr_line' id='line_1_54' title="bbox 52 4982 1690 5059; baseline -0.001 -17"><span class='ocrx_word' id='word_1_737' title='bbox 52 4985 138 5042; x_wconf 93' lang='lat' dir='ltr'><strong>uibus</strong></span> <span class='ocrx_word' id='word_1_738' title='bbox 152 5000 241 5056; x_wconf 89' lang='lat' dir='ltr'><strong>supra</strong></span> <span class='ocrx_word' id='word_1_739' title='bbox 257 4990 290 5043; x_wconf 91' lang='lat' dir='ltr'><strong>ut</strong></span> <span class='ocrx_word' id='word_1_740' title='bbox 304 4987 425 5057; x_wconf 89' lang='lat' dir='ltr'><strong>aspiciat</strong></span> <span class='ocrx_word' id='word_1_741' title='bbox 439 5001 580 5057; x_wconf 83' lang='lat' dir='ltr'><strong>quorsum</strong></span> <span class='ocrx_word' id='word_1_742' title='bbox 603 4996 630 5044; x_wconf 91' lang='lat' dir='ltr'><strong>et</strong></span> <span class='ocrx_word' id='word_1_743' title='bbox 644 4991 788 5059; x_wconf 87' lang='lat' dir='ltr'><strong>quomodo</strong></span> <span class='ocrx_word' id='word_1_744' title='bbox 841 4985 989 5057; x_wconf 88' lang='lat' dir='ltr'><strong>permittit,</strong></span> <span class='ocrx_word' id='word_1_745' title='bbox 1005 4998 1059 5041; x_wconf 92' lang='lat' dir='ltr'><strong>nec</strong></span> <span class='ocrx_word' id='word_1_746' title='bbox 1073 4984 1167 5040; x_wconf 90' lang='lat' dir='ltr'><strong>statim</strong></span> <span class='ocrx_word' id='word_1_747' title='bbox 1192 4992 1254 5054; x_wconf 88' lang='lat' dir='ltr'><strong>post</strong></span> <span class='ocrx_word' id='word_1_748' title='bbox 1273 4984 1384 5054; x_wconf 90' lang='lat' dir='ltr'><strong>lapsum</strong></span> <span class='ocrx_word' id='word_1_749' title='bbox 1412 4982 1567 5054; x_wconf 88' lang='lat' dir='ltr'><strong>compungi</strong></span> <span class='ocrx_word' id='word_1_750' title='bbox 1593 4997 1690 5041; x_wconf 85' lang='lat' dir='ltr'><strong>conoe</strong></span> 
     </span>
     <span class='ocr_line' id='line_1_55' title="bbox 52 5070 1688 5147; baseline 0 -16"><span class='ocrx_word' id='word_1_751' title='bbox 52 5073 89 5131; x_wconf 87' lang='lat' dir='ltr'><strong>eri</strong></span> <span class='ocrx_word' id='word_1_752' title='bbox 114 5075 208 5145; x_wconf 88' lang='lat' dir='ltr'><strong>lapsu,</strong></span> <span class='ocrx_word' id='word_1_753' title='bbox 232 5083 261 5132; x_wconf 93' lang='lat' dir='ltr'><strong>et</strong></span> <span class='ocrx_word' id='word_1_754' title='bbox 293 5074 329 5131; x_wconf 90' lang='lat' dir='ltr'><strong>ad</strong></span> <span class='ocrx_word' id='word_1_755' title='bbox 357 5089 444 5145; x_wconf 80' lang='lat' dir='ltr'><strong>quem</strong></span> <span class='ocrx_word' id='word_1_756' title='bbox 478 5089 652 5147; x_wconf 88' lang='lat' dir='ltr'><strong>consurgere</strong></span> <span class='ocrx_word' id='word_1_757' title='bbox 675 5077 786 5134; x_wconf 90' lang='lat' dir='ltr'><strong>debeat.</strong></span> <span class='ocrx_word' id='word_1_758' title='bbox 841 5073 929 5130; x_wconf 89' lang='lat' dir='ltr'><strong>ditur.</strong></span> <span class='ocrx_word' id='word_1_759' title='bbox 946 5072 1156 5130; x_wconf 85' lang='lat' dir='ltr'><strong>Cuiconcinit:</strong></span> <span class='ocrx_word' id='word_1_760' title='bbox 1178 5073 1277 5129; x_wconf 82' lang='lat' dir='ltr'><strong>«Cum</strong></span> <span class='ocrx_word' id='word_1_761' title='bbox 1296 5071 1439 5140; x_wconf 90' lang='lat' dir='ltr'><strong>ceciderit,</strong></span> <span class='ocrx_word' id='word_1_762' title='bbox 1460 5070 1566 5142; x_wconf 83' lang='lat' dir='ltr'><strong>inquit,</strong></span> <span class='ocrx_word' id='word_1_763' title='bbox 1580 5072 1688 5143; x_wconf 86' lang='lat' dir='ltr'><strong>justus,</strong></span> 
     </span>
     <span class='ocr_line' id='line_1_56' title="bbox 73 5159 1688 5234; baseline 0.001 -17"><span class='ocrx_word' id='word_1_764' title='bbox 73 5162 178 5233; x_wconf 86' lang='lat' dir='ltr'><strong>inquit,</strong></span> <span class='ocrx_word' id='word_1_765' title='bbox 195 5166 224 5217; x_wconf 82' lang='lat' dir='ltr'><strong>in</strong></span> <span class='ocrx_word' id='word_1_766' title='bbox 243 5167 327 5229; x_wconf 67' lang='lat' dir='ltr'><strong>nocte</strong></span> <span class='ocrx_word' id='word_1_767' title='bbox 344 5162 371 5219; x_wconf 93' lang='lat' dir='ltr'><strong>id</strong></span> <span class='ocrx_word' id='word_1_768' title='bbox 387 5170 429 5219; x_wconf 90' lang='lat' dir='ltr'><strong>est</strong></span> <span class='ocrx_word' id='word_1_769' title='bbox 449 5178 601 5234; x_wconf 82' lang='lat' dir='ltr'><strong>nunquam</strong></span> <span class='ocrx_word' id='word_1_770' title='bbox 625 5178 641 5220; x_wconf 88' lang='lat' dir='ltr'><strong>a</strong></span> <span class='ocrx_word' id='word_1_771' title='bbox 664 5166 721 5221; x_wconf 90' lang='lat' dir='ltr'><strong>Deo</strong></span> <span class='ocrx_word' id='word_1_772' title='bbox 736 5165 788 5222; x_wconf 92' lang='lat' dir='ltr'><strong>de·</strong></span> <span class='ocrx_word' id='word_1_773' title='bbox 842 5176 899 5218; x_wconf 93' lang='lat' dir='ltr'><strong>nou</strong></span> <span class='ocrx_word' id='word_1_774' title='bbox 914 5160 1067 5228; x_wconf 90' lang='lat' dir='ltr'><strong>colliditur,</strong></span> <span class='ocrx_word' id='word_1_775' title='bbox 1084 5160 1154 5232; x_wconf 87' lang='lat' dir='ltr'><strong>quia</strong></span> <span class='ocrx_word' id='word_1_776' title='bbox 1166 5160 1306 5219; x_wconf 91' lang='lat' dir='ltr'><strong>Dominus</strong></span> <span class='ocrx_word' id='word_1_777' title='bbox 1321 5159 1457 5230; x_wconf 89' lang='lat' dir='ltr'><strong>supponit</strong></span> <span class='ocrx_word' id='word_1_778' title='bbox 1470 5172 1590 5217; x_wconf 90' lang='lat' dir='ltr'><strong>manum</strong></span> <span class='ocrx_word' id='word_1_779' title='bbox 1605 5175 1688 5218; x_wconf 89' lang='lat' dir='ltr'><strong>suam</strong></span> 
     </span>
     <span class='ocr_line' id='line_1_57' title="bbox 59 5249 1142 5322; baseline 0.001 -17"><span class='ocrx_word' id='word_1_780' title='bbox 59 5250 89 5306; x_wconf 93' lang='lat' dir='ltr'><strong>iu</strong></span> <span class='ocrx_word' id='word_1_781' title='bbox 104 5251 268 5309; x_wconf 87' lang='lat' dir='ltr'><strong>tentatione.</strong></span> <span class='ocrx_word' id='word_1_782' title='bbox 294 5252 329 5307; x_wconf 85' lang='lat' dir='ltr'><strong>Et</strong></span> <span class='ocrx_word' id='word_1_783' title='bbox 345 5252 399 5307; x_wconf 88' lang='lat' dir='ltr'><strong>hoc</strong></span> <span class='ocrx_word' id='word_1_784' title='bbox 413 5254 442 5306; x_wconf 82' lang='lat' dir='ltr'><strong>ia</strong></span> <span class='ocrx_word' id='word_1_785' title='bbox 455 5255 593 5322; x_wconf 85' lang='lat' dir='ltr'><strong>principio</strong></span> <span class='ocrx_word' id='word_1_786' title='bbox 616 5254 785 5321; x_wconf 82' lang='lat' dir='ltr'><strong>vigiliarum,</strong></span> <span class='ocrx_word' id='word_1_787' title='bbox 841 5251 925 5322; x_wconf 86' lang='lat' dir='ltr'><strong>(Psoi.</strong></span> <span class='ocrx_word' id='word_1_788' title='bbox 942 5263 1040 5317; x_wconf 82' lang='lat' dir='ltr'><strong>xxxvi,</strong></span> <span class='ocrx_word' id='word_1_789' title='bbox 1056 5249 1113 5320; x_wconf 78' lang='grc'><strong>24).</strong></span> <span class='ocrx_word' id='word_1_790' title='bbox 1130 5270 1142 5299; x_wconf 76' lang='grc' dir='ltr'><strong>ι</strong></span> 
     </span>
     <span class='ocr_line' id='line_1_58' title="bbox 52 5336 1305 5410; baseline 0.004 -18"><span class='ocrx_word' id='word_1_791' title='bbox 52 5336 85 5394; x_wconf 83' lang='lat' dir='ltr'><strong>lio</strong></span> <span class='ocrx_word' id='word_1_792' title='bbox 111 5338 217 5395; x_wconf 92' lang='lat' dir='ltr'><strong>scilicet</strong></span> <span class='ocrx_word' id='word_1_793' title='bbox 243 5339 447 5406; x_wconf 83' lang='lat' dir='ltr'><strong>conversionis,</strong></span> <span class='ocrx_word' id='word_1_794' title='bbox 472 5346 522 5395; x_wconf 90' lang='lat' dir='ltr'><strong>aut</strong></span> <span class='ocrx_word' id='word_1_795' title='bbox 551 5341 580 5396; x_wconf 95' lang='grc' dir='ltr'><strong>ιιι</strong></span> <span class='ocrx_word' id='word_1_796' title='bbox 599 5341 788 5410; x_wconf 72' lang='lat' dir='ltr'><strong>primaevitate</strong></span> <span class='ocrx_word' id='word_1_797' title='bbox 1220 5355 1305 5397; x_wconf 82' lang='lat' dir='ltr'><strong>nunu.</strong></span> 
     </span>
     <span class='ocr_line' id='line_1_59' title="bbox 51 5428 1687 5500; baseline 0.004 -19"><span class='ocrx_word' id='word_1_798' title='bbox 51 5434 211 5483; x_wconf 80' lang='lat' dir='ltr'><strong>natatum.</strong></span> <span class='ocrx_word' id='word_1_799' title='bbox 227 5428 303 5485; x_wconf 83' lang='lat' dir='ltr'><strong>sicat</strong></span> <span class='ocrx_word' id='word_1_800' title='bbox 326 5442 400 5497; x_wconf 82' lang='lat' dir='ltr'><strong>ooao</strong></span> <span class='ocrx_word' id='word_1_801' title='bbox 421 5443 467 5483; x_wconf 83' lang='lat' dir='ltr'><strong>cor</strong></span> <span class='ocrx_word' id='word_1_802' title='bbox 488 5442 574 5485; x_wconf 91' lang='lat' dir='ltr'><strong>suum</strong></span> <span class='ocrx_word' id='word_1_803' title='bbox 598 5434 661 5484; x_wconf 83' lang='lat' dir='ltr'><strong>onte</strong></span> <span class='ocrx_word' id='word_1_804' title='bbox 674 5444 788 5499; x_wconf 84' lang='lat' dir='ltr'><strong>conspe-</strong></span> <span class='ocrx_word' id='word_1_805' title='bbox 876 5428 963 5487; x_wconf 83' lang='lat' dir='ltr'><strong>chs.</strong></span> <span class='ocrx_word' id='word_1_806' title='bbox 978 5431 1022 5485; x_wconf 75' lang='grc' dir='ltr'><strong>ιι.</strong></span> <span class='ocrx_word' id='word_1_807' title='bbox 1039 5459 1075 5470; x_wconf 88' lang='grc'>-</span> <span class='ocrx_word' id='word_1_808' title='bbox 1091 5451 1102 5478; x_wconf 79' lang='grc' dir='ltr'><strong>ι</strong></span> <span class='ocrx_word' id='word_1_809' title='bbox 1120 5429 1230 5486; x_wconf 86' lang='lat' dir='ltr'><strong>vocasti</strong></span> <span class='ocrx_word' id='word_1_810' title='bbox 1258 5429 1342 5500; x_wconf 80' lang='lat' dir='ltr'><strong>quasi</strong></span> <span class='ocrx_word' id='word_1_811' title='bbox 1356 5428 1393 5486; x_wconf 83' lang='lat' dir='ltr'><strong>ad</strong></span> <span class='ocrx_word' id='word_1_812' title='bbox 1418 5430 1494 5487; x_wconf 89' lang='lat' dir='ltr'><strong>diem</strong></span> <span class='ocrx_word' id='word_1_813' title='bbox 1522 5431 1687 5500; x_wconf 89' lang='lat' dir='ltr'><strong>solemnem,</strong></span> 
     </span>
     <span class='ocr_line' id='line_1_60' title="bbox 52 5502 1689 5591; baseline 0.004 -20"><span class='ocrx_word' id='word_1_814' title='bbox 52 5502 289 5574; x_wconf 80' lang='grc' dir='ltr'>ιιιιιιιιιιιιιιιιιιιι</span> <span class='ocrx_word' id='word_1_815' title='bbox 297 5515 428 5588; x_wconf 81' lang='lat' dir='ltr'><strong>jubetur,</strong></span> <span class='ocrx_word' id='word_1_816' title='bbox 441 5515 511 5588; x_wconf 85' lang='lat' dir='ltr'><strong>quia</strong></span> <span class='ocrx_word' id='word_1_817' title='bbox 522 5529 581 5573; x_wconf 92' lang='lat' dir='ltr'><strong>non</strong></span> <span class='ocrx_word' id='word_1_818' title='bbox 592 5516 785 5589; x_wconf 89' lang='lat' dir='ltr'><strong>alitorplacet.</strong></span> <span class='ocrx_word' id='word_1_819' title='bbox 842 5517 918 5591; x_wconf 82' lang='lat' dir='ltr'><strong>»qui</strong></span> <span class='ocrx_word' id='word_1_820' title='bbox 937 5524 1056 5577; x_wconf 88' lang='lat' dir='ltr'><strong>terreret</strong></span> <span class='ocrx_word' id='word_1_821' title='bbox 1074 5531 1120 5576; x_wconf 90' lang='lat' dir='ltr'><strong>me</strong></span> <span class='ocrx_word' id='word_1_822' title='bbox 1148 5518 1185 5575; x_wconf 90' lang='lat' dir='ltr'><strong>de</strong></span> <span class='ocrx_word' id='word_1_823' title='bbox 1199 5518 1334 5588; x_wconf 91' lang='lat' dir='ltr'><strong>circuitu,</strong></span> <span class='ocrx_word' id='word_1_824' title='bbox 1348 5526 1377 5577; x_wconf 88' lang='lat' dir='ltr'><strong>et</strong></span> <span class='ocrx_word' id='word_1_825' title='bbox 1390 5519 1517 5578; x_wconf 86' lang='lat' dir='ltr'><strong>nonfuit</strong></span> <span class='ocrx_word' id='word_1_826' title='bbox 1529 5520 1561 5578; x_wconf 91' lang='lat' dir='ltr'><strong>in</strong></span> <span class='ocrx_word' id='word_1_827' title='bbox 1584 5519 1630 5579; x_wconf 88' lang='lat' dir='ltr'><strong>die</strong></span> <span class='ocrx_word' id='word_1_828' title='bbox 1650 5521 1689 5578; x_wconf 90' lang='lat' dir='ltr'><strong>lu·</strong></span> 
     </span>
    </p>
   </div>
   <div class='ocr_carea' id='block_1_5' title="bbox 0 0 1902 6008">
    <p class='ocr_par' dir='ltr' id='par_1_6' title="bbox 0 0 1902 6008">
     <span class='ocr_line' id='line_1_61' title="bbox 0 0 1902 6008; baseline 0 1"><span class='ocrx_word' id='word_1_829' title='bbox 0 0 1902 6008; x_wconf 95' lang='lat' dir='ltr'><strong> </strong></span> 
     </span>
    </p>
   </div>
  </div>
 </body>
</html>
