<?xml version="1.0" encoding="UTF-8"?>
<!DOCTYPE html PUBLIC "-//W3C//DTD XHTML 1.0 Transitional//EN"
    "http://www.w3.org/TR/xhtml1/DTD/xhtml1-transitional.dtd">
<html xmlns="http://www.w3.org/1999/xhtml" xml:lang="en" lang="en">
 <head>
  <title>
</title>
<meta http-equiv="Content-Type" content="text/html;charset=utf-8" />
  <meta name='ocr-system' content='tesseract 3.04.00' />
  <meta name='ocr-capabilities' content='ocr_page ocr_carea ocr_par ocr_line ocrx_word'/>
</head>
<body>
  <div class='ocr_page' id='page_1' title='image "./patrologiaecurs05unkngoog_0137.png"; bbox 0 0 3818 6008; ppageno 0'>
   <div class='ocr_carea' id='block_1_1' title="bbox 553 213 1854 276">
    <p class='ocr_par' dir='ltr' id='par_1_1' title="bbox 553 213 1854 276">
     <span class='ocr_line' id='line_1_1' title="bbox 553 213 1854 276; baseline -0.012 -2"><span class='ocrx_word' id='word_1_1' title='bbox 553 222 581 276; x_wconf 88' lang='lat' dir='ltr'>v.</span> <span class='ocrx_word' id='word_1_2' title='bbox 602 216 767 275; x_wconf 80' lang='lat' dir='ltr'>autunum</span> <span class='ocrx_word' id='word_1_3' title='bbox 786 214 935 272; x_wconf 81' lang='lat' dir='ltr'>necans</span> <span class='ocrx_word' id='word_1_4' title='bbox 953 215 981 270; x_wconf 89' lang='lat' dir='ltr'>s.</span> <span class='ocrx_word' id='word_1_5' title='bbox 1003 214 1123 268; x_wconf 76' lang='lat' dir='ltr'>uinta</span> <span class='ocrx_word' id='word_1_6' title='bbox 1144 213 1188 268; x_wconf 84' lang='lat' dir='ltr'>nn</span> <span class='ocrx_word' id='word_1_7' title='bbox 1207 213 1401 269; x_wconf 84' lang='lat' dir='ltr'>nortannro</span> <span class='ocrx_word' id='word_1_8' title='bbox 1802 219 1854 270; x_wconf 59' lang='lat' dir='ltr'>aaa</span> 
     </span>
    </p>
   </div>
   <div class='ocr_carea' id='block_1_2' title="bbox 101 232 153 283">
    <p class='ocr_par' dir='ltr' id='par_1_2' title="bbox 101 232 153 283">
     <span class='ocr_line' id='line_1_2' title="bbox 101 232 153 283; baseline 0 0"><span class='ocrx_word' id='word_1_9' title='bbox 101 232 153 283; x_wconf 73' lang='lat' dir='ltr'>aba</span> 
     </span>
    </p>
   </div>
   <div class='ocr_carea' id='block_1_3' title="bbox 104 341 1855 783">
    <p class='ocr_par' dir='ltr' id='par_1_3' title="bbox 104 341 1855 783">
     <span class='ocr_line' id='line_1_3' title="bbox 140 341 1852 415; baseline -0.009 0"><span class='ocrx_word' id='word_1_10' title='bbox 140 359 230 415; x_wconf 83' lang='lat' dir='ltr'>Vsus.</span> <span class='ocrx_word' id='word_1_11' title='bbox 256 360 282 412; x_wconf 85' lang='lat'>9.</span> <span class='ocrx_word' id='word_1_12' title='bbox 295 386 329 396; x_wconf 91' lang='lat'><em>-</em></span> <span class='ocrx_word' id='word_1_13' title='bbox 344 356 396 409; x_wconf 86' lang='lat' dir='ltr'>tlte</span> <span class='ocrx_word' id='word_1_14' title='bbox 411 357 500 407; x_wconf 87' lang='lat' dir='ltr'>autem</span> <span class='ocrx_word' id='word_1_15' title='bbox 519 354 604 406; x_wconf 85' lang='lat' dir='ltr'>sciens</span> <span class='ocrx_word' id='word_1_16' title='bbox 620 363 672 403; x_wconf 87' lang='lat' dir='ltr'>non</span> <span class='ocrx_word' id='word_1_17' title='bbox 697 348 751 402; x_wconf 82' lang='lat' dir='ltr'>sibi</span> <span class='ocrx_word' id='word_1_18' title='bbox 767 348 845 400; x_wconf 86' lang='lat' dir='ltr'>nasei</span> <span class='ocrx_word' id='word_1_19' title='bbox 868 346 948 413; x_wconf 72' lang='lat' dir='ltr'>iiiios,</span> <span class='ocrx_word' id='word_1_20' title='bbox 968 341 1131 398; x_wconf 74' lang='lat' dir='ltr'>nascendit</span> <span class='ocrx_word' id='word_1_21' title='bbox 1144 341 1180 397; x_wconf 88' lang='lat' dir='ltr'>ad</span> <span class='ocrx_word' id='word_1_22' title='bbox 1201 342 1447 407; x_wconf 85' lang='lat' dir='ltr'>tondendasoves,</span> <span class='ocrx_word' id='word_1_23' title='bbox 1464 356 1530 398; x_wconf 88' lang='lat' dir='ltr'>aum</span> <span class='ocrx_word' id='word_1_24' title='bbox 1555 343 1651 400; x_wconf 83' lang='lat' dir='ltr'>terror</span> <span class='ocrx_word' id='word_1_25' title='bbox 1673 352 1700 400; x_wconf 94' lang='lat' dir='ltr'>et</span> <span class='ocrx_word' id='word_1_26' title='bbox 1723 345 1852 400; x_wconf 91' lang='lat' dir='ltr'>studium</span> 
     </span>
     <span class='ocr_line' id='line_1_4' title="bbox 105 429 1854 507; baseline -0.008 -6"><span class='ocrx_word' id='word_1_27' title='bbox 105 448 236 502; x_wconf 88' lang='lat' dir='ltr'>introiens</span> <span class='ocrx_word' id='word_1_28' title='bbox 256 445 294 499; x_wconf 88' lang='lat' dir='ltr'>ad</span> <span class='ocrx_word' id='word_1_29' title='bbox 323 458 432 497; x_wconf 83' lang='lat' dir='ltr'>oaorem</span> <span class='ocrx_word' id='word_1_30' title='bbox 457 441 739 507; x_wconf 58' lang='lat' dir='ltr'>transumbranae</span> <span class='ocrx_word' id='word_1_31' title='bbox 763 433 897 501; x_wconf 82' lang='lat' dir='ltr'>suadebat</span> <span class='ocrx_word' id='word_1_32' title='bbox 921 433 951 485; x_wconf 88' lang='lat' dir='ltr'>in</span> <span class='ocrx_word' id='word_1_33' title='bbox 1005 436 1111 485; x_wconf 76' lang='lat' dir='ltr'>sanctae</span> <span class='ocrx_word' id='word_1_34' title='bbox 1125 429 1360 497; x_wconf 87' lang='lat' dir='ltr'>conversationis,</span> <span class='ocrx_word' id='word_1_35' title='bbox 1379 443 1444 500; x_wconf 81' lang='lat' dir='ltr'>uuae</span> <span class='ocrx_word' id='word_1_36' title='bbox 1461 429 1577 501; x_wconf 80' lang='lat' dir='ltr'>quidem</span> <span class='ocrx_word' id='word_1_37' title='bbox 1600 431 1692 501; x_wconf 93' lang='lat' dir='ltr'>primo</span> <span class='ocrx_word' id='word_1_38' title='bbox 1706 445 1807 486; x_wconf 90' lang='lat' dir='ltr'>amara</span> <span class='ocrx_word' id='word_1_39' title='bbox 1827 441 1854 488; x_wconf 92' lang='lat' dir='ltr'>et</span> 
     </span>
     <span class='ocr_line' id='line_1_5' title="bbox 106 517 1852 600; baseline -0.009 -10"><span class='ocrx_word' id='word_1_40' title='bbox 106 539 216 600; x_wconf 75' lang='lat' dir='ltr'>laram,</span> <span class='ocrx_word' id='word_1_41' title='bbox 237 549 270 587; x_wconf 86' lang='lat' dir='ltr'>ne</span> <span class='ocrx_word' id='word_1_42' title='bbox 291 533 370 586; x_wconf 84' lang='lat' dir='ltr'>tiberi</span> <span class='ocrx_word' id='word_1_43' title='bbox 392 530 493 596; x_wconf 74' lang='lat' dir='ltr'>fratris</span> <span class='ocrx_word' id='word_1_44' title='bbox 516 529 622 581; x_wconf 86' lang='lat' dir='ltr'>nomiae</span> <span class='ocrx_word' id='word_1_45' title='bbox 641 528 824 579; x_wconf 75' lang='lat' dir='ltr'>nasceretur.</span> <span class='ocrx_word' id='word_1_46' title='bbox 850 518 951 576; x_wconf 80' lang='lat' dir='ltr'><strong>Introit</strong></span> <span class='ocrx_word' id='word_1_47' title='bbox 1006 527 1130 589; x_wconf 88' lang='lat' dir='ltr'>augusta</span> <span class='ocrx_word' id='word_1_48' title='bbox 1153 527 1204 585; x_wconf 90' lang='lat' dir='ltr'>cst,</span> <span class='ocrx_word' id='word_1_49' title='bbox 1228 517 1275 573; x_wconf 91' lang='lat' dir='ltr'>sed</span> <span class='ocrx_word' id='word_1_50' title='bbox 1291 526 1353 586; x_wconf 91' lang='lat' dir='ltr'>post</span> <span class='ocrx_word' id='word_1_51' title='bbox 1378 518 1440 574; x_wconf 82' lang='lat' dir='ltr'>laeto</span> <span class='ocrx_word' id='word_1_52' title='bbox 1468 519 1584 589; x_wconf 86' lang='lat' dir='ltr'>latoque</span> <span class='ocrx_word' id='word_1_53' title='bbox 1610 520 1695 575; x_wconf 88' lang='lat' dir='ltr'>corde</span> <span class='ocrx_word' id='word_1_54' title='bbox 1713 520 1852 588; x_wconf 91' lang='lat' dir='ltr'>curritur,</span> 
     </span>
     <span class='ocr_line' id='line_1_6' title="bbox 104 605 1855 687; baseline -0.008 -9"><span class='ocrx_word' id='word_1_55' title='bbox 104 624 142 678; x_wconf 88' lang='lat' dir='ltr'>ad</span> <span class='ocrx_word' id='word_1_56' title='bbox 170 637 291 687; x_wconf 78' lang='lat' dir='ltr'>acorem,</span> <span class='ocrx_word' id='word_1_57' title='bbox 321 619 389 674; x_wconf 91' lang='lat' dir='ltr'>dum</span> <span class='ocrx_word' id='word_1_58' title='bbox 411 615 616 672; x_wconf 88' lang='lat' dir='ltr'>considerando</span> <span class='ocrx_word' id='word_1_59' title='bbox 643 610 771 683; x_wconf 82' lang='lat' dir='ltr'>pervidet</span> <span class='ocrx_word' id='word_1_60' title='bbox 795 607 951 677; x_wconf 82' lang='lat' dir='ltr'>disciptinae</span> <span class='ocrx_word' id='word_1_61' title='bbox 1005 607 1109 662; x_wconf 92' lang='lat' dir='ltr'>nuntio</span> <span class='ocrx_word' id='word_1_62' title='bbox 1123 605 1213 662; x_wconf 79' lang='lat' dir='ltr'>divini</span> <span class='ocrx_word' id='word_1_63' title='bbox 1226 606 1306 661; x_wconf 86' lang='lat' dir='ltr'>verbi</span> <span class='ocrx_word' id='word_1_64' title='bbox 1321 606 1364 662; x_wconf 86' lang='lat' dir='ltr'>vel</span> <span class='ocrx_word' id='word_1_65' title='bbox 1381 606 1503 676; x_wconf 79' lang='lat' dir='ltr'><strong>Spiritus</strong></span> <span class='ocrx_word' id='word_1_66' title='bbox 1521 608 1612 662; x_wconf 92' lang='lat' dir='ltr'>sancti</span> <span class='ocrx_word' id='word_1_67' title='bbox 1629 609 1769 679; x_wconf 82' lang='lat' dir='ltr'>tangitur,</span> <span class='ocrx_word' id='word_1_68' title='bbox 1785 617 1812 664; x_wconf 91' lang='lat' dir='ltr'>et</span> <span class='ocrx_word' id='word_1_69' title='bbox 1824 618 1855 664; x_wconf 92' lang='lat' dir='ltr'>ut</span> 
     </span>
     <span class='ocr_line' id='line_1_7' title="bbox 105 694 1855 783; baseline -0.008 -17"><span class='ocrx_word' id='word_1_70' title='bbox 105 709 329 783; x_wconf 73' lang='lat' dir='ltr'><strong>gravitudinem.</strong></span> <span class='ocrx_word' id='word_1_71' title='bbox 356 706 413 761; x_wconf 91' lang='lat' dir='ltr'>Scit</span> <span class='ocrx_word' id='word_1_72' title='bbox 436 706 490 760; x_wconf 86' lang='lat' dir='ltr'>sibi</span> <span class='ocrx_word' id='word_1_73' title='bbox 504 719 556 758; x_wconf 89' lang='lat' dir='ltr'>non</span> <span class='ocrx_word' id='word_1_74' title='bbox 579 705 655 756; x_wconf 86' lang='lat' dir='ltr'>nasci</span> <span class='ocrx_word' id='word_1_75' title='bbox 677 702 757 769; x_wconf 72' lang='lat' dir='ltr'>iiiios,</span> <span class='ocrx_word' id='word_1_76' title='bbox 781 697 851 768; x_wconf 84' lang='lat' dir='ltr'>quia</span> <span class='ocrx_word' id='word_1_77' title='bbox 872 697 951 751; x_wconf 84' lang='lat' dir='ltr'>norit</span> <span class='ocrx_word' id='word_1_78' title='bbox 1009 710 1108 751; x_wconf 87' lang='lat' dir='ltr'>verum</span> <span class='ocrx_word' id='word_1_79' title='bbox 1135 694 1324 751; x_wconf 79' lang='lat' dir='ltr'>confessorem</span> <span class='ocrx_word' id='word_1_80' title='bbox 1354 696 1485 750; x_wconf 93' lang='lat' dir='ltr'>animum</span> <span class='ocrx_word' id='word_1_81' title='bbox 1507 696 1688 752; x_wconf 81' lang='lat' dir='ltr'>abscidendis</span> <span class='ocrx_word' id='word_1_82' title='bbox 1711 697 1855 768; x_wconf 85' lang='lat' dir='ltr'>cogitatio</span> 
     </span>
    </p>
   </div>
   <div class='ocr_carea' id='block_1_4' title="bbox 103 783 1856 3424">
    <p class='ocr_par' dir='ltr' id='par_1_4' title="bbox 103 783 1856 3424">
     <span class='ocr_line' id='line_1_8' title="bbox 105 783 1855 863; baseline -0.007 -9"><span class='ocrx_word' id='word_1_83' title='bbox 105 798 195 855; x_wconf 91' lang='lat' dir='ltr'>animi</span> <span class='ocrx_word' id='word_1_84' title='bbox 221 795 351 852; x_wconf 90' lang='lat' dir='ltr'>inertiam</span> <span class='ocrx_word' id='word_1_85' title='bbox 374 795 410 849; x_wconf 85' lang='lat' dir='ltr'>ati</span> <span class='ocrx_word' id='word_1_86' title='bbox 435 791 616 863; x_wconf 84' lang='lat' dir='ltr'>proterendos</span> <span class='ocrx_word' id='word_1_87' title='bbox 643 787 816 860; x_wconf 70' lang='lat' dir='ltr'>peanitentiae</span> <span class='ocrx_word' id='word_1_88' title='bbox 840 785 952 840; x_wconf 85' lang='lat' dir='ltr'>tructus</span> <span class='ocrx_word' id='word_1_89' title='bbox 1006 799 1076 840; x_wconf 90' lang='lat' dir='ltr'>num</span> <span class='ocrx_word' id='word_1_90' title='bbox 1091 783 1340 854; x_wconf 82' lang='lat' dir='ltr'>superfluitatibus</span> <span class='ocrx_word' id='word_1_91' title='bbox 1367 784 1560 840; x_wconf 78' lang='lat' dir='ltr'>intendentem</span> <span class='ocrx_word' id='word_1_92' title='bbox 1580 784 1787 854; x_wconf 85' lang='lat' dir='ltr'>subsequatur,</span> <span class='ocrx_word' id='word_1_93' title='bbox 1804 800 1855 841; x_wconf 86' lang='lat' dir='ltr'>ac-</span> 
     </span>
     <span class='ocr_line' id='line_1_9' title="bbox 104 871 1853 958; baseline -0.009 -15"><span class='ocrx_word' id='word_1_94' title='bbox 104 886 216 958; x_wconf 90' lang='lat' dir='ltr'>dignos.</span> <span class='ocrx_word' id='word_1_95' title='bbox 233 887 326 942; x_wconf 82' lang='lat' dir='ltr'>Samen</span> <span class='ocrx_word' id='word_1_96' title='bbox 346 882 441 940; x_wconf 87' lang='lat' dir='ltr'>tundit</span> <span class='ocrx_word' id='word_1_97' title='bbox 464 885 494 937; x_wconf 89' lang='lat' dir='ltr'>in</span> <span class='ocrx_word' id='word_1_98' title='bbox 514 885 625 946; x_wconf 82' lang='lat' dir='ltr'>terram,</span> <span class='ocrx_word' id='word_1_99' title='bbox 651 893 717 934; x_wconf 90' lang='lat' dir='ltr'>cum</span> <span class='ocrx_word' id='word_1_100' title='bbox 743 878 850 932; x_wconf 90' lang='lat' dir='ltr'>bouum</span> <span class='ocrx_word' id='word_1_101' title='bbox 874 872 952 943; x_wconf 88' lang='lat' dir='ltr'>quod</span> <span class='ocrx_word' id='word_1_102' title='bbox 1006 873 1147 928; x_wconf 85' lang='lat' dir='ltr'>conditur.</span> <span class='ocrx_word' id='word_1_103' title='bbox 1179 871 1218 941; x_wconf 79' lang='lat' dir='ltr'>(S.</span> <span class='ocrx_word' id='word_1_104' title='bbox 1245 872 1349 927; x_wconf 82' lang='lat' dir='ltr'>benno.</span> <span class='ocrx_word' id='word_1_105' title='bbox 1384 873 1489 941; x_wconf 79' lang='lat' dir='ltr'>prolog.</span> <span class='ocrx_word' id='word_1_106' title='bbox 1526 875 1637 942; x_wconf 75' lang='lat' dir='ltr'>reputa,</span> <span class='ocrx_word' id='word_1_107' title='bbox 1668 875 1716 928; x_wconf 90' lang='lat' dir='ltr'>sub</span> <span class='ocrx_word' id='word_1_108' title='bbox 1745 875 1853 943; x_wconf 76' lang='lat' dir='ltr'>finem.)</span> 
     </span>
     <span class='ocr_line' id='line_1_10' title="bbox 104 959 1853 1047; baseline -0.007 -17"><span class='ocrx_word' id='word_1_109' title='bbox 104 976 163 1047; x_wconf 90' lang='lat' dir='ltr'>agit</span> <span class='ocrx_word' id='word_1_110' title='bbox 178 975 263 1030; x_wconf 83' lang='lat' dir='ltr'>vertit</span> <span class='ocrx_word' id='word_1_111' title='bbox 275 974 302 1029; x_wconf 93' lang='lat' dir='ltr'>in</span> <span class='ocrx_word' id='word_1_112' title='bbox 320 981 462 1028; x_wconf 80' lang='lat' dir='ltr'>terrenam</span> <span class='ocrx_word' id='word_1_113' title='bbox 483 970 613 1040; x_wconf 91' lang='lat' dir='ltr'>gloriam.</span> <span class='ocrx_word' id='word_1_114' title='bbox 629 967 725 1039; x_wconf 82' lang='lat' dir='ltr'>(Vens.</span> <span class='ocrx_word' id='word_1_115' title='bbox 753 968 808 1034; x_wconf 78' lang='lat' dir='ltr'>to.)</span> <span class='ocrx_word' id='word_1_116' title='bbox 826 959 951 1019; x_wconf 90' lang='lat' dir='ltr'>Percutit</span> <span class='ocrx_word' id='word_1_117' title='bbox 1006 960 1126 1031; x_wconf 87' lang='lat' dir='ltr'>bepemt</span> <span class='ocrx_word' id='word_1_118' title='bbox 1137 961 1285 1018; x_wconf 78' lang='lat' dir='ltr'>viduitatis</span> <span class='ocrx_word' id='word_1_119' title='bbox 1300 969 1401 1030; x_wconf 88' lang='lat' dir='ltr'>vestes,</span> <span class='ocrx_word' id='word_1_120' title='bbox 1419 976 1484 1017; x_wconf 88' lang='lat' dir='ltr'>eum</span> <span class='ocrx_word' id='word_1_121' title='bbox 1497 961 1630 1017; x_wconf 81' lang='lat' dir='ltr'>humiliat</span> <span class='ocrx_word' id='word_1_122' title='bbox 1644 977 1742 1019; x_wconf 90' lang='lat' dir='ltr'>amore</span> <span class='ocrx_word' id='word_1_123' title='bbox 1755 966 1853 1034; x_wconf 90' lang='lat' dir='ltr'>sponsi</span> 
     </span>
     <span class='ocr_line' id='line_1_11' title="bbox 104 1049 1855 1131; baseline -0.007 -12"><span class='ocrx_word' id='word_1_124' title='bbox 104 1077 170 1119; x_wconf 93' lang='lat' dir='ltr'>eum</span> <span class='ocrx_word' id='word_1_125' title='bbox 191 1062 267 1117; x_wconf 89' lang='lat' dir='ltr'>Deus</span> <span class='ocrx_word' id='word_1_126' title='bbox 283 1061 360 1131; x_wconf 85' lang='lat' dir='ltr'>quod</span> <span class='ocrx_word' id='word_1_127' title='bbox 380 1057 585 1115; x_wconf 89' lang='lat' dir='ltr'>detestabiliter</span> <span class='ocrx_word' id='word_1_128' title='bbox 608 1056 702 1120; x_wconf 86' lang='lat' dir='ltr'>iaciat,</span> <span class='ocrx_word' id='word_1_129' title='bbox 723 1054 793 1124; x_wconf 83' lang='lat' dir='ltr'>quia</span> <span class='ocrx_word' id='word_1_130' title='bbox 808 1058 859 1107; x_wconf 93' lang='lat' dir='ltr'>aut</span> <span class='ocrx_word' id='word_1_131' title='bbox 872 1049 950 1120; x_wconf 84' lang='lat' dir='ltr'>judi·</span> <span class='ocrx_word' id='word_1_132' title='bbox 1005 1063 1056 1118; x_wconf 91' lang='lat' dir='ltr'>pro</span> <span class='ocrx_word' id='word_1_133' title='bbox 1071 1064 1100 1105; x_wconf 90' lang='lat' dir='ltr'>se</span> <span class='ocrx_word' id='word_1_134' title='bbox 1119 1052 1225 1106; x_wconf 89' lang='lat' dir='ltr'>mortui</span> <span class='ocrx_word' id='word_1_135' title='bbox 1240 1049 1371 1106; x_wconf 88' lang='lat' dir='ltr'>virtutes.</span> <span class='ocrx_word' id='word_1_136' title='bbox 1395 1051 1553 1106; x_wconf 90' lang='lat' dir='ltr'>Teristrum</span> <span class='ocrx_word' id='word_1_137' title='bbox 1574 1051 1651 1121; x_wconf 84' lang='lat' dir='ltr'>quod</span> <span class='ocrx_word' id='word_1_138' title='bbox 1672 1061 1723 1118; x_wconf 91' lang='lat' dir='ltr'>est,</span> <span class='ocrx_word' id='word_1_139' title='bbox 1749 1067 1855 1107; x_wconf 89' lang='lat' dir='ltr'>sccun-</span> 
     </span>
     <span class='ocr_line' id='line_1_12' title="bbox 104 1135 1853 1219; baseline -0.006 -12"><span class='ocrx_word' id='word_1_140' title='bbox 104 1150 215 1207; x_wconf 89' lang='lat' dir='ltr'>cialiter</span> <span class='ocrx_word' id='word_1_141' title='bbox 230 1149 324 1219; x_wconf 90' lang='lat' dir='ltr'>punit,</span> <span class='ocrx_word' id='word_1_142' title='bbox 338 1147 381 1203; x_wconf 85' lang='lat' dir='ltr'>vel</span> <span class='ocrx_word' id='word_1_143' title='bbox 405 1160 523 1217; x_wconf 84' lang='lat' dir='ltr'>quoquo</span> <span class='ocrx_word' id='word_1_144' title='bbox 539 1152 619 1215; x_wconf 92' lang='lat' dir='ltr'>pacto</span> <span class='ocrx_word' id='word_1_145' title='bbox 645 1142 792 1214; x_wconf 87' lang='lat' dir='ltr'>arguendo</span> <span class='ocrx_word' id='word_1_146' title='bbox 818 1138 947 1208; x_wconf 80' lang='lat' dir='ltr'>corrigit,</span> <span class='ocrx_word' id='word_1_147' title='bbox 1005 1135 1076 1191; x_wconf 87' lang='lat' dir='ltr'>dum</span> <span class='ocrx_word' id='word_1_148' title='bbox 1091 1138 1214 1208; x_wconf 89' lang='lat' dir='ltr'>aliquos,</span> <span class='ocrx_word' id='word_1_149' title='bbox 1231 1137 1275 1193; x_wconf 89' lang='lat' dir='ltr'>vel</span> <span class='ocrx_word' id='word_1_150' title='bbox 1291 1138 1381 1193; x_wconf 77' lang='lat' dir='ltr'>aestivi</span> <span class='ocrx_word' id='word_1_151' title='bbox 1400 1138 1578 1208; x_wconf 82' lang='lat' dir='ltr'>operimenti,</span> <span class='ocrx_word' id='word_1_152' title='bbox 1597 1141 1639 1195; x_wconf 86' lang='lat' dir='ltr'>rel</span> <span class='ocrx_word' id='word_1_153' title='bbox 1660 1141 1733 1211; x_wconf 90' lang='lat' dir='ltr'>pepli</span> <span class='ocrx_word' id='word_1_154' title='bbox 1751 1156 1853 1212; x_wconf 84' lang='lat' dir='ltr'>genus,</span> 
     </span>
     <span class='ocr_line' id='line_1_13' title="bbox 104 1226 1854 1306; baseline -0.006 -10"><span class='ocrx_word' id='word_1_155' title='bbox 104 1240 174 1296; x_wconf 93' lang='lat' dir='ltr'>dum</span> <span class='ocrx_word' id='word_1_156' title='bbox 190 1238 311 1295; x_wconf 80' lang='lat' dir='ltr'>sumsibi</span> <span class='ocrx_word' id='word_1_157' title='bbox 328 1236 465 1306; x_wconf 77' lang='lat' dir='ltr'>nequitia</span> <span class='ocrx_word' id='word_1_158' title='bbox 478 1235 624 1289; x_wconf 90' lang='lat' dir='ltr'>horrorem</span> <span class='ocrx_word' id='word_1_159' title='bbox 639 1231 772 1287; x_wconf 86' lang='lat' dir='ltr'>ostendit.</span> <span class='ocrx_word' id='word_1_160' title='bbox 784 1229 880 1298; x_wconf 82' lang='lat' dir='ltr'>(Vens.</span> <span class='ocrx_word' id='word_1_161' title='bbox 895 1228 951 1295; x_wconf 90' lang='lat' dir='ltr'>tt.)</span> <span class='ocrx_word' id='word_1_162' title='bbox 1006 1226 1137 1289; x_wconf 85' lang='lat' dir='ltr'>assumit,</span> <span class='ocrx_word' id='word_1_163' title='bbox 1159 1240 1226 1282; x_wconf 92' lang='lat' dir='ltr'>curn</span> <span class='ocrx_word' id='word_1_164' title='bbox 1252 1226 1416 1296; x_wconf 92' lang='lat' dir='ltr'>puritatem,</span> <span class='ocrx_word' id='word_1_165' title='bbox 1440 1227 1486 1283; x_wconf 84' lang='lat' dir='ltr'>vel</span> <span class='ocrx_word' id='word_1_166' title='bbox 1507 1228 1717 1299; x_wconf 88' lang='lat' dir='ltr'>simplicitatem</span> <span class='ocrx_word' id='word_1_167' title='bbox 1751 1229 1854 1295; x_wconf 90' lang='lat' dir='ltr'>animi,</span> 
     </span>
     <span class='ocr_line' id='line_1_14' title="bbox 105 1314 1855 1395; baseline -0.005 -14"><span class='ocrx_word' id='word_1_168' title='bbox 105 1328 191 1395; x_wconf 87' lang='lat' dir='ltr'>Quam</span> <span class='ocrx_word' id='word_1_169' title='bbox 206 1327 238 1380; x_wconf 88' lang='lat' dir='ltr'>ab</span> <span class='ocrx_word' id='word_1_170' title='bbox 260 1342 315 1379; x_wconf 86' lang='lat' dir='ltr'>rem</span> <span class='ocrx_word' id='word_1_171' title='bbox 336 1327 411 1376; x_wconf 79' lang='lat' dir='ltr'>dieii</span> <span class='ocrx_word' id='word_1_172' title='bbox 435 1321 520 1375; x_wconf 84' lang='lat' dir='ltr'>iudas</span> <span class='ocrx_word' id='word_1_173' title='bbox 546 1321 670 1375; x_wconf 83' lang='lat' dir='ltr'>Thamar</span> <span class='ocrx_word' id='word_1_174' title='bbox 693 1321 776 1371; x_wconf 86' lang='lat' dir='ltr'>nurui</span> <span class='ocrx_word' id='word_1_175' title='bbox 792 1332 865 1370; x_wconf 81' lang='lat' dir='ltr'>suae:</span> <span class='ocrx_word' id='word_1_176' title='bbox 887 1317 951 1369; x_wconf 74' lang='lat' dir='ltr'>Esto</span> <span class='ocrx_word' id='word_1_177' title='bbox 1006 1314 1057 1384; x_wconf 80' lang='lat' dir='ltr'>utri</span> <span class='ocrx_word' id='word_1_178' title='bbox 1073 1324 1158 1384; x_wconf 87' lang='lat' dir='ltr'>caput</span> <span class='ocrx_word' id='word_1_179' title='bbox 1173 1315 1288 1381; x_wconf 91' lang='lat' dir='ltr'>dicitur,</span> <span class='ocrx_word' id='word_1_180' title='bbox 1305 1314 1350 1371; x_wconf 92' lang='lat' dir='ltr'>vcl</span> <span class='ocrx_word' id='word_1_181' title='bbox 1371 1330 1490 1385; x_wconf 89' lang='lat' dir='ltr'>operum</span> <span class='ocrx_word' id='word_1_182' title='bbox 1516 1317 1637 1373; x_wconf 91' lang='lat' dir='ltr'>nitorem</span> <span class='ocrx_word' id='word_1_183' title='bbox 1661 1319 1774 1388; x_wconf 88' lang='lat' dir='ltr'>accipit.</span> <span class='ocrx_word' id='word_1_184' title='bbox 1799 1319 1855 1373; x_wconf 86' lang='lat' dir='ltr'>lia-</span> 
     </span>
     <span class='ocr_line' id='line_1_15' title="bbox 103 1401 1856 1480; baseline -0.005 -10"><span class='ocrx_word' id='word_1_185' title='bbox 103 1415 189 1470; x_wconf 88' lang='lat' dir='ltr'>nidua</span> <span class='ocrx_word' id='word_1_186' title='bbox 213 1419 241 1468; x_wconf 86' lang='lat' dir='ltr'>in</span> <span class='ocrx_word' id='word_1_187' title='bbox 266 1414 343 1467; x_wconf 87' lang='lat' dir='ltr'>doma</span> <span class='ocrx_word' id='word_1_188' title='bbox 370 1414 459 1480; x_wconf 87' lang='lat' dir='ltr'>putris</span> <span class='ocrx_word' id='word_1_189' title='bbox 485 1414 534 1474; x_wconf 87' lang='lat' dir='ltr'>tui,</span> <span class='ocrx_word' id='word_1_190' title='bbox 561 1410 641 1463; x_wconf 81' lang='lat' dir='ltr'>dariae</span> <span class='ocrx_word' id='word_1_191' title='bbox 666 1414 767 1460; x_wconf 87' lang='lat' dir='ltr'>crescat</span> <span class='ocrx_word' id='word_1_192' title='bbox 794 1407 855 1460; x_wconf 86' lang='lat' dir='ltr'>Sela</span> <span class='ocrx_word' id='word_1_193' title='bbox 878 1406 951 1472; x_wconf 72' lang='lat' dir='ltr'>fitius</span> <span class='ocrx_word' id='word_1_194' title='bbox 1007 1401 1098 1458; x_wconf 88' lang='lat' dir='ltr'>bitum</span> <span class='ocrx_word' id='word_1_195' title='bbox 1121 1412 1222 1470; x_wconf 84' lang='lat' dir='ltr'>mutat,</span> <span class='ocrx_word' id='word_1_196' title='bbox 1244 1419 1310 1458; x_wconf 91' lang='lat' dir='ltr'>cum</span> <span class='ocrx_word' id='word_1_197' title='bbox 1326 1413 1434 1460; x_wconf 86' lang='lat' dir='ltr'>statum</span> <span class='ocrx_word' id='word_1_198' title='bbox 1459 1406 1562 1461; x_wconf 91' lang='lat' dir='ltr'>mentis</span> <span class='ocrx_word' id='word_1_199' title='bbox 1586 1407 1715 1462; x_wconf 76' lang='lat' dir='ltr'>innovat.</span> <span class='ocrx_word' id='word_1_200' title='bbox 1733 1409 1768 1460; x_wconf 87' lang='lat' dir='ltr'>Ia</span> <span class='ocrx_word' id='word_1_201' title='bbox 1785 1410 1856 1461; x_wconf 87' lang='lat' dir='ltr'>bicia</span> 
     </span>
     <span class='ocr_line' id='line_1_16' title="bbox 104 1492 1854 1572; baseline -0.003 -15"><span class='ocrx_word' id='word_1_202' title='bbox 104 1517 197 1571; x_wconf 86' lang='lat' dir='ltr'>meus;</span> <span class='ocrx_word' id='word_1_203' title='bbox 216 1501 326 1555; x_wconf 89' lang='lat' dir='ltr'>timebat</span> <span class='ocrx_word' id='word_1_204' title='bbox 339 1501 410 1552; x_wconf 88' lang='lat' dir='ltr'>enim</span> <span class='ocrx_word' id='word_1_205' title='bbox 424 1513 456 1550; x_wconf 90' lang='lat' dir='ltr'>ne</span> <span class='ocrx_word' id='word_1_206' title='bbox 470 1503 495 1550; x_wconf 86' lang='lat' dir='ltr'>ct</span> <span class='ocrx_word' id='word_1_207' title='bbox 516 1499 574 1564; x_wconf 84' lang='lat' dir='ltr'>ipse</span> <span class='ocrx_word' id='word_1_208' title='bbox 592 1499 750 1560; x_wconf 85' lang='lat' dir='ltr'>moreretur,</span> <span class='ocrx_word' id='word_1_209' title='bbox 766 1496 836 1546; x_wconf 89' lang='lat' dir='ltr'>sicut</span> <span class='ocrx_word' id='word_1_210' title='bbox 848 1494 951 1559; x_wconf 80' lang='lat' dir='ltr'>fratres</span> <span class='ocrx_word' id='word_1_211' title='bbox 1005 1492 1123 1572; x_wconf 84' lang='lat' dir='ltr'>itineris,</span> <span class='ocrx_word' id='word_1_212' title='bbox 1145 1492 1217 1560; x_wconf 79' lang='lat' dir='ltr'>qttod</span> <span class='ocrx_word' id='word_1_213' title='bbox 1245 1492 1321 1546; x_wconf 83' lang='lat' dir='ltr'>ducii</span> <span class='ocrx_word' id='word_1_214' title='bbox 1344 1494 1494 1548; x_wconf 78' lang='lat' dir='ltr'>Tlramuam</span> <span class='ocrx_word' id='word_1_215' title='bbox 1518 1495 1606 1560; x_wconf 84' lang='lat' dir='ltr'>sedet,</span> <span class='ocrx_word' id='word_1_216' title='bbox 1629 1510 1687 1551; x_wconf 89' lang='lat' dir='ltr'>unu</span> <span class='ocrx_word' id='word_1_217' title='bbox 1708 1496 1755 1551; x_wconf 88' lang='lat' dir='ltr'>tito</span> <span class='ocrx_word' id='word_1_218' title='bbox 1775 1511 1854 1562; x_wconf 87' lang='lat' dir='ltr'>sane,</span> 
     </span>
     <span class='ocr_line' id='line_1_17' title="bbox 104 1579 1856 1656; baseline -0.003 -11"><span class='ocrx_word' id='word_1_219' title='bbox 104 1593 157 1645; x_wconf 88' lang='lat' dir='ltr'>sui.</span> <span class='ocrx_word' id='word_1_220' title='bbox 175 1591 236 1656; x_wconf 78' lang='lat' dir='ltr'>Quae</span> <span class='ocrx_word' id='word_1_221' title='bbox 249 1589 319 1642; x_wconf 87' lang='lat' dir='ltr'>abiit</span> <span class='ocrx_word' id='word_1_222' title='bbox 332 1593 357 1640; x_wconf 91' lang='lat' dir='ltr'>et</span> <span class='ocrx_word' id='word_1_223' title='bbox 375 1586 510 1639; x_wconf 82' lang='lat' dir='ltr'>habitauit</span> <span class='ocrx_word' id='word_1_224' title='bbox 523 1587 552 1637; x_wconf 88' lang='lat' dir='ltr'>iu</span> <span class='ocrx_word' id='word_1_225' title='bbox 571 1583 648 1636; x_wconf 87' lang='lat' dir='ltr'>domo</span> <span class='ocrx_word' id='word_1_226' title='bbox 662 1585 752 1650; x_wconf 82' lang='lat' dir='ltr'>patris</span> <span class='ocrx_word' id='word_1_227' title='bbox 767 1583 819 1634; x_wconf 84' lang='lat' dir='ltr'>sui.</span> <span class='ocrx_word' id='word_1_228' title='bbox 833 1579 950 1636; x_wconf 84' lang='lat' dir='ltr'>Conles-</span> <span class='ocrx_word' id='word_1_229' title='bbox 1007 1595 1064 1650; x_wconf 86' lang='lat' dir='ltr'>quo</span> <span class='ocrx_word' id='word_1_230' title='bbox 1098 1581 1223 1636; x_wconf 90' lang='lat' dir='ltr'>dicitur:</span> <span class='ocrx_word' id='word_1_231' title='bbox 1257 1583 1300 1635; x_wconf 79' lang='lat' dir='ltr'>Va</span> <span class='ocrx_word' id='word_1_232' title='bbox 1333 1582 1499 1650; x_wconf 80' lang='lat' dir='ltr'>ingredienti</span> <span class='ocrx_word' id='word_1_233' title='bbox 1531 1589 1631 1638; x_wconf 85' lang='lat' dir='ltr'>terram</span> <span class='ocrx_word' id='word_1_234' title='bbox 1664 1585 1771 1638; x_wconf 86' lang='lat' dir='ltr'>duabus</span> <span class='ocrx_word' id='word_1_235' title='bbox 1802 1589 1856 1639; x_wconf 87' lang='lat' dir='ltr'>viis</span> 
     </span>
     <span class='ocr_line' id='line_1_18' title="bbox 105 1667 1853 1742; baseline -0.003 -9"><span class='ocrx_word' id='word_1_236' title='bbox 105 1677 194 1733; x_wconf 92' lang='lat' dir='ltr'>sionis</span> <span class='ocrx_word' id='word_1_237' title='bbox 209 1674 357 1731; x_wconf 89' lang='lat' dir='ltr'>humilitas</span> <span class='ocrx_word' id='word_1_238' title='bbox 371 1672 407 1728; x_wconf 90' lang='lat' dir='ltr'>ad</span> <span class='ocrx_word' id='word_1_239' title='bbox 421 1672 557 1737; x_wconf 83' lang='lat' dir='ltr'>Thamar,</span> <span class='ocrx_word' id='word_1_240' title='bbox 582 1670 608 1724; x_wconf 92' lang='lat' dir='ltr'>id</span> <span class='ocrx_word' id='word_1_241' title='bbox 624 1677 666 1724; x_wconf 91' lang='lat' dir='ltr'>est</span> <span class='ocrx_word' id='word_1_242' title='bbox 681 1667 838 1738; x_wconf 88' lang='lat' dir='ltr'>disciplinae</span> <span class='ocrx_word' id='word_1_243' title='bbox 853 1674 951 1722; x_wconf 91' lang='lat' dir='ltr'>costo·</span> <span class='ocrx_word' id='word_1_244' title='bbox 1006 1669 1101 1737; x_wconf 80' lang='lat' dir='ltr'>(Eccti.</span> <span class='ocrx_word' id='word_1_245' title='bbox 1120 1686 1148 1736; x_wconf 95' lang='grc' dir='ltr'>ιι,</span> <span class='ocrx_word' id='word_1_246' title='bbox 1176 1669 1228 1739; x_wconf 79' lang='lat' dir='ltr'>ti),</span> <span class='ocrx_word' id='word_1_247' title='bbox 1253 1670 1302 1725; x_wconf 90' lang='lat' dir='ltr'>sed</span> <span class='ocrx_word' id='word_1_248' title='bbox 1320 1670 1377 1738; x_wconf 91' lang='lat' dir='ltr'>illo,</span> <span class='ocrx_word' id='word_1_249' title='bbox 1404 1671 1514 1741; x_wconf 83' lang='lat' dir='ltr'>quoad</span> <span class='ocrx_word' id='word_1_250' title='bbox 1539 1673 1629 1728; x_wconf 80' lang='lat' dir='ltr'>Derim</span> <span class='ocrx_word' id='word_1_251' title='bbox 1655 1685 1705 1742; x_wconf 89' lang='lat' dir='ltr'>per</span> <span class='ocrx_word' id='word_1_252' title='bbox 1728 1689 1853 1730; x_wconf 90' lang='lat' dir='ltr'>amorem</span> 
     </span>
     <span class='ocr_line' id='line_1_19' title="bbox 105 1757 1853 1833; baseline -0.002 -12"><span class='ocrx_word' id='word_1_253' title='bbox 105 1765 182 1821; x_wconf 92' lang='lat' dir='ltr'>diam</span> <span class='ocrx_word' id='word_1_254' title='bbox 222 1778 251 1819; x_wconf 94' lang='lat' dir='ltr'>se</span> <span class='ocrx_word' id='word_1_255' title='bbox 283 1768 462 1824; x_wconf 84' lang='lat' dir='ltr'>convertens,</span> <span class='ocrx_word' id='word_1_256' title='bbox 494 1771 643 1829; x_wconf 88' lang='lat' dir='ltr'>cognosce,</span> <span class='ocrx_word' id='word_1_257' title='bbox 679 1758 782 1826; x_wconf 83' lang='lat' dir='ltr'>inquit,</span> <span class='ocrx_word' id='word_1_258' title='bbox 813 1768 950 1825; x_wconf 90' lang='lat' dir='ltr'>sponsum</span> <span class='ocrx_word' id='word_1_259' title='bbox 1006 1757 1142 1824; x_wconf 88' lang='lat' dir='ltr'>tenditur,</span> <span class='ocrx_word' id='word_1_260' title='bbox 1159 1765 1187 1812; x_wconf 93' lang='lat' dir='ltr'>et</span> <span class='ocrx_word' id='word_1_261' title='bbox 1200 1757 1228 1812; x_wconf 90' lang='lat' dir='ltr'>in</span> <span class='ocrx_word' id='word_1_262' title='bbox 1241 1759 1365 1827; x_wconf 83' lang='lat' dir='ltr'>proximi</span> <span class='ocrx_word' id='word_1_263' title='bbox 1387 1759 1555 1816; x_wconf 90' lang='lat' dir='ltr'>charitatem</span> <span class='ocrx_word' id='word_1_264' title='bbox 1570 1760 1791 1833; x_wconf 80' lang='lat' dir='ltr'>flectitur3quo</span> <span class='ocrx_word' id='word_1_265' title='bbox 1809 1777 1853 1817; x_wconf 90' lang='lat' dir='ltr'>re-</span> 
     </span>
     <span class='ocr_line' id='line_1_20' title="bbox 106 1842 1853 1921; baseline -0.002 -12"><span class='ocrx_word' id='word_1_266' title='bbox 106 1858 200 1919; x_wconf 90' lang='lat' dir='ltr'>tuum,</span> <span class='ocrx_word' id='word_1_267' title='bbox 227 1866 277 1921; x_wconf 92' lang='lat' dir='ltr'>pro</span> <span class='ocrx_word' id='word_1_268' title='bbox 301 1859 327 1904; x_wconf 88' lang='lat' dir='ltr'>te</span> <span class='ocrx_word' id='word_1_269' title='bbox 347 1849 493 1904; x_wconf 84' lang='lat' dir='ltr'>Christum</span> <span class='ocrx_word' id='word_1_270' title='bbox 516 1854 674 1911; x_wconf 89' lang='lat' dir='ltr'>mortuum,</span> <span class='ocrx_word' id='word_1_271' title='bbox 700 1842 863 1914; x_wconf 81' lang='lat' dir='ltr'>praestolare</span> <span class='ocrx_word' id='word_1_272' title='bbox 883 1856 952 1913; x_wconf 92' lang='lat' dir='ltr'>ergo</span> <span class='ocrx_word' id='word_1_273' title='bbox 1004 1860 1074 1901; x_wconf 86' lang='lat' dir='ltr'>vera</span> <span class='ocrx_word' id='word_1_274' title='bbox 1090 1845 1190 1901; x_wconf 88' lang='lat' dir='ltr'>itinere</span> <span class='ocrx_word' id='word_1_275' title='bbox 1203 1847 1239 1901; x_wconf 91' lang='lat' dir='ltr'>ad</span> <span class='ocrx_word' id='word_1_276' title='bbox 1252 1848 1545 1917; x_wconf 83' lang='lat' dir='ltr'>communerationem</span> <span class='ocrx_word' id='word_1_277' title='bbox 1559 1864 1625 1905; x_wconf 88' lang='lat' dir='ltr'>vere</span> <span class='ocrx_word' id='word_1_278' title='bbox 1642 1850 1768 1906; x_wconf 81' lang='lat' dir='ltr'>fidelium</span> <span class='ocrx_word' id='word_1_279' title='bbox 1785 1851 1853 1906; x_wconf 88' lang='lat' dir='ltr'>itur.</span> 
     </span>
     <span class='ocr_line' id='line_1_21' title="bbox 106 1932 1855 2009; baseline -0.003 -11"><span class='ocrx_word' id='word_1_280' title='bbox 106 1942 182 1998; x_wconf 91' lang='lat' dir='ltr'>intra</span> <span class='ocrx_word' id='word_1_281' title='bbox 203 1938 416 2002; x_wconf 89' lang='lat' dir='ltr'>conscientiam,</span> <span class='ocrx_word' id='word_1_282' title='bbox 443 1949 508 2006; x_wconf 86' lang='lat' dir='ltr'>quae</span> <span class='ocrx_word' id='word_1_283' title='bbox 524 1936 626 1990; x_wconf 70' lang='lat' dir='ltr'>doulos</span> <span class='ocrx_word' id='word_1_284' title='bbox 651 1933 701 1989; x_wconf 84' lang='lat' dir='ltr'>ilci</span> <span class='ocrx_word' id='word_1_285' title='bbox 724 1932 815 1988; x_wconf 89' lang='lat' dir='ltr'>Patris</span> <span class='ocrx_word' id='word_1_286' title='bbox 838 1932 881 1988; x_wconf 93' lang='lat' dir='ltr'>tui</span> <span class='ocrx_word' id='word_1_287' title='bbox 899 1938 950 1998; x_wconf 89' lang='lat' dir='ltr'>cst,</span> <span class='ocrx_word' id='word_1_288' title='bbox 1006 1933 1109 1988; x_wconf 88' lang='lat' dir='ltr'>Sedere</span> <span class='ocrx_word' id='word_1_289' title='bbox 1127 1941 1224 1988; x_wconf 90' lang='lat' dir='ltr'>autem</span> <span class='ocrx_word' id='word_1_290' title='bbox 1248 1948 1430 2003; x_wconf 86' lang='lat' dir='ltr'>perseverare</span> <span class='ocrx_word' id='word_1_291' title='bbox 1453 1943 1504 1991; x_wconf 87' lang='lat' dir='ltr'>est.</span> <span class='ocrx_word' id='word_1_292' title='bbox 1523 1937 1581 1992; x_wconf 85' lang='lat' dir='ltr'>lica</span> <span class='ocrx_word' id='word_1_293' title='bbox 1602 1937 1664 1993; x_wconf 91' lang='lat' dir='ltr'>idco</span> <span class='ocrx_word' id='word_1_294' title='bbox 1683 1937 1760 2007; x_wconf 90' lang='lat' dir='ltr'>lacit,</span> <span class='ocrx_word' id='word_1_295' title='bbox 1785 1940 1855 2009; x_wconf 85' lang='lat' dir='ltr'>quin</span> 
     </span>
     <span class='ocr_line' id='line_1_22' title="bbox 106 2019 1855 2101; baseline -0.001 -16"><span class='ocrx_word' id='word_1_296' title='bbox 106 2037 296 2101; x_wconf 85' lang='lat' dir='ltr'>augmentum</span> <span class='ocrx_word' id='word_1_297' title='bbox 325 2027 435 2099; x_wconf 78' lang='lat' dir='ltr'>gratiae,</span> <span class='ocrx_word' id='word_1_298' title='bbox 463 2039 528 2095; x_wconf 85' lang='lat' dir='ltr'>qnae</span> <span class='ocrx_word' id='word_1_299' title='bbox 561 2024 610 2078; x_wconf 91' lang='lat' dir='ltr'>tihi</span> <span class='ocrx_word' id='word_1_300' title='bbox 637 2023 800 2089; x_wconf 83' lang='lat' dir='ltr'>obumbret,</span> <span class='ocrx_word' id='word_1_301' title='bbox 829 2020 952 2092; x_wconf 82' lang='lat' dir='ltr'>Spiritus</span> <span class='ocrx_word' id='word_1_302' title='bbox 1006 2019 1077 2088; x_wconf 89' lang='lat' dir='ltr'>Sela,</span> <span class='ocrx_word' id='word_1_303' title='bbox 1092 2022 1120 2076; x_wconf 90' lang='lat' dir='ltr'>id</span> <span class='ocrx_word' id='word_1_304' title='bbox 1133 2031 1175 2077; x_wconf 92' lang='lat' dir='ltr'>est</span> <span class='ocrx_word' id='word_1_305' title='bbox 1187 2023 1344 2092; x_wconf 86' lang='lat' dir='ltr'>spiritualis</span> <span class='ocrx_word' id='word_1_306' title='bbox 1357 2023 1408 2093; x_wconf 85' lang='lat' dir='ltr'>qui</span> <span class='ocrx_word' id='word_1_307' title='bbox 1426 2039 1477 2080; x_wconf 90' lang='lat' dir='ltr'>nos</span> <span class='ocrx_word' id='word_1_308' title='bbox 1489 2025 1643 2080; x_wconf 87' lang='lat' dir='ltr'>obumbrat</span> <span class='ocrx_word' id='word_1_309' title='bbox 1658 2039 1739 2081; x_wconf 89' lang='lat' dir='ltr'>amor</span> <span class='ocrx_word' id='word_1_310' title='bbox 1754 2028 1855 2083; x_wconf 89' lang='lat' dir='ltr'>crescit</span> 
     </span>
     <span class='ocr_line' id='line_1_23' title="bbox 106 2110 1855 2188; baseline -0.002 -14"><span class='ocrx_word' id='word_1_311' title='bbox 106 2118 208 2185; x_wconf 90' lang='lat' dir='ltr'>sancti,</span> <span class='ocrx_word' id='word_1_312' title='bbox 225 2115 478 2188; x_wconf 80' lang='lat' dir='ltr'>quaeparacletum</span> <span class='ocrx_word' id='word_1_313' title='bbox 499 2112 604 2168; x_wconf 86' lang='lat' dir='ltr'>babeas</span> <span class='ocrx_word' id='word_1_314' title='bbox 626 2112 686 2167; x_wconf 90' lang='lat' dir='ltr'>vice</span> <span class='ocrx_word' id='word_1_315' title='bbox 709 2111 805 2181; x_wconf 90' lang='lat' dir='ltr'>sponsi</span> <span class='ocrx_word' id='word_1_316' title='bbox 830 2112 883 2176; x_wconf 91' lang='lat' dir='ltr'>tut,</span> <span class='ocrx_word' id='word_1_317' title='bbox 904 2110 951 2165; x_wconf 92' lang='lat' dir='ltr'>cui</span> <span class='ocrx_word' id='word_1_318' title='bbox 1006 2111 1121 2180; x_wconf 86' lang='lat' dir='ltr'>quidem</span> <span class='ocrx_word' id='word_1_319' title='bbox 1138 2111 1269 2172; x_wconf 83' lang='lat' dir='ltr'>interius,</span> <span class='ocrx_word' id='word_1_320' title='bbox 1285 2112 1332 2167; x_wconf 93' lang='lat' dir='ltr'>sed</span> <span class='ocrx_word' id='word_1_321' title='bbox 1349 2127 1405 2167; x_wconf 92' lang='lat' dir='ltr'>non</span> <span class='ocrx_word' id='word_1_322' title='bbox 1427 2113 1557 2183; x_wconf 86' lang='lat' dir='ltr'>itajugis</span> <span class='ocrx_word' id='word_1_323' title='bbox 1570 2122 1597 2169; x_wconf 88' lang='lat' dir='ltr'>et</span> <span class='ocrx_word' id='word_1_324' title='bbox 1619 2114 1800 2185; x_wconf 84' lang='lat' dir='ltr'>individuus,</span> <span class='ocrx_word' id='word_1_325' title='bbox 1824 2123 1855 2171; x_wconf 94' lang='lat' dir='ltr'>ut</span> 
     </span>
     <span class='ocr_line' id='line_1_24' title="bbox 107 2197 1519 2276; baseline -0.005 -14"><span class='ocrx_word' id='word_1_326' title='bbox 107 2214 248 2276; x_wconf 81' lang='lat' dir='ltr'>tauquam</span> <span class='ocrx_word' id='word_1_327' title='bbox 272 2205 329 2260; x_wconf 93' lang='lat' dir='ltr'>tilio</span> <span class='ocrx_word' id='word_1_328' title='bbox 350 2203 440 2259; x_wconf 83' lang='lat' dir='ltr'>diuini</span> <span class='ocrx_word' id='word_1_329' title='bbox 463 2199 772 2270; x_wconf 69' lang='lat' dir='ltr'>eloquiilnutrimcutis</span> <span class='ocrx_word' id='word_1_330' title='bbox 790 2198 891 2254; x_wconf 87' lang='lat' dir='ltr'>alendo</span> <span class='ocrx_word' id='word_1_331' title='bbox 912 2197 953 2252; x_wconf 92' lang='lat' dir='ltr'>in·</span> <span class='ocrx_word' id='word_1_332' title='bbox 1005 2211 1117 2268; x_wconf 89' lang='lat' dir='ltr'>semper</span> <span class='ocrx_word' id='word_1_333' title='bbox 1132 2198 1276 2254; x_wconf 76' lang='lat' dir='ltr'>adhaereat</span> <span class='ocrx_word' id='word_1_334' title='bbox 1291 2200 1374 2269; x_wconf 84' lang='lat' dir='ltr'>qtrasi</span> <span class='ocrx_word' id='word_1_335' title='bbox 1388 2201 1519 2257; x_wconf 82' lang='lat' dir='ltr'>maritus</span> 
     </span>
     <span class='ocr_line' id='line_1_25' title="bbox 106 2285 1854 2364; baseline -0.002 -14"><span class='ocrx_word' id='word_1_336' title='bbox 106 2294 198 2361; x_wconf 90' lang='lat' dir='ltr'>sistas,</span> <span class='ocrx_word' id='word_1_337' title='bbox 213 2307 298 2364; x_wconf 86' lang='lat' dir='ltr'>quem</span> <span class='ocrx_word' id='word_1_338' title='bbox 318 2301 413 2348; x_wconf 92' lang='lat' dir='ltr'>tamen</span> <span class='ocrx_word' id='word_1_339' title='bbox 429 2299 460 2346; x_wconf 95' lang='lat' dir='ltr'>tu</span> <span class='ocrx_word' id='word_1_340' title='bbox 474 2289 637 2358; x_wconf 83' lang='lat' dir='ltr'>conceperis</span> <span class='ocrx_word' id='word_1_341' title='bbox 658 2302 696 2343; x_wconf 81' lang='lat' dir='ltr'>ex</span> <span class='ocrx_word' id='word_1_342' title='bbox 723 2287 851 2343; x_wconf 90' lang='lat' dir='ltr'>libertate</span> <span class='ocrx_word' id='word_1_343' title='bbox 872 2285 952 2341; x_wconf 90' lang='lat' dir='ltr'>arbi·</span> <span class='ocrx_word' id='word_1_344' title='bbox 1041 2289 1126 2345; x_wconf 85' lang='lat' dir='ltr'>Vans.</span> <span class='ocrx_word' id='word_1_345' title='bbox 1147 2292 1187 2343; x_wconf 76' lang='lat' dir='ltr'>iti.</span> <span class='ocrx_word' id='word_1_346' title='bbox 1211 2320 1245 2328; x_wconf 88' lang='lat'><em>-</em></span> <span class='ocrx_word' id='word_1_347' title='bbox 1262 2290 1348 2355; x_wconf 78' lang='lat' dir='ltr'>Quam</span> <span class='ocrx_word' id='word_1_348' title='bbox 1372 2306 1431 2344; x_wconf 89' lang='lat' dir='ltr'>cum</span> <span class='ocrx_word' id='word_1_349' title='bbox 1455 2291 1569 2345; x_wconf 85' lang='lat' dir='ltr'>uidisset</span> <span class='ocrx_word' id='word_1_350' title='bbox 1592 2292 1678 2346; x_wconf 83' lang='lat' dir='ltr'>iudas</span> <span class='ocrx_word' id='word_1_351' title='bbox 1698 2295 1854 2362; x_wconf 83' lang='lat' dir='ltr'>suspicatus</span> 
     </span>
     <span class='ocr_line' id='line_1_26' title="bbox 106 2375 1852 2448; baseline -0.002 -8"><span class='ocrx_word' id='word_1_352' title='bbox 106 2384 163 2440; x_wconf 89' lang='lat' dir='ltr'>trit.</span> <span class='ocrx_word' id='word_1_353' title='bbox 178 2383 269 2439; x_wconf 92' lang='lat' dir='ltr'>Timet</span> <span class='ocrx_word' id='word_1_354' title='bbox 279 2382 353 2438; x_wconf 91' lang='lat' dir='ltr'>enim</span> <span class='ocrx_word' id='word_1_355' title='bbox 365 2381 433 2437; x_wconf 91' lang='lat' dir='ltr'>dum</span> <span class='ocrx_word' id='word_1_356' title='bbox 445 2379 485 2435; x_wconf 88' lang='lat' dir='ltr'>sic</span> <span class='ocrx_word' id='word_1_357' title='bbox 497 2393 526 2434; x_wconf 91' lang='lat' dir='ltr'>se</span> <span class='ocrx_word' id='word_1_358' title='bbox 537 2376 719 2433; x_wconf 89' lang='lat' dir='ltr'>monimentis</span> <span class='ocrx_word' id='word_1_359' title='bbox 730 2389 810 2431; x_wconf 85' lang='lat' dir='ltr'>inens</span> <span class='ocrx_word' id='word_1_360' title='bbox 821 2375 950 2440; x_wconf 87' lang='lat' dir='ltr'>innovat,</span> <span class='ocrx_word' id='word_1_361' title='bbox 1006 2383 1046 2433; x_wconf 90' lang='lat' dir='ltr'>est</span> <span class='ocrx_word' id='word_1_362' title='bbox 1071 2393 1126 2432; x_wconf 85' lang='lat' dir='ltr'>esse</span> <span class='ocrx_word' id='word_1_363' title='bbox 1151 2380 1340 2445; x_wconf 58' lang='lat' dir='ltr'>meretricem</span> <span class='ocrx_word' id='word_1_364' title='bbox 1369 2384 1513 2448; x_wconf 87' lang='lat' dir='ltr'>operuerat</span> <span class='ocrx_word' id='word_1_365' title='bbox 1538 2382 1609 2434; x_wconf 88' lang='lat' dir='ltr'>enim</span> <span class='ocrx_word' id='word_1_366' title='bbox 1635 2382 1740 2436; x_wconf 86' lang='lat' dir='ltr'>nattum</span> <span class='ocrx_word' id='word_1_367' title='bbox 1761 2397 1852 2448; x_wconf 85' lang='lat' dir='ltr'>suum,</span> 
     </span>
     <span class='ocr_line' id='line_1_27' title="bbox 106 2463 1853 2539; baseline -0.002 -11"><span class='ocrx_word' id='word_1_368' title='bbox 106 2486 143 2528; x_wconf 92' lang='lat' dir='ltr'>ne</span> <span class='ocrx_word' id='word_1_369' title='bbox 159 2472 304 2536; x_wconf 89' lang='lat' dir='ltr'>tentando,</span> <span class='ocrx_word' id='word_1_370' title='bbox 322 2477 354 2527; x_wconf 93' lang='lat' dir='ltr'>ut</span> <span class='ocrx_word' id='word_1_371' title='bbox 370 2469 481 2539; x_wconf 87' lang='lat' dir='ltr'>pridem</span> <span class='ocrx_word' id='word_1_372' title='bbox 495 2466 680 2537; x_wconf 79' lang='lat' dir='ltr'>periclitetur,</span> <span class='ocrx_word' id='word_1_373' title='bbox 694 2473 721 2521; x_wconf 95' lang='lat' dir='ltr'>ct</span> <span class='ocrx_word' id='word_1_374' title='bbox 736 2464 856 2521; x_wconf 91' lang='lat' dir='ltr'>decidat.</span> <span class='ocrx_word' id='word_1_375' title='bbox 875 2463 952 2519; x_wconf 85' lang='lat' dir='ltr'>Facit</span> <span class='ocrx_word' id='word_1_376' title='bbox 1004 2481 1038 2519; x_wconf 87' lang='lat' dir='ltr'>ne</span> <span class='ocrx_word' id='word_1_377' title='bbox 1056 2471 1265 2532; x_wconf 74' lang='lat' dir='ltr'>reuirescet-etur.</span> <span class='ocrx_word' id='word_1_378' title='bbox 1288 2467 1376 2521; x_wconf 89' lang='lat' dir='ltr'>ludas</span> <span class='ocrx_word' id='word_1_379' title='bbox 1393 2467 1571 2522; x_wconf 86' lang='lat' dir='ltr'>meretricem</span> <span class='ocrx_word' id='word_1_380' title='bbox 1590 2468 1765 2537; x_wconf 88' lang='lat' dir='ltr'>suspicatur,</span> <span class='ocrx_word' id='word_1_381' title='bbox 1786 2484 1853 2525; x_wconf 91' lang='lat' dir='ltr'>cum</span> 
     </span>
     <span class='ocr_line' id='line_1_28' title="bbox 107 2553 1855 2631; baseline -0.001 -16"><span class='ocrx_word' id='word_1_382' title='bbox 107 2574 174 2631; x_wconf 89' lang='lat' dir='ltr'>ergo</span> <span class='ocrx_word' id='word_1_383' title='bbox 193 2561 242 2615; x_wconf 93' lang='lat' dir='ltr'>ita.</span> <span class='ocrx_word' id='word_1_384' title='bbox 1005 2568 1068 2610; x_wconf 87' lang='lat' dir='ltr'>eam</span> <span class='ocrx_word' id='word_1_385' title='bbox 1083 2556 1220 2622; x_wconf 90' lang='lat' dir='ltr'>intuetur,</span> <span class='ocrx_word' id='word_1_386' title='bbox 1244 2553 1313 2624; x_wconf 87' lang='lat' dir='ltr'>quia</span> <span class='ocrx_word' id='word_1_387' title='bbox 1329 2555 1435 2624; x_wconf 81' lang='lat' dir='ltr'>saepius</span> <span class='ocrx_word' id='word_1_388' title='bbox 1456 2555 1634 2611; x_wconf 90' lang='lat' dir='ltr'>considerato</span> <span class='ocrx_word' id='word_1_389' title='bbox 1650 2569 1709 2612; x_wconf 82' lang='lat' dir='ltr'>suae</span> <span class='ocrx_word' id='word_1_390' title='bbox 1734 2557 1855 2613; x_wconf 90' lang='lat' dir='ltr'>actionis</span> 
     </span>
     <span class='ocr_line' id='line_1_29' title="bbox 143 2641 1855 2713; baseline -0.002 -9"><span class='ocrx_word' id='word_1_391' title='bbox 143 2649 228 2705; x_wconf 82' lang='lat' dir='ltr'>Vens.</span> <span class='ocrx_word' id='word_1_392' title='bbox 249 2651 288 2702; x_wconf 83' lang='lat' dir='ltr'>ta.</span> <span class='ocrx_word' id='word_1_393' title='bbox 304 2677 337 2686; x_wconf 94' lang='lat'>-</span> <span class='ocrx_word' id='word_1_394' title='bbox 353 2647 476 2702; x_wconf 79' lang='lat' dir='ltr'>Eoolutis</span> <span class='ocrx_word' id='word_1_395' title='bbox 498 2649 587 2697; x_wconf 88' lang='lat' dir='ltr'>antem</span> <span class='ocrx_word' id='word_1_396' title='bbox 608 2645 701 2698; x_wconf 84' lang='lat' dir='ltr'>multis</span> <span class='ocrx_word' id='word_1_397' title='bbox 717 2643 823 2708; x_wconf 72' lang='lat' dir='ltr'>dubus,</span> <span class='ocrx_word' id='word_1_398' title='bbox 846 2645 953 2695; x_wconf 88' lang='lat' dir='ltr'>mortua</span> <span class='ocrx_word' id='word_1_399' title='bbox 1005 2642 1097 2709; x_wconf 90' lang='lat' dir='ltr'>initio,</span> <span class='ocrx_word' id='word_1_400' title='bbox 1111 2641 1313 2711; x_wconf 80' lang='lat' dir='ltr'>penitentialis</span> <span class='ocrx_word' id='word_1_401' title='bbox 1330 2641 1477 2698; x_wconf 86' lang='lat' dir='ltr'>humilitas</span> <span class='ocrx_word' id='word_1_402' title='bbox 1497 2657 1554 2698; x_wconf 93' lang='lat' dir='ltr'>non</span> <span class='ocrx_word' id='word_1_403' title='bbox 1579 2657 1629 2713; x_wconf 92' lang='lat' dir='ltr'>pro</span> <span class='ocrx_word' id='word_1_404' title='bbox 1653 2652 1761 2700; x_wconf 77' lang='lat' dir='ltr'>aeterua</span> <span class='ocrx_word' id='word_1_405' title='bbox 1779 2660 1855 2702; x_wconf 87' lang='lat' dir='ltr'>mer-</span> 
     </span>
     <span class='ocr_line' id='line_1_30' title="bbox 107 2730 1855 2804; baseline -0.002 -12"><span class='ocrx_word' id='word_1_406' title='bbox 107 2741 146 2793; x_wconf 88' lang='lat' dir='ltr'>est</span> <span class='ocrx_word' id='word_1_407' title='bbox 171 2737 232 2804; x_wconf 88' lang='lat' dir='ltr'>Sue,</span> <span class='ocrx_word' id='word_1_408' title='bbox 258 2752 328 2790; x_wconf 87' lang='lat' dir='ltr'>naar</span> <span class='ocrx_word' id='word_1_409' title='bbox 353 2734 439 2789; x_wconf 82' lang='lat' dir='ltr'>iuda.</span> <span class='ocrx_word' id='word_1_410' title='bbox 471 2735 524 2799; x_wconf 87' lang='lat' dir='ltr'>Qui</span> <span class='ocrx_word' id='word_1_411' title='bbox 550 2738 611 2802; x_wconf 85' lang='lat' dir='ltr'>post</span> <span class='ocrx_word' id='word_1_412' title='bbox 644 2734 744 2787; x_wconf 90' lang='lat' dir='ltr'>luctum</span> <span class='ocrx_word' id='word_1_413' title='bbox 775 2731 954 2786; x_wconf 85' lang='lat' dir='ltr'>consolatione</span> <span class='ocrx_word' id='word_1_414' title='bbox 1007 2731 1083 2798; x_wconf 90' lang='lat' dir='ltr'>cede,</span> <span class='ocrx_word' id='word_1_415' title='bbox 1101 2730 1264 2800; x_wconf 85' lang='lat' dir='ltr'>qtrodbeus</span> <span class='ocrx_word' id='word_1_416' title='bbox 1281 2737 1332 2796; x_wconf 88' lang='lat' dir='ltr'>est,</span> <span class='ocrx_word' id='word_1_417' title='bbox 1349 2730 1397 2785; x_wconf 93' lang='lat' dir='ltr'>sed</span> <span class='ocrx_word' id='word_1_418' title='bbox 1419 2745 1471 2801; x_wconf 92' lang='lat' dir='ltr'>pro</span> <span class='ocrx_word' id='word_1_419' title='bbox 1487 2730 1565 2786; x_wconf 92' lang='lat' dir='ltr'>inani</span> <span class='ocrx_word' id='word_1_420' title='bbox 1588 2732 1687 2802; x_wconf 84' lang='lat' dir='ltr'>aliquo</span> <span class='ocrx_word' id='word_1_421' title='bbox 1706 2734 1855 2789; x_wconf 90' lang='lat' dir='ltr'>commoda</span> 
     </span>
     <span class='ocr_line' id='line_1_31' title="bbox 107 2818 1855 2894; baseline -0.001 -15"><span class='ocrx_word' id='word_1_422' title='bbox 107 2829 241 2894; x_wconf 86' lang='lat' dir='ltr'>suscepta,</span> <span class='ocrx_word' id='word_1_423' title='bbox 268 2821 429 2877; x_wconf 83' lang='lat' dir='ltr'>ascendebat</span> <span class='ocrx_word' id='word_1_424' title='bbox 447 2820 483 2874; x_wconf 92' lang='lat' dir='ltr'>ad</span> <span class='ocrx_word' id='word_1_425' title='bbox 505 2827 622 2876; x_wconf 81' lang='lat' dir='ltr'>tonsores</span> <span class='ocrx_word' id='word_1_426' title='bbox 644 2822 734 2873; x_wconf 84' lang='lat' dir='ltr'>ovium</span> <span class='ocrx_word' id='word_1_427' title='bbox 756 2834 876 2880; x_wconf 88' lang='lat' dir='ltr'>suarum,</span> <span class='ocrx_word' id='word_1_428' title='bbox 895 2819 954 2887; x_wconf 85' lang='lat' dir='ltr'>ipse</span> <span class='ocrx_word' id='word_1_429' title='bbox 1006 2826 1122 2876; x_wconf 86' lang='lat' dir='ltr'>veretur</span> <span class='ocrx_word' id='word_1_430' title='bbox 1132 2818 1168 2873; x_wconf 88' lang='lat' dir='ltr'>ad</span> <span class='ocrx_word' id='word_1_431' title='bbox 1181 2818 1252 2874; x_wconf 85' lang='lat' dir='ltr'>benc</span> <span class='ocrx_word' id='word_1_432' title='bbox 1265 2819 1409 2889; x_wconf 87' lang='lat' dir='ltr'>agendum</span> <span class='ocrx_word' id='word_1_433' title='bbox 1424 2833 1452 2875; x_wconf 92' lang='lat' dir='ltr'>se</span> <span class='ocrx_word' id='word_1_434' title='bbox 1466 2819 1591 2889; x_wconf 89' lang='lat' dir='ltr'>incitari,</span> <span class='ocrx_word' id='word_1_435' title='bbox 1605 2821 1674 2876; x_wconf 91' lang='lat' dir='ltr'>dum</span> <span class='ocrx_word' id='word_1_436' title='bbox 1690 2821 1728 2876; x_wconf 90' lang='lat' dir='ltr'>ita</span> <span class='ocrx_word' id='word_1_437' title='bbox 1742 2821 1855 2878; x_wconf 89' lang='lat' dir='ltr'>nebulis</span> 
     </span>
     <span class='ocr_line' id='line_1_32' title="bbox 107 2905 1853 2982; baseline 0.001 -16"><span class='ocrx_word' id='word_1_438' title='bbox 107 2916 133 2966; x_wconf 88' lang='lat' dir='ltr'>et</span> <span class='ocrx_word' id='word_1_439' title='bbox 153 2915 234 2967; x_wconf 86' lang='lat' dir='ltr'>ttiras</span> <span class='ocrx_word' id='word_1_440' title='bbox 258 2911 341 2980; x_wconf 86' lang='lat' dir='ltr'>opilio</span> <span class='ocrx_word' id='word_1_441' title='bbox 357 2911 448 2977; x_wconf 81' lang='lat' dir='ltr'>gregis</span> <span class='ocrx_word' id='word_1_442' title='bbox 464 2908 638 2965; x_wconf 81' lang='lat' dir='ltr'>odollamites</span> <span class='ocrx_word' id='word_1_443' title='bbox 658 2910 687 2962; x_wconf 89' lang='lat' dir='ltr'>in</span> <span class='ocrx_word' id='word_1_444' title='bbox 705 2909 850 2962; x_wconf 81' lang='lat' dir='ltr'>Thamnus.</span> <span class='ocrx_word' id='word_1_445' title='bbox 870 2905 953 2962; x_wconf 85' lang='lat' dir='ltr'>Evol·</span> <span class='ocrx_word' id='word_1_446' title='bbox 972 2907 1213 2982; x_wconf 73' lang='lat' dir='ltr'>ccogitationum</span> <span class='ocrx_word' id='word_1_447' title='bbox 1239 2907 1405 2964; x_wconf 90' lang='lat' dir='ltr'>intentionis</span> <span class='ocrx_word' id='word_1_448' title='bbox 1421 2909 1564 2976; x_wconf 87' lang='lat' dir='ltr'>voluntas,</span> <span class='ocrx_word' id='word_1_449' title='bbox 1581 2911 1656 2980; x_wconf 85' lang='lat' dir='ltr'>quod</span> <span class='ocrx_word' id='word_1_450' title='bbox 1680 2919 1721 2966; x_wconf 91' lang='lat' dir='ltr'>cst</span> <span class='ocrx_word' id='word_1_451' title='bbox 1743 2911 1853 2979; x_wconf 72' lang='lat' dir='ltr'>vultus</span> 
     </span>
     <span class='ocr_line' id='line_1_33' title="bbox 107 2994 1855 3069; baseline -0.001 -13"><span class='ocrx_word' id='word_1_452' title='bbox 107 3008 219 3056; x_wconf 85' lang='lat' dir='ltr'>vantur</span> <span class='ocrx_word' id='word_1_453' title='bbox 233 2999 303 3066; x_wconf 91' lang='lat' dir='ltr'>dies,</span> <span class='ocrx_word' id='word_1_454' title='bbox 317 3011 381 3053; x_wconf 93' lang='lat' dir='ltr'>cum</span> <span class='ocrx_word' id='word_1_455' title='bbox 392 2997 496 3052; x_wconf 91' lang='lat' dir='ltr'>sensim</span> <span class='ocrx_word' id='word_1_456' title='bbox 509 3010 557 3066; x_wconf 92' lang='lat' dir='ltr'>per</span> <span class='ocrx_word' id='word_1_457' title='bbox 567 3004 695 3066; x_wconf 88' lang='lat' dir='ltr'>teporem</span> <span class='ocrx_word' id='word_1_458' title='bbox 711 2995 799 3051; x_wconf 91' lang='lat' dir='ltr'>animi</span> <span class='ocrx_word' id='word_1_459' title='bbox 816 2994 953 3050; x_wconf 80' lang='lat' dir='ltr'>deficiunt</span> <span class='ocrx_word' id='word_1_460' title='bbox 1006 2997 1160 3068; x_wconf 82' lang='lat' dir='ltr'>obtegitur,</span> <span class='ocrx_word' id='word_1_461' title='bbox 1186 3003 1218 3051; x_wconf 94' lang='lat' dir='ltr'>ut</span> <span class='ocrx_word' id='word_1_462' title='bbox 1244 2996 1366 3053; x_wconf 85' lang='lat' dir='ltr'>discerni</span> <span class='ocrx_word' id='word_1_463' title='bbox 1387 2997 1437 3052; x_wconf 78' lang='lat' dir='ltr'>vix</span> <span class='ocrx_word' id='word_1_464' title='bbox 1462 2997 1550 3067; x_wconf 92' lang='lat' dir='ltr'>possit</span> <span class='ocrx_word' id='word_1_465' title='bbox 1576 3013 1635 3069; x_wconf 82' lang='lat' dir='ltr'>qua</span> <span class='ocrx_word' id='word_1_466' title='bbox 1662 3000 1732 3069; x_wconf 80' lang='lat' dir='ltr'>qutd</span> <span class='ocrx_word' id='word_1_467' title='bbox 1758 3009 1855 3056; x_wconf 88' lang='lat' dir='ltr'>mente</span> 
     </span>
     <span class='ocr_line' id='line_1_34' title="bbox 106 3083 1852 3157; baseline -0.001 -13"><span class='ocrx_word' id='word_1_468' title='bbox 106 3088 239 3145; x_wconf 80' lang='lat' dir='ltr'>virtutes.</span> <span class='ocrx_word' id='word_1_469' title='bbox 259 3087 311 3142; x_wconf 89' lang='lat' dir='ltr'>Sue</span> <span class='ocrx_word' id='word_1_470' title='bbox 334 3085 501 3140; x_wconf 83' lang='lat' dir='ltr'>Uaariudae</span> <span class='ocrx_word' id='word_1_471' title='bbox 525 3087 658 3152; x_wconf 92' lang='lat' dir='ltr'>moritur,</span> <span class='ocrx_word' id='word_1_472' title='bbox 684 3096 751 3140; x_wconf 94' lang='lat' dir='ltr'>cum</span> <span class='ocrx_word' id='word_1_473' title='bbox 775 3083 857 3151; x_wconf 88' lang='lat' dir='ltr'>ratic,</span> <span class='ocrx_word' id='word_1_474' title='bbox 887 3096 953 3151; x_wconf 81' lang='lat' dir='ltr'>quae</span> <span class='ocrx_word' id='word_1_475' title='bbox 1007 3093 1134 3157; x_wconf 82' lang='lat' dir='ltr'>geratur.</span> <span class='ocrx_word' id='word_1_476' title='bbox 1164 3084 1262 3153; x_wconf 82' lang='lat' dir='ltr'>(Vens.</span> <span class='ocrx_word' id='word_1_477' title='bbox 1302 3088 1353 3147; x_wconf 80' lang='grc' dir='ltr'>ιι.)</span> <span class='ocrx_word' id='word_1_478' title='bbox 1386 3086 1599 3155; x_wconf 73' lang='lat' dir='ltr'>{regrediensque</span> <span class='ocrx_word' id='word_1_479' title='bbox 1628 3087 1665 3140; x_wconf 90' lang='lat' dir='ltr'>ad</span> <span class='ocrx_word' id='word_1_480' title='bbox 1689 3103 1757 3154; x_wconf 88' lang='lat' dir='ltr'>eam,</span> <span class='ocrx_word' id='word_1_481' title='bbox 1793 3093 1852 3142; x_wconf 85' lang='lat' dir='ltr'>ait:</span> 
     </span>
     <span class='ocr_line' id='line_1_35' title="bbox 107 3170 1855 3245; baseline -0.001 -13"><span class='ocrx_word' id='word_1_482' title='bbox 107 3176 190 3233; x_wconf 91' lang='lat' dir='ltr'>nobis</span> <span class='ocrx_word' id='word_1_483' title='bbox 217 3174 352 3245; x_wconf 92' lang='lat' dir='ltr'>spiritum</span> <span class='ocrx_word' id='word_1_484' title='bbox 383 3173 507 3229; x_wconf 89' lang='lat' dir='ltr'>lenitatis</span> <span class='ocrx_word' id='word_1_485' title='bbox 538 3173 674 3240; x_wconf 90' lang='lat' dir='ltr'>incentat,</span> <span class='ocrx_word' id='word_1_486' title='bbox 699 3180 728 3228; x_wconf 89' lang='lat' dir='ltr'>et</span> <span class='ocrx_word' id='word_1_487' title='bbox 749 3186 837 3242; x_wconf 85' lang='lat' dir='ltr'>quam</span> <span class='ocrx_word' id='word_1_488' title='bbox 864 3170 953 3240; x_wconf 88' lang='lat' dir='ltr'>pietas</span> <span class='ocrx_word' id='word_1_489' title='bbox 1007 3176 1116 3229; x_wconf 81' lang='lat' dir='ltr'>Dimitte</span> <span class='ocrx_word' id='word_1_490' title='bbox 1138 3189 1179 3228; x_wconf 85' lang='lat' dir='ltr'>nie</span> <span class='ocrx_word' id='word_1_491' title='bbox 1206 3178 1237 3227; x_wconf 87' lang='lat' dir='ltr'>ut</span> <span class='ocrx_word' id='word_1_492' title='bbox 1261 3189 1349 3228; x_wconf 81' lang='lat' dir='ltr'>coeam</span> <span class='ocrx_word' id='word_1_493' title='bbox 1378 3179 1481 3228; x_wconf 87' lang='lat' dir='ltr'>tecum:</span> <span class='ocrx_word' id='word_1_494' title='bbox 1514 3176 1654 3231; x_wconf 84' lang='lat' dir='ltr'>Nesciebat</span> <span class='ocrx_word' id='word_1_495' title='bbox 1684 3179 1754 3230; x_wconf 86' lang='lat' dir='ltr'>enini</span> <span class='ocrx_word' id='word_1_496' title='bbox 1781 3177 1855 3245; x_wconf 81' lang='lat' dir='ltr'>quad</span> 
     </span>
     <span class='ocr_line' id='line_1_36' title="bbox 107 3261 1855 3335; baseline 0.001 -15"><span class='ocrx_word' id='word_1_497' title='bbox 107 3263 293 3320; x_wconf 77' lang='lat' dir='ltr'>confessionis</span> <span class='ocrx_word' id='word_1_498' title='bbox 313 3263 495 3333; x_wconf 79' lang='lat' dir='ltr'>impraegnat,</span> <span class='ocrx_word' id='word_1_499' title='bbox 519 3261 703 3326; x_wconf 88' lang='lat' dir='ltr'>destituitur;</span> <span class='ocrx_word' id='word_1_500' title='bbox 725 3275 790 3331; x_wconf 84' lang='lat' dir='ltr'>quae</span> <span class='ocrx_word' id='word_1_501' title='bbox 811 3274 876 3316; x_wconf 90' lang='lat' dir='ltr'>cum</span> <span class='ocrx_word' id='word_1_502' title='bbox 891 3265 954 3329; x_wconf 85' lang='lat' dir='ltr'>past</span> <span class='ocrx_word' id='word_1_503' title='bbox 1005 3278 1091 3318; x_wconf 88' lang='lat' dir='ltr'>nurus</span> <span class='ocrx_word' id='word_1_504' title='bbox 1112 3278 1163 3318; x_wconf 89' lang='lat' dir='ltr'>sua</span> <span class='ocrx_word' id='word_1_505' title='bbox 1190 3267 1267 3316; x_wconf 86' lang='lat' dir='ltr'>esset.</span> <span class='ocrx_word' id='word_1_506' title='bbox 1293 3262 1336 3318; x_wconf 82' lang='lat' dir='ltr'>Ad</span> <span class='ocrx_word' id='word_1_507' title='bbox 1358 3277 1422 3319; x_wconf 88' lang='lat' dir='ltr'>eam</span> <span class='ocrx_word' id='word_1_508' title='bbox 1444 3263 1606 3335; x_wconf 89' lang='lat' dir='ltr'>ingreditur</span> <span class='ocrx_word' id='word_1_509' title='bbox 1629 3278 1696 3320; x_wconf 92' lang='lat' dir='ltr'>cum</span> <span class='ocrx_word' id='word_1_510' title='bbox 1716 3264 1855 3321; x_wconf 89' lang='lat' dir='ltr'>interiora</span> 
     </span>
     <span class='ocr_line' id='line_1_37' title="bbox 108 3349 1853 3424; baseline 0.001 -17"><span class='ocrx_word' id='word_1_511' title='bbox 108 3353 207 3407; x_wconf 90' lang='lat' dir='ltr'>luctum</span> <span class='ocrx_word' id='word_1_512' title='bbox 232 3351 337 3423; x_wconf 89' lang='lat' dir='ltr'>peccati</span> <span class='ocrx_word' id='word_1_513' title='bbox 361 3349 583 3407; x_wconf 90' lang='lat' dir='ltr'>consolationem</span> <span class='ocrx_word' id='word_1_514' title='bbox 605 3349 696 3405; x_wconf 77' lang='lat' dir='ltr'>veniae</span> <span class='ocrx_word' id='word_1_515' title='bbox 715 3349 896 3419; x_wconf 88' lang='lat' dir='ltr'>suscepisset,</span> <span class='ocrx_word' id='word_1_516' title='bbox 917 3362 952 3403; x_wconf 92' lang='lat' dir='ltr'>nc</span> <span class='ocrx_word' id='word_1_517' title='bbox 1006 3351 1141 3423; x_wconf 90' lang='lat' dir='ltr'>propositi</span> <span class='ocrx_word' id='word_1_518' title='bbox 1156 3351 1199 3406; x_wconf 91' lang='lat' dir='ltr'>sni</span> <span class='ocrx_word' id='word_1_519' title='bbox 1211 3351 1407 3407; x_wconf 89' lang='lat' dir='ltr'>ratiocinando</span> <span class='ocrx_word' id='word_1_520' title='bbox 1418 3359 1575 3408; x_wconf 89' lang='lat' dir='ltr'>scrutatur.</span> <span class='ocrx_word' id='word_1_521' title='bbox 1592 3352 1736 3421; x_wconf 88' lang='lat' dir='ltr'>Permitte,</span> <span class='ocrx_word' id='word_1_522' title='bbox 1745 3354 1853 3424; x_wconf 81' lang='lat' dir='ltr'>inquit,</span> 
     </span>
    </p>
   </div>
   <div class='ocr_carea' id='block_1_5' title="bbox 107 3435 953 3950">
    <p class='ocr_par' dir='ltr' id='par_1_5' title="bbox 107 3435 953 3950">
     <span class='ocr_line' id='line_1_38' title="bbox 107 3435 951 3510; baseline -0.007 -14"><span class='ocrx_word' id='word_1_523' title='bbox 107 3439 288 3510; x_wconf 90' lang='lat' dir='ltr'>postmodum</span> <span class='ocrx_word' id='word_1_524' title='bbox 325 3440 354 3494; x_wconf 92' lang='lat' dir='ltr'>in</span> <span class='ocrx_word' id='word_1_525' title='bbox 382 3438 481 3509; x_wconf 85' lang='lat' dir='ltr'>aliqua</span> <span class='ocrx_word' id='word_1_526' title='bbox 510 3437 613 3493; x_wconf 79' lang='lat' dir='ltr'>anima</span> <span class='ocrx_word' id='word_1_527' title='bbox 642 3436 818 3492; x_wconf 89' lang='lat' dir='ltr'>relaberetur</span> <span class='ocrx_word' id='word_1_528' title='bbox 852 3435 951 3503; x_wconf 81' lang='lat' dir='ltr'>exitia,</span> 
     </span>
     <span class='ocr_line' id='line_1_39' title="bbox 108 3525 952 3599; baseline -0.007 -15"><span class='ocrx_word' id='word_1_529' title='bbox 108 3528 234 3584; x_wconf 88' lang='lat' dir='ltr'>ascendit</span> <span class='ocrx_word' id='word_1_530' title='bbox 260 3541 414 3599; x_wconf 89' lang='lat' dir='ltr'>progressu</span> <span class='ocrx_word' id='word_1_531' title='bbox 443 3525 546 3582; x_wconf 91' lang='lat' dir='ltr'>mentis</span> <span class='ocrx_word' id='word_1_532' title='bbox 567 3526 602 3581; x_wconf 89' lang='lat' dir='ltr'>ad</span> <span class='ocrx_word' id='word_1_533' title='bbox 617 3537 717 3581; x_wconf 90' lang='lat' dir='ltr'>corum</span> <span class='ocrx_word' id='word_1_534' title='bbox 739 3525 870 3594; x_wconf 84' lang='lat' dir='ltr'>exempla</span> <span class='ocrx_word' id='word_1_535' title='bbox 883 3538 952 3579; x_wconf 86' lang='lat' dir='ltr'>san-</span> 
     </span>
     <span class='ocr_line' id='line_1_40' title="bbox 107 3611 952 3686; baseline -0.007 -14"><span class='ocrx_word' id='word_1_536' title='bbox 107 3623 229 3684; x_wconf 90' lang='lat' dir='ltr'>ctorum,</span> <span class='ocrx_word' id='word_1_537' title='bbox 256 3629 306 3686; x_wconf 90' lang='lat' dir='ltr'>per</span> <span class='ocrx_word' id='word_1_538' title='bbox 328 3628 400 3686; x_wconf 85' lang='lat' dir='ltr'>qnos</span> <span class='ocrx_word' id='word_1_539' title='bbox 420 3613 669 3669; x_wconf 88' lang='lat' dir='ltr'>absciderentura</span> <span class='ocrx_word' id='word_1_540' title='bbox 690 3611 868 3682; x_wconf 88' lang='lat' dir='ltr'>simplicibus</span> <span class='ocrx_word' id='word_1_541' title='bbox 891 3612 952 3668; x_wconf 92' lang='lat' dir='ltr'>suis</span> 
     </span>
     <span class='ocr_line' id='line_1_41' title="bbox 107 3700 953 3778; baseline -0.009 -15"><span class='ocrx_word' id='word_1_542' title='bbox 107 3705 278 3778; x_wconf 86' lang='lat' dir='ltr'>cogitatibus</span> <span class='ocrx_word' id='word_1_543' title='bbox 294 3718 371 3760; x_wconf 84' lang='lat' dir='ltr'>curae</span> <span class='ocrx_word' id='word_1_544' title='bbox 391 3701 537 3759; x_wconf 81' lang='lat' dir='ltr'>saecularis</span> <span class='ocrx_word' id='word_1_545' title='bbox 558 3701 718 3772; x_wconf 84' lang='lat' dir='ltr'>superflua.</span> <span class='ocrx_word' id='word_1_546' title='bbox 745 3701 889 3769; x_wconf 80' lang='lat' dir='ltr'>Ascendit,</span> <span class='ocrx_word' id='word_1_547' title='bbox 914 3700 953 3755; x_wconf 93' lang='lat' dir='ltr'>in·</span> 
     </span>
     <span class='ocr_line' id='line_1_42' title="bbox 107 3789 952 3866; baseline -0.012 -14"><span class='ocrx_word' id='word_1_548' title='bbox 107 3809 207 3866; x_wconf 84' lang='lat' dir='ltr'>quam,</span> <span class='ocrx_word' id='word_1_549' title='bbox 239 3797 270 3849; x_wconf 90' lang='lat' dir='ltr'>in</span> <span class='ocrx_word' id='word_1_550' title='bbox 302 3795 448 3847; x_wconf 85' lang='lat' dir='ltr'>Thamnus.</span> <span class='ocrx_word' id='word_1_551' title='bbox 468 3791 605 3846; x_wconf 86' lang='lat' dir='ltr'>Thamnae</span> <span class='ocrx_word' id='word_1_552' title='bbox 630 3791 855 3859; x_wconf 89' lang='lat' dir='ltr'>interpretantur</span> <span class='ocrx_word' id='word_1_553' title='bbox 888 3789 952 3858; x_wconf 73' lang='lat' dir='ltr'>dep-</span> 
     </span>
     <span class='ocr_line' id='line_1_43' title="bbox 107 3878 951 3950; baseline -0.007 -10"><span class='ocrx_word' id='word_1_554' title='bbox 107 3887 215 3950; x_wconf 88' lang='lat' dir='ltr'>cientes,</span> <span class='ocrx_word' id='word_1_555' title='bbox 232 3881 277 3938; x_wconf 89' lang='lat' dir='ltr'>vel</span> <span class='ocrx_word' id='word_1_556' title='bbox 296 3883 411 3948; x_wconf 86' lang='lat' dir='ltr'>numeri,</span> <span class='ocrx_word' id='word_1_557' title='bbox 433 3880 476 3935; x_wconf 89' lang='lat' dir='ltr'>vel</span> <span class='ocrx_word' id='word_1_558' title='bbox 500 3880 599 3948; x_wconf 65' lang='lat' dir='ltr'>fideles.</span> <span class='ocrx_word' id='word_1_559' title='bbox 615 3880 804 3935; x_wconf 85' lang='lat' dir='ltr'>Promovetur</span> <span class='ocrx_word' id='word_1_560' title='bbox 823 3891 892 3949; x_wconf 87' lang='lat' dir='ltr'>ergo</span> <span class='ocrx_word' id='word_1_561' title='bbox 916 3878 951 3934; x_wconf 90' lang='lat' dir='ltr'>ad</span> 
     </span>
    </p>
   </div>
   <div class='ocr_carea' id='block_1_6' title="bbox 1005 3438 1855 3953">
    <p class='ocr_par' dir='ltr' id='par_1_6' title="bbox 1005 3438 1855 3953">
     <span class='ocr_line' id='line_1_44' title="bbox 1006 3438 1855 3512; baseline 0.006 -20"><span class='ocrx_word' id='word_1_562' title='bbox 1006 3443 1037 3492; x_wconf 93' lang='lat' dir='ltr'>ut</span> <span class='ocrx_word' id='word_1_563' title='bbox 1061 3438 1245 3494; x_wconf 86' lang='lat' dir='ltr'>contessioais</span> <span class='ocrx_word' id='word_1_564' title='bbox 1264 3447 1369 3494; x_wconf 68' lang='lat' dir='ltr'>sanctie</span> <span class='ocrx_word' id='word_1_565' title='bbox 1388 3453 1469 3494; x_wconf 82' lang='lat' dir='ltr'>amm</span> <span class='ocrx_word' id='word_1_566' title='bbox 1485 3440 1536 3496; x_wconf 91' lang='lat' dir='ltr'>tibi</span> <span class='ocrx_word' id='word_1_567' title='bbox 1551 3440 1767 3512; x_wconf 83' lang='lat' dir='ltr'>immisceatur3</span> <span class='ocrx_word' id='word_1_568' title='bbox 1785 3441 1855 3498; x_wconf 86' lang='lat' dir='ltr'>tibi--</span> 
     </span>
     <span class='ocr_line' id='line_1_45' title="bbox 1005 3527 1854 3597; baseline 0.008 -17"><span class='ocrx_word' id='word_1_569' title='bbox 1005 3540 1062 3595; x_wconf 84' lang='lat' dir='ltr'>qtte</span> <span class='ocrx_word' id='word_1_570' title='bbox 1074 3540 1187 3596; x_wconf 91' lang='lat' dir='ltr'>semper</span> <span class='ocrx_word' id='word_1_571' title='bbox 1202 3528 1358 3583; x_wconf 90' lang='lat' dir='ltr'>incumbat.</span> <span class='ocrx_word' id='word_1_572' title='bbox 1370 3527 1463 3583; x_wconf 85' lang='lat' dir='ltr'>Nescit</span> <span class='ocrx_word' id='word_1_573' title='bbox 1476 3528 1562 3597; x_wconf 93' lang='lat' dir='ltr'>enim,</span> <span class='ocrx_word' id='word_1_574' title='bbox 1575 3529 1603 3584; x_wconf 92' lang='lat' dir='ltr'>id</span> <span class='ocrx_word' id='word_1_575' title='bbox 1617 3537 1668 3597; x_wconf 89' lang='lat' dir='ltr'>est,</span> <span class='ocrx_word' id='word_1_576' title='bbox 1686 3544 1743 3586; x_wconf 92' lang='lat' dir='ltr'>non</span> <span class='ocrx_word' id='word_1_577' title='bbox 1756 3531 1854 3588; x_wconf 90' lang='lat' dir='ltr'>adhuc</span> 
     </span>
     <span class='ocr_line' id='line_1_46' title="bbox 1005 3614 1854 3687; baseline 0.008 -19"><span class='ocrx_word' id='word_1_578' title='bbox 1005 3614 1154 3683; x_wconf 87' lang='lat' dir='ltr'>experitur</span> <span class='ocrx_word' id='word_1_579' title='bbox 1180 3616 1255 3685; x_wconf 78' lang='lat' dir='ltr'>quod</span> <span class='ocrx_word' id='word_1_580' title='bbox 1279 3615 1350 3684; x_wconf 87' lang='lat' dir='ltr'>Sela,</span> <span class='ocrx_word' id='word_1_581' title='bbox 1381 3616 1409 3672; x_wconf 91' lang='lat' dir='ltr'>id</span> <span class='ocrx_word' id='word_1_582' title='bbox 1439 3623 1481 3672; x_wconf 90' lang='lat' dir='ltr'>est</span> <span class='ocrx_word' id='word_1_583' title='bbox 1509 3617 1669 3687; x_wconf 89' lang='lat' dir='ltr'>spiritualis</span> <span class='ocrx_word' id='word_1_584' title='bbox 1694 3618 1854 3675; x_wconf 82' lang='lat' dir='ltr'>dilectionis</span> 
     </span>
     <span class='ocr_line' id='line_1_47' title="bbox 1005 3702 1853 3776; baseline 0.007 -18"><span class='ocrx_word' id='word_1_585' title='bbox 1005 3702 1119 3768; x_wconf 90' lang='lat' dir='ltr'>umbra,</span> <span class='ocrx_word' id='word_1_586' title='bbox 1136 3711 1164 3759; x_wconf 89' lang='lat' dir='ltr'>ct</span> <span class='ocrx_word' id='word_1_587' title='bbox 1178 3703 1359 3773; x_wconf 90' lang='lat' dir='ltr'>protectione,</span> <span class='ocrx_word' id='word_1_588' title='bbox 1378 3705 1461 3774; x_wconf 85' lang='lat' dir='ltr'>quasi</span> <span class='ocrx_word' id='word_1_589' title='bbox 1483 3706 1577 3762; x_wconf 90' lang='lat' dir='ltr'>mariti</span> <span class='ocrx_word' id='word_1_590' title='bbox 1594 3707 1773 3776; x_wconf 87' lang='lat' dir='ltr'>auctoritate,</span> <span class='ocrx_word' id='word_1_591' title='bbox 1788 3723 1853 3764; x_wconf 90' lang='lat' dir='ltr'>mu-</span> 
     </span>
     <span class='ocr_line' id='line_1_48' title="bbox 1005 3790 1852 3865; baseline 0.009 -20"><span class='ocrx_word' id='word_1_592' title='bbox 1005 3790 1112 3847; x_wconf 90' lang='lat' dir='ltr'>niatur.</span> <span class='ocrx_word' id='word_1_593' title='bbox 1129 3792 1171 3848; x_wconf 80' lang='lat' dir='ltr'>Aa</span> <span class='ocrx_word' id='word_1_594' title='bbox 1183 3791 1206 3847; x_wconf 92' lang='lat' dir='ltr'>si</span> <span class='ocrx_word' id='word_1_595' title='bbox 1227 3794 1321 3848; x_wconf 89' lang='lat' dir='ltr'>dicat:</span> <span class='ocrx_word' id='word_1_596' title='bbox 1337 3793 1409 3858; x_wconf 86' lang='lat' dir='ltr'>Quia</span> <span class='ocrx_word' id='word_1_597' title='bbox 1424 3793 1565 3850; x_wconf 86' lang='lat' dir='ltr'>fervorem</span> <span class='ocrx_word' id='word_1_598' title='bbox 1586 3796 1706 3865; x_wconf 90' lang='lat' dir='ltr'>spiritus</span> <span class='ocrx_word' id='word_1_599' title='bbox 1728 3796 1852 3852; x_wconf 87' lang='lat' dir='ltr'>necdum</span> 
     </span>
     <span class='ocr_line' id='line_1_49' title="bbox 1005 3869 1852 3953; baseline 0.007 -18"><span class='ocrx_word' id='word_1_600' title='bbox 1005 3869 1116 3948; x_wconf 64' lang='lat' dir='ltr'>sentias</span> <span class='ocrx_word' id='word_1_601' title='bbox 1130 3881 1228 3936; x_wconf 86' lang='lat' dir='ltr'>saltem</span> <span class='ocrx_word' id='word_1_602' title='bbox 1250 3881 1332 3937; x_wconf 85' lang='lat' dir='ltr'>truar</span> <span class='ocrx_word' id='word_1_603' title='bbox 1358 3882 1531 3953; x_wconf 77' lang='lat' dir='ltr'>pauitantia</span> <span class='ocrx_word' id='word_1_604' title='bbox 1551 3882 1684 3940; x_wconf 87' lang='lat' dir='ltr'>lamento.</span> <span class='ocrx_word' id='word_1_605' title='bbox 1711 3885 1786 3950; x_wconf 82' lang='lat' dir='ltr'>Quid</span> <span class='ocrx_word' id='word_1_606' title='bbox 1808 3885 1852 3941; x_wconf 90' lang='lat' dir='ltr'>in·</span> 
     </span>
    </p>
   </div>
   <div class='ocr_carea' id='block_1_7' title="bbox 105 3965 1852 4485">
    <p class='ocr_par' dir='ltr' id='par_1_7' title="bbox 105 3965 1852 4485">
     <span class='ocr_line' id='line_1_50' title="bbox 107 3965 1852 4044; baseline -0.001 -15"><span class='ocrx_word' id='word_1_607' title='bbox 107 3973 207 4029; x_wconf 88' lang='lat' dir='ltr'>hoaut</span> <span class='ocrx_word' id='word_1_608' title='bbox 223 3971 347 4042; x_wconf 91' lang='lat' dir='ltr'>primum</span> <span class='ocrx_word' id='word_1_609' title='bbox 370 3968 399 4023; x_wconf 89' lang='lat' dir='ltr'>in</span> <span class='ocrx_word' id='word_1_610' title='bbox 415 3983 444 4024; x_wconf 92' lang='lat' dir='ltr'>se</span> <span class='ocrx_word' id='word_1_611' title='bbox 463 3967 586 4036; x_wconf 84' lang='lat' dir='ltr'>denatat,</span> <span class='ocrx_word' id='word_1_612' title='bbox 604 3975 631 4023; x_wconf 91' lang='lat' dir='ltr'>ct</span> <span class='ocrx_word' id='word_1_613' title='bbox 650 3967 678 4021; x_wconf 91' lang='lat' dir='ltr'>iu</span> <span class='ocrx_word' id='word_1_614' title='bbox 699 3968 756 4022; x_wconf 84' lang='lat' dir='ltr'>ileo</span> <span class='ocrx_word' id='word_1_615' title='bbox 771 3965 901 4036; x_wconf 90' lang='lat' dir='ltr'>proticiat</span> <span class='ocrx_word' id='word_1_616' title='bbox 921 3972 953 4020; x_wconf 93' lang='lat' dir='ltr'>ut</span> <span class='ocrx_word' id='word_1_617' title='bbox 1005 3968 1078 4037; x_wconf 87' lang='lat' dir='ltr'>quit,</span> <span class='ocrx_word' id='word_1_618' title='bbox 1095 3969 1164 4022; x_wconf 84' lang='lat' dir='ltr'>milri</span> <span class='ocrx_word' id='word_1_619' title='bbox 1177 3968 1256 4023; x_wconf 87' lang='lat' dir='ltr'>dalis</span> <span class='ocrx_word' id='word_1_620' title='bbox 1272 3975 1302 4023; x_wconf 90' lang='lat' dir='ltr'>ut</span> <span class='ocrx_word' id='word_1_621' title='bbox 1312 3972 1420 4036; x_wconf 62' lang='lat' dir='ltr'>auaris</span> <span class='ocrx_word' id='word_1_622' title='bbox 1434 3972 1576 4027; x_wconf 84' lang='lat' dir='ltr'>concubitu</span> <span class='ocrx_word' id='word_1_623' title='bbox 1591 3977 1673 4027; x_wconf 81' lang='lat' dir='ltr'>meat</span> <span class='ocrx_word' id='word_1_624' title='bbox 1686 3972 1782 4044; x_wconf 80' lang='lat' dir='ltr'>(Vens.</span> <span class='ocrx_word' id='word_1_625' title='bbox 1798 3973 1852 4044; x_wconf 79' lang='lat' dir='ltr'>ti.)</span> 
     </span>
     <span class='ocr_line' id='line_1_51' title="bbox 106 4054 1852 4128; baseline 0.001 -12"><span class='ocrx_word' id='word_1_626' title='bbox 106 4061 147 4117; x_wconf 88' lang='lat' dir='ltr'>sic</span> <span class='ocrx_word' id='word_1_627' title='bbox 164 4058 200 4114; x_wconf 93' lang='lat' dir='ltr'>ad</span> <span class='ocrx_word' id='word_1_628' title='bbox 224 4071 379 4115; x_wconf 92' lang='lat' dir='ltr'>nnmerum</span> <span class='ocrx_word' id='word_1_629' title='bbox 404 4056 530 4113; x_wconf 82' lang='lat' dir='ltr'>fidelium</span> <span class='ocrx_word' id='word_1_630' title='bbox 554 4057 708 4127; x_wconf 89' lang='lat' dir='ltr'>pertingat.</span> <span class='ocrx_word' id='word_1_631' title='bbox 730 4056 790 4124; x_wconf 86' lang='lat' dir='ltr'>lpse</span> <span class='ocrx_word' id='word_1_632' title='bbox 808 4054 906 4123; x_wconf 86' lang='lat' dir='ltr'>itaque</span> <span class='ocrx_word' id='word_1_633' title='bbox 927 4057 953 4108; x_wconf 88' lang='lat' dir='ltr'>et</span> <span class='ocrx_word' id='word_1_634' title='bbox 1004 4055 1194 4112; x_wconf 77' lang='grc' dir='ltr'>ΑἰιεΜιιιαηι</span> <span class='ocrx_word' id='word_1_635' title='bbox 1210 4059 1261 4111; x_wconf 85' lang='lat' dir='ltr'>tibi</span> <span class='ocrx_word' id='word_1_636' title='bbox 1281 4058 1389 4114; x_wconf 85' lang='lat' dir='ltr'>boednm</span> <span class='ocrx_word' id='word_1_637' title='bbox 1412 4059 1445 4113; x_wconf 88' lang='lat' dir='ltr'>de</span> <span class='ocrx_word' id='word_1_638' title='bbox 1459 4060 1595 4128; x_wconf 80' lang='lat' dir='ltr'>gregibus.</span> <span class='ocrx_word' id='word_1_639' title='bbox 1614 4060 1640 4115; x_wconf 89' lang='lat' dir='ltr'>Si</span> <span class='ocrx_word' id='word_1_640' title='bbox 1664 4061 1734 4116; x_wconf 92' lang='lat' dir='ltr'>mihi</span> <span class='ocrx_word' id='word_1_641' title='bbox 1748 4076 1852 4118; x_wconf 93' lang='lat' dir='ltr'>conso-</span> 
     </span>
     <span class='ocr_line' id='line_1_52' title="bbox 106 4139 1852 4220; baseline 0.001 -16"><span class='ocrx_word' id='word_1_642' title='bbox 106 4150 199 4216; x_wconf 77' lang='lat' dir='ltr'>linus,</span> <span class='ocrx_word' id='word_1_643' title='bbox 230 4161 317 4218; x_wconf 89' lang='lat' dir='ltr'>quom</span> <span class='ocrx_word' id='word_1_644' title='bbox 353 4145 497 4204; x_wconf 88' lang='lat' dir='ltr'>Christum</span> <span class='ocrx_word' id='word_1_645' title='bbox 526 4144 654 4201; x_wconf 85' lang='lat' dir='ltr'>diximus</span> <span class='ocrx_word' id='word_1_646' title='bbox 683 4142 819 4214; x_wconf 76' lang='lat' dir='ltr'>figurare,</span> <span class='ocrx_word' id='word_1_647' title='bbox 847 4139 952 4210; x_wconf 87' lang='lat' dir='ltr'>pariter</span> <span class='ocrx_word' id='word_1_648' title='bbox 1005 4142 1073 4200; x_wconf 91' lang='lat' dir='ltr'>clari</span> <span class='ocrx_word' id='word_1_649' title='bbox 1104 4145 1267 4215; x_wconf 80' lang='lat' dir='ltr'>paenitentis</span> <span class='ocrx_word' id='word_1_650' title='bbox 1294 4154 1321 4202; x_wconf 91' lang='lat' dir='ltr'>et</span> <span class='ocrx_word' id='word_1_651' title='bbox 1349 4147 1474 4204; x_wconf 91' lang='lat' dir='ltr'>timentis</span> <span class='ocrx_word' id='word_1_652' title='bbox 1498 4163 1575 4204; x_wconf 90' lang='lat' dir='ltr'>more</span> <span class='ocrx_word' id='word_1_653' title='bbox 1599 4148 1753 4217; x_wconf 87' lang='lat' dir='ltr'>desideras,</span> <span class='ocrx_word' id='word_1_654' title='bbox 1782 4151 1852 4220; x_wconf 87' lang='lat' dir='ltr'>quia</span> 
     </span>
     <span class='ocr_line' id='line_1_53' title="bbox 105 4228 1849 4308; baseline -0.001 -16"><span class='ocrx_word' id='word_1_655' title='bbox 105 4242 240 4308; x_wconf 88' lang='lat' dir='ltr'>pergunt,</span> <span class='ocrx_word' id='word_1_656' title='bbox 265 4240 337 4290; x_wconf 79' lang='lat' dir='ltr'>uu</span> <span class='ocrx_word' id='word_1_657' title='bbox 362 4235 432 4305; x_wconf 83' lang='lat' dir='ltr'>quia</span> <span class='ocrx_word' id='word_1_658' title='bbox 455 4247 548 4290; x_wconf 90' lang='lat' dir='ltr'>mores</span> <span class='ocrx_word' id='word_1_659' title='bbox 575 4247 641 4290; x_wconf 90' lang='lat' dir='ltr'>cum</span> <span class='ocrx_word' id='word_1_660' title='bbox 669 4230 715 4287; x_wconf 93' lang='lat' dir='ltr'>sui</span> <span class='ocrx_word' id='word_1_661' title='bbox 743 4229 780 4285; x_wconf 91' lang='lat' dir='ltr'>ab</span> <span class='ocrx_word' id='word_1_662' title='bbox 804 4230 864 4298; x_wconf 93' lang='lat' dir='ltr'>ipso</span> <span class='ocrx_word' id='word_1_663' title='bbox 893 4243 951 4285; x_wconf 92' lang='lat' dir='ltr'>uon</span> <span class='ocrx_word' id='word_1_664' title='bbox 971 4228 1130 4289; x_wconf 86' lang='lat' dir='ltr'>bnecdnm</span> <span class='ocrx_word' id='word_1_665' title='bbox 1155 4234 1296 4291; x_wconf 90' lang='lat' dir='ltr'>terventer</span> <span class='ocrx_word' id='word_1_666' title='bbox 1326 4248 1415 4302; x_wconf 88' lang='lat' dir='ltr'>amas,</span> <span class='ocrx_word' id='word_1_667' title='bbox 1443 4234 1489 4291; x_wconf 96' lang='lat' dir='ltr'>dic</span> <span class='ocrx_word' id='word_1_668' title='bbox 1514 4235 1585 4306; x_wconf 90' lang='lat' dir='ltr'>quid</span> <span class='ocrx_word' id='word_1_669' title='bbox 1612 4235 1681 4291; x_wconf 92' lang='lat' dir='ltr'>mihi</span> <span class='ocrx_word' id='word_1_670' title='bbox 1710 4237 1849 4294; x_wconf 87' lang='lat' dir='ltr'>conteras.</span> 
     </span>
     <span class='ocr_line' id='line_1_54' title="bbox 106 4319 1851 4394; baseline 0.001 -12"><span class='ocrx_word' id='word_1_671' title='bbox 106 4325 248 4382; x_wconf 87' lang='lat' dir='ltr'>dividunt.</span> <span class='ocrx_word' id='word_1_672' title='bbox 276 4323 367 4394; x_wconf 88' lang='lat' dir='ltr'>Opilio</span> <span class='ocrx_word' id='word_1_673' title='bbox 389 4323 494 4379; x_wconf 88' lang='lat' dir='ltr'>dicitur</span> <span class='ocrx_word' id='word_1_674' title='bbox 519 4323 709 4377; x_wconf 85' lang='lat' dir='ltr'>mercenarius.</span> <span class='ocrx_word' id='word_1_675' title='bbox 740 4319 948 4375; x_wconf 86' lang='lat' dir='ltr'>Mercenarium</span> <span class='ocrx_word' id='word_1_676' title='bbox 1003 4322 1129 4391; x_wconf 72' lang='lat' dir='ltr'>Hedum,</span> <span class='ocrx_word' id='word_1_677' title='bbox 1150 4322 1389 4392; x_wconf 61' lang='lat' dir='ltr'>elimarentur</span> <span class='ocrx_word' id='word_1_678' title='bbox 1406 4327 1513 4379; x_wconf 87' lang='lat' dir='ltr'>millam</span> <span class='ocrx_word' id='word_1_679' title='bbox 1534 4325 1594 4392; x_wconf 87' lang='lat' dir='ltr'>tibi,</span> <span class='ocrx_word' id='word_1_680' title='bbox 1618 4325 1726 4394; x_wconf 84' lang='lat' dir='ltr'>pcccati</span> <span class='ocrx_word' id='word_1_681' title='bbox 1746 4326 1851 4383; x_wconf 88' lang='lat' dir='ltr'>scilicet</span> 
     </span>
     <span class='ocr_line' id='line_1_55' title="bbox 106 4409 1850 4485; baseline 0.001 -16"><span class='ocrx_word' id='word_1_682' title='bbox 106 4421 202 4470; x_wconf 90' lang='lat' dir='ltr'>antem</span> <span class='ocrx_word' id='word_1_683' title='bbox 214 4412 358 4468; x_wconf 85' lang='lat' dir='ltr'>Christum</span> <span class='ocrx_word' id='word_1_684' title='bbox 378 4426 410 4467; x_wconf 88' lang='lat' dir='ltr'>eo</span> <span class='ocrx_word' id='word_1_685' title='bbox 425 4411 548 4467; x_wconf 85' lang='lat' dir='ltr'>dixerim</span> <span class='ocrx_word' id='word_1_686' title='bbox 560 4409 653 4478; x_wconf 91' lang='lat' dir='ltr'>modo,</span> <span class='ocrx_word' id='word_1_687' title='bbox 680 4422 739 4480; x_wconf 87' lang='lat' dir='ltr'>quo</span> <span class='ocrx_word' id='word_1_688' title='bbox 755 4421 893 4475; x_wconf 86' lang='lat' dir='ltr'>uosoves,</span> <span class='ocrx_word' id='word_1_689' title='bbox 918 4414 951 4463; x_wconf 94' lang='lat' dir='ltr'>ut</span> <span class='ocrx_word' id='word_1_690' title='bbox 1004 4411 1057 4479; x_wconf 91' lang='lat' dir='ltr'>tui,</span> <span class='ocrx_word' id='word_1_691' title='bbox 1075 4426 1133 4482; x_wconf 86' lang='lat' dir='ltr'>quo</span> <span class='ocrx_word' id='word_1_692' title='bbox 1155 4412 1232 4480; x_wconf 87' lang='lat' dir='ltr'>apud</span> <span class='ocrx_word' id='word_1_693' title='bbox 1255 4413 1346 4468; x_wconf 87' lang='lat' dir='ltr'>ileum</span> <span class='ocrx_word' id='word_1_694' title='bbox 1371 4413 1439 4469; x_wconf 85' lang='lat' dir='ltr'>tetes</span> <span class='ocrx_word' id='word_1_695' title='bbox 1461 4412 1662 4484; x_wconf 88' lang='lat' dir='ltr'>cognitionem,</span> <span class='ocrx_word' id='word_1_696' title='bbox 1687 4423 1850 4485; x_wconf 81' lang='lat' dir='ltr'>exemptam</span> 
     </span>
    </p>
   </div>
   <div class='ocr_carea' id='block_1_8' title="bbox 104 4496 952 5206">
    <p class='ocr_par' dir='ltr' id='par_1_8' title="bbox 104 4496 950 5015">
     <span class='ocr_line' id='line_1_56' title="bbox 107 4496 950 4573; baseline -0.007 -15"><span class='ocrx_word' id='word_1_697' title='bbox 107 4503 165 4573; x_wconf 91' lang='lat' dir='ltr'>ipse</span> <span class='ocrx_word' id='word_1_698' title='bbox 188 4501 316 4572; x_wconf 88' lang='lat' dir='ltr'>perhibet</span> <span class='ocrx_word' id='word_1_699' title='bbox 337 4501 425 4572; x_wconf 84' lang='lat' dir='ltr'>(ioan.</span> <span class='ocrx_word' id='word_1_700' title='bbox 441 4513 470 4564; x_wconf 86' lang='grc' dir='ltr'>ιι,</span> <span class='ocrx_word' id='word_1_701' title='bbox 489 4499 542 4566; x_wconf 78' lang='lat'>15),</span> <span class='ocrx_word' id='word_1_702' title='bbox 559 4511 627 4554; x_wconf 92' lang='lat' dir='ltr'>suas</span> <span class='ocrx_word' id='word_1_703' title='bbox 650 4510 668 4553; x_wconf 88' lang='lat' dir='ltr'>a</span> <span class='ocrx_word' id='word_1_704' title='bbox 688 4497 770 4553; x_wconf 89' lang='lat' dir='ltr'>Patre</span> <span class='ocrx_word' id='word_1_705' title='bbox 793 4496 847 4553; x_wconf 92' lang='lat' dir='ltr'>sibi</span> <span class='ocrx_word' id='word_1_706' title='bbox 869 4497 950 4553; x_wconf 88' lang='lat' dir='ltr'>datas</span> 
     </span>
     <span class='ocr_line' id='line_1_57' title="bbox 106 4586 948 4661; baseline -0.008 -15"><span class='ocrx_word' id='word_1_707' title='bbox 106 4591 312 4661; x_wconf 89' lang='lat' dir='ltr'>propassione,</span> <span class='ocrx_word' id='word_1_708' title='bbox 329 4602 417 4660; x_wconf 85' lang='lat' dir='ltr'>quam</span> <span class='ocrx_word' id='word_1_709' title='bbox 436 4586 564 4657; x_wconf 90' lang='lat' dir='ltr'>pertulit,</span> <span class='ocrx_word' id='word_1_710' title='bbox 591 4587 651 4643; x_wconf 90' lang='lat' dir='ltr'>loco</span> <span class='ocrx_word' id='word_1_711' title='bbox 673 4586 812 4642; x_wconf 89' lang='lat' dir='ltr'>mercedis</span> <span class='ocrx_word' id='word_1_712' title='bbox 831 4586 948 4656; x_wconf 89' lang='lat' dir='ltr'>accepit.</span> 
     </span>
     <span class='ocr_line' id='line_1_58' title="bbox 105 4675 949 4747; baseline -0.006 -13"><span class='ocrx_word' id='word_1_713' title='bbox 105 4679 171 4736; x_wconf 81' lang='lat' dir='ltr'>cum</span> <span class='ocrx_word' id='word_1_714' title='bbox 194 4678 309 4745; x_wconf 82' lang='lat' dir='ltr'>dederit,</span> <span class='ocrx_word' id='word_1_715' title='bbox 331 4675 435 4747; x_wconf 84' lang='lat' dir='ltr'>inquit,</span> <span class='ocrx_word' id='word_1_716' title='bbox 456 4675 563 4730; x_wconf 79' lang='lat' dir='ltr'>dilectis</span> <span class='ocrx_word' id='word_1_717' title='bbox 583 4677 640 4729; x_wconf 81' lang='lat' dir='ltr'>stris</span> <span class='ocrx_word' id='word_1_718' title='bbox 665 4689 797 4741; x_wconf 88' lang='lat' dir='ltr'>somnum,</span> <span class='ocrx_word' id='word_1_719' title='bbox 817 4689 873 4729; x_wconf 90' lang='lat' dir='ltr'>ecce</span> <span class='ocrx_word' id='word_1_720' title='bbox 895 4677 949 4729; x_wconf 87' lang='lat' dir='ltr'>Do·</span> 
     </span>
     <span class='ocr_line' id='line_1_59' title="bbox 104 4749 949 4835; baseline -0.006 -12"><span class='ocrx_word' id='word_1_721' title='bbox 104 4770 175 4823; x_wconf 91' lang='lat' dir='ltr'>mini</span> <span class='ocrx_word' id='word_1_722' title='bbox 200 4766 356 4834; x_wconf 80' lang='lat' dir='ltr'>baereditas,</span> <span class='ocrx_word' id='word_1_723' title='bbox 384 4765 438 4834; x_wconf 74' lang='lat' dir='ltr'>ntia·</span> <span class='ocrx_word' id='word_1_724' title='bbox 465 4749 572 4833; x_wconf 84' lang='lat' dir='ltr'>merces,</span> <span class='ocrx_word' id='word_1_725' title='bbox 603 4767 710 4831; x_wconf 74' lang='lat' dir='ltr'>tructus</span> <span class='ocrx_word' id='word_1_726' title='bbox 736 4765 839 4819; x_wconf 85' lang='lat' dir='ltr'>uentris</span> <span class='ocrx_word' id='word_1_727' title='bbox 865 4763 949 4835; x_wconf 87' lang='lat' dir='ltr'>(Psal.</span> 
     </span>
     <span class='ocr_line' id='line_1_60' title="bbox 105 4853 949 4928; baseline -0.009 -15"><span class='ocrx_word' id='word_1_728' title='bbox 105 4870 202 4922; x_wconf 82' lang='lat' dir='ltr'>cxxvi,</span> <span class='ocrx_word' id='word_1_729' title='bbox 217 4856 256 4928; x_wconf 78' lang='grc' dir='ltr'>ι).</span> <span class='ocrx_word' id='word_1_730' title='bbox 275 4855 327 4911; x_wconf 85' lang='grc' dir='ltr'>Ει;</span> <span class='ocrx_word' id='word_1_731' title='bbox 350 4854 460 4910; x_wconf 88' lang='lat' dir='ltr'>Postula</span> <span class='ocrx_word' id='word_1_732' title='bbox 476 4868 493 4908; x_wconf 92' lang='lat' dir='ltr'>a</span> <span class='ocrx_word' id='word_1_733' title='bbox 512 4869 552 4908; x_wconf 89' lang='lat' dir='ltr'>me</span> <span class='ocrx_word' id='word_1_734' title='bbox 566 4857 591 4908; x_wconf 88' lang='lat' dir='ltr'>et</span> <span class='ocrx_word' id='word_1_735' title='bbox 606 4853 676 4908; x_wconf 87' lang='lat' dir='ltr'>dabo</span> <span class='ocrx_word' id='word_1_736' title='bbox 698 4853 750 4908; x_wconf 86' lang='lat' dir='ltr'>tibi</span> <span class='ocrx_word' id='word_1_737' title='bbox 770 4857 869 4923; x_wconf 83' lang='lat' dir='ltr'>gentes,</span> <span class='ocrx_word' id='word_1_738' title='bbox 895 4859 949 4909; x_wconf 91' lang='lat' dir='ltr'>etc.</span> 
     </span>
     <span class='ocr_line' id='line_1_61' title="bbox 105 4943 286 5015; baseline -0.017 -15"><span class='ocrx_word' id='word_1_739' title='bbox 105 4943 190 5015; x_wconf 79' lang='lat' dir='ltr'>(Psal.</span> <span class='ocrx_word' id='word_1_740' title='bbox 203 4959 233 5011; x_wconf 89' lang='lat' dir='ltr'>u,</span> <span class='ocrx_word' id='word_1_741' title='bbox 249 4943 286 5014; x_wconf 86' lang='lat'>8).</span> 
     </span>
    </p>

    <p class='ocr_par' dir='ltr' id='par_1_9' title="bbox 105 5027 952 5206">
     <span class='ocr_line' id='line_1_62' title="bbox 140 5027 952 5101; baseline -0.009 -12"><span class='ocrx_word' id='word_1_742' title='bbox 140 5033 226 5089; x_wconf 83' lang='lat' dir='ltr'>Vsus.</span> <span class='ocrx_word' id='word_1_743' title='bbox 254 5034 296 5100; x_wconf 74' lang='lat' dir='ltr'>lb,</span> <span class='ocrx_word' id='word_1_744' title='bbox 324 5031 365 5085; x_wconf 82' lang='lat' dir='ltr'>ld.</span> <span class='ocrx_word' id='word_1_745' title='bbox 387 5061 421 5069; x_wconf 99' lang='lat'><em>-</em></span> <span class='ocrx_word' id='word_1_746' title='bbox 443 5031 658 5101; x_wconf 78' lang='lat' dir='ltr'>Nuntiatumpae</span> <span class='ocrx_word' id='word_1_747' title='bbox 680 5031 720 5085; x_wconf 87' lang='lat' dir='ltr'>est</span> <span class='ocrx_word' id='word_1_748' title='bbox 740 5029 860 5084; x_wconf 77' lang='lat' dir='ltr'>Thamar</span> <span class='ocrx_word' id='word_1_749' title='bbox 878 5027 952 5099; x_wconf 84' lang='lat' dir='ltr'>quad</span> 
     </span>
     <span class='ocr_line' id='line_1_63' title="bbox 105 5117 949 5206; baseline -0.006 -31"><span class='ocrx_word' id='word_1_750' title='bbox 105 5135 180 5176; x_wconf 86' lang='lat' dir='ltr'>socer</span> <span class='ocrx_word' id='word_1_751' title='bbox 193 5121 269 5176; x_wconf 85' lang='lat' dir='ltr'>illius</span> <span class='ocrx_word' id='word_1_752' title='bbox 289 5119 443 5176; x_wconf 87' lang='lat' dir='ltr'>ascenderet</span> <span class='ocrx_word' id='word_1_753' title='bbox 455 5121 485 5173; x_wconf 90' lang='lat' dir='ltr'>in</span> <span class='ocrx_word' id='word_1_754' title='bbox 503 5121 638 5175; x_wconf 80' lang='lat' dir='ltr'>Thamnus</span> <span class='ocrx_word' id='word_1_755' title='bbox 657 5117 858 5206; x_wconf 63' lang='lat' dir='ltr'>adtendamus</span> <span class='ocrx_word' id='word_1_756' title='bbox 879 5131 949 5172; x_wconf 88' lang='lat' dir='ltr'>oves.</span> 
     </span>
    </p>
   </div>
   <div class='ocr_carea' id='block_1_9' title="bbox 1004 4494 1871 5189">
    <p class='ocr_par' dir='ltr' id='par_1_10' title="bbox 1004 4494 1850 4820">
     <span class='ocr_line' id='line_1_64' title="bbox 1004 4494 1850 4573; baseline 0.006 -18"><span class='ocrx_word' id='word_1_757' title='bbox 1004 4494 1039 4555; x_wconf 91' lang='lat' dir='ltr'>de</span> <span class='ocrx_word' id='word_1_758' title='bbox 1054 4499 1258 4570; x_wconf 89' lang='lat' dir='ltr'>cogitationum</span> <span class='ocrx_word' id='word_1_759' title='bbox 1281 4500 1373 4556; x_wconf 90' lang='lat' dir='ltr'>turbis</span> <span class='ocrx_word' id='word_1_760' title='bbox 1387 4515 1421 4557; x_wconf 90' lang='lat' dir='ltr'>ac</span> <span class='ocrx_word' id='word_1_761' title='bbox 1439 4501 1647 4571; x_wconf 82' lang='lat' dir='ltr'>divisionibus3</span> <span class='ocrx_word' id='word_1_762' title='bbox 1664 4503 1707 4557; x_wconf 88' lang='lat' dir='ltr'>vel</span> <span class='ocrx_word' id='word_1_763' title='bbox 1724 4512 1850 4573; x_wconf 90' lang='lat' dir='ltr'>ereptam</span> 
     </span>
     <span class='ocr_line' id='line_1_65' title="bbox 1004 4586 1850 4663; baseline 0.006 -20"><span class='ocrx_word' id='word_1_764' title='bbox 1004 4587 1039 4643; x_wconf 89' lang='lat' dir='ltr'>dc</span> <span class='ocrx_word' id='word_1_765' title='bbox 1047 4586 1194 4659; x_wconf 89' lang='lat' dir='ltr'>gregibus,</span> <span class='ocrx_word' id='word_1_766' title='bbox 1212 4587 1238 4642; x_wconf 93' lang='lat' dir='ltr'>id</span> <span class='ocrx_word' id='word_1_767' title='bbox 1249 4594 1291 4643; x_wconf 90' lang='lat' dir='ltr'>est</span> <span class='ocrx_word' id='word_1_768' title='bbox 1301 4587 1465 4644; x_wconf 74' lang='lat' dir='ltr'>damonum</span> <span class='ocrx_word' id='word_1_769' title='bbox 1476 4589 1673 4656; x_wconf 92' lang='lat' dir='ltr'>concursibus,</span> <span class='ocrx_word' id='word_1_770' title='bbox 1686 4589 1737 4660; x_wconf 86' lang='lat' dir='ltr'>qui</span> <span class='ocrx_word' id='word_1_771' title='bbox 1751 4605 1850 4663; x_wconf 85' lang='lat' dir='ltr'>greges</span> 
     </span>
     <span class='ocr_line' id='line_1_66' title="bbox 1004 4675 1849 4749; baseline 0.006 -18"><span class='ocrx_word' id='word_1_772' title='bbox 1004 4676 1150 4740; x_wconf 90' lang='lat' dir='ltr'>dicuntur,</span> <span class='ocrx_word' id='word_1_773' title='bbox 1177 4676 1213 4730; x_wconf 93' lang='lat' dir='ltr'>ob</span> <span class='ocrx_word' id='word_1_774' title='bbox 1238 4675 1401 4732; x_wconf 91' lang='lat' dir='ltr'>studiorum</span> <span class='ocrx_word' id='word_1_775' title='bbox 1420 4676 1607 4746; x_wconf 83' lang='lat' dir='ltr'>diversitates,</span> <span class='ocrx_word' id='word_1_776' title='bbox 1633 4687 1661 4734; x_wconf 91' lang='lat' dir='ltr'>ct</span> <span class='ocrx_word' id='word_1_777' title='bbox 1686 4678 1758 4749; x_wconf 90' lang='lat' dir='ltr'>quia</span> <span class='ocrx_word' id='word_1_778' title='bbox 1784 4688 1849 4736; x_wconf 89' lang='lat' dir='ltr'>sunt</span> 
     </span>
     <span class='ocr_line' id='line_1_67' title="bbox 1004 4763 1278 4820; baseline -0.007 -1"><span class='ocrx_word' id='word_1_779' title='bbox 1004 4763 1125 4819; x_wconf 91' lang='lat' dir='ltr'>unitatis</span> <span class='ocrx_word' id='word_1_780' title='bbox 1138 4771 1278 4820; x_wconf 86' lang='lat' dir='ltr'>extorres.</span> 
     </span>
    </p>

    <p class='ocr_par' dir='ltr' id='par_1_11' title="bbox 1005 4854 1871 5189">
     <span class='ocr_line' id='line_1_68' title="bbox 1041 4854 1851 4924; baseline 0.002 -13"><span class='ocrx_word' id='word_1_781' title='bbox 1041 4854 1126 4911; x_wconf 80' lang='lat' dir='ltr'>Vnus.</span> <span class='ocrx_word' id='word_1_782' title='bbox 1144 4856 1186 4909; x_wconf 84' lang='lat' dir='ltr'>ts.</span> <span class='ocrx_word' id='word_1_783' title='bbox 1201 4885 1235 4894; x_wconf 91' lang='lat'>—-</span> <span class='ocrx_word' id='word_1_784' title='bbox 1250 4856 1356 4920; x_wconf 88' lang='lat' dir='ltr'>Patiar,</span> <span class='ocrx_word' id='word_1_785' title='bbox 1377 4855 1427 4921; x_wconf 84' lang='lat' dir='ltr'>ait,</span> <span class='ocrx_word' id='word_1_786' title='bbox 1446 4855 1519 4924; x_wconf 83' lang='lat' dir='ltr'>quod</span> <span class='ocrx_word' id='word_1_787' title='bbox 1539 4857 1591 4924; x_wconf 87' lang='lat' dir='ltr'>cis,</span> <span class='ocrx_word' id='word_1_788' title='bbox 1611 4857 1637 4910; x_wconf 87' lang='lat' dir='ltr'>si</span> <span class='ocrx_word' id='word_1_789' title='bbox 1654 4856 1763 4913; x_wconf 84' lang='lat' dir='ltr'>dederis</span> <span class='ocrx_word' id='word_1_790' title='bbox 1785 4860 1851 4913; x_wconf 83' lang='lat' dir='ltr'>milti</span> 
     </span>
     <span class='ocr_line' id='line_1_69' title="bbox 1005 4943 1848 5013; baseline 0.005 -16"><span class='ocrx_word' id='word_1_791' title='bbox 1005 4943 1193 5007; x_wconf 84' lang='lat' dir='ltr'>arrhabonem,</span> <span class='ocrx_word' id='word_1_792' title='bbox 1214 4943 1295 4997; x_wconf 89' lang='lat' dir='ltr'>donec</span> <span class='ocrx_word' id='word_1_793' title='bbox 1316 4947 1410 4998; x_wconf 90' lang='lat' dir='ltr'>mittas</span> <span class='ocrx_word' id='word_1_794' title='bbox 1429 4943 1503 5013; x_wconf 84' lang='lat' dir='ltr'>quod</span> <span class='ocrx_word' id='word_1_795' title='bbox 1515 4944 1660 5013; x_wconf 86' lang='lat' dir='ltr'>polliceris.</span> <span class='ocrx_word' id='word_1_796' title='bbox 1681 4947 1732 5000; x_wconf 82' lang='lat' dir='ltr'>Ait</span> <span class='ocrx_word' id='word_1_797' title='bbox 1745 4947 1848 5003; x_wconf 73' lang='lat' dir='ltr'>iudas:</span> 
     </span>
     <span class='ocr_line' id='line_1_70' title="bbox 1005 5030 1849 5103; baseline 0.008 -19"><span class='ocrx_word' id='word_1_798' title='bbox 1005 5031 1077 5097; x_wconf 81' lang='lat' dir='ltr'>Quid</span> <span class='ocrx_word' id='word_1_799' title='bbox 1099 5034 1141 5086; x_wconf 86' lang='lat' dir='ltr'>cis</span> <span class='ocrx_word' id='word_1_800' title='bbox 1155 5032 1207 5086; x_wconf 88' lang='lat' dir='ltr'>tibi</span> <span class='ocrx_word' id='word_1_801' title='bbox 1219 5046 1269 5100; x_wconf 84' lang='lat' dir='ltr'>pro</span> <span class='ocrx_word' id='word_1_802' title='bbox 1293 5030 1444 5086; x_wconf 82' lang='lat' dir='ltr'>arrhabone</span> <span class='ocrx_word' id='word_1_803' title='bbox 1457 5031 1546 5086; x_wconf 87' lang='lat' dir='ltr'>duri?</span> <span class='ocrx_word' id='word_1_804' title='bbox 1565 5032 1733 5103; x_wconf 84' lang='lat' dir='ltr'>Respondit:</span> <span class='ocrx_word' id='word_1_805' title='bbox 1755 5037 1849 5091; x_wconf 80' lang='lat' dir='ltr'>Annu-</span> 
     </span>
     <span class='ocr_line' id='line_1_71' title="bbox 1006 5119 1871 5189; baseline 0.005 -15"><span class='ocrx_word' id='word_1_806' title='bbox 1006 5120 1061 5174; x_wconf 89' lang='lat' dir='ltr'>lum</span> <span class='ocrx_word' id='word_1_807' title='bbox 1085 5123 1110 5174; x_wconf 88' lang='lat' dir='ltr'>et</span> <span class='ocrx_word' id='word_1_808' title='bbox 1133 5121 1281 5188; x_wconf 84' lang='lat' dir='ltr'>armillam,</span> <span class='ocrx_word' id='word_1_809' title='bbox 1306 5124 1330 5173; x_wconf 88' lang='lat' dir='ltr'>ei</span> <span class='ocrx_word' id='word_1_810' title='bbox 1356 5119 1489 5186; x_wconf 90' lang='lat' dir='ltr'>baculum,</span> <span class='ocrx_word' id='word_1_811' title='bbox 1515 5136 1593 5189; x_wconf 85' lang='lat' dir='ltr'>quem</span> <span class='ocrx_word' id='word_1_812' title='bbox 1614 5138 1697 5177; x_wconf 90' lang='lat' dir='ltr'>manu</span> <span class='ocrx_word' id='word_1_813' title='bbox 1721 5125 1803 5180; x_wconf 87' lang='lat' dir='ltr'>lenes.</span> <span class='ocrx_word' id='word_1_814' title='bbox 1823 5123 1871 5181; x_wconf 89' lang='lat' dir='ltr'>Si&#39;</span> 
     </span>
    </p>
   </div>
   <div class='ocr_carea' id='block_1_10' title="bbox 106 5207 1850 5542">
    <p class='ocr_par' dir='ltr' id='par_1_12' title="bbox 106 5207 1850 5542">
     <span class='ocr_line' id='line_1_72' title="bbox 107 5207 1848 5287; baseline 0.004 -24"><span class='ocrx_word' id='word_1_815' title='bbox 107 5210 182 5274; x_wconf 78' lang='lat' dir='ltr'>Qua,</span> <span class='ocrx_word' id='word_1_816' title='bbox 214 5209 344 5279; x_wconf 81' lang='lat' dir='ltr'>depositis</span> <span class='ocrx_word' id='word_1_817' title='bbox 374 5208 519 5264; x_wconf 83' lang='lat' dir='ltr'>arduitatis</span> <span class='ocrx_word' id='word_1_818' title='bbox 551 5209 678 5275; x_wconf 84' lang='lat' dir='ltr'>vestibus,</span> <span class='ocrx_word' id='word_1_819' title='bbox 708 5208 857 5274; x_wconf 85' lang='lat' dir='ltr'>assumpsit</span> <span class='ocrx_word' id='word_1_820' title='bbox 885 5208 950 5259; x_wconf 86' lang='lat' dir='ltr'>teri·</span> <span class='ocrx_word' id='word_1_821' title='bbox 1005 5207 1113 5279; x_wconf 91' lang='lat' dir='ltr'>digitus</span> <span class='ocrx_word' id='word_1_822' title='bbox 1132 5207 1160 5263; x_wconf 91' lang='lat' dir='ltr'>iu</span> <span class='ocrx_word' id='word_1_823' title='bbox 1177 5207 1331 5279; x_wconf 91' lang='lat' dir='ltr'>Scriptnris</span> <span class='ocrx_word' id='word_1_824' title='bbox 1351 5207 1507 5280; x_wconf 82' lang='lat' dir='ltr'>aliquando</span> <span class='ocrx_word' id='word_1_825' title='bbox 1532 5209 1717 5267; x_wconf 89' lang='lat' dir='ltr'>intentionem</span> <span class='ocrx_word' id='word_1_826' title='bbox 1745 5212 1848 5287; x_wconf 86' lang='lat' dir='ltr'>signat,</span> 
     </span>
     <span class='ocr_line' id='line_1_73' title="bbox 106 5292 1849 5368; baseline 0.005 -19"><span class='ocrx_word' id='word_1_827' title='bbox 106 5299 204 5362; x_wconf 78' lang='lat' dir='ltr'>etnim,</span> <span class='ocrx_word' id='word_1_828' title='bbox 223 5300 249 5349; x_wconf 89' lang='lat' dir='ltr'>et</span> <span class='ocrx_word' id='word_1_829' title='bbox 265 5301 368 5350; x_wconf 86' lang='lat' dir='ltr'>mutato</span> <span class='ocrx_word' id='word_1_830' title='bbox 385 5295 491 5361; x_wconf 87' lang='lat' dir='ltr'>babitu,</span> <span class='ocrx_word' id='word_1_831' title='bbox 512 5295 628 5351; x_wconf 82' lang='lat' dir='ltr'>sedilia</span> <span class='ocrx_word' id='word_1_832' title='bbox 650 5294 721 5349; x_wconf 83' lang='lat' dir='ltr'>binio</span> <span class='ocrx_word' id='word_1_833' title='bbox 740 5293 857 5359; x_wconf 73' lang='lat' dir='ltr'>itiaais,</span> <span class='ocrx_word' id='word_1_834' title='bbox 879 5292 952 5363; x_wconf 83' lang='lat' dir='ltr'>quod</span> <span class='ocrx_word' id='word_1_835' title='bbox 1002 5296 1090 5368; x_wconf 85' lang='lat' dir='ltr'>juxta</span> <span class='ocrx_word' id='word_1_836' title='bbox 1102 5295 1184 5363; x_wconf 91' lang='lat' dir='ltr'>illud,</span> <span class='ocrx_word' id='word_1_837' title='bbox 1201 5296 1277 5367; x_wconf 80' lang='lat' dir='ltr'>quod</span> <span class='ocrx_word' id='word_1_838' title='bbox 1297 5296 1400 5367; x_wconf 91' lang='lat' dir='ltr'>digitos</span> <span class='ocrx_word' id='word_1_839' title='bbox 1419 5305 1532 5354; x_wconf 91' lang='lat' dir='ltr'>nostros</span> <span class='ocrx_word' id='word_1_840' title='bbox 1554 5298 1634 5355; x_wconf 87' lang='lat' dir='ltr'>docet</span> <span class='ocrx_word' id='word_1_841' title='bbox 1652 5300 1729 5357; x_wconf 86' lang='lat' dir='ltr'>Dens</span> <span class='ocrx_word' id='word_1_842' title='bbox 1743 5301 1779 5357; x_wconf 88' lang='lat' dir='ltr'>ad</span> <span class='ocrx_word' id='word_1_843' title='bbox 1796 5301 1849 5358; x_wconf 86' lang='lat' dir='ltr'>bel·</span> 
     </span>
     <span class='ocr_line' id='line_1_74' title="bbox 107 5383 1850 5459; baseline 0.003 -21"><span class='ocrx_word' id='word_1_844' title='bbox 107 5384 182 5438; x_wconf 88' lang='lat' dir='ltr'>duait</span> <span class='ocrx_word' id='word_1_845' title='bbox 195 5384 471 5454; x_wconf 69' lang='lat' dir='ltr'>thamnameopma</span> <span class='ocrx_word' id='word_1_846' title='bbox 480 5386 606 5439; x_wconf 82' lang='lat' dir='ltr'>crevisset</span> <span class='ocrx_word' id='word_1_847' title='bbox 616 5383 725 5451; x_wconf 87' lang='lat' dir='ltr'>Sela,et</span> <span class='ocrx_word' id='word_1_848' title='bbox 739 5396 792 5436; x_wconf 89' lang='lat' dir='ltr'>non</span> <span class='ocrx_word' id='word_1_849' title='bbox 809 5385 953 5451; x_wconf 84' lang='lat' dir='ltr'>accepisset</span> <span class='ocrx_word' id='word_1_850' title='bbox 1006 5385 1067 5442; x_wconf 90' lang='lat' dir='ltr'>lum</span> <span class='ocrx_word' id='word_1_851' title='bbox 1090 5387 1178 5456; x_wconf 87' lang='lat' dir='ltr'>(Psal.</span> <span class='ocrx_word' id='word_1_852' title='bbox 1207 5400 1303 5454; x_wconf 82' lang='lat' dir='ltr'>exurit,</span> <span class='ocrx_word' id='word_1_853' title='bbox 1333 5389 1378 5454; x_wconf 78' lang='lat' dir='ltr'>ll:</span> <span class='ocrx_word' id='word_1_854' title='bbox 1405 5387 1533 5442; x_wconf 90' lang='lat' dir='ltr'>annulus</span> <span class='ocrx_word' id='word_1_855' title='bbox 1560 5387 1590 5443; x_wconf 91' lang='lat' dir='ltr'>in</span> <span class='ocrx_word' id='word_1_856' title='bbox 1613 5387 1712 5459; x_wconf 86' lang='lat' dir='ltr'>digito,</span> <span class='ocrx_word' id='word_1_857' title='bbox 1738 5390 1850 5448; x_wconf 89' lang='lat' dir='ltr'>claritas</span> 
     </span>
     <span class='ocr_line' id='line_1_75' title="bbox 107 5470 1848 5542; baseline 0.006 -15"><span class='ocrx_word' id='word_1_858' title='bbox 107 5486 167 5528; x_wconf 86' lang='lat' dir='ltr'>eum</span> <span class='ocrx_word' id='word_1_859' title='bbox 192 5474 331 5529; x_wconf 85' lang='lat' dir='ltr'>maritum.</span> <span class='ocrx_word' id='word_1_860' title='bbox 359 5473 485 5528; x_wconf 79' lang='lat' dir='ltr'>Thamar</span> <span class='ocrx_word' id='word_1_861' title='bbox 507 5472 674 5528; x_wconf 90' lang='lat' dir='ltr'>nuntiatum</span> <span class='ocrx_word' id='word_1_862' title='bbox 699 5477 742 5526; x_wconf 89' lang='lat' dir='ltr'>est</span> <span class='ocrx_word' id='word_1_863' title='bbox 767 5470 843 5540; x_wconf 87' lang='lat' dir='ltr'>quod</span> <span class='ocrx_word' id='word_1_864' title='bbox 873 5483 953 5529; x_wconf 89' lang='lat' dir='ltr'>socer</span> <span class='ocrx_word' id='word_1_865' title='bbox 1006 5473 1235 5542; x_wconf 69' lang='lat' dir='ltr'>sanctienses,</span> <span class='ocrx_word' id='word_1_866' title='bbox 1261 5474 1289 5528; x_wconf 93' lang='lat' dir='ltr'>in</span> <span class='ocrx_word' id='word_1_867' title='bbox 1313 5473 1479 5531; x_wconf 89' lang='lat' dir='ltr'>intentionis</span> <span class='ocrx_word' id='word_1_868' title='bbox 1504 5483 1580 5531; x_wconf 85' lang='lat' dir='ltr'>voto.</span> <span class='ocrx_word' id='word_1_869' title='bbox 1607 5476 1730 5534; x_wconf 73' lang='lat' dir='ltr'>armilla</span> <span class='ocrx_word' id='word_1_870' title='bbox 1755 5487 1848 5537; x_wconf 74' lang='lat' dir='ltr'>auam</span> 
     </span>
    </p>
   </div>
   <div class='ocr_carea' id='block_1_11' title="bbox 0 0 1914 6008">
    <p class='ocr_par' dir='ltr' id='par_1_13' title="bbox 0 0 1914 6008">
     <span class='ocr_line' id='line_1_76' title="bbox 0 0 1914 6008; baseline 0 0"><span class='ocrx_word' id='word_1_871' title='bbox 0 0 1914 6008; x_wconf 95' lang='lat' dir='ltr'> </span> 
     </span>
    </p>
   </div>
  </div>
 </body>
</html>
