3818 6008
90 180 143 236 oso
369 155 372 159 ’
537 179 568 232 t.
588 176 755 236 cutornrt
776 176 921 233 tnnnrts
940 178 968 232 s
990 177 1111 234 utute
1131 177 1175 232 ut:
1195 139 1390 234 uovtcnuro
1797 181 1848 234 oso

92 311 241 370 verissima
255 311 414 369 redditione
437 324 592 366 causarum
610 310 697 366 libere
711 317 863 367 exercetur
877 312 938 365 ont·
958 309 1157 366 Adixorimus
1181 318 1405 376 sacramentum,
1429 312 1501 382 quia
1521 318 1548 367 et
1571 311 1628 380 ipse
1644 312 1717 367 idem
1744 325 1848 381 panem

92 416 165 457 mos.
195 401 267 457 Nam
300 413 366 456 cum
400 399 532 470 quemvis
565 399 707 469 quispiam
729 407 884 455 veneratur
913 407 941 455 et
995 400 1124 454 nominat
1137 399 1339 470 quotidianum
1355 401 1432 468 (hnc.
1449 415 1478 466 tt,
1495 402 1545 467 3.),
1568 400 1750 457 solummodo
1766 401 1846 457 vide·

91 491 236 562 praedicat,
254 496 282 545 et
299 489 492 544 venerationis
512 501 546 543 ac
569 488 855 557 praedicamentorum
878 502 941 544 cau·
995 485 1212 557 licetquandiu,
1230 489 1317 558 jutta
1332 489 1510 558 Apostolum,
1527 491 1750 560 cognominatur
1767 488 1849 544 bodie

92 593 138 636 sas
152 580 274 651 ignorat,
297 576 390 633 multa
412 576 547 633 facilitate
568 575 767 644 labetactatur,
788 585 838 633 aut
857 577 941 633 clau·
995 574 1097 645 (Hebr.
1114 590 1153 642 ιιι,
1174 579 1227 643 lb),
1242 578 1445 633 necessarium.
1469 580 1527 633 lloc
1552 578 1650 648 itaque
1670 578 1712 633 sic
1732 577 1770 633 ad
1785 578 1849 649 ejus

92 668 178 724 dicat.
995 663 1161 719 memoriam
1176 663 1312 720 celebrari
1329 664 1444 729 dicitur,
1462 672 1493 719 ut
1510 665 1630 720 istorum
1646 664 1848 721 habendorum

125 757 161 811 Et
175 762 249 810 certe
265 768 331 809 cum
347 753 426 823 apud
441 767 541 809 omues
551 752 698 824 iactantiae
719 750 809 821 huius
823 763 940 822 percre-
995 765 1180 821 nequaquam
1205 751 1277 807 ratio
1306 751 1474 823 denegetur,
1490 754 1561 823 qnia
1584 752 1634 808 etsi
1649 753 1794 824 generalis
1809 761 1849 809 est

90 843 202 899 brescat
219 842 325 912 opinio,
348 840 494 897 rarissime
513 849 609 897 temen
633 840 788 896 credulitas
803 852 941 908 quorum·
995 839 1105 895 utilitas
1133 853 1183 909 per
1212 848 1425 896 sacramentum
1456 841 1561 897 Christi
1587 841 1700 911 corpori
1722 842 1847 910 couniri,

90 930 157 987 libet
171 931 335 1000 sapientum
348 929 474 1000 suppetit
499 929 543 985 isti
568 928 665 985 verbo.
683 929 754 984 Cum
774 927 852 985 enim
868 927 940 982 ratio
994 942 1052 983 non
1068 927 1150 984 debet
1165 935 1259 984 tamen
1276 928 1454 998 privatorum
1481 929 1573 1000 gloria
1590 943 1712 985 suorum
1735 931 1848 1001 privile

90 1020 241 1089 superbae
255 1032 285 1075 re
300 1026 396 1074 vestra
415 1018 610 1088 undecunque
632 1016 744 1084 titubet,
768 1017 817 1072 vix
831 1015 940 1084 reperi·
995 1016 1108 1087 giorum
1126 1017 1273 1087 maiestate
1289 1018 1407 1087 privari.
1424 1016 1504 1073 Sicut
1524 1018 1602 1073 enim
1619 1018 1776 1090 privilegia
1789 1019 1847 1074 sin·

90 1114 139 1165 tur
152 1107 208 1163 nisi
223 1107 346 1164 rudis'et
362 1107 478 1173 inscius,
498 1106 635 1177 quemad
652 1105 827 1162 credendum
850 1103 939 1159 inlor-
995 1106 1129 1175 gulorum
1144 1105 1233 1175 legem
1250 1119 1307 1160 non
1332 1113 1451 1174 possunt
1470 1106 1561 1162 lacere
1582 1119 1767 1162 communem
1774 1122 1783 1177 ;
1808 1107 1847 1163 ita

89 1204 156 1264 met,
170 1203 197 1252 et
214 1196 263 1252 ubi
278 1195 371 1251 omnis
396 1195 492 1266 arguti
512 1194 602 1250 animi
618 1193 778 1249 dillldentia
802 1193 937 1261 occurrit,
994 1191 1155 1249 communis
1167 1192 1298 1263 gloriatio
1313 1206 1394 1249 suam
1411 1192 1650 1263 privatocuilibet
1665 1194 1748 1251 nullo
1765 1195 1845 1251 modo

90 1284 156 1356 quis
169 1284 206 1340 ad
221 1290 360 1339 tractatus
375 1282 580 1352 ⁴hujuscemodi
603 1281 861 1352 promulgationem
885 1279 940 1336 nisi
994 1281 1119 1338 detrahit
1134 1281 1304 1337 claritatem.

90 1372 242 1443 impudens
265 1381 292 1428 et
314 1384 465 1440 perversus
478 1369 626 1439 erumpit?
651 1369 733 1426 Solus
757 1370 832 1425 hanc
847 1369 940 1438 pudor
1030 1365 1109 1437 illl.
1126 1367 1251 1437 onjectio
1266 1372 1292 1423 3.
1322 1400 1353 1410 -
1378 1369 1404 1426 Si
1426 1370 1572 1427 Christum
1587 1385 1637 1440 pro
1656 1370 1765 1426 saeculo
1785 1384 1845 1441 pas

90 1461 287 1533 garrulitatem
313 1458 476 1516 cohibuisse
501 1458 649 1525 debuerat,
675 1473 710 1515 ne
733 1458 938 1514 documentum
994 1469 1058 1511 sum
1075 1456 1196 1513 visibilis
1210 1465 1336 1527 reportat
1356 1458 1496 1514 memoria
1511 1460 1694 1526 sacramenti,
1712 1472 1780 1530 oute
1801 1463 1843 1515 ta-

89 1549 167 1621 quod
182 1547 259 1604 sanis
274 1555 384 1604 constat
400 1546 545 1617 probabile
564 1561 621 1603 non
642 1561 702 1603 esse
722 1547 876 1617 capitibus,
893 1546 941 1603 he·
994 1557 1060 1599 men
1086 1544 1180 1616 stgura
1194 1546 1246 1601 soli
1264 1547 1381 1602 cuilibet
1404 1547 1554 1618 perspicua
1578 1555 1620 1603 est
1638 1547 1772 1618 sapienti,
1794 1562 1844 1605 cur

90 1637 218 1694 betudini
238 1638 363 1706 quisque
385 1636 511 1691 disertus
538 1637 670 1692 ascribat.
699 1637 778 1700 Quod
800 1635 824 1692 si
843 1635 938 1705 quali·
959 1605 1070 1687 Bneus
1085 1633 1120 1688 ad
1134 1646 1234 1689 eorum
1247 1633 1481 1699 consolationem,
1498 1648 1549 1704 pro
1564 1634 1672 1704 quibus
1686 1635 1741 1691 ista
1753 1648 1843 1692 susce

89 1726 261 1795 buscunque
276 1724 468 1781 intellectibus
481 1725 605 1780 rationes
626 1739 812 1795 nequaquam
837 1725 939 1781 oblatae
993 1720 1076 1789 perit,
1099 1721 1158 1776 haec
1173 1735 1189 1776 a
1204 1737 1257 1778 sua
1270 1737 1356 1779 earne
1371 1723 1501 1790 decidua,
1515 1732 1543 1780 et
1558 1725 1641 1794 quasi
1656 1724 1703 1781 sui
1717 1723 1843 1795 corporis

90 1813 248 1880 sufiiciunt,
271 1827 335 1869 ecce
367 1826 418 1882 pro
447 1813 576 1881 portibus
605 1813 708 1868 vestris
731 1822 849 1882 paratus
874 1827 938 1869 sum
992 1818 1175 1866 excrementa
1190 1811 1289 1867 haberi
1305 1827 1362 1867 uon
1378 1812 1557 1881 perntisentt
1570 1813 1598 1868 Si
1614 1813 1692 1869 illius
1708 1813 1738 1868 in
1761 1827 1842 1869 cruce

90 1901 283 1970 mihimetipsi,
313 1915 379 1971 quae
406 1909 501 1956 vestro
540 1900 649 1971 possint
684 1900 811 1972 dogmati
845 1901 940 1957 muni·
993 1897 1027 1952 de
1051 1896 1138 1954 latere
1152 1900 1271 1970 sanguis
1283 1906 1310 1955 et
1326 1913 1403 1970 aqua
1419 1900 1573 1970 prolluens,
1595 1900 1713 1957 lorsitau
1736 1909 1840 1958 terram

89 1996 185 2047 menta
217 1989 315 2055 adniti,
346 1988 477 2058 objicere,
513 1994 541 2044 et
571 1989 751 2058 postmodum
785 1990 846 2046 sine
879 1989 939 2046 ulla
993 1994 1044 2042 aut
1057 2000 1161 2042 saxum
1176 1988 1280 2058 attigit,
1295 1989 1318 2043 si
1334 1989 1499 2058 absorptum
1514 1990 1705 2045 autattritum
1722 2004 1840 2061 quoquo

88 2077 273 2134 simulatione
312 2077 430 2148 objecta,
479 2085 537 2134 tota
575 2077 661 2133 etiam
692 2079 818 2147 puritate
860 2077 939 2134 relel·
994 2082 1076 2145 pacto
1097 2075 1206 2131 aboleri
1225 2077 1353 2147 contigit,
1375 2077 1518 2146 utromodo
1538 2086 1623 2148 putas
1643 2091 1688 2145 ea,
1709 2093 1778 2149 oute
1801 2093 1844 2135 vo

91 2165 158 2222 ipre,
992 2160 1061 2215 casti
1078 2161 1212 2230 superius
1225 2161 1381 2227 subcisiva,
1403 2175 1436 2216 ac
1458 2159 1482 2215 si
1506 2169 1611 2217 nostrae
1630 2162 1696 2217 ltdei
1711 2163 1843 2219 retrican-

435 2253 549 2311 CAPUT
568 2254 601 2309 ll.
992 2247 1036 2303 ιιι
1052 2247 1149 2335 vades,
1174 2249 1228 2306 sub
1243 2249 1346 2319 potiori
1364 2249 1482 2305 colenda
1508 2250 1614 2306 honore
1635 2264 1693 2306 non
1718 2251 1842 2321 potuisse

124 2341 175 2413 ξι,
202 2341 517 2397 &affirmantium
544 2341 705 2412 objectioi,
722 2373 756 2383 -
771 2342 815 2399 sip,
839 2344 939 2415 itaquo
992 2335 1116 2391 dimitti?
1139 2336 1323 2392 Sacramenta
1347 2337 1436 2408 igitur
1464 2337 1513 2392 illa
1535 2337 1588 2393 rite
1613 2338 1697 2394 nobis
1718 2339 1755 2394 ad
1780 2340 1842 2410 ejus

87 2440 183 2488 vestra
198 2432 351 2503 procedere
377 2439 495 2501 putatur
518 2432 625 2501 opinio,
648 2432 706 2487 imo
726 2431 832 2489 talibus
846 2447 937 2488 emer·
991 2425 1159 2481 mtmOliam
1179 2432 1310 2495 illosum,
1327 2424 1396 2495 quia
1416 2424 1498 2481 1¹⁰biS
1513 2425 1597 2481 eiiam
1612 2427 1751 2482 ultionem
1775 2441 1840 2483 tum

88 2535 154 2594 gere
169 2521 347 2592 argumentis
361 2527 457 2575 vestra
481 2520 616 2576 videnlur
630 2521 759 2586 assertio,
776 2535 834 2576 iton
859 2521 937 2592 qnod
991 2513 1057 2568 lesu
1070 2513 1191 2568 Domino
1204 2513 1385 2583 suscipiendo
1400 2514 1532 2584 pariunt3
1549 2514 1609 2570 ltaec
1622 2525 1721 2572 autam
1739 2518 1841 2572 animis

88 2610 143 2666 tale
169 2609 219 2679 qui
243 2622 373 2679 unquam
397 2608 624 2664 ratiocinationis
641 2623 657 2663 a
675 2608 756 2665 vobis
784 2609 935 2677 audierim,
992 2601 1341 2657 miuusintellentualibus
1355 2601 1429 2669 stdei,
1445 2611 1478 2659 ut
1490 2603 1530 2659 sic
1545 2603 1654 2659 dictum
1668 2605 1714 2672 sit,
1741 2611 1841 2662 tracta·

85 2697 134 2753 sed
163 2697 240 2767 quod
265 2695 320 2752 tale
352 2695 463 2766 aliquid
489 2710 539 2766 per
560 2697 650 2751 animi
673 2699 854 2768 conjecturas
882 2698 935 2754 mei
991 2687 1571 2746 bilisinvisibiliarudimentaconlerunt.

88 2785 226 2840 adversus
255 2783 330 2838 hanc
367 2797 459 2839 meam
492 2784 771 2853 disputatiunculam
784 2785 849 2853 dici,
879 2786 936 2841 imo
1027 2774 1840 2852 §W-0⁶i³⁶1504··3l¹¹¹ies8⁰liuidafflhlliilssissflffi

87 2871 225 2929 oblatrari
238 2885 255 2927 a
270 2870 399 2943 quolibet
418 2885 498 2941 posse
519 2873 697 2942 putaverim;
723 2873 793 2928 nihil
816 2874 892 2932 enim
919 2864 1103 2958 aescendere
1119 2865 1248 2920 veritatis
1268 2865 1385 2936 gradus,
1402 2873 1435 2921 ut
1461 2866 1531 2921 dens
1554 2880 1587 2921 ac
1608 2868 1763 2925 umbilicus
1790 2869 1837 2925 ille

88 2960 169 3017 vobis
183 2959 304 3030 dignum
321 2958 402 3030 probi
427 2959 551 3030 alicuius
575 2960 721 3016 auditione
738 2963 857 3032 percepi,
883 2964 936 3019 hoo
990 2949 1111 3006 risibilis
1126 2951 1343 3022 tractabilisque
1356 2951 1498 3021 simplices
1512 2951 1634 3019 erudiat,
1657 2955 1736 3024 quod
1764 2954 1795 3011 lit
1811 2957 1839 3012 iu

86 3063 138 3106 vos
164 3055 314 3105 consuetos
339 3048 587 3118 interrogantibus
612 3050 784 3119 respondere
802 3052 934 3122 cognovi.
990 3038 1074 3094 iiiiii
1090 3039 1348 3109 miscebunt-tr),
1366 3039 1487 3109 imagi...
1515 3041 1605 3096 &⁰⁰0⁸
1629 3040 1678 3111 [so
1700 3041 1840 3114 imagina-

86 3135 223 3206 Nunquid
253 3136 484 3191 nonsccuudum
501 3136 936 3195 aetatulaetnoremnaturaliter
989 3126 1246 3197 ῑῑθῦθὲιθῐθΐθθὸῑ,
1267 3127 1429 3197 ι’ῑ1111ιῑῑι11)ἰ
1448 3127 1483 3183 ad
1504 3127 1742 3184 ῑθ11ι111116ω111111
1768 3144 1839 3186 00¹1·

87 3225 184 3282 dentes
200 3214 339 3279 novennis
353 3224 466 3280 emisit‘l
489 3223 609 3290 Quibus,
626 3225 757 3295 inquam,
782 3226 935 3296 assentior;
988 3215 1135 3285 templatio
1159 3216 1194 3270 311
1217 3229 1295 3283 eum,
1321 3215 1371 3284 qui
1396 3223 1523 3284 Dalilssae
1550 3215 1675 3272 ditiis&
1697 3216 1837 3284 considet,

86 3312 134 3368 sed
157 3312 255 3368 multae
287 3311 350 3367 aliae
377 3312 501 3368 rationes
529 3327 558 3368 sg
582 3313 729 3383 ingerunt,
759 3327 824 3383 quae
852 3313 934 3384 longe
988 3300 1839 3372 seseexacllai.0t1iael'goeSllioolillllllllicaroeisan·

86 3400 243 3457 diversiora
254 3413 343 3469 quam
366 3399 495 3456 referatis
520 3400 626 3457 lerunt.
646 3401 934 3471 benedicensque·
989 3390 1422 3461 8111311011ιθῐ111611011ι1019131.
1441 3395 1515 3444 *ὅ*
1541 3398 1700 3448 mutatura
1715 3393 1838 3450 Domino

84 3489 185 3546 ationis
196 3488 313 3559 pelagus
323 3497 432 3545 motare
442 3489 571 3556 verebar,
584 3487 655 3544 illud
668 3489 835 3546 Boetiattum
845 3491 932 3545 menti
988 3478 1017 3533 in
1032 3478 1133 3535 usibus
1148 3478 1839 3540 huminishabilesttttmtssitlffl·Sacramentum

84 3576 263 3648 subjiciens:
284 3599 294 3627 ‹
316 3576 392 3646 jure,
416 3577 466 3644 ait,
488 3579 608 3633 insanus
625 3577 780 3647 iudicarer,
796 3578 820 3634 si
834 3588 933 3635 contra
988 3567 1085 3638 itaque
1102 3567 1196 3636 ipsum
1211 3567 1289 3622 iliud
1305 3567 1444 3636 quiddam
1460 3567 1596 3624 exhibere
1616 3570 1734 3626 Vidistis
1749 3587 1838 3642 quam

83 3664 199 3722 insanos
225 3664 305 3735 loqui
331 3664 517 3721 intenderem,
551 3687 564 3714 n
585 3666 617 3720 ln
643 3680 676 3721 eo
705 3679 831 3737 namque
855 3667 932 3738 quod
986 3669 1053 3711 narn
1070 3664 1121 3711 aut
1134 3656 1214 3720 dens,
1228 3656 1278 3726 qui
1294 3669 1311 3709 a
1328 3657 1495 3712 resuscitato
1506 3656 1640 3713 residuus
1655 3660 1836 3729 perhibetur,
1863 3713 1870 3720 .

82 3755 226 3826 cujusque
253 3753 341 3809 menti
370 3767 420 3823 pro
449 3753 596 3810 voluntate
630 3755 840 3824 preponderat,
874 3771 931 3812 non
986 3744 1112 3801 Residua
1126 3744 1203 3800 onim
1219 3744 1282 3814 ipsa
1295 3745 1391 3800 carnis
1411 3745 1561 3814 quondam
1577 3746 1714 3804 exhibitae
1738 3750 1839 3808 verita·

83 3842 206 3900 multum
232 3842 287 3897 sibi
309 3842 436 3910 providet
458 3857 516 3913 qua
538 3844 647 3898 ratione
668 3844 854 3914 respondeat;
879 3845 932 3901 hoc
985 3834 1219 3906 temlinsinuant,
1243 3833 1339 3889 caruis
1357 3842 1452 3889 autem
1474 3834 1642 3904 significata
1665 3840 1837 3906 mysterium

81 3930 174 3986 solum
189 3928 307 3985 incubat
322 3929 410 3993 cordi,
426 3937 571 3999 quatenus
597 3931 717 3986 diversa
734 3933 822 4000 partis
839 3933 931 3988 intui·
984 3938 1083 3981 eorum
1100 3924 1130 3978 tit
1141 3922 1253 3989 eltlcax,
1268 3923 1376 3992 unibus
1389 3936 1437 3992 per
1451 3923 1515 3993 eius
1527 3937 1611 3980 usum
1627 3925 1710 3981 carui
1730 3927 1838 3988 diuinae

82 4026 144 4075 tum
169 4017 319 4072 obstinatis
348 4016 521 4073 clamoribus
544 4018 667 4089 subigat.
703 4019 826 4075 Pronum
853 4019 930 4075 enlm
985 4014 1205 4082 incorporentur
1227 4013 1376 4067 etvtvunt.
1401 4012 1450 4068 Est
1470 4026 1537 4083 ergo
1562 4013 1632 4069 dens
1657 4029 1690 4070 ao
1715 4017 1837 4073 umbili-

81 4107 197 4163 videtur
212 4105 349 4174 improbis
362 4112 508 4174 totttopere
521 4105 578 4161 alia
589 4120 640 4177 pro
651 4105 714 4162 aliis
725 4107 930 4165 absurdissime
984 4115 1035 4158 cus
1051 4100 1197 4170 probabile
1209 4100 1263 4155 sub
1279 4108 1441 4169 temporutu
1464 4109 1627 4157 nostrorum
1653 4107 1837 4162 extremitate

81 4195 220 4260 intonare,
233 4202 264 4249 ut
277 4193 354 4263 quod
369 4193 565 4250 ratiocinando
581 4210 637 4250 non
650 4196 808 4265 prevalent,
825 4196 926 4252 saltem
945 4195 1122 4259 Dsusceptae
1135 4189 1202 4245 olim
1213 4188 1433 4258 dispensationis
1449 4189 1598 4256 indicium,
1611 4198 1639 4246 et
1661 4193 1837 4261 generaliter

80 4281 195 4339 valeant
210 4281 374 4350 strepitibus
394 4280 551 4339 obtinuisse
573 4283 726 4351 continuis,
748 4285 832 4354 qnasi
855 4285 928 4345 vici·
982 4279 1146 4335 aoitncrum
1162 4277 1248 4333 saluti
1261 4278 1428 4333 commilitat
1442 4285 1665 4335 sacramentum.

80 4371 163 4426 niora
178 4370 315 4426 victoriae.
343 4370 404 4440 nge
418 4385 496 4442 crgo,
513 4380 540 4428 et
555 4387 606 4442 pro
631 4372 711 4429 vobis
730 4381 827 4429 nostra
847 4387 928 4430 exer·
1018 4367 1081 4437 iv·
1103 4364 1229 4435 Objtttit'o
1248 4368 1273 4419 5·
1291 4396 1325 4405 -
1345 4366 1424 4429 Quod
1448 4365 1472 4421 si
1492 4366 1687 4422 controversia
1713 4375 1836 4438 nntnlnr

81 4468 180 4516 ceatur
194 4459 295 4515 oratio.
982 4465 1043 4526 post
1058 4455 1293 4510 resurrectionem
1311 4454 1381 4510 illud
1406 4468 1466 4510 esse
1482 4454 1641 4521 residuum,
1661 4446 1853 4514 contmrer—'

114 4547 184 4620 511.
200 4547 364 4617 objection.
383 4578 416 4588 -
432 4547 458 4603 Si
474 4549 565 4605 Deum
581 4557 608 4605 et
622 4550 774 4606 bominum
796 4558 926 4606 nostrum
980 4545 1029 4600 siae
1055 4543 1152 4599 itidem
1180 4543 1336 4598 ascribitur
1358 4542 1519 4612 baptismus
1548 4551 1610 4612 post
1639 4542 1830 4614 baptismum.

77 4636 149 4693 dicis
162 4638 198 4694 ob
212 4637 257 4693 sui
274 4637 450 4703 memoriam,
471 4644 498 4693 ct
519 4637 578 4694 sois
604 4652 637 4693 ac
657 4653 777 4694 suorum
793 4639 926 4708 sequaci·
980 4633 1144 4701 Baptismus
1154 4645 1255 4701 nempe
1270 4645 1355 4701 quem
1367 4631 1496 4687 Christus
1507 4632 1661 4701 exceperit,
1680 4632 1834 4704 gloriosior

78 4724 142 4785 bus,
160 4725 237 4795 quod
254 4726 282 4781 in
301 4739 398 4781 mensa
417 4739 471 4782 sua
485 4725 515 4781 lit
531 4726 682 4796 reliquisse
696 4725 875 4795 mysterium,
894 4732 926 4780 ut
979 4722 1070 4778 videri
1086 4723 1178 4791 potuit
1193 4735 1281 4792 quam
1296 4736 1429 4791 sequens,
1450 4736 1517 4777 num
1538 4722 1597 4791 ipse
1623 4722 1707 4794 longe
1731 4725 1833 4782 melior

76 4813 309 4879 consolationem,
323 4827 411 4883 quam
435 4813 495 4870 suis
510 4829 570 4870 suae
596 4814 752 4883 presentie
775 4814 925 4868 cohabita·
979 4811 1153 4880 precedente
1168 4809 1343 4866 successerit.
1368 4809 1413 4865 Sic
1435 4818 1463 4865 et
1482 4810 1613 4866 Christus
1636 4826 1703 4867 cum
1729 4827 1831 4871 resur-

76 4900 153 4957 tioue
170 4899 334 4969 praestabat,
349 4902 452 4957 absens
469 4903 576 4959 vicario
603 4916 723 4959 munere
737 4908 922 4972 praepararet,
977 4900 1061 4966 rexit,
1087 4899 1110 4954 si
1130 4898 1166 4953 ad
1192 4906 1296 4953 nostra
1320 4897 1468 4954 mutabilis
1494 4899 1598 4955 mentis
1616 4900 1831 4958 monimentum

74 5002 126 5043 nos
144 4988 183 5044 ita
199 5002 256 5044 non
271 4991 412 5057 capimus,
429 4998 461 5046 ut
475 5004 525 5060 pro
541 4989 734 5061 perfunctoria
758 4989 923 5059 praebitione
977 4987 1075 5058 aliqua
1096 4996 1157 5056 post
1183 5001 1211 5042 se
1232 4987 1284 5042 sibi
1307 4987 1459 5042 attinentia
1479 4987 1595 5054 dimisit,
1620 4988 1739 5046 iuturus
1764 4997 1829 5061 post

74 5075 212 5146 mysterti,
234 5077 269 5132 ad
287 5076 385 5147 gaudii
410 5077 581 5134 universalis
604 5078 754 5134 cumulum
768 5078 842 5133 datae
865 5092 923 5134 cor·
973 5077 1116 5148 judicium
1137 5078 1286 5148 gloriosior
1312 5077 1372 5133 baec
1392 5078 1491 5134 eadem
1516 5079 1676 5150 glorificata
1699 5081 1828 5140 inserere

73 5163 151 5232 poris
166 5163 253 5230 illius,
269 5172 300 5220 ut
327 5164 368 5220 sic
381 5165 521 5234 dicamus,
547 5165 699 5235 snperlluae
722 5167 865 5236 portiones
883 5166 922 5223 id·
975 5166 1030 5223 sibi
1046 5180 1102 5222 non
1119 5166 1241 5237 poterit?
1261 5166 1388 5222 Dicimus
1402 5168 1478 5223 enim
1494 5167 1565 5238 quia
1578 5169 1629 5224 etsi
1653 5171 1827 5241 resurrexit,

71 5250 148 5307 circo
167 5251 287 5308 debeant
311 5252 465 5321 absentari,
491 5254 718 5324 perluuctorium
746 5253 830 5325 plane
858 5254 921 5311 ideo
974 5268 1032 5311 non
1047 5263 1142 5312 tamen
1160 5256 1361 5312 resuscitatum
1376 5270 1491 5327 corpus,
1516 5256 1551 5312 ad
1570 5270 1635 5313 eam
1654 5272 1746 5329 quam
1763 5268 1827 5331 post

107 5425 163 5498 (29)
179 5425 230 5482 liic
244 5427 353 5498 aliquid
369 5429 458 5485 deest.
