3818 6008
14 300 17 307 ,
80 240 133 296 itit
507 242 538 298 V.
561 241 727 299 obtenuit
756 243 903 301 asetsis
931 246 960 301 S.
992 246 1116 304 unitim
1145 247 1191 303 oti
1215 244 1412 304 hovlsuhro
1775 245 1831 300 iso

73 389 136 430 rum
145 375 235 446 major
256 375 390 445 iniquitas
408 373 542 443 eillcitur,
557 375 627 447 quia
650 383 793 447 quantum
809 377 921 449 argenti
939 381 1222 452 strictamque
1240 380 1378 437 vitiorum
1400 380 1552 451 putoribus
1567 387 1636 437 snnt
1651 381 1757 438 addicti
1777 395 1830 452 pro

74 463 229 534 pondusa
258 462 382 533 pondere
404 462 516 531 plumbi
548 463 645 531 distat,
672 471 786 521 lantum
809 473 925 536 peccata
979 467 1190 525 incultibilitate
1210 477 1238 526 el
1264 468 1351 540 longa
1383 467 1497 524 incuria
1520 468 1624 524 mentis
1648 482 1717 524 suae.
1748 469 1831 525 Unde

76 550 250 621 simplicium
272 558 299 606 et
340 550 475 606 hebetum
512 558 665 621 apeceato
691 566 792 609 eorum
820 555 925 625 quiue
978 556 1111 613 meritoa
1131 557 1332 627 praedictorum
1353 557 1409 623 isti,
1424 556 1510 627 juxta
1533 571 1649 612 sensum
1674 557 1830 627 praemissio

75 641 198 708 lupluose
214 645 380 705 vescuntur,
399 646 426 694 et
442 638 616 695 nutriuntur
628 642 658 694 in
672 643 790 710 croceis,
807 641 924 698 diilerro
977 641 1088 712 litterae,
1109 651 1185 700 sorte
1203 643 1410 710 exeluduntur,
1426 657 1501 713 otios
1515 643 1608 698 cordis
1634 657 1692 699 non
1721 643 1828 701 terreni

73 725 194 782 constat.
225 725 346 782 Sodoma
378 726 456 781 enim
484 726 689 797 interpretatur
718 743 799 797 pecus
833 731 925 784 sileas.
977 731 1026 787 sed
1041 731 1146 802 lapidei
1161 732 1292 788 feracitas
1308 730 1389 787 nulla
1403 730 1599 802 consequitur.

72 813 109 868 Et
124 812 194 882 quid
223 826 310 881 pecus
335 813 390 868 nisi
418 813 547 884 ingenita
562 814 688 883 fatuitas,
714 817 799 886 eujus
816 816 924 887 ingenii
1370 834 1426 875 roo.

73 899 154 955 nulla
174 914 231 956 vox
255 900 319 957 esti
340 900 409 968 Quae
430 902 516 957 etiam
541 901 663 958 Sodoma
693 903 873 961 subvertitur
894 907 924 959 iu
1009 907 1093 964 Vens.
1108 910 1188 962 l0.-
1203 930 1213 957 ι
1228 906 1827 964 Uanusmulierummisericordinmeoxe·

71 994 212 1056 momento,
236 990 307 1058 quid
333 989 530 1045 subvertibilis
551 998 603 1059 est,
619 998 647 1047 et
675 1004 766 1062 prona
780 993 871 1059 casui,
900 992 924 1048 si
977 1014 992 1047 n
1013 1003 1082 1053 runt
1097 996 1169 1053 illios
1187 1011 1264 1063 suos,
1286 996 1350 1052 lacti
1373 1004 1442 1052 suut
1461 996 1543 1051 cibus
1558 1010 1660 1052 earum
1673 996 1703 1051 in
1719 997 1827 1052 contri-

72 1075 172 1147 sitqui
188 1076 305 1147 impetat
327 1078 431 1148 quovis
457 1079 550 1135 modo.
565 1079 600 1135 Et
625 1094 684 1135 non
705 1081 826 1149 capiunt
848 1083 878 1134 iu
892 1096 923 1135 ea
979 1106 990 1133 ›
1013 1086 1117 1142 itonam
1135 1087 1199 1143 fitia
1225 1086 1322 1157 populi
1347 1085 1441 1142 mol,
1470 1086 1531 1153 Jod,
1560 1086 1690 1141 desolatio
1717 1094 1768 1142 ost,
1791 1087 1827 1142 Ει

70 1179 178 1228 manta.
195 1166 264 1235 quie
293 1167 489 1237 quodeunque
509 1167 558 1223 tali
581 1167 669 1223 menti
694 1182 754 1224 seso
781 1168 921 1237 intulerit,
976 1173 1046 1245 quid
1057 1174 1149 1246 magis
1163 1175 1308 1230 desolatur
1320 1174 1498 1245 quamquod
1512 1175 1568 1230 Deo
1584 1174 1695 1244 hospite
1713 1187 1826 1230 vacua-

72 1259 220 1321 gratanter
240 1253 402 1310 admittitur
423 1263 506 1325 turpe
532 1270 614 1325 opus.
639 1258 738 1312 Uarrus
761 1271 878 1327 qnoque
893 1260 923 1311 iu
978 1263 1159 1319 curilianus
1179 1265 1323 1318 molinum
1346 1260 1564 1318 misericordium
1591 1264 1661 1332 filios
1689 1279 1751 1318 snos
1774 1277 1826 1318 co-

72 1354 104 1395 00
122 1341 323 1411 milladium,
355 1342 425 1398 dnm
452 1342 608 1414 plusquam
630 1343 802 1415 possibilitas
817 1344 922 1415 agendi
975 1357 1081 1420 ouunt,
1096 1364 1162 1407 cum
1177 1364 1264 1420 opera
1277 1351 1457 1421 ejuratorum
1477 1349 1635 1415 bominum,
1658 1350 1729 1406 nihil
1748 1349 1826 1405 scili·

72 1428 222 1498 susllflfflb
237 1429 489 1501 faffllealllielssssl·
975 1443 1018 1492 cet
1043 1435 1241 1492 intellectualis
1273 1436 1379 1492 tenoris
1409 1435 1588 1503 habentium,
1611 1450 1669 1502 eos,
1694 1450 1767 1506 quos
1789 1434 1826 1491 ad

463 1533 536 1575 earu.
974 1524 1018 1579 sni
1043 1523 1173 1595 exempla
1187 1525 1394 1591 contraxerint,
1417 1523 1451 1578 ad
1470 1524 1514 1579 sni
1531 1523 1659 1593 ipsorum
1675 1521 1826 1578 conlormi·

108 1603 194 1663 Vens.
228 1608 253 1660 7.
282 1634 319 1647 -
347 1624 362 1658 e
393 1607 578 1664 candidiores
601 1608 728 1665 Nazaraei
753 1609 817 1681 ejus
843 1609 919 1677 nive,
973 1610 1267 1684 tatesignesubdolae
1291 1610 1486 1683 persuasionis
1509 1610 1670 1667 emolliunt.
1692 1608 1826 1666 Mulieres

73 1707 87 1744 ι
118 1692 264 1750 nitidiores
292 1693 374 1760 laete,
411 1695 632 1753 rubicundiores
667 1698 753 1754 ebore
789 1697 920 1769 antiquo,
941 1673 1121 1757 Beticonico
1146 1700 1341 1756 misericordes
1368 1707 1519 1768 vocantur,
1540 1699 1612 1770 qnia
1637 1698 1705 1754 hinc
1723 1697 1825 1753 lenoci-

74 1780 224 1850 iSapbiro
243 1781 460 1851 pulchriores.»
487 1784 565 1852 zain,
582 1785 741 1839 elimentum
763 1785 869 1842 mundi.
885 1786 922 1841 Et
975 1789 1090 1845 niorum
1103 1789 1221 1845 mollitie
1247 1787 1352 1845 iallunt
1367 1796 1395 1844 et
1411 1788 1556 1844 illincsub
1570 1788 1663 1844 colore
1686 1786 1823 1858 benigni-

73 1869 212 1940 aquibus
227 1871 318 1942 magis
344 1871 432 1927 alitur
460 1872 588 1928 mundus
611 1887 700 1943 ouem
726 1887 743 1929 a
768 1873 833 1929 liliis
855 1872 921 1930 Sion
975 1874 1107 1931 talisimo
1126 1874 1210 1945 quasi
1225 1872 1391 1929 consulendi
1413 1886 1442 1928 se
1459 1871 1603 1943 ingerunt.
1621 1872 1708 1926 Cibus
1731 1886 1824 1926 eorum

72 1957 196 2029 inclytis,
214 1960 265 2029 oui
292 1959 471 2017 amiciuntur
486 1974 557 2017 auro
574 1960 688 2032 primo?
708 1961 765 2018 ilos
778 1976 847 2034 ergo
874 1976 923 2018 ex·
975 1963 1058 2032 liunt,
1080 1963 1151 2019 dum
1173 1977 1221 2020 eos
1234 1962 1288 2019 sibi
1305 1961 1488 2031 incorporare
1509 1960 1697 2017 contendunt.
1718 1961 1755 2016 El
1778 1973 1824 2016 ex·

72 2046 223 2118 primendo
239 2048 432 2119 prosequitur.
455 2049 609 2106 Nazaraeos
633 2048 839 2120 interpretatur
857 2064 921 2105 seu·
973 2051 1041 2109 inde
1056 2051 1115 2108 illia
1131 2050 1229 2122 populi
1244 2049 1413 2116 conteritur,
1436 2049 1506 2105 dum
1520 2063 1579 2104 non
1599 2048 1718 2104 rationis
1735 2048 1821 2115 lilius,

71 2141 140 2193 ctus.
169 2134 256 2203 Quasi
280 2136 404 2194 diceret:
430 2136 485 2202 llli,
517 2137 569 2209 qui
591 2139 739 2209 quondam
762 2137 922 2196 sanctitatis
974 2141 1035 2212 qul,
1047 2141 1134 2212 juxta
1146 2137 1359 2210 apocalypsim,
1381 2138 1417 2193 ad
1437 2137 1575 2193 thronum
1592 2137 1640 2192 Uei
1654 2136 1823 2206 perducitur

72 2223 217 2282 munditia
230 2223 374 2281 florulenti
397 2233 489 2294 erant,
516 2225 588 2296 (hacc
606 2227 683 2282 enim
699 2227 755 2282 tria
768 2226 922 2283 Nazaraeos
974 2228 1070 2300 (apoc.
1087 2243 1137 2291 xri,
1153 2227 1191 2299 ὅ),
1207 2228 1256 2284 sed
1277 2224 1459 2298 vulgaritatis
1474 2225 1582 2282 intimae
1601 2224 1744 2283 instabilis
1763 2224 1823 2281 filia

73 2312 165 2382 sonat)
187 2325 237 2382 per
270 2311 429 2383 appetitum
467 2312 588 2370 coelestis
623 2312 720 2385 gloriae
749 2313 920 2369 condidiores
973 2315 1167 2372 indesinenter
1176 2314 1319 2372 obruitur.

70 2401 221 2467 suntnioe,
243 2400 304 2456 hece
318 2400 405 2456 enim-
423 2397 535 2457 delitus
557 2400 683 2471 labitur3
709 2414 759 2470 per
783 2400 921 2471 simplicis
1353 2415 1437 2457 carn.

72 2487 266 2546 Innocentiam
286 2489 408 2546 aetionis
421 2491 564 2545 nitidiores
577 2490 654 2557 lacte,
679 2489 755 2559 qnod
777 2503 813 2544 ex
834 2502 920 2545 carne
1008 2493 1095 2550 Vens.
1111 2495 1200 2546 lt.—
1217 2513 1227 2540 ‹
1245 2488 1402 2560 complevit
1426 2488 1565 2544 Dominus
1581 2487 1707 2544 furorem
1722 2500 1820 2552 suum,

69 2578 218 2647 nascitur;
257 2592 306 2649 per
342 2577 522 2634 tolerantiam
562 2591 704 2648 corporeae
739 2577 919 2644 titillationis,
976 2580 1109 2637 »eiludit
1124 2581 1196 2635 iram
1213 2577 1420 2650 indignationis
1435 2591 1504 2644 suae,
1521 2583 1549 2633 et
1568 2576 1716 2632 succendit
1726 2575 1821 2646 ignem

72 2667 279 2722 rubicundiores
303 2667 379 2722 ebore
405 2669 529 2737 entique,
552 2666 581 2721 id
604 2674 656 2735 est,
680 2666 749 2735 ipsis
769 2666 920 2723 incentivis
975 2670 1037 2725 »in
1064 2668 1141 2736 Sion,
1169 2676 1196 2724 et
1212 2666 1361 2724 devoravit
1384 2664 1574 2721 fundamenta
1598 2662 1668 2732 ejns.
1693 2685 1704 2711 ι
1731 2663 1820 2734 caph,

69 2755 131 2813 suis
155 2754 379 2813 examinatiores
407 2755 504 2825 aliquo
528 2762 623 2810 vetere
656 2761 764 2811 sancto.
796 2754 920 2824 Elephas
973 2751 1180 2822 interpretatur
1198 2753 1330 2821 wecilo.
1346 2753 1414 2815 Quae
1433 2750 1561 2820 operatio
1584 2764 1642 2807 non
1668 2748 1724 2804 uisi
1749 2762 1822 2820 prae-

69 2843 157 2911 enim,
175 2843 252 2901 unde
267 2843 350 2910 ebur,
371 2842 480 2914 lrigldm
500 2851 613 2899 naturae
631 2849 682 2899 est.
700 2842 817 2912 Sophiae
836 2842 920 2898 deni·
974 2842 1067 2897 missae
1081 2839 1243 2910 iniquitatis
1258 2839 1377 2909 auidam
1402 2837 1521 2894 effeetus
1546 2836 1662 2898 dicitur,
1690 2835 1764 2893 sieut
1785 2849 1822 2891 ex

70 2946 127 3004 oue
152 2934 332 3002 pulchriores,
367 2931 411 2987 his
439 2931 569 2987 videlieet
597 2929 704 2997 multis,
734 2944 860 3001 quorum
889 2929 919 2986 in
938 2970 958 3026 G
975 2936 1087 3000 peccato
1104 2928 1210 2999 peccati
1230 2941 1315 2998 poena
1334 2926 1468 2983 elicitur.
1495 2925 1576 2984 Unde
1598 2927 1719 2992 [morem
1743 2939 1822 2978 mum

70 3019 149 3078 coelis
160 3019 340 3076 conversatio
355 3032 416 3075 esse
434 3018 540 3074 dieitur
554 3019 638 3088 (Phil.
663 3033 702 3086 m,
725 3020 780 3089 20),
804 3017 919 3090 dignio-
974 3020 1101 3072 hominus
1125 3017 1258 3086 complet,
1284 3018 1316 3072 ut
1342 3015 1393 3085 oni
1429 3021 1544 3085 peccato
1575 3012 1763 3079 irascebatur,
1785 3025 1821 3067 ex

69 3122 132 3176 res;
148 3108 283 3178 saphirus
295 3106 372 3162 enim
385 3106 506 3163 ethereae
522 3106 625 3177 speciei
640 3113 691 3162 est.
973 3105 1069 3162 lurore
1081 3106 1141 3176 jam
1162 3103 1331 3161 sententiam
1343 3103 1445 3174 lpoenae
1463 3102 1578 3174 irroget.
1601 3103 1674 3156 irem
1687 3100 1821 3168 ludione-

451 3210 535 3251 nnru.
974 3197 1119 3249 tionissua
1128 3192 1261 3259 effundit,
1273 3206 1340 3249 euin
1351 3190 1516 3248 tentationis
1527 3190 1661 3246 miseram
1676 3187 1821 3246 conscien-

106 3281 191 3341 Vens.
207 3282 235 3340 8.
252 3311 287 3324 -
306 3305 315 3331 ι
335 3282 488 3355 Uenigrata
504 3290 545 3339 est
570 3296 659 3353 super
677 3283 815 3339 carbones
835 3282 919 3338 iacies
974 3281 1042 3338 tiam
1063 3280 1196 3338 ludibriis
1210 3281 1337 3351 exponit.
1356 3279 1647 3346 astuloneminsiou
1660 3276 1819 3344 succendit,

73 3393 85 3423 »
106 3386 216 3440 eorum,
246 3378 274 3428 et
295 3385 351 3427 non
377 3378 446 3427 sunt
469 3371 576 3443 cogniti
599 3370 628 3426 in
657 3370 773 3442 plateis3
800 3370 920 3427 adhaesit
973 3370 1145 3427 cumcarnis
1160 3369 1325 3439 petulantia
1338 3368 1468 3424 dammas
1482 3367 1511 3423 in
1527 3372 1629 3431 mento,
1648 3378 1714 3435 quae
1729 3365 1819 3420 mum

73 3461 185 3517 »cutis
221 3473 321 3517 eorum
347 3460 469 3527 ossibus,
503 3459 590 3528 aruit,
615 3467 642 3515 et
670 3460 745 3516 lacta
767 3466 809 3515 est
836 3457 919 3529 quasi
972 3458 1113 3529 speculari
1150 3464 1349 3523 consueverat,
1381 3456 1474 3528 iugeri
1498 3456 1574 3511 Deus
1601 3453 1679 3509 sinit.
1709 3452 1821 3508 Funde

73 3571 85 3601 »
111 3549 233 3622 lignum.
253 3570 264 3597 ι
283 3550 367 3617 lieth,
390 3553 458 3604 uite.
478 3548 506 3605 Si
521 3547 665 3618 superbia,
695 3561 754 3618 que
778 3547 918 3610 cadimus,
973 3547 1135 3616 mintucius
1160 3546 1287 3613 devorat,
1308 3559 1374 3600 eum
1397 3543 1612 3600 subsistentiam
1637 3541 1725 3598 totius
1739 3540 1821 3597 bonae

71 3638 158 3696 ruina
171 3652 225 3694 sua
241 3641 361 3695 mortem
377 3638 460 3709 parit,
486 3637 644 3704 humilitas,
672 3650 732 3707 qua
755 3651 821 3693 vere
845 3636 920 3692 leva·
972 3635 1139 3693 intentionis
1153 3633 1279 3690 absumit
1291 3640 1319 3690 el
1333 3633 1463 3703 abrogat.

71 3740 147 3795 mur,
172 3727 262 3783 vitam
291 3726 394 3783 munit.
426 3726 506 3784 Unde
528 3729 613 3794 [ecies
637 3741 728 3780 eorum
750 3740 832 3794 snper
854 3738 919 3779 ccr—
1344 3736 1447 3777 cauno.

7 3867 9 3871 ,
71 3815 151 3872 bootes
165 3816 342 3888 denigratur,
359 3829 425 3872 cum
452 3821 623 3871 totaeorum
650 3813 813 3885 speciositas
836 3812 919 3884 plus·
1008 3814 1095 3871 Vnus.
1122 3815 1163 3867 la.
1188 3843 1222 3852 -
1247 3829 1262 3863 e
1286 3811 1348 3867 h'on
1373 3808 1555 3866 crediderunt
1579 3821 1661 3879 reges
1684 3813 1768 3864 terrae
1793 3813 1821 3862 et

18 3936 21 3941 -
71 3919 160 3976 quam
175 3918 274 3960 eorum
297 3903 348 3975 qui
365 3911 479 3974 peceato
503 3903 638 3959 exstincti
662 3910 823 3973 peccatores
843 3901 918 3958 aesti-
975 3901 1135 3959 »universi
1152 3900 1326 3956 habitatores
1346 3898 1485 3968 quoniam
1513 3895 1714 3968 ingrederetur
1733 3895 1822 3952 hostis

70 3997 198 4058 mantus,
216 3990 302 4047 insui
319 3990 446 4058 ipsorum
466 3990 693 4048 consideratione
717 3988 919 4060 vilipendenda
974 3997 1035 4046 »et
1059 3989 1193 4045 inimicus
1217 4002 1266 4058 per
1290 3994 1386 4058 portas
1415 3985 1583 4042 Jerusalem.
1611 4008 1622 4032 ι
1648 3984 1762 4052 lamed,
1782 3983 1846 4039 di‘

70 4085 200 4148 putatur.
224 4078 292 4136 lnde
313 4087 340 4135 et
365 4079 443 4150 orrod
465 4093 553 4135 comae
579 4080 675 4149 sponsi
697 4078 795 4150 quasl-
814 4091 919 4135 corvus
971 4079 1104 4135 citurcor
1121 4079 1271 4132 seruitutis.
1296 4077 1346 4133 cor
1366 4077 1507 4130 seruitutis
1529 4073 1700 4145 intelligitur
1715 4071 1819 4128 intelli-

70 4165 163 4237 nigrae
177 4167 316 4223 dicuntur
337 4169 425 4234 (cont.
442 4184 469 4234 v,
494 4170 546 4239 ll).
564 4170 596 4223 ln
615 4169 716 4238 pluteis
730 4182 783 4222 non
796 4172 860 4222 sunt
874 4180 917 4220 co·
972 4168 1079 4239 gentis,
1096 4180 1162 4237 quae
1186 4179 1243 4221 non
1264 4177 1300 4220 en
1326 4164 1445 4230 ratione,
1473 4176 1539 4233 quae
1562 4162 1692 4232 imperat,
1719 4160 1768 4216 sed
1784 4175 1820 4216 ex

70 4257 151 4323 oniti,
165 4255 236 4325 quia
251 4256 279 4310 in
292 4255 358 4312 latis
371 4263 398 4313 el
409 4257 540 4327 spatiosis
557 4258 645 4329 hujus
659 4256 757 4314 saeculi
774 4255 916 4312 sollicito·
935 4255 1165 4326 psensnalitate,
1182 4268 1248 4325 qua
1263 4253 1361 4318 servit,
1386 4252 1519 4308 habetur.
1541 4251 1628 4319 Reges
1652 4255 1731 4304 terre
1753 4255 1821 4305 sunt

71 4342 190 4400 dinibus
204 4358 262 4399 non
277 4352 346 4401 sunl
364 4345 428 4401 visi.
451 4347 526 4403 culis
551 4361 642 4400 eorum
663 4345 768 4400 ossibus
787 4343 917 4412 adhesit,
972 4343 1126 4402 rationales
1146 4350 1249 4409 motus,
1271 4341 1322 4412 qui
1347 4342 1444 4397 omnia
1466 4347 1563 4395 nostra
1588 4345 1701 4394 terrena
1724 4336 1820 4406 dispo-

71 4430 138 4502 quis
151 4430 349 4499 affectualitas,
366 4441 394 4488 et
417 4433 476 4503 ipsa
491 4434 576 4489 etiam
591 4432 783 4490 sensualitatis
799 4432 920 4488 lacilitas
973 4441 1054 4490 nunt.
1076 4434 1166 4488 Tura
1185 4432 1360 4497 habitatores,
1376 4428 1506 4485 membra
1531 4433 1599 4483 sunt
1621 4432 1720 4482 nostra
1733 4437 1821 4495 super

72 4519 284 4577 indivisibiliter
309 4535 339 4577 se
365 4521 525 4578 tortitudini
550 4521 669 4577 rationis
684 4519 827 4591 adjunxit.
852 4519 920 4576 Are·
973 4530 1090 4588 terram,
1117 4520 1161 4575 vel
1185 4518 1478 4589 qualibetcorporeae
1495 4514 1688 4571 habitudines.
1715 4514 1820 4569 llinon

71 4608 134 4677 scil,
149 4622 216 4665 oum
231 4608 267 4664 ab
282 4609 360 4664 omui
376 4609 461 4666 lluxu
481 4608 604 4665 lasciviae
620 4609 775 4678 inanescit3
791 4612 816 4662 et
839 4609 920 4678 quusi
972 4610 1092 4668 credunt
1108 4610 1236 4678 quoniam
1248 4622 1299 4676 per
1318 4611 1411 4675 portos
1434 4605 1590 4659 leucaten
1611 4605 1695 4658 bostis
1720 4606 1745 4656 et
1770 4602 1822 4654 ini-

72 4697 176 4764 lionum
201 4697 242 4766 llt,
267 4710 335 4753 cnm
363 4698 399 4752 ad
429 4695 664 4767 impassibilitatis
687 4696 824 4753 duritiam
854 4710 919 4752 coa·
972 4702 1056 4755 micus
1068 4697 1260 4768 ingrediatur,
1277 4695 1357 4766 quia,
1373 4709 1410 4750 en
1433 4691 1637 4749 veterimentis
1654 4690 1820 4761 quietejam

71 4785 160 4843 lescit.
972 4787 1081 4845 desides
1109 4800 1167 4842 non
1191 4785 1410 4841 arbitrabantur
1443 4781 1519 4849 ouod
1545 4794 1596 4851 per
1622 4779 1821 4836 sensualitates

456 4889 539 4930 mll-
971 4875 1074 4933 visioni
1102 4875 1179 4945 pacis
1202 4873 1350 4944 quondam
1375 4871 1529 4937 dedicatas,
1555 4869 1643 4924 hostis
1669 4867 1821 4937 antiquus,

108 4962 193 5022 Vsus·
206 4968 231 5020 9.
248 4993 283 5003 -
302 4985 312 5012 ⁸
330 4962 429 5019 llelius
444 4964 497 5020 luit
523 4962 622 5019 occisis
647 4961 741 5034 gladio
764 4975 852 5033 quem
873 4960 921 5016 in·
972 4973 1075 5037 etpost
1101 4979 1170 5021 eum
1183 4962 1333 5021 inimicitia
1352 4960 1494 5017 naturalis
1508 4958 1651 5030 appetitus
1666 4969 1823 5028 suggerere

74 5072 86 5103 s
108 5053 232 5109 terlectis
251 5051 337 5120 lame,
359 5051 498 5122 quoniam
513 5051 558 5106 isti
570 5049 767 5106 extabuerunt
782 5062 920 5104 consum·
973 5054 1121 5126 quidpiam
1137 5058 1298 5110 attentaret.

75 5143 145 5211 »pti
167 5140 203 5196 ab
228 5139 375 5196 sterilitato
397 5148 491 5196 terrae.
520 5160 531 5187 ι
557 5139 637 5206 leth,
661 5139 767 5194 dicitur
789 5139 918 5192 conlusio.
1362 5152 1435 5194 unu.

73 5228 175 5284 Melius
189 5237 231 5286 est
246 5231 341 5284 occisis
356 5229 458 5297 plodio,
482 5245 564 5298 quom
584 5230 736 5295 intersectis
751 5229 833 5294 some,
851 5223 921 5295 quia
1009 5231 1095 5288 Vens.
1124 5233 1165 5285 ts.
1196 5258 1232 5268 -
1265 5251 1276 5278 ι
1316 5228 1435 5296 Propter
1467 5230 1582 5295 peecata
1617 5223 1822 5293 prophetarum

74 5317 166 5375 levius
177 5324 220 5372 est
237 5318 407 5373 occumbere
427 5317 488 5373 sine
503 5317 705 5375 deliberatione
723 5316 823 5385 aliqua
838 5314 920 5384 lapsu
974 5339 989 5374 s
1009 5319 1073 5391 eius
1085 5326 1113 5375 et
1129 5317 1294 5388 iniquitates
1311 5314 1502 5378 sacerdotnm,
1528 5312 1580 5383 qui
1602 5310 1770 5368 elluderunt
1791 5311 1821 5365 in

74 5405 182 5479 peccati
194 5405 344 5462 subitaneo
355 5420 444 5475 quam
457 5407 568 5463 delectu
583 5405 754 5476 pedetentim
765 5404 920 5461 lentescere
977 5428 988 5455 ι
1011 5405 1104 5462 medio
1116 5404 1180 5475 eius
1201 5401 1373 5472 sanguinem
1392 5399 1550 5470 justorum.
1568 5420 1578 5445 ι
1604 5398 1688 5464 ilem,
1706 5400 1820 5452 nuceo.

74 5496 224 5554 diuturno.
240 5493 297 5549 Isti
308 5495 385 5553 enim
400 5495 581 5553 umbuuunt
598 5494 751 5564 consumpti
765 5492 800 5548 ab
813 5491 920 5549 sterili·
974 5495 1010 5552 m
1024 5493 1096 5566 quid
1112 5498 1181 5550 sunt
1195 5493 1308 5560 nuceo,
1324 5488 1380 5546 nisi
1391 5489 1454 5560 ipsa
1467 5485 1676 5559 cogitationum
1690 5484 1820 5551 latomia,
