3818 6008
57 111 108 165 357

411 106 640 164 TROPOLOGIAE
660 109 692 162 IN
713 107 812 175 OSEE,
832 108 923 164 allos
943 107 986 162 ET
1005 109 1079 163 tull.
1100 138 1135 148 —
1153 108 1219 164 llll.
1242 111 1265 165 l.
1291 111 1327 166 IN
1347 109 1449 167 OSEE.

1757 119 1808 172 358

57 256 119 299 suae
135 239 275 297 dominati
296 246 375 305 sunt,
401 238 556 308 iudiciaria
581 236 687 307 pariter
702 237 840 309 dignitate
854 237 905 293 do·
924 240 947 292 Α
965 259 975 287 ι
991 238 1136 295 tradicunt
1158 241 1307 296 sacerdoti.
1324 241 1360 296 Et
1383 256 1501 300 corrues
1523 243 1617 313 hodie,
1643 256 1671 302 et
1693 258 1809 306 corruet

57 339 187 399 nantur;
207 331 323 386 undeet
347 328 464 383 mitibus
486 328 624 397 possessio
639 326 727 396 lrtrjus
745 334 825 381 terrae
842 340 906 395 pro-

57 421 185 476 mittitur
216 419 325 487 (blottlr.
359 433 385 484 v,
420 417 459 486 4).
486 415 624 471 Habitare
647 424 744 470 autern
771 415 806 470 ab
837 421 907 469 11ιί

58 509 153 575 babeo,
188 509 279 575 bobes,
311 506 522 576 frequentative
549 505 688 560 intortum
719 503 907 557 doneincrisi-

57 599 189 669 guilicat,
212 605 243 653 ut
262 604 303 652 cst
319 595 409 651 illud:
427 617 440 644 o
455 594 590 650 lulrabita
612 603 726 659 terram,
741 601 768 648 et
784 591 909 663 pasceris

59 688 87 742 ln
104 687 212 742 divitiis
233 686 297 756 eius
322 685 406 752 (Psol.
432 699 532 749 xxxvl,
560 686 596 753 3).
623 705 637 732 »
660 704 673 730 o
699 681 761 737 Non
777 689 817 736 est
832 679 907 735 cuim

61 797 72 824 a
92 777 199 831 veritas
213 784 240 830 et
267 789 324 829 uon
344 785 385 830 est
402 773 606 840 misericordia,
621 780 648 828 et
663 786 719 827 nou
735 778 777 826 cst
790 770 909 826 scientia

61 865 142 919 »Dei
169 865 197 918 in
227 872 342 919 terra.»
373 862 445 929 Quid
475 871 516 917 est
541 866 652 928 ceritas,
682 860 735 915 nisi
763 859 823 914 sine
850 858 909 912 ulla

58 951 243 1007 vacillatione
254 952 293 1006 rei
309 950 396 1029 unius
413 949 545 1005 identitas
557 950 571 1002 ‘l
582 949 647 1003 llaec
661 963 715 1001 aon
729 952 768 1001 est
783 949 907 1009 interro,

59 1054 126 1110 quae
152 1048 194 1094 est
227 1038 419 1094 indesinenter
452 1037 573 1093 vanitati
596 1037 736 1106 subjecta,
759 1050 811 1090 nec
831 1033 909 1088 enim

59 1128 118 1198 ipse
145 1127 299 1196 Apostolus
318 1126 429 1182 invenit
452 1126 559 1182 bonum
586 1125 615 1179 in
641 1139 727 1179 carne
751 1136 804 1178 sua
820 1123 908 1191 (Pom.

59 1232 107 1283 vu,
141 1217 198 1285 18).
229 1216 287 1270 Non
313 1221 353 1269 est
379 1215 577 1280 misericordia,
608 1217 679 1283 quia
714 1212 775 1267 suis
798 1225 909 1280 semper

59 1319 153 1377 prona
185 1305 332 1361 des³deriis
363 1304 441 1359 omni
474 1303 584 1358 alienas
613 1301 771 1357 anxietates
802 1307 910 1369 spectat

964 328 1076 382 »etiam
1098 329 1246 399 prophetia
1272 339 1374 386 tecum.
1402 353 1412 378 ›
1443 335 1559 403 Populos
1584 342 1688 404 tricae
1708 338 1807 406 lsrael,

961 418 1030 470 sicul
1045 417 1075 470 lai
1098 420 1146 485 qai
1169 420 1358 473 roatrndt'cunt
1372 423 1506 476 sacerdoti
1520 432 1572 490 cst,
1589 426 1657 494 qula
1675 435 1806 483 motuum

962 510 1077 559 tuorum
1098 506 1297 567 enormitaso
1319 509 1444 563 earnalis
1466 509 1595 575 allectus,
1620 516 1699 578 sicot,
1725 514 1809 572 idest

962 606 1059 647 rerem
1078 593 1105 647 lii
1120 604 1198 662 sunt,
1213 595 1263 664 qui
1278 610 1307 651 se
1330 610 1441 666 semper
1462 598 1602 667 objiciunt
1622 614 1703 656 sacro
1722 601 1809 657 duca-

963 680 1015 746 tui,
1034 682 1120 737 idest
1149 684 1262 738 rationi.
1290 688 1325 739 Et
1353 703 1459 740 eorroos
1479 687 1568 755 bodie,
1596 687 1623 743 id
1651 698 1692 744 est
1720 704 1808 746 causa

961 769 1024 839 ejus
1040 784 1128 839 quarn
1143 770 1258 827 allectas
1274 774 1436 843 temporalis
1456 774 1590 842 lasciviae,
1606 776 1649 831 vel
1662 778 1808 846 praesentis

963 857 1061 927 gloriae
1090 861 1201 915 Corruel
1228 864 1310 914 elioro
1336 865 1482 931 propitatio
1511 870 1619 918 troam:
1651 864 1808 931 Quladum

962 962 1148 1017 nequaquam
1169 950 1205 1004 ad
1227 951 1371 1005 anteriora
1395 959 1419 1005 te
1433 953 1570 1008 extendis.
1585 954 1671 1024 (Ptol.
1697 969 1736 1022 ur,
1757 957 1808 1021 13),

963 1041 1013 1090 tua
1034 1043 1059 1091 te
1080 1037 1176 1093 reddet
1199 1037 1420 1106 improvidentia
1443 1054 1560 1095 caccum.
1581 1064 1591 1089 ι
1610 1042 1696 1098 Nocte
1717 1050 1809 1099 tacere

965 1144 974 1171 ι
993 1123 1043 1179 lcci
1061 1135 1180 1179 matrem
1198 1134 1286 1180 tuam.
1307 1148 1317 1174 »
1336 1127 1425 1182 Mater
1449 1127 1538 1198 liujus
1555 1130 1652 1200 populi
1670 1131 1742 1187 ratio
1757 1139 1808 1199 est,

963 1210 1030 1266 lacit
1046 1225 1113 1282 ergo
1139 1213 1212 1267 llcus
1236 1220 1322 1267 tacere
1344 1222 1457 1269 roertrem
1482 1217 1570 1287 hujus
1596 1219 1691 1288 populi
1717 1228 1808 1286 nocte,

963 1313 1028 1354 cum
1050 1314 1102 1354 suo
1124 1299 1202 1369 justo
1224 1302 1332 1372 judicic
1362 1313 1448 1374 negat
1477 1305 1551 1360 vires
1578 1307 1686 1376 quibus
1710 1307 1811 1363 debeat

60 1393 185 1450 incuria.
213 1397 273 1448 Noa
295 1400 334 1448 est
351 1396 474 1459 selentia,
491 1392 608 1461 quiaab
626 1390 812 1446 inferioriilla
831 1396 910 1458 parte
965 1388 1094 1443 insolenti
1121 1390 1327 1460 cogitationum
1363 1394 1456 1448 turbae
1489 1394 1629 1450 resistere.
1658 1395 1737 1450 Unde
1770 1403 1811 1451 est

59 1481 211 1537 suboritur
225 1483 312 1537 menti
329 1480 461 1536 discretio
478 1480 567 1536 nulla.
964 1477 1040 1546 quod
1057 1480 1197 1546 sequitur.
1687 1528 1693 1546 ⁸

95 1571 183 1626 Vens.
196 1572 274 1623 1.-
299 1592 309 1617 ι
336 1569 527 1631 Maledictum,
552 1575 579 1623 et
599 1565 792 1633 mendacium,
817 1552 952 1619 etho·A
1003 1565 1087 1620 Vens.
1104 1567 1130 1621 6.
1149 1589 1210 1614 -‹
1239 1567 1382 1624 Conticuit
1408 1569 1531 1639 populus
1561 1584 1651 1637 meua,
1676 1585 1710 1626 e0
1733 1571 1811 1641 quod

62 1657 421 1721 »micidiumetlurtum
437 1666 464 1713 et
483 1656 657 1712 adulterium
683 1654 908 1718 inundaverunt,
966 1675 979 1703 o
994 1669 1050 1708 non
1083 1654 1214 1711 babuerit
1240 1656 1397 1712 seientiam.
1420 1679 1433 1706 a
1460 1658 1587 1728 Populus
1610 1661 1658 1714 lici
1686 1660 1812 1716 contice-

61 1769 74 1796 ι
90 1756 119 1802 et
132 1746 255 1818 sanguis
271 1748 442 1817 sanguinein
467 1745 567 1815 teligit.
587 1767 597 1792 »
621 1744 693 1810 Quia
716 1758 784 1813 ergo
800 1759 852 1796 oea
872 1745 911 1794 ιιι
964 1743 1016 1797 scit
1029 1744 1147 1812 quando
1168 1746 1342 1815 emergentia
1356 1747 1434 1801 cordi
1454 1749 1540 1811 mala,
1556 1763 1685 1818 congrua
1700 1764 1813 1819 nequa-

61 1841 174 1903 oeritos,
213 1851 268 1888 aon
307 1841 346 1888 est
370 1834 567 1900 misericordia,
591 1849 643 1886 noa
667 1834 781 1895 scientio
807 1832 858 1884 liei
882 1830 910 1884 in
965 1846 1052 1901 quam
1074 1832 1225 1887 severitate
1241 1837 1400 1904 reilarguit,
1416 1845 1443 1891 et
1464 1835 1517 1890 lroc
1534 1836 1594 1891 ideo
1618 1838 1694 1906 quod
1718 1837 1810 1894 scien-

60 1935 157 1982 mente
186 1934 310 1992 terrena,
334 1925 509 1978 maledictam
541 1933 751 1993 consequenter
776 1921 908 1987 innodat,
965 1917 1031 1973 tiarn
1052 1934 1107 1974 non
1129 1919 1271 1987 babuerit,
1295 1921 1389 1984 idest,
1411 1923 1468 1978 rim
1493 1924 1611 1980 interna
1633 1926 1812 1982 discretionis

61 2015 130 2085 quia
153 2014 201 2070 ubi
231 2012 322 2068 divini
344 2013 453 2068 timoris
480 2026 528 2067 cor
554 2012 632 2067 lreno
650 2026 707 2066 nou
734 2011 853 2080 regitur,
875 2010 910 2065 ad
964 2007 1100 2062 amiserit.
1117 2031 1126 2055 ‹
1145 2008 1218 2074 Quia
1237 2015 1268 2064 tu
1287 2011 1434 2065 scientiam
1453 2012 1593 2081 repulisti,
1617 2013 1752 2082 repellarn
1768 2021 1811 2069 lc-

61 2116 159 2172 pravae
175 2101 327 2157 locutionis
351 2102 528 2156 atrocitatem
553 2100 653 2171 lingua
679 2099 828 2168 impudens
840 2096 910 2153 elle-
967 2116 978 2142 ι
996 2109 1031 2149 ne
1046 2095 1203 2151 sacerdotio
1229 2096 1360 2165 iungaris
1376 2098 1455 2152 mibi.
1476 2120 1487 2146 ι
1505 2100 1545 2154 Ac
1561 2099 1584 2154 si
1600 2100 1720 2156 diceret:
1739 2100 1812 2165 Quia

61 2198 154 2257 ratur,
168 2200 195 2246 et
209 2205 275 2246 cnm
293 2190 356 2245 aliis
379 2190 507 2261 derogat,
534 2189 624 2244 mullo
642 2187 744 2258 majori
764 2187 849 2242 eliam
866 2201 908 2242 se·
965 2191 996 2239 tu
1013 2191 1076 2238 tuos
1092 2198 1183 2239 rnores
1198 2194 1284 2254 atque
1304 2195 1397 2241 motus
1414 2187 1638 2256 trutinajudicii
1655 2203 1811 2260 exaequare

61 2279 186 2335 caritate
205 2278 360 2347 mentitum
375 2292 426 2333 nec
450 2280 555 2332 mirum
584 2277 668 2346 planc
693 2291 759 2331 cum
784 2275 844 2338 vix,
860 2281 910 2329 aut
964 2272 1123 2342 neglexisti,
1141 2272 1185 2327 vel
1201 2273 1285 2327 etiarn
1310 2274 1434 2343 qualiter
1457 2283 1482 2330 te
1507 2276 1630 2332 interius
1646 2290 1745 2348 regere
1764 2279 1810 2334 de·

60 2367 227 2423 nullomodo
251 2366 389 2432 bumana,
416 2366 463 2420 sed
484 2365 543 2421 sola
566 2365 664 2419 divina
689 2365 795 2419 virtute
817 2363 911 2417 dome-
964 2360 1031 2416 beas
1057 2360 1202 2415 addiscere
1227 2361 1355 2428 uoluisti,
1385 2364 1420 2418 ad
1452 2364 1505 2418 boc
1534 2364 1618 2432 plane
1644 2372 1675 2420 ut
1691 2365 1811 2435 tibiipsi

61 2464 116 2512 tur.
135 2456 268 2523 Cumque
291 2453 408 2509 libertas
423 2451 614 2507 maledictioni
640 2451 846 2521 mendacioque
865 2464 910 2505 re·
964 2447 1111 2517 providere
1127 2448 1246 2512 nescias,
1271 2464 1322 2503 nec
1347 2457 1452 2504 statum
1477 2458 1559 2506 tuum
1584 2452 1676 2507 irretiri
1703 2453 1809 2520 valeas,

59 2543 216 2615 linquitur,
233 2557 347 2598 necesse
362 2552 404 2597 est
420 2549 451 2596 ut
471 2541 603 2597 facillime
618 2542 654 2595 ad
671 2541 808 2606 facinora,
832 2538 908 2608 qued
964 2550 1013 2607 per
1027 2550 1143 2591 sensum
1161 2545 1187 2590 te
1202 2537 1356 2605 reprobum
1370 2537 1538 2593 submisisti.
1553 2540 1691 2609 1thuia
1705 2540 1812 2597 oblitus

58 2643 98 2688 est
124 2633 302 2686 nomicidium
322 2638 349 2686 et
376 2633 494 2697 soriam,
510 2639 537 2686 et
564 2629 600 2684 ad
629 2629 747 2699 llagitia,
775 2629 851 2697 quod
868 2614 910 2682 es't
964 2624 1055 2695 aiot,
1079 2623 1177 2694 oblita]
1197 2639 1227 2680 es
1241 2625 1331 2696 legem
1356 2625 1406 2680 Dei
1430 2627 1481 2693 tui,
1507 2627 1662 2683 obliviscar
1686 2628 1812 2686 liliorum

58 2720 236 2784 adulterium,
262 2725 477 2788 prorumpatur.
506 2717 578 2772 Nota
601 2716 678 2786 quod
701 2728 737 2770 ex
759 2714 910 2784 iniquitate
964 2733 978 2760 a
993 2720 1109 2769 tuorum
1128 2721 1156 2768 et
1170 2727 1231 2783 ege.
1253 2734 1262 2762 ι
1286 2713 1343 2768 Lex
1364 2714 1411 2769 Dei
1427 2729 1485 2770 non
1499 2715 1527 2770 in
1544 2717 1663 2772 scientia
1683 2716 1810 2785 litterali,

57 2806 217 2862 verborum
230 2806 398 2860 excurritur
412 2804 441 2858 in
455 2804 639 2860 crudelitates
654 2817 784 2873 operum.
802 2801 908 2857 Deinde
963 2801 1011 2855 sed
1036 2800 1065 2856 in
1089 2802 1267 2871 experientia
1291 2801 1417 2857 naturali
1445 2803 1624 2874 intelligitur,
1648 2818 1736 2875 quam
1760 2805 1811 2875 qui

57 2895 154 2950 rabies
169 2907 243 2962 opus
265 2893 417 2962 despumat
433 2892 462 2947 in
482 2891 639 2948 sordidum.
666 2893 784 2958 sanquis
799 2891 910 2958 sonqad-
963 2889 1154 2957 obliviscitur,
1181 2890 1208 2945 id
1233 2897 1275 2946 est
1294 2891 1370 2946 scitae
1395 2892 1554 2961 quondam,
1583 2901 1610 2949 et
1626 2892 1731 2948 habitae
1753 2908 1812 2949 nou

56 2998 116 3037 nem
144 2980 249 3052 tangit,
274 2980 343 3036 dum
369 2987 518 3049 peccatum
542 2978 720 3050 negligenter
739 2977 908 3043 admissum,
963 2977 1091 3033 recolens
1105 2978 1310 3047 reminiscitur,
1336 2980 1372 3035 ad
1402 2980 1428 3036 id
1454 2994 1490 3036 ex
1507 2980 1606 3036 merito
1622 2981 1761 3050 pervenit,
1779 2989 1811 3038 ut

57 3070 136 3141 quud
152 3075 406 3134 auctoremsuum,
420 3067 497 3138 quod
510 3066 745 3138 sanguissignat,
761 3065 907 3133 interimit,
964 3065 1099 3134 filiorum,
1120 3067 1148 3122 id
1169 3074 1220 3135 est,
1247 3081 1367 3137 operum
1391 3083 1512 3125 suorum
1534 3083 1691 3138 pravorum
1713 3071 1810 3127 adsui

56 3159 183 3216 scienter
201 3156 235 3213 ad
262 3156 391 3228 ejusdem
414 3155 514 3212 mortis
538 3154 716 3211 iterationem
737 3155 909 3226 plerumque
965 3154 1056 3224 ipsius
1079 3155 1284 3211 correctionem
1305 3156 1452 3212 Deusnon
1468 3165 1653 3227 memoretur,
1677 3159 1812 3229 spontiva

53 3246 197 3320 perducit.
964 3241 1048 3312 plane
1061 3242 1225 3313 ignorantia
1239 3258 1297 3299 nou
1324 3244 1466 3315 lucratur,
1488 3244 1636 3318 ingenitiae
1660 3261 1729 3304 vero
1744 3261 1812 3319 par-

91 3335 182 3393 vias.
201 3336 227 3389 3.
243 3363 278 3375 -
296 3334 444 3402 «Propter
464 3332 519 3388 boc
535 3331 645 3404 lugebit
670 3339 755 3398 terra,
782 3337 809 3386 et
825 3329 909 3386 infir·
962 3329 1057 3399 citur3
1076 3330 1152 3387 unde
1166 3339 1193 3387 et
1206 3332 1356 3402 sequitur:

59 3422 324 3480 omabituromuis
344 3420 396 3492 qui
413 3420 523 3477 habitat
548 3420 577 3475 iu
600 3434 644 3487 ea,
672 3419 702 3475 in
725 3419 815 3476 bestia
834 3419 907 3490 agri,
999 3417 1083 3472 Varis.
1103 3419 1132 3472 7.
1146 3449 1181 3458 —
1195 3439 1209 3468 i<
1237 3419 1401 3476 Secundum
1417 3420 1632 3477 multitudinem
1641 3435 1752 3489 eorum,
1769 3422 1811 3479 sic

58 3511 297 3569 »etinvolucre
321 3509 384 3566 coeli
409 3517 436 3565 et
462 3509 552 3579 pisces
571 3507 660 3564 maris
685 3507 909 3579 congregabun-
964 3513 1187 3574 »peccaverunt
1215 3507 1296 3562 mihi.
1327 3528 1339 3556 ι
1371 3507 1479 3564 Multus
1503 3517 1545 3563 est
1566 3509 1614 3565 cui
1641 3510 1810 3580 perspicacis

58 3622 69 3650 ι
87 3609 148 3657 tur.
166 3620 180 3649 ι
198 3598 314 3668 Propter
336 3597 385 3653 ltoe
405 3603 479 3651 terre
496 3597 583 3668 luget,
608 3597 636 3652 ld
658 3604 700 3652 est
724 3595 813 3666 digna
828 3594 908 3651 luctu
963 3592 1080 3662 ingenii,
1096 3593 1149 3649 etsi
1163 3593 1293 3650 doctrina
1312 3609 1370 3650 nou
1394 3603 1517 3665 supetat,
1538 3596 1620 3666 copia
1634 3605 1694 3664 est;
1711 3596 1809 3654 multi-

55 3689 136 3757 lacit,
152 3687 224 3758 quia
239 3685 320 3744 nulla
343 3699 406 3742 eam
428 3684 559 3741 custodia
584 3683 786 3741 intellectualis
800 3683 909 3739 astrin-
964 3681 1095 3737 tudinem
1123 3696 1192 3753 ergo
1222 3682 1335 3747 babent.
1360 3683 1411 3754 qui
1434 3693 1550 3754 propter
1574 3685 1682 3742 litteras
1704 3686 1809 3743 intelli-

56 3776 109 3848 git.
127 3776 223 3832 Omais
237 3777 286 3844 qai
301 3775 407 3829 habitat
421 3777 451 3827 ia
474 3789 506 3827 eo
528 3772 702 3840 iullrmatur,
723 3772 794 3841 quia
815 3771 909 3827 omnis
963 3768 1066 3839 gentle
1076 3769 1225 3840 originalis
1244 3770 1403 3826 acrimonia
1427 3770 1553 3843 pollent3
1569 3774 1729 3829 secundum
1752 3774 1810 3830 ita-

55 3865 108 3936 qui
122 3865 189 3936 ejus
215 3863 341 3919 molibus
359 3861 503 3919 contraire
530 3860 644 3927 nititur,
673 3874 786 3917 necesse
811 3867 853 3915 est
876 3866 908 3916 ut
962 3871 1019 3927 que
1052 3857 1240 3925 elaboratam,
1270 3858 1334 3915 licet
1366 3873 1418 3930 per
1455 3860 1596 3916 incuriam
1629 3862 1732 3918 obtusa
1762 3863 1809 3930 sit,

55 3953 165 4024 sepius
178 3965 197 4008 a
210 3965 265 4008 suo
278 3957 355 4007 statu
370 3950 577 4022 cogitationum
596 3948 766 4018 ingruenter
780 3947 909 4004 molestia
962 3945 1184 4015 naturalemque
1199 3946 1383 4016 prudentiam
1398 3961 1497 4004 eorum
1511 3956 1627 4018 peccata
1639 3957 1807 4019 pensantur,

55 4039 246 4111 periclitetur.
263 4039 299 4095 Et
314 4038 405 4094 bocia
416 4038 502 4092 bestia
521 4038 622 4105 oprtet
636 4037 743 4090 coluere
757 4035 908 4105 reliquia
962 4032 1033 4102 quia
1048 4033 1207 4090 secundum
1223 4035 1301 4104 quod
1321 4035 1458 4104 scierunt,
1480 4042 1531 4092 aut
1546 4036 1619 4094 scire
1642 4045 1809 4108 potuerunt,

54 4126 127 4184 hinc
139 4125 293 4197 aliquoties
307 4125 657 4196 cupiditatedistenditur,
672 4123 750 4180 illinc
764 4123 906 4194 superbiae
926 4119 1144 4201 „torreantur
1167 4121 1321 4179 «Gloriam
1343 4137 1442 4179 eorum
1468 4124 1498 4179 iu
1518 4124 1705 4195 ignominiam
1728 4142 1808 4182 eom-

55 4214 176 4272 levitate
202 4213 350 4285 jactatur3
366 4213 415 4269 sed
437 4218 463 4267 et
477 4215 565 4283 pisces
587 4214 673 4267 moris
691 4217 907 4282 congregantur
964 4229 975 4256 a
995 4208 1150 4264 mutabo.»
1177 4209 1273 4265 Gloria
1292 4224 1392 4267 eorum
1411 4211 1550 4268 vivacitas
1572 4220 1614 4268 est
1638 4212 1808 4280 intellectus,

55 4318 124 4359 cum
138 4301 315 4358 titillationes
338 4300 443 4367 carnis,
467 4315 533 4370 quaa
556 4299 726 4355 deliciarum
742 4298 908 4355 innutriunt

55 4390 153 4461 aquis,
182 4388 322 4446 adversus
358 4387 511 4459 latigatum
549 4387 594 4442 bis
627 4385 762 4456 spiritum
800 4384 906 4456 glome-

54 4487 173 4536 rantur.

90 4567 179 4626 liras.
191 4566 219 4621 1.
230 4596 264 4606 -
277 4588 288 4615 ι
300 4564 507 4623 Verumtamen
518 4561 723 4633 uuusquisque
733 4560 907 4631 nonjudicet

57 4678 67 4704 »
85 4663 115 4712 et
130 4669 190 4711 nou
207 4661 351 4725 arguatur
363 4653 419 4708 vir.
438 4674 449 4702 ι
472 4652 514 4708 Ac
527 4652 552 4708 si
564 4651 687 4707 diceret:
706 4650 783 4706 Licet
800 4648 907 4719 ingenii

54 4742 181 4801 humani
196 4741 323 4813 potentia
336 4749 437 4798 cantra
451 4747 492 4796 tot
505 4738 641 4796 vitiorum
656 4737 821 4794 examinata
837 4751 908 4807 pene

54 4830 239 4895 succumbat,
255 4837 352 4886 tamen
369 4829 476 4899 injuste
495 4827 572 4894 lacit,
587 4827 637 4897 qni
655 4826 684 4882 iu
708 4825 815 4882 talibus
830 4825 909 4882 indr-

55 4926 185 4977 mantem
212 4917 334 4990 judicat,
359 4925 387 4974 et
408 4929 476 4972 eum
493 4915 545 4986 qui
568 4919 614 4969 oir
636 4913 691 4970 diei
721 4914 814 4981 debet,
838 4913 908 4985 quia

56 5009 136 5081 quod
152 5015 281 5065 tentatur
299 5015 450 5076 utcunque
466 5005 519 5062 lert
534 5012 562 5060 et
585 5003 694 5070 tolerat,
717 5017 776 5059 non
791 5009 905 5074 arguat,

57 5113 110 5155 uec
125 5097 247 5154 modum
267 5093 442 5163 tentationis,
457 5093 506 5149 sed
528 5092 661 5148 virtutem
684 5090 908 5147 sustinentiam

56 5201 88 5244 eo
112 5185 165 5258 qui
191 5191 331 5249 tentatur,
364 5181 510 5239 attendat:
539 5202 551 5230 ι
579 5179 778 5247 considerans,
801 5177 906 5249 inquit,

56 5276 194 5346 teipsum,
211 5287 248 5329 ue
263 5279 291 5329 et
306 5278 338 5328 tu
352 5268 470 5328 tenteris
484 5266 554 5340 (dal.
568 5283 606 5334 rr,
621 5270 655 5337 l).
672 5289 686 5316 o

90 5363 179 5422 Vnae.
194 5364 221 5415 5.
238 5389 274 5402 -
290 5380 302 5410 ι
320 5357 448 5430 Populus
460 5357 537 5413 enim
552 5364 621 5413 tuus
635 5356 709 5412 sicut
726 5354 755 5410 bi
771 5351 823 5425 qui
837 5366 909 5410 ceu-

961 4296 1068 4365 quaein
1094 4297 1281 4368 ignominiam
1310 4308 1517 4370 commutatur,
1544 4301 1613 4357 dum
1636 4302 1715 4373 quod
1730 4301 1809 4358 laudi

961 4398 1020 4440 sum
1034 4385 1138 4441 ascribi
1154 4394 1304 4456 appetunt,
1320 4402 1357 4444 ex
1373 4388 1536 4446 studiorum
1561 4389 1681 4446 infamia
1703 4389 1809 4461 probro

963 4473 1134 4543 imputatur.

997 4561 1082 4619 lixas.
1099 4563 1124 4631 8,
1140 4565 1166 4617 9.
1182 4591 1219 4606 -
1234 4585 1248 4613 «
1264 4564 1383 4620 Peccata
1410 4564 1506 4634 populi
1527 4565 1582 4622 mei
1605 4567 1764 4636 comedent,
1781 4575 1809 4624 et

964 4671 975 4698 ι
990 4649 1025 4705 ad
1042 4650 1223 4721 iniquitatem
1239 4666 1339 4708 eorum
1361 4653 1555 4709 sublevabunt
1570 4655 1682 4710 animas
1696 4670 1807 4712 eorum.

965 4758 975 4786 ι
995 4738 1030 4792 Et
1044 4738 1097 4794 erit
1111 4738 1186 4795 sicut
1209 4740 1344 4809 populus,
1370 4740 1412 4796 sic
1433 4740 1602 4797 sacerdos.»
1627 4743 1739 4797 Peccata
1753 4758 1810 4813 po-

959 4825 1021 4894 puli
1043 4831 1115 4880 1⁰8
1138 4826 1189 4881 Dei
1215 4827 1380 4896 comedunt,
1409 4842 1476 4883 cum
1500 4827 1599 4898 lapsus
1624 4844 1809 4901 quorumque

962 4912 1103 4970 bonorum
1123 4914 1158 4970 ad
1170 4914 1341 4986 sullragium
1353 4916 1398 4972 sui
1409 4916 1515 4973 erroris
1530 4925 1693 4978 assumunt.
1708 4925 1737 4974 et
1748 4918 1808 4974 vel·

962 5000 1004 5057 uti
1017 5001 1082 5057 inde
1097 5011 1268 5072 pascuntur,
1293 5003 1345 5073 qui
1367 5011 1398 5059 ut
1414 5003 1442 5058 in
1464 5003 1539 5059 malo
1562 5006 1692 5061 securius
1713 5004 1810 5075 perse-

962 5099 1071 5157 verent,
1096 5103 1134 5146 ex
1156 5104 1255 5146 eorum
1278 5091 1409 5161 exemplo
1437 5105 1512 5161 quos
1537 5092 1626 5148 bonos
1649 5092 1809 5163 aliquando

961 5177 1148 5246 aestimarant,
1165 5186 1197 5236 ut
1211 5179 1252 5236 sic
1266 5179 1401 5248 dixerim,
1417 5179 1595 5237 radicantur.
1611 5180 1658 5236 Ad
1673 5184 1810 5252 irrigatio·

962 5269 1014 5320 tem
1038 5281 1129 5321 corona
1161 5268 1265 5322 anirum
1293 5281 1394 5324 eorum
1417 5268 1617 5337 sublevantur,
1643 5269 1713 5325 dum
1737 5282 1810 5339 quoa

961 5351 1127 5422 spirituales
1151 5354 1281 5419 oderant,
1307 5355 1446 5411 animales
1474 5356 1562 5412 lactes
1586 5371 1644 5428 quo
1668 5355 1810 5426 nequiora
