3818 6008
86 171 122 226 cr
243 223 245 226 ,
535 170 565 227 ι.
585 169 752 228 cornuam
770 172 917 230 aestus
934 172 967 229 s.
990 172 1110 231 utare
1129 172 1177 231 aa
1197 171 1393 232 uortcnuro
1518 152 1520 156 ’
1808 181 1840 234 ce

87 298 254 370 exemplum
267 311 394 370 aequam
416 300 513 358 acrius
534 303 693 360 exsuscitat
713 311 742 361 et
756 303 856 362 nutrit.
871 305 971 361 stu-t
991 305 1141 363 sentimus.
1158 306 1227 364 lude
1240 321 1328 378 super
1345 306 1499 378 psalmum,
1520 307 1665 366 canticum
1681 310 1771 382 lloysi
1787 312 1840 369 bo-

87 391 150 444 uins
163 403 226 443 uero
242 393 357 458 quartus
371 391 430 460 ipsc
445 395 484 446 est
501 393 665 462 Euphrates.
682 392 736 460 Qui
750 401 778 450 et
794 394 938 464 interpre-
991 395 1078 451 minis
1094 395 1153 452 Dei.
1170 396 1242 453 Cum
1267 397 1397 468 spiritus,
1419 404 1446 453 et
1473 396 1601 453 bomines
1626 399 1705 466 boni,
1728 406 1756 455 et
1773 401 1840 456 mali

87 483 176 534 tatur.
192 476 225 533 ln
247 479 368 544 frugiter
382 492 441 549 quo
462 479 634 552 intelligitur
646 481 770 552 iustitia,
787 481 938 554 quatiens
992 483 1041 540 liei
1052 484 1118 542 siut.
1137 485 1227 542 llomo
1255 485 1301 542 bic
1321 486 1357 542 ob
1378 485 1424 542 sni
1449 485 1641 557 integritatem
1657 490 1786 558 ponitur,
1806 490 1840 545 ob

86 577 269 636 superomne
292 565 434 637 diligitur,
461 573 488 623 et
516 568 648 638 proximo
674 584 729 627 sua
755 569 856 639 regula
877 582 936 626 non
991 571 1069 642 quod
1083 579 1112 629 et
1125 573 1174 629 liei
1188 587 1249 630 esse
1262 573 1376 631 dicitur.
1393 575 1572 632 lllicetiam:
1591 579 1624 632 lu
1648 577 1694 632 dte
1717 579 1768 632 itta
1787 595 1858 633 nu·-

86 660 219 725 negatur.
242 653 363 711 llaecest
385 654 484 722 lomes,
500 657 562 714 bac
580 664 622 715 est
638 657 715 730 lrugi
730 657 823 715 tribus
839 657 936 729 prntt-
991 663 1055 716 triet
1077 661 1155 716 bomo
1180 677 1292 720 vaccum
1326 664 1404 719 boum
1436 666 1519 735 (lsai.
1548 682 1596 730 ιιι,
1627 668 1685 735 ill:
1709 666 1763 722 Sed
1789 668 1840 724 ista

85 740 169 811 batis,
184 741 306 814 aliisque
326 743 493 818 quibusque
507 746 674 811 virtutibus,
686 754 713 804 ct
725 745 936 818 spiritualibus,
991 743 1115 801 bominis
1133 744 1244 816 puritas
1265 745 1288 801 si
1305 745 1424 817 jugiter,
1445 755 1495 804 aut
1514 747 1600 803 etiam
1624 747 1795 818 aliquandiu
1814 751 1839 806 ei

85 829 129 888 uti
150 844 255 888 succus
275 839 303 888 et
326 833 452 891 medulla
479 834 643 892 arboribus.
666 835 806 893 [inlinitur
828 843 935 900 autem,
990 831 1068 900 lusit,
1096 847 1243 890 summum
1270 833 1334 906 ejus
1366 834 1527 904 periculum
1557 849 1618 893 esse
1648 843 1749 907 potest,
1771 845 1839 896 teste

85 918 157 990 qnia
177 919 294 977 babitus
321 929 364 978 est
393 923 481 980 animi
507 925 655 982 communi
678 924 799 981 utilitate
822 932 936 981 servata
990 921 1090 984 Paulo.
1116 921 1164 978 cui
1188 922 1275 978 datur
1294 922 1430 979 stimulus
1444 924 1474 992 (l
1491 924 1557 980 Cor.
1573 941 1621 991 ιιι,
1643 926 1682 997 ι),
1705 941 1839 984 nereve-

84 1020 168 1065 snam
195 1009 301 1080 cuique
332 1010 463 1068 tribuens
495 1010 674 1083 dignitatem.
700 1012 754 1070 Ubi
778 1012 935 1083 perlectum
988 1008 1146 1069 lationibus
1160 1010 1324 1068 extollatur.
1341 1010 1401 1068 Etsi
1416 1012 1491 1068 enim
1509 1012 1839 1072 columsanctirooan-

85 1099 225 1171 quiddam
251 1100 374 1170 insonat,
397 1102 439 1158 sic
456 1116 526 1174 erga
540 1117 686 1174 quemque
702 1117 733 1159 se
752 1102 858 1160 babere
872 1103 935 1160 iru·
989 1107 1047 1168 tur,
1064 1101 1211 1159 silentium
1226 1108 1322 1157 tamen
1344 1101 1373 1157 in
1392 1101 1462 1158 coelo
1476 1102 1526 1158 vix
1542 1103 1636 1159 media
1651 1105 1722 1161 bora
1734 1120 1838 1162 conce-

84 1187 197 1260 galiter,
227 1196 260 1247 nt
291 1190 431 1262 generalis
454 1205 511 1247 non
534 1190 685 1249 deseratur
710 1192 829 1250 utilitas.
853 1191 935 1259 Quod
989 1189 1078 1246 ditur.
1096 1189 1255 1260 Solusergo
1269 1189 1354 1246 borno
1368 1189 1449 1250 toret,
1463 1190 1487 1246 si
1503 1191 1577 1248 banc
1591 1191 1697 1249 silentii
1712 1193 1838 1264 quietem

84 1290 142 1333 non
155 1277 234 1334 aliud
248 1284 300 1345 est,
323 1278 378 1335 nisi
398 1285 430 1335 ut
451 1278 576 1350 quisquc
596 1280 638 1336 sic
653 1280 820 1346 bonoratur,
838 1287 933 1349 ntest,
988 1277 1116 1335 baberet.
1131 1278 1195 1334 Non
1218 1286 1260 1335 est
1273 1286 1369 1335 autem
1384 1279 1503 1349 bonum,
1523 1294 1558 1337 ne
1577 1281 1670 1352 pariat
1685 1282 1740 1337 sibi
1756 1296 1838 1339 arro-

84 1372 176 1438 utque
189 1373 325 1435 meretur,
342 1381 378 1422 ue
396 1365 485 1424 nnius
498 1367 543 1424 vel
559 1382 718 1438 paucorum
734 1368 935 1440 aspernatione
989 1366 1094 1438 gantiae
1118 1375 1228 1437 typum.
1254 1366 1383 1437 Denique
1406 1367 1437 1424 su
1461 1382 1478 1423 a
1507 1370 1563 1425 lieo
1586 1370 1640 1425 sibi
1661 1370 1837 1441 adjutorium

84 1467 135 1510 seu
150 1453 230 1509 cultu
248 1452 384 1508 ornnibus
402 1453 573 1512 scandalum
588 1463 751 1526 generetur.
771 1456 935 1525 Euphrates
988 1454 1088 1510 similis
1111 1454 1174 1523 sibi,
1197 1454 1266 1511 dum
1291 1453 1401 1526 lragilis
1421 1456 1600 1528 originaliter
1624 1459 1694 1529 ipso,
1709 1474 1767 1515 nou
1783 1474 1838 1515 na-

83 1538 173 1612 igitur
187 1538 299 1611 lrugem
316 1540 383 1596 vitm
404 1539 469 1608 lert,
492 1542 563 1612 quia
575 1542 672 1613 iustus
693 1543 848 1615 injustitia
868 1559 932 1613 sua,
989 1544 1127 1601 turalium
1139 1543 1225 1599 etiam
1239 1543 1426 1615 fragilitatum
1443 1544 1624 1603 immersione
1636 1548 1785 1616 continua,
1801 1564 1836 1607 ex

83 1639 171 1698 quant
188 1634 324 1698 operatus
338 1635 390 1698 est,
405 1628 493 1686 nivet.
949 1613 1095 1704 Bpeccati
1124 1646 1208 1702 poena
1236 1632 1271 1688 ad
1295 1632 1340 1689 sni
1364 1633 1496 1689 notitiam
1517 1643 1680 1692 revocatur.
1705 1636 1777 1693 Cum
1801 1639 1836 1696 sit

118 1717 202 1776 Vens.
230 1721 270 1773 li.
296 1748 332 1759 -
355 1719 429 1775 Tulit
452 1735 515 1788 crgo
539 1723 671 1778 Dominus
694 1725 764 1778 Deus
789 1724 932 1794 bominem,
987 1721 1064 1778 enim
1092 1721 1219 1792 passibili
1240 1734 1358 1792 corpore
1378 1736 1414 1779 ne
1429 1727 1479 1777 co
1493 1722 1528 1779 de
1549 1725 1651 1781 mentis
1668 1725 1766 1796 aliquo
1785 1736 1837 1783 sta·

82 1811 108 1860 et
133 1808 225 1877 posuit
251 1809 355 1862 eumin
382 1808 515 1878 paradiso
539 1810 698 1880 uoluptatis,
721 1817 752 1866 ut
766 1817 932 1882 operaretur,
989 1818 1020 1867 tu
1039 1809 1184 1880 superbiat
1210 1809 1319 1880 patitur
1338 1810 1481 1868 molestias
1505 1813 1646 1883 passionis
1668 1814 1697 1869 in
1721 1823 1834 1885 mente;

52 1962 56 1971 Ι
81 1899 107 1950 et
120 1895 269 1951 custodiret
289 1896 377 1951 illum.
396 1897 480 1954 Tollit
506 1899 583 1955 Deus
601 1899 757 1964 bominem.
780 1915 848 1957 cnm
865 1915 932 1958 eum
987 1899 1065 1956 unde
1082 1897 1331 1956 commonitorium
1357 1899 1434 1956 circa
1455 1915 1486 1958 se
1509 1901 1605 1969 babet,
1622 1903 1698 1974 quod
1711 1918 1740 1959 se
1756 1904 1836 1976 adju-

80 1998 139 2041 suae
152 1983 275 2057 propria
290 1985 391 2042 adimit
415 1986 567 2046 voluntati.
585 1988 667 2046 Ponit
682 1988 713 2047 in
730 1989 862 2061 paradiso
876 2004 932 2046 vo·
986 1996 1033 2045 vet
1048 1987 1102 2043 sibi
1117 2001 1168 2057 per
1187 1986 1371 2059 fragilitatem
1390 1988 1493 2046 simile.
1510 1990 1597 2047 Porro
1617 1993 1691 2047 Deus
1713 1992 1741 2047 id
1757 1991 1833 2058 lacit,

81 2071 209 2144 luptatis,
227 2088 294 2131 cnm
309 2088 392 2131 suam
413 2075 560 2146 inspirans
583 2076 676 2134 lacere
690 2078 867 2136 voluntatem
888 2079 932 2135 in·
987 2090 1053 2132 cum
1070 2075 1130 2133 llori
1142 2076 1222 2148 justo
1233 2076 1342 2148 jndicio
1359 2077 1505 2148 permittit.

80 2163 188 2232 sinuat,
217 2163 332 2235 quiase
355 2179 438 2222 nosse
460 2165 568 2232 virere,
592 2167 646 2223 sibi
679 2168 785 2224 servire
809 2181 931 2240 regnare
1021 2165 1105 2223 Vaes-
1124 2168 1166 2220 lli·
1192 2195 1227 2205 -
1255 2166 1393 2222 Formatis
1423 2166 1511 2235 initur
1544 2169 1676 2223 Dominus
1698 2169 1731 2223 de
1755 2170 1834 2225 inmo

80 2250 127 2307 sit.
144 2251 307 2322 operamur
324 2267 390 2309 roro
416 2253 594 2324 paradisum,
619 2269 686 2310 cum
710 2254 852 2312 bonorum
866 2264 931 2312 stu·
985 2256 1087 2310 cunctis
1114 2254 1300 2310 animantibus
1343 2260 1422 2310 terra
1460 2260 1485 2311 et
1512 2259 1647 2312 urtiuusir
1676 2258 1834 2314 volutilibus

80 2338 135 2396 diis
154 2354 273 2412 operum
292 2343 529 2415 regnocoelorum
544 2343 603 2399 vim
622 2343 752 2411 tacimus,
769 2359 836 2401 cum
852 2358 931 2415 qnae·
985 2345 1057 2412 curli,
1080 2344 1201 2398 adducit
1222 2359 1253 2398 eo
1273 2344 1311 2399 od
1334 2344 1438 2411 Adum,
1461 2350 1492 2399 ut
1515 2345 1619 2400 uideret
1639 2345 1706 2415 quid
1727 2353 1835 2400 uocuret

80 2427 174 2486 rimus
201 2429 306 2500 ipsum,
337 2438 365 2488 et
386 2430 528 2503 justitiam
552 2433 616 2504 ejus
645 2433 833 2500 custodimus,
863 2446 930 2489 cunt
984 2448 1025 2487 eu.
1056 2435 1093 2487 lte
1116 2431 1197 2488 dumo
1216 2431 1357 2488 Dominus
1381 2431 1510 2488 volatilia
1538 2432 1601 2488 omli
1626 2447 1660 2488 ac
1673 2432 1834 2490 animantia

80 2514 160 2574 inani
182 2517 280 2591 gloriae
304 2519 377 2577 inter
401 2520 472 2577 bene
497 2521 643 2592 agendum
668 2522 780 2579 aditum
800 2522 929 2579 obstrui·
984 2526 1067 2576 terra
1081 2519 1195 2589 format,
1215 2518 1285 2576 dum
1302 2518 1559 2590 contemplationis,
1582 2528 1610 2576 et
1625 2520 1747 2576 actualis
1767 2521 1833 2578 vitre

80 2618 156 2662 mus.
983 2608 1059 2665 bona
1086 2623 1136 2679 per
1161 2607 1352 2666 bumilitatem
1381 2608 1581 2676 tentationum,
1611 2608 1760 2678 nostrique
1785 2625 1831 2666 co·

115 2692 200 2750 Vens.
235 2697 277 2750 to.
304 2724 334 2736 -
360 2698 543 2766 Pracepitque
582 2699 608 2751 ei
635 2700 706 2753 Deus
742 2697 852 2753 diceus:
880 2699 929 2754 En
983 2697 1139 2768 gnitiunem
1174 2696 1211 2753 ad
1248 2696 1446 2767 supercoeleste
1481 2696 1630 2767 exemplar
1667 2699 1832 2768 expressius

78 2785 152 2838 cnuti
165 2782 238 2851 ligno
252 2783 382 2854 paradisi
398 2785 521 2840 comede:
536 2785 569 2840 de
595 2787 670 2855 liquo
695 2790 784 2841 autem
810 2789 928 2842 scientia
983 2784 1066 2842 nobis
1089 2785 1241 2854 instaurat,
1266 2784 1372 2855 suique
1391 2791 1419 2840 et
1442 2784 1564 2856 angelici
1589 2785 1707 2842 babitus
1728 2785 1830 2856 imagi-

78 2869 180 2927 boniet
207 2873 275 2928 muli
300 2888 334 2928 ue
362 2873 495 2931 comedas.
521 2874 566 2930 Ex
593 2875 672 2932 omni
698 2875 777 2946 ligno
802 2875 928 2946 paradisi
982 2887 1047 2930 nem
1076 2873 1189 2930 lormat.
1214 2872 1339 2930 Addueit
1366 2881 1462 2930 autem
1493 2873 1530 2928 cd
1556 2873 1655 2939 Adam,
1684 2889 1750 2931 cum
1770 2875 1830 2930 bare

77 2960 266 3030 comedimus,
297 2962 414 3033 quando
435 2964 524 3019 vitam
555 2963 634 3020 omni
663 2963 798 3021 refertam
823 2932 962 3022 virtuteC
981 2961 1160 3032 disponenda
1187 2969 1214 3018 et
1244 2961 1374 3018 curanda
1413 2969 1518 3018 nostra
1555 2961 1674 3032 imperio
1711 2962 1830 3018 rationis

77 3049 275 3121 transigimus.
292 3050 382 3122 Ligno
398 3050 523 3108 scientiae
545 3051 655 3108 boniet
676 3052 743 3109 mali
767 3067 825 3110 non
837 3053 926 3110 vesci·
982 3049 1100 3107 addicit.
1120 3050 1275 3116 lituideret,
1299 3049 1392 3107 Adam
1412 3049 1518 3107 scilicet
1533 3049 1603 3121 ipse,
1621 3050 1648 3106 id
1667 3056 1709 3107 est
1723 3050 1829 3107 discer-

77 3150 154 3206 mur,
170 3152 238 3196 enm
253 3139 402 3197 voluntate
415 3146 513 3195 nostra
536 3140 566 3196 in
583 3141 790 3212 experientiam
808 3141 925 3211 peccati,
981 3146 1072 3208 neret,
1089 3139 1156 3207 qaut
1169 3145 1276 3194 uocoret
1293 3155 1333 3204 eu,
1360 3138 1443 3194 idest
1464 3138 1572 3208 quibus
1587 3153 1719 3209 quasque
1733 3139 1829 3196 virtu-

76 3239 137 3296 qua
159 3226 267 3285 bonnm
292 3228 369 3299 quod
400 3228 579 3286 habebamus
611 3229 726 3300 plenius
748 3230 926 3301 agnoscitur,
982 3233 1023 3284 tes
1054 3227 1228 3298 qualitatum
1262 3227 1513 3284 distributionibus
1552 3227 1714 3299 insigniret.
1748 3227 1829 3284 Omne

76 3328 134 3371 nott
157 3315 317 3374 abutimur.
335 3317 389 3374 Sed
415 3317 450 3374 tle
469 3317 514 3374 his
528 3319 663 3389 superius
680 3332 714 3375 ac
733 3319 802 3375 satis
817 3318 925 3377 dictum
979 3319 1051 3371 euim
1072 3317 1145 3385 quod
1159 3319 1265 3371 occurit
1287 3315 1390 3383 Adora,
1418 3317 1520 3371 urtimae
1541 3318 1668 3384 uiuentis,
1685 3318 1775 3387 ipsum
1789 3321 1829 3372 cst

75 3409 128 3459 est.
978 3420 1073 3462 nomen
1103 3405 1172 3475 ejus.
1198 3404 1321 3461 Nomina
1341 3404 1510 3475 quibusque
1534 3404 1703 3461 substantiis
1725 3419 1761 3463 ex
1785 3419 1829 3461 ea·

111 3492 197 3548 Vens.
215 3496 257 3548 li.
280 3522 313 3535 -
330 3495 544 3565 lnquocumque
571 3496 643 3550 euim
670 3495 714 3549 die
735 3510 769 3549 etc
794 3509 823 3549 eo
837 3509 925 3549 come·
980 3493 1111 3550 rumdem
1132 3492 1281 3564 qualitate,
1305 3500 1333 3549 et
1349 3496 1435 3549 etiam
1458 3492 1522 3549 aliis
1547 3506 1606 3548 non
1630 3493 1829 3550 substantiatis

74 3578 160 3648 duis,
182 3587 267 3637 morte
285 3584 418 3638 moriers.
435 3581 626 3651 comedimus,
641 3596 707 3640 cum
727 3596 831 3653 praetre
846 3582 924 3639 delo·
979 3581 1066 3638 rebus
1087 3580 1193 3650 imponi
1216 3580 1318 3637 solent.
1339 3581 1440 3637 Nomen
1463 3593 1531 3636 sero
1556 3593 1607 3650 pro
1626 3581 1759 3649 opinione
1782 3582 1827 3638 vel

74 3669 308 3727 ctationisetiam
331 3670 393 3727 sine
417 3678 485 3728 actu
509 3671 670 3727 extrinseco
691 3684 823 3743 saporem
846 3671 923 3728 exci—
977 3670 1166 3726 aestimatione
1192 3682 1265 3739 saepc
1290 3670 1416 3738 ponitur,
1446 3675 1478 3725 ut
1503 3676 1564 3724 est:
1600 3670 1702 3725 ll'omeu
1731 3670 1828 3724 bonum

73 3770 142 3839 pere
158 3760 373 3830 consentimus;
403 3759 450 3817 sed
467 3760 537 3832 quia
551 3759 645 3817 virtus
667 3760 776 3830 peccati
791 3774 878 3826 mors,
895 3760 923 3816 id
978 3760 1072 3814 metius
1097 3764 1136 3814 est
1164 3774 1246 3828 quum
1273 3758 1376 3812 diuitiae
1400 3759 1491 3812 rrruttae
1515 3757 1605 3828 (Pron.
1629 3773 1698 3823 xxti,
1715 3758 1750 3827 t).
1767 3757 1825 3815 Vo-

72 3854 117 3904 est
141 3847 289 3906 delectatio
306 3862 366 3905 esse
380 3848 569 3920 dignoscitur,
584 3855 674 3905 morte
689 3849 839 3916 morimur,
856 3864 923 3906 cum
976 3855 1022 3904 cat
1047 3847 1145 3919 itaque
1173 3847 1265 3904 Adam
1293 3846 1406 3902 animas
1436 3847 1575 3912 viventes,
1602 3845 1631 3901 id
1662 3851 1704 3901 est
1727 3845 1827 3902 vitalia

73 3949 91 3991 a
117 3943 196 3994 statu
218 3936 272 4008 ptae
294 3936 460 3994 intentionis
483 3936 574 3994 divini
598 3937 730 3994 desiderii
755 3937 922 3994 exclusione
976 3935 1117 3994 virtutum
1141 3936 1236 3993 studia
1259 3935 1357 3992 subtili
1386 3934 1422 3991 ad
1446 3932 1665 4006 intelligendum
1704 3934 1826 4006 indaga-

72 4022 235 4097 dajicimur.
259 4025 311 4083 Sed
327 4039 417 4097 quare
435 4024 525 4082 indie
544 4039 610 4081 cum
626 4039 684 4081 nox
709 4033 858 4095 peccatum
874 4025 920 4093 sit,
977 4025 1051 4081 tione
1090 4025 1280 4082 disterminat.
1310 4025 1383 4081 Sunt
1412 4031 1508 4080 autem
1544 4025 1641 4078 enimse
1676 4038 1741 4093 quae
1768 4037 1825 4080 non

72 4112 134 4170 dies
152 4113 304 4185 aliquoties
323 4128 373 4185 pro
390 4113 519 4186 qualibet
544 4113 730 4185 prosperitate
754 4113 919 4182 assumitur,
974 4114 1087 4180 vivunt,
1102 4114 1173 4184 quia
1196 4120 1264 4171 sunt
1292 4126 1379 4185 opera
1405 4113 1534 4169 exterius
1554 4112 1620 4168 ritae
1648 4126 1751 4168 nomen
1769 4112 1824 4168 ba-

73 4207 105 4259 nt
120 4209 183 4259 est:
209 4203 242 4258 lu
263 4201 316 4256 boc
337 4202 382 4257 dte
400 4218 459 4272 quae
475 4203 513 4257 od
525 4217 619 4272 pacem
634 4201 686 4256 tibi
701 4203 776 4273 tuuc.
793 4217 847 4264 xrx,
863 4201 917 4268 li).
935 4230 957 4286 D
975 4202 1081 4271 bentia,
1097 4202 1146 4259 sed
1174 4203 1331 4260 introrsum
1352 4215 1403 4272 per
1426 4200 1615 4257 cenodoxiam
1640 4207 1765 4257 mortua.
1781 4203 1823 4258 lta

73 4289 108 4346 Et
131 4304 248 4360 peccare
272 4291 476 4360 autenticum
497 4307 633 4364 prospere
658 4291 779 4349 incultas
801 4291 917 4357 arridet,
976 4306 1103 4363 namque
1126 4305 1178 4348 nos
1200 4289 1330 4347 moderni
1353 4289 1388 4345 de
1411 4288 1553 4346 virtutum
1575 4288 1694 4346 scientia
1717 4290 1823 4360 cogita-

72 4376 133 4435 dios
146 4379 264 4450 quidam
288 4379 317 4435 in
339 4380 495 4438 obscurum
520 4380 666 4438 rediturus
686 4380 787 4437 elucet.
805 4380 879 4436 Solet
893 4386 921 4437 et
975 4396 1049 4447 mus,
1066 4381 1109 4438 uti
1123 4381 1160 4436 ab
1180 4379 1225 4436 bis
1237 4378 1289 4451 qui
1310 4376 1370 4435 reri
1390 4377 1470 4434 luere
1483 4377 1576 4435 Adam
1595 4378 1726 4448 patribus
1744 4393 1824 4435 acce-

72 4479 123 4536 per
137 4465 212 4523 diem
232 4467 432 4540 intelligantla,
456 4469 529 4528 sicut
547 4478 575 4526 et
598 4475 773 4540 pernoctem
789 4467 921 4539 ignoran-
976 4471 1081 4541 pimus.
1107 4469 1159 4525 Sed
1181 4481 1270 4539 quam
1294 4466 1439 4523 subtiliter
1464 4466 1568 4536 ipsum,
1585 4467 1661 4537 qnod
1674 4475 1716 4523 cst
1732 4468 1824 4524 Adam

72 4554 111 4610 tia
137 4556 237 4626 arcipi.
260 4554 383 4622 Quidam
397 4571 464 4614 vero
490 4558 681 4628 quantitatem
702 4556 844 4627 cujusque
867 4557 921 4612 cri·
974 4573 1080 4626 unomen,
1094 4556 1143 4614 bic
1157 4555 1313 4612 inducatur
1325 4552 1541 4610 attendendum.
1558 4553 1650 4610 Adam
1664 4554 1824 4611 secundum

72 4641 158 4699 minis
184 4643 219 4699 ad
248 4643 365 4714 plenum
392 4644 582 4715 intelligentes
612 4650 739 4715 peccant,
763 4643 921 4714 dequibus
975 4645 1096 4717 quodin
1125 4643 1313 4715 sequentibus
1339 4641 1452 4712 legitur,
1483 4640 1530 4697 ιιι
1558 4648 1585 4698 et
1615 4643 1824 4699 mulieratteo

71 4740 132 4789 est:
164 4732 334 4788 Descendunt
356 4735 385 4788 in
413 4735 552 4800 bisernum
577 4737 695 4789 uiuentes
723 4733 809 4801 (Psul.
843 4749 917 4798 curu,
976 4732 1067 4790 vocati
1087 4739 1166 4800 sunt,
1194 4738 1221 4788 et
1251 4731 1456 4800 interpretatur
1491 4730 1586 4785 homo.
1623 4731 1678 4796 Qui
1704 4731 1825 4786 udbaeret

74 4823 128 4890 ti).
151 4820 248 4892 Aliqui
270 4821 298 4878 id
321 4822 415 4878 metiri
443 4822 585 4889 nesciunt,
611 4821 735 4891 cecique
758 4829 859 4889 ruunt,
885 4822 920 4876 de
975 4824 1096 4889 ltomino,
1115 4821 1202 4891 juxta
1232 4819 1411 4889 Apostolum,
1435 4834 1505 4874 uuus
1532 4822 1650 4888 spiritus
1669 4826 1708 4874 est
1723 4822 1747 4889 (l
1762 4822 1822 4877 Cor.

72 4908 181 4978 qulbus
207 4910 330 4968 dicitur:
359 4911 435 4966 Sicut
461 4926 521 4967 oues
561 4913 590 4965 iu
615 4911 722 4976 interno
744 4912 830 4980 positi
856 4915 920 4965 snut
974 4927 1011 4978 ιι,
1028 4910 1084 4979 tt),
1115 4916 1142 4965 et
1165 4907 1329 4964 animalitas
1357 4915 1455 4964 nostra
1483 4908 1565 4978 plene
1593 4909 1718 4964 subnixa
1742 4908 1823 4965 intel-

72 4996 155 5068 (Psul.
177 5014 269 5067 resur,
288 4999 342 5069 tt).
363 4998 553 5055 tantumdem
580 4999 677 5070 itaque
702 4998 769 5069 quis
786 4997 919 5065 moritur,
974 4998 1182 5065 lectui,revera
1194 4996 1254 5066 jam
1269 5004 1387 5053 excocta
1412 4996 1574 5068 tragilitatis
1597 4996 1715 5053 mollitie
1738 4996 1824 5054 bomo

72 5095 216 5158 quantum
231 5089 308 5159 quod
322 5088 446 5145 admittit
461 5087 630 5145 intellexisse
646 5087 794 5160 probatur.
973 5094 1025 5144 cst.
1053 5088 1137 5144 Recte
1163 5086 1262 5157 igitur,
1289 5094 1441 5157 postquam
1457 5086 1486 5142 in
1506 5094 1604 5142 nostra
1631 5086 1724 5142 lacere
1747 5087 1823 5142 lleus

107 5176 191 5234 Vens.
216 5177 258 5232 ta.
275 5207 310 5217 -
334 5179 409 5232 trinit
424 5192 528 5247 quoque
541 5179 669 5233 Dominus
697 5177 788 5232 Deus:
805 5191 857 5230 nou
879 5179 919 5228 est
974 5175 1073 5246 incipit
1091 5175 1257 5233 infirmitate
1271 5176 1419 5243 virtutem,
1439 5182 1591 5247 postquam
1608 5175 1735 5231 volatilia
1747 5176 1821 5242 coeli,

71 5264 169 5321 beurim
189 5281 244 5321 esce
268 5268 401 5343 bominem
424 5266 527 5333 sotum3
551 5268 687 5333 [autumus
708 5269 733 5319 et
750 5262 918 5333 adjutorium
975 5262 1059 5318 idest
1081 5262 1246 5333 spirituales
1270 5263 1387 5334 gratias,
1407 5277 1441 5318 ac
1462 5263 1622 5318 animantia
1641 5271 1733 5330 terra,
1752 5262 1824 5318 scili·

69 5356 158 5412 simile
172 5359 226 5412 rui.
243 5357 403 5425 llominem,
427 5358 477 5428 qui
493 5371 553 5414 suae
577 5356 702 5413 motibus
724 5353 820 5410 caruis
834 5352 919 5409 ratio
973 5357 1017 5405 cet
1030 5362 1088 5418 eas,
1109 5349 1218 5421 quibus
1239 5349 1370 5407 bumana
1395 5349 1560 5406 illustratur
1573 5349 1647 5406 actio
1666 5348 1823 5405 ltonestatis

70 5442 116 5499 nis
143 5442 261 5512 imperio
283 5443 388 5513 praesit,
427 5456 479 5498 nec
511 5441 669 5511 pecualiter
694 5446 845 5509 evagatur,
870 5438 918 5494 liic
973 5444 1090 5506 sancta,
1119 5437 1253 5495 scientias
1280 5445 1367 5510 atque
1399 5436 1504 5494 bestias
1535 5445 1617 5493 terrae
1647 5437 1708 5493 suis
1729 5438 1822 5494 delam
