3818 6008
110 253 160 308 int
390 246 395 261 '
551 249 585 307 V.
605 250 773 309 obtusum
797 251 943 311 assatis
962 254 990 310 S.
1012 254 1135 311 bantra
1153 255 1199 311 DE
1220 254 1416 313 Notiusuru
1807 256 1859 312 las

112 406 178 448 sous
190 390 281 447 oculus
293 389 435 457 sanguinis
448 388 564 444 dicitnr.
579 386 606 443 ιε
629 387 786 444 Damascus
800 389 883 460 quasi
906 403 957 459 pro
974 395 1073 450 ntum
1099 395 1223 456 revocat,
1249 396 1281 445 nt
1301 389 1407 444 veritas
1429 387 1536 446 scilicet
1561 388 1690 458 ipsorum
1708 388 1774 446 vitae
1789 397 1862 460 patc—

114 480 234 553 grabato
254 478 385 545 babetur,
409 491 476 532 curn
495 489 586 546 prava
605 475 724 533 intentio
745 476 830 533 ctiam
853 491 903 547 spe
917 477 958 533 in·
1011 485 1081 534 scat.
1118 481 1179 533 Dies
1204 491 1289 548 super
1315 489 1363 532 eos
1393 477 1525 544 veniunt,
1558 490 1625 534 enm
1656 476 1864 534 declarationes

113 554 227 626 tendum
240 567 310 623 ialsa
327 567 445 622 miseros
459 564 585 621 mulcere
600 564 725 621 videtur.
1011 580 1112 623 eornm
1127 565 1246 623 occultes
1270 565 1422 636 pravitatis
1445 565 1515 636 ipsis
1543 575 1712 623 occurrunt.
1729 568 1760 622 ln
1775 571 1861 621 contis

149 658 239 714 Vsus.
276 657 317 721 13,
348 655 390 709 ll.
416 682 452 695 -
480 674 494 702 ε
520 652 625 709 Audite
645 661 673 709 et
700 653 899 710 contestamini
928 654 958 709 in
1012 655 1174 723 elevantur,
1191 671 1256 713 oum
1272 657 1328 714 sub
1353 656 1444 713 dnbio
1467 656 1609 726 superbiae
1622 664 1701 712 statu
1716 656 1861 713 teruntur.

113 747 224 803 »dome
262 743 358 811 Jacob,
385 742 454 798 dicit
486 743 625 799 Dominus
660 742 737 800 Dens
764 742 958 809 exercituum,
1012 743 1067 811 Qui
1081 746 1157 802 enim
1174 746 1202 800 in
1219 753 1302 802 conto
1319 746 1433 814 insidet,
1449 759 1601 817 nunqnam
1626 745 1747 803 hrmitcr
1764 747 1862 803 baeret.

113 836 213 905 »qnia
234 833 404 889 indiacum
428 830 545 887 visitare
572 844 682 900 corpere
707 831 959 902 prevaricationes
1013 836 1049 888 ln
1064 835 1124 889 οιιιε
1139 834 1306 900 (eventibus
1326 835 1631 906 reliquiaeelevantnr,
1651 848 1718 891 cnm
1742 848 1863 891 sensua-

114 945 126 973 ι
142 922 237 990 lsrael,
253 934 341 991 super
352 935 419 977 eum
433 919 563 982 visitabo,
579 927 607 975 et
622 920 827 988 superaltaria
848 918 956 987 Betbel,
1014 922 1080 979 lites
1095 930 1154 979 tota
1172 937 1223 993 per
1237 923 1482 994 concupiscentias
1505 923 1726 990 excandescens,
1749 938 1787 980 ex
1802 938 1864 995 ope

113 1008 413 1080 »etampotabontnr
431 1022 541 1066 cornua
563 1007 673 1074 altaris,
689 1007 834 1063 etcadont
854 1007 884 1063 in
903 1014 958 1064 ter·
1013 1013 1054 1069 ris
1077 1011 1177 1069 notarii
1204 1013 1404 1083 prosecutione
1435 1011 1582 1083 vulgatur.
1609 1012 1751 1083 Reliquim
1784 1014 1863 1068 enim

114 1113 215 1156 »ram
250 1119 260 1146 ι
291 1098 385 1153 blonct
411 1111 480 1169 ergo
507 1110 556 1153 eos
588 1110 681 1153 sermo
705 1095 898 1166 propheticus,
929 1102 961 1152 ut
1014 1114 1067 1170 pro
1090 1100 1224 1170 operibns
1247 1099 1316 1171 poni
1346 1100 1446 1166 solent,
1474 1099 1544 1169 quia
1564 1099 1667 1169 otique
1695 1100 1861 1169 cogitationi

111 1189 242 1256 audiant,
259 1186 287 1242 id
303 1194 343 1242 εει
367 1186 538 1257 intelligant,
565 1192 592 1242 et
606 1185 681 1241 docti
704 1199 740 1242 ex
757 1185 914 1250 anditione,
934 1191 962 1241 et
1014 1197 1189 1259 superstant,
1211 1197 1242 1245 nt
1262 1197 1304 1245 est
1319 1205 1325 1244 :
1342 1206 1355 1241 n
1371 1189 1510 1259 lieliqniae
1525 1188 1707 1259 cogitationis
1731 1188 1806 1245 diem
1824 1188 1861 1245 ie·

112 1279 182 1335 alios
197 1275 350 1334 contestari
363 1289 422 1331 non
445 1274 603 1347 negligant.
622 1276 658 1331 Et
673 1275 727 1330 boc
740 1274 809 1328 dicit
828 1275 961 1329 Dominus
1015 1286 1090 1334 stum
1102 1285 1188 1349 agent
1208 1276 1258 1332 tibi
1274 1277 1358 1345 (Psoi.
1375 1290 1458 1340 cxxv,
1478 1277 1529 1346 ιι).
1547 1298 1557 1324 ι
1575 1275 1649 1333 Nota
1662 1277 1812 1348 quodiam
1826 1276 1862 1332 ad

112 1369 289 1432 exercituum,
315 1378 350 1420 ac
372 1364 395 1420 si
413 1363 540 1419 diceret:
564 1363 611 1419 cni
632 1361 714 1418 nulla
735 1362 832 1431 inopia
851 1361 963 1419 suberit
1015 1366 1187 1423 femininum
1210 1379 1303 1436 genus
1327 1371 1463 1433 transeat,
1481 1372 1603 1421 nteosa
1623 1364 1722 1437 vigore
1742 1366 1862 1438 justitie

112 1458 148 1513 ad
165 1455 276 1512 lacinus
290 1452 497 1520 ulciscendum,
512 1452 593 1522 quia,
609 1449 715 1520 inquit,
731 1451 760 1506 in
777 1449 832 1519 die,
850 1451 879 1505 io
900 1463 960 1505 ma·
1015 1453 1194 1510 elleminatus
1205 1453 1344 1510 ostendat.
1368 1455 1419 1508 Per
1437 1459 1582 1523 aperturas
1603 1455 1691 1508 altero
1708 1459 1807 1509 eontra
1819 1456 1862 1510 oi-

112 1545 215 1601 nilesta
229 1542 335 1599 scilicet
352 1541 470 1607 ultione,
493 1555 559 1596 cnm
576 1539 688 1609 aperire
702 1553 814 1609 crepero
838 1538 962 1594 simula·
1016 1548 1102 1599 teram
1127 1549 1243 1609 exeunt,
1270 1556 1336 1597 cum
1360 1541 1558 1599 latiscentibus
1582 1542 1777 1613 petulantium
1803 1557 1863 1600 sen·

113 1634 199 1691 tionis
213 1645 313 1688 eornm
327 1630 534 1700 lucum,snper
549 1629 652 1707 altaria
667 1628 775 1697 Bethel,
791 1629 868 1700 qnod
886 1628 960 1684 dici·
1016 1645 1103 1688 suum
1127 1631 1200 1695 ollis,
1228 1636 1331 1686 mutuo
1356 1631 1556 1701 detegentibus
1585 1645 1645 1687 sese
1668 1632 1808 1702 nequitiis
1835 1631 1862 1686 in

114 1731 162 1779 tur
175 1722 270 1776 domus
286 1722 344 1781 bei,
361 1719 387 1774 id
400 1726 442 1775 εει
464 1731 552 1788 super
566 1717 712 1788 proposita
733 1731 845 1784 eornm,
864 1716 914 1788 qui
930 1730 959 1771 se
979 1695 1000 1750 Β
1018 1719 1192 1791 ignominias
1220 1725 1371 1788 proruunt.
1398 1721 1497 1775 Altero
1530 1724 1625 1774 contro
1648 1714 1764 1775 alterurn
1791 1720 1861 1788 exit,

113 1811 189 1867 credi
206 1808 333 1881 gestiunt
356 1807 444 1878 vulgo
460 1807 566 1876 templa
582 1807 639 1873 liei,
662 1807 790 1873 visitabo,
807 1806 835 1861 id
851 1813 893 1862 cst
912 1807 959 1876 jn·
1017 1820 1082 1863 oum
1112 1807 1324 1876 turpitudinem
1343 1807 1488 1877 propriam
1521 1808 1603 1864 alteri
1629 1808 1785 1887 videndum
1810 1823 1862 1864 ex-

114 1899 254 1955 dioialiter
282 1897 413 1953 crebrius
439 1895 605 1961 imminebo,
641 1893 681 1950 ita
712 1903 743 1951 nt
775 1897 962 1964 amputentur
1017 1896 1157 1966 ponit.1n
1184 1897 1287 1951 Arnon
1309 1910 1427 1967 quoqne
1443 1896 1645 1967 projiciuntur,
1661 1912 1729 1954 cnm
1756 1898 1792 1954 de
1810 1897 1863 1954 cri-

114 1988 213 2041 nitoris
239 2001 359 2052 cernuo,
389 1985 417 2040 id
445 1992 487 2040 est
517 1983 642 2054 palliatae
670 1984 807 2053 nequitie
834 1982 963 2039 lastuosa
1017 1984 1095 2039 mine
1107 1991 1254 2040 sumentes
1266 1983 1428 2052 audaciam,
1440 1985 1475 2040 de
1487 1985 1548 2041 suis
1560 1986 1646 2040 etiam
1659 1985 1741 2042 loedis
1752 1985 1863 2041 actibus

114 2075 245 2144 lastigia3
276 2081 302 2129 ct
326 2077 355 2128 in
387 2080 486 2128 terrem
509 2072 624 2141 cadant,
655 2071 826 2128 omnimodae
855 2072 963 2128 scilieet
1016 2073 1206 2140 extolluntur,
1222 2073 1371 2145 dejiciendi
1389 2075 1583 2145 tamenjuxta
1602 2075 1745 2144 psalmum
1763 2075 1792 2130 in
1808 2075 1862 2131 ima

114 2163 294 2234 vilipensioni
332 2170 457 2233 pateant.
492 2161 589 2217 hilare
615 2162 691 2216 enim
720 2160 878 2230 hypocritae
907 2167 959 2229 est,
1016 2175 1118 2219 sensns
1145 2161 1271 2233 reprobi,
1297 2162 1366 2220 dum
1390 2161 1554 2220 allevantur
1578 2160 1665 2232 (Psoi.
1685 2177 1773 2231 xxxxi,
1801 2164 1861 2235 lt);

114 2250 258 2320 quidquid
274 2250 302 2304 in
320 2263 372 2305 suo
387 2249 483 2305 studio
498 2247 652 2318 spectabile
668 2246 736 2303 loris
748 2252 801 2302 est.
1018 2251 1126 2305 hrmon
1140 2250 1218 2305 enim
1230 2250 1384 2304 sublimitas
1400 2249 1515 2306 dicitur.

151 2338 236 2396 Vsus.
259 2341 301 2393 ιι.
319 2366 352 2380 -
378 2359 389 2386 ι
417 2338 452 2393 Et
478 2336 638 2407 percutiam
664 2336 784 2391 demum
810 2335 961 2392 hiemalem
1053 2336 1139 2394 Vane.
1160 2339 1187 2393 4.
1202 2365 1236 2379 -
1252 2361 1262 2385 «
1280 2338 1381 2394 Venite
1395 2339 1432 2394 ad
1447 2338 1554 2408 bethel,
1570 2347 1597 2396 et
1615 2339 1701 2410 impie
1716 2341 1807 2412 agite3
1828 2341 1862 2397 ad

119 2443 213 2484 »cnm
227 2428 311 2484 domo
326 2425 435 2492 astina,
451 2432 479 2480 et
501 2425 635 2495 peribunt
648 2424 751 2479 domus
764 2424 910 2491 eburnea,
935 2432 963 2480 et
1020 2448 1030 2473 ι
1048 2425 1207 2498 Galgalam,
1226 2433 1254 2482 ει
1276 2425 1465 2496 multiplicate
1488 2429 1766 2498 praevaricationem.
1783 2451 1798 2480 n
1822 2431 1863 2486 Ad

118 2516 367 2586 »dissipabuntur
391 2514 465 2571 noes
493 2513 600 2571 multa.
618 2513 687 2568 dicit
709 2512 857 2569 Dominus.
876 2535 890 2562 υ
911 2514 962 2569 Do
1016 2516 1108 2571 bethel
1123 2515 1221 2572 venire
1235 2516 1342 2571 ironice
1357 2524 1586 2582 commonentur,
1608 2523 1640 2574 nt
1655 2517 1739 2588 quasi
1761 2516 1863 2587 templa

116 2619 182 2661 mus
208 2603 338 2660 hiemalis
363 2610 405 2659 est
428 2601 611 2667 conscientia,
635 2614 701 2671 qnae
727 2601 815 2656 totins
833 2601 962 2658 avaritiae
1018 2605 1066 2660 bei
1085 2603 1273 2675 popularibus
1294 2603 1385 2659 oculis
1412 2610 1600 2659 ostententur.
1632 2605 1731 2673 inpie,
1758 2604 1863 2675 inquit,

117 2701 205 2762 atone
224 2691 340 2748 melitite
363 2689 469 2760 torpori
486 2689 648 2759 perviaest.
673 2690 779 2745 bornus
792 2690 892 2746 aestiva
920 2699 962 2747 est
1017 2695 1100 2760 agite,
1124 2691 1213 2748 idest
1237 2693 1266 2746 in
1293 2692 1346 2747 hac
1369 2693 1432 2762 ipsa
1455 2693 1542 2749 vestri
1559 2696 1621 2748 tut
1651 2693 1776 2748 nominis
1793 2691 1864 2747 cele·

117 2795 237 2851 operum
263 2783 346 2851 quasi
369 2779 510 2835 bonorum
539 2777 678 2835 habitudo
702 2777 853 2846 forinseca,
880 2793 914 2834 ac
938 2781 961 2834 si
1018 2779 1147 2835 bratione
1161 2778 1201 2834 nil
1216 2779 1296 2835 alind
1311 2778 1567 2850 sciatisvosagere
1589 2793 1679 2849 qnam
1694 2779 1797 2847 Deum,
1814 2777 1863 2849 qui

50 2930 52 2934 ,
117 2869 244 2941 quadam
260 2866 403 2938 spirituali
419 2867 586 2923 redundans
600 2866 704 2937 gratia.
721 2868 823 2922 Domus
840 2868 963 2922 eburnea
1017 2876 1059 2924 est
1085 2867 1202 2933 veritas,
1228 2868 1381 2940 abnegare.
1406 2868 1526 2940 Galgala
1550 2869 1658 2925 dicitur
1679 2869 1862 2924 oolulobrurn.

117 2964 248 3026 pereunt,
263 2970 330 3011 oum
354 2955 469 3010 habitus
488 2954 718 3019 sanctimoniam,
745 2964 832 3025 atque
851 2955 964 3011 ooliba·
983 2955 1064 3042 Cild
1080 2955 1253 3010 volutabrum
1280 2956 1413 3023 veniunt,
1440 2961 1468 3012 et
1490 2955 1741 3027 prevaricationes
1766 2954 1864 3013 multi-

64 3068 67 3073 >
120 3053 167 3101 tus
187 3044 339 3100 candorem
372 3043 565 3113 praeferentes,
592 3043 621 3097 in
650 3051 749 3112 aperta
775 3044 880 3113 probra
900 3057 962 3114 per·
1018 3043 1135 3113 plicant,
1152 3042 1471 3114 quiautjustojudioio
1486 3051 1586 3114 sponte
1601 3042 1698 3113 lapsis,
1713 3041 1792 3100 utin
1813 3041 1862 3098 mi·

119 3138 280 3188 transeunt.
313 3130 393 3184 AEdes
422 3131 513 3185 muita
545 3129 733 3199 dissipantur,
758 3130 833 3201 :curn
866 3130 963 3187 multae
1017 3130 1099 3186 seriis
1112 3146 1170 3187 non
1185 3129 1345 3187 subsistant
1360 3131 1441 3202 (Pseu
1471 3132 1656 3200 casalicli).

118 3217 329 3289 compositionis
366 3217 524 3274 lorinsecus
556 3215 687 3272 abacista
727 3217 881 3273 simulacra
915 3218 962 3273 de·
1054 3219 1130 3276 Vnus
1166 3221 1190 3272 b.
1209 3250 1244 3258 —
1270 3240 1280 3268 ι
1305 3219 1340 3274 Et
1361 3217 1460 3277 eliette
1484 3235 1569 3277 mone
1588 3221 1720 3294 victimas
1743 3227 1864 3287 vestras,

118 3315 282 3364 struuntur.
1021 3328 1031 3355 ι
1050 3307 1142 3363 tribus
1163 3307 1266 3363 diebus
1289 3308 1414 3364 decimas
1433 3316 1552 3366 vestras.
1578 3309 1614 3365 Et
1639 3308 1817 3367 sanctilloate
1832 3311 1865 3366 de

448 3375 563 3433 CAPUT
583 3376 631 3433 Ν·
1020 3395 1218 3452 »lermentato
1245 3395 1376 3466 landem3
1406 3404 1434 3453 et
1459 3405 1558 3454 vocate
1586 3397 1767 3454 voluntarias
1790 3397 1866 3454 obla·

153 3485 241 3556 (Vnus
254 3490 279 3539 ι.
294 3514 329 3524 -
348 3507 358 3533 ι
374 3483 475 3540 ludite
490 3482 612 3539 verbnm
629 3482 691 3550 hoc,
710 3495 805 3538 vaccae
830 3483 962 3554 pingues,
1021 3485 1149 3551 »tiones
1176 3492 1204 3540 et
1229 3484 1410 3542 annuntiate.
1442 3507 1452 3533 ι
1479 3487 1558 3541 Mene
1581 3487 1704 3539 victimas
1728 3483 1864 3551 oderunt,

120 3573 337 3647 ‚qnaeestisin
360 3572 508 3630 montibus
532 3571 762 3642 Samariae,quae
787 3570 962 3629 calumniam
1018 3587 1095 3641 enm,
1127 3581 1296 3644 erumpente
1321 3587 1428 3631 aurora
1455 3573 1570 3640 taurins,
1603 3573 1721 3645 propria
1745 3585 1867 3644 corpora

118 3663 237 3721 »facitis
250 3663 358 3735 egenis,
373 3670 401 3718 et
416 3661 598 3731 confringitis
613 3673 762 3730 pauperes,
788 3674 854 3730 quae
869 3661 964 3717 dicitis
1018 3661 1112 3733 magis
1125 3676 1159 3717 ac
1177 3662 1271 3733 magis
1288 3671 1415 3720 mactare
1437 3663 1625 3720 contendunt.
1651 3662 1751 3717 Tribus
1771 3663 1866 3719 diebus

118 3753 270 3809 »dominis
296 3752 417 3808 vestris:
442 3747 556 3816 hlierte,
585 3756 613 3805 et
639 3747 779 3804 bibemus.
808 3769 819 3797 ›
846 3749 963 3818 Pingues
1017 3748 1288 3818 decimumnonum,
1314 3766 1380 3807 enm
1398 3765 1453 3807 non
1471 3765 1523 3821 pro
1546 3751 1631 3807 laude
1652 3751 1794 3819 bumana,
1817 3751 1864 3807 sed

116 3857 203 3896 necea
218 3840 315 3897 lascivi
331 3846 400 3895 sunl
415 3852 448 3893 ac
462 3836 578 3909 superbi
599 3836 765 3907 hypocritae.
791 3837 825 3893 lli
850 3845 918 3899 sunt
932 3840 962 3891 in
1017 3839 1107 3895 solius
1119 3853 1217 3895 amore
1229 3839 1378 3897 Trinitatis
1392 3839 1516 3911 legitime
1529 3840 1661 3897 victitare
1675 3854 1705 3896 se
1720 3849 1865 3897 asserunt.

116 3931 255 3985 montibus
284 3929 427 3994 surnaria,
461 3927 531 3996 quia
569 3932 682 3981 tument
718 3925 754 3981 de
786 3925 963 3981 etintinentia
1017 3925 1203 3982 Sanctilleaut
1221 3926 1254 3980 de
1266 3928 1431 3994 fernientum
1445 3927 1563 3987 undem,
1580 3928 1651 3998 quia
1676 3928 1704 3983 in
1720 3928 1800 3983 ornni
1815 3942 1868 3984 suo

115 4015 267 4074 exterioris
281 4014 432 4081 custodiam
453 4013 506 4069 hoc
528 4012 605 4068 enim
624 4012 762 4082 exprimit
785 4026 888 4067 nomen
909 4011 962 4067 Sa·
1017 4012 1153 4069 exercitio
1167 4012 1333 4069 intentionis
1348 4012 1524 4070 inviscerant
1537 4014 1783 4084 depravationem.
1810 4016 1867 4070 Vo-

116 4106 225 4162 mariae.
241 4103 276 4159 lii
288 4102 464 4158 calumniam
479 4101 589 4159 iaciunt
604 4101 710 4173 egenis,
727 4100 799 4172 quia
820 4115 962 4170 qnaecnn-
1017 4103 1153 4157 lanterius
1179 4101 1327 4157 oblationes
1353 4110 1468 4169 vocant,
1490 4116 1557 4158 oum
1581 4116 1640 4159 nen
1669 4111 1786 4173 propter
1814 4117 1867 4161 sua

115 4208 173 4266 qne
187 4201 279 4264 agunt
302 4205 352 4261 pto
366 4192 466 4261 gloria,
493 4198 593 4247 eontra
616 4189 833 4246 reclamationes
855 4189 963 4246 iaciunt
1016 4205 1082 4261 qum
1097 4190 1179 4246 nnlla
1194 4190 1291 4261 putari
1303 4190 1405 4247 volunt
1415 4190 1552 4247 diluenda
1568 4192 1653 4255 mala,
1670 4191 1698 4248 id
1712 4205 1742 4248 se
1758 4191 1867 4249 laboris

114 4296 175 4338 snae
190 4279 385 4351 intelligentia
408 4279 540 4346 sanioris,
565 4278 627 4334 ideo
648 4291 715 4335 vete
735 4279 855 4348 egentis.
883 4278 961 4333 Pou—
982 4276 1002 4331 b
1017 4279 1172 4347 insumere,
1187 4278 1237 4337 sed
1249 4292 1286 4335 ex
1307 4278 1367 4335 solo
1384 4278 1432 4334 Dei
1445 4287 1472 4335 et
1487 4280 1603 4336 virtutis
1617 4293 1715 4336 amore
1738 4280 1865 4337 clamant

113 4384 190 4440 peres
214 4368 410 4438 confringunt,
436 4382 502 4423 cum
529 4369 671 4437 cogitatus
696 4366 887 4423 humilitatem
912 4366 961 4423 ali·
1016 4367 1155 4424 utillud:

113 4457 231 4528 qnando
245 4457 399 4512 suadentes
415 4454 444 4511 in
464 4469 493 4511 se
516 4455 654 4522 obruunt,
683 4455 805 4509 Dominis
827 4454 888 4510 suis
911 4456 961 4522 o(—
1157 4456 1280 4514 Oderunt
1293 4470 1404 4525 peccora
1417 4455 1479 4511 boni
1492 4458 1604 4511 uirtutis
1618 4472 1718 4513 onom.

111 4548 182 4614 terte
193 4552 219 4600 et
234 4546 353 4600 bibemus
369 4543 480 4611 dicunt,
504 4558 571 4601 enm
585 4543 622 4600 ab
639 4543 692 4611 bis,
714 4557 839 4614 quornm
855 4541 960 4612 placito
1064 4552 1067 4567 ·
1210 4545 1292 4611 (lion.
1311 4544 1361 4601 lib.
1378 4560 1386 4600 1
1401 4546 1503 4615 Epist,
1519 4560 1564 4616 ep.
1583 4547 1614 4600 lb
1629 4561 1717 4615 vers,
1734 4548 1792 4618 bt.)

113 4649 163 4705 per
178 4636 253 4693 bona
266 4647 353 4704 opera
367 4632 510 4689 deservire
532 4631 669 4703 gestiunt,
682 4631 803 4702 [favores
824 4632 959 4703 exigunt,
1013 4632 1198 4689 Annuntiant
1224 4647 1291 4689 cum
1315 4646 1369 4689 sua
1400 4633 1517 4691 latentia
1544 4634 1619 4691 lacta
1651 4633 1861 4704 percelebrant.

111 4725 220 4794 quibus
235 4723 272 4779 ab
287 4723 333 4779 sni
344 4722 583 4778 dementationem
595 4722 676 4791 quasi
688 4720 839 4790 epotandis
851 4720 961 4777 inenm·
1013 4723 1058 4778 Sic
1070 4709 1140 4776 enirn
1163 4723 1299 4789 voluistis,
1325 4723 1379 4790 titii
1393 4723 1488 4789 lsrael,
1516 4723 1555 4778 ita
1582 4720 1690 4778 scilieet
1702 4735 1754 4793 pro
1781 4721 1862 4779 libito

112 4811 195 4869 bunt.
215 4812 331 4867 Verbum
345 4813 395 4865 noe
419 4825 506 4865 socca
526 4812 644 4879 pingues
667 4810 769 4865 andire
791 4816 957 4878 monentur,
1014 4815 1107 4864 vestro
1121 4810 1239 4865 actitare
1253 4809 1395 4865 collibuit.

111 4907 143 4958 ut
154 4900 273 4957 sollicite
287 4900 429 4956 trutinent
443 4911 510 4969 qnae
526 4897 639 4954 sibimet
654 4897 844 4954 intentantur.
1048 4896 1134 4951 Vsus.
1150 4897 1176 4950 b.
1193 4926 1228 4936 -
1250 4919 1260 4943 «
1284 4895 1364 4953 Unde
1389 4905 1417 4953 et
1444 4910 1496 4967 ego
1522 4895 1587 4952 dedi
1611 4896 1692 4953 vebis
1711 4903 1860 4968 stuporem

145 4987 235 5046 Vsus.
254 4989 280 5056 9,
295 4991 320 5043 3.
344 5018 378 5027 -
396 5006 410 5038 ε
433 4986 547 5043 inravit
562 4985 702 5042 Dominus
723 4984 798 5041 Deus
813 4986 842 5041 in
859 4994 958 5042 sancto
1015 5005 1025 5030 ι
1042 4981 1172 5039 dentium
1188 4983 1217 5038 in
1234 4983 1346 5040 cunctis
1362 4984 1484 5041 urbibus
1498 4986 1609 5054 vestris,
1625 4992 1653 5041 et
1669 4985 1862 5058 indigentiam

112 5090 193 5133 »suo
211 5092 217 5133 :
232 5077 308 5142 Quia
322 5091 386 5133 ecce
407 5075 468 5132 dies
493 5075 609 5132 venient
631 5088 719 5144 super
734 5088 793 5141 ves,
818 5082 847 5130 ct
869 5073 960 5130 eleva·
1013 5084 1151 5140 »panum
1177 5070 1205 5126 in
1221 5071 1356 5128 omnibus
1373 5071 1442 5129 loeis
1469 5073 1581 5142 vestris,
1612 5081 1639 5130 et
1666 5088 1724 5130 non
1740 5075 1808 5132 estis
1823 5075 1860 5131 ad

111 5164 213 5223 »bunt
238 5181 288 5222 vos
310 5166 339 5222 in
362 5167 463 5235 contis,
488 5173 516 5222 et
544 5165 684 5235 reliquias
706 5170 816 5219 vestras
839 5164 867 5219 in
894 5162 958 5219 ollis
1014 5172 1089 5214 »me
1113 5159 1231 5227 reversi,
1251 5159 1320 5216 dicit
1342 5160 1523 5219 Dominus.»
1553 5162 1676 5219 Proinde
1703 5162 1753 5219 dat
1784 5164 1862 5221 Deus

111 5274 122 5301 ι
139 5253 327 5312 ferventibus.
344 5256 379 5312 Ει
395 5269 446 5324 per
457 5238 608 5325 aperturas
622 5251 739 5310 exibitis
754 5252 844 5308 altera
857 5260 959 5308 contra
1011 5251 1148 5317 stuporem
1163 5248 1285 5303 dentium
1302 5249 1329 5304 in
1345 5251 1457 5307 eunctis
1471 5251 1595 5308 urbibus
1613 5266 1724 5321 eorum,
1748 5267 1817 5310 cnm
1833 5253 1862 5308 in

113 5341 272 5407 »alteram
299 5352 326 5399 et
352 5342 541 5415 projiciemini
566 5342 595 5398 in
629 5341 748 5409 himen,
774 5339 844 5397 dicit
866 5340 959 5396 borni-
1011 5335 1123 5393 cunctis
1136 5337 1255 5393 internis
1268 5352 1369 5395 eorum
1389 5340 1512 5396 statibus
1531 5340 1736 5399 hebetudinem
1755 5355 1861 5414 sugge-

108 5443 205 5487 nnus.
224 5450 235 5477 ι
253 5421 285 5484 In
310 5437 471 5487 cunctosne
494 5433 625 5487 Dominus
645 5429 735 5501 jurat,
758 5444 825 5485 curn
846 5428 876 5485 in
904 5443 957 5486 sna
1011 5426 1270 5484 ritintellectnnm.
1296 5427 1346 5483 llis
1365 5428 1442 5484 enim
1467 5429 1676 5486 commolimms
1696 5443 1731 5487 ac
1755 5429 1779 5487 si
1800 5429 1863 5502 qni·

107 5529 176 5575 vsra
190 5516 341 5573 sanctitate
363 5517 581 5588 hypocritarum
604 5517 730 5574 lncaum
754 5516 790 5573 ad
811 5518 957 5587 jusapar·
1011 5515 1133 5573 busdam
1168 5515 1304 5572 dentibus
1335 5530 1450 5573 omnem
1474 5517 1657 5589 scrupulum.
1691 5512 1862 5591 indigentia
