3818 6008
1812 241 1862 294 ³00

117 242 169 296 299
563 240 593 295 V.
613 237 778 296 obturari
798 237 946 295 ABBATIS
963 238 993 295 S.
1013 239 1134 294 tituta
1154 239 1198 295 ut:
1218 237 1416 295 ttovtutturo

116 379 217 444 inquit,
238 375 345 431 domim
366 376 484 430 nostro?
503 374 546 428 ret
569 373 638 440 quid
657 373 729 443 justi
744 377 895 444 potuimus
916 372 960 426 oti.
978 372 1209 430 acinationibus
1222 387 1285 429 eam
1305 374 1415 445 genuit,
1432 372 1491 443 spei
1514 372 1601 430 solius
1616 373 1720 430 divinae
1743 382 1864 444 presto-

118 464 249 520 tendere?
268 465 340 518 Deus
359 466 464 516 incenit
486 465 661 528 iniquitatem
683 466 960 528 sempronianum
1017 462 1104 530 latur,
1120 471 1147 517 et
1166 462 1285 518 intendit
1302 461 1438 518 lrurtum.

117 567 151 608 en
164 566 254 607 ornnes
276 554 348 606 serni
367 553 409 604 tui
431 564 526 603 sumus
550 555 576 604 et
598 564 657 612 nos,
680 554 706 604 et
726 549 802 619 apud
823 564 901 615 quem
917 552 962 601 in·
1052 550 1139 605 Vens.
1155 552 1200 603 21.
1216 578 1250 590 -
1268 550 1375 603 Dixisti
1397 552 1481 604 seruis
1504 551 1576 603 tuis:
1593 548 1730 604 Addueite
1746 566 1806 604 eum
1827 549 1864 603 ad

116 644 213 695 uentus
238 642 278 693 est
303 639 431 707 scyphus.
457 640 498 692 Ac
522 637 545 692 si
566 637 642 693 dicat
658 653 664 690 :
681 637 753 694 Cum
781 638 841 693 vita
865 644 963 693 nostra
1017 652 1065 698 me,
1081 642 1217 707 etponam
1232 639 1319 691 oculos
1339 652 1409 691 meos
1432 653 1513 706 super
1529 652 1598 690 eum.
1626 636 1698 691 Dreit
1722 645 1753 692 ut
1768 638 1864 693 addu-

116 726 216 797 lapsus
233 733 261 781 et
285 727 402 780 tentatio
428 725 463 780 sit
485 737 572 794 super
598 732 714 789 terram,
740 738 828 795 quam
852 725 909 779 lieo
928 724 963 779 de
1017 731 1100 779 catur
1115 722 1150 778 ad
1165 736 1203 790 se,
1224 737 1291 778 cum
1320 723 1479 779 intellectus
1499 738 1577 792 spem
1603 725 1719 793 provebi
1746 725 1865 781 mandat

116 814 200 870 nobis
229 813 386 883 poterimus
428 813 531 868 inlerre
562 813 728 868 excusando
760 811 963 868 seutentiam?
1018 822 1068 878 per
1092 809 1296 880 cogitationum
1321 825 1469 880 processus
1489 811 1524 865 ad
1544 825 1661 866 sensum
1685 813 1865 883 contempla-

116 901 192 957 Deus
222 914 287 955 cum
324 900 475 969 praesentia
501 899 658 955 universali
687 907 778 956 totum
806 899 961 969 pervideat,
1017 896 1102 952 tionis
1119 911 1248 952 summae.
1274 898 1355 953 Ponit
1377 898 1474 953 oculos
1499 911 1584 967 super
1599 913 1675 965 num,
1697 913 1763 955 cum
1780 899 1864 955 intel·

116 989 202 1045 etiam
218 1002 268 1057 per
281 987 472 1043 illuminatam
489 987 721 1043 adserationem
738 1000 870 1058 quasque
886 1002 964 1044 men·
1017 982 1188 1040 lectualibus
1212 986 1419 1041 intentionibus
1444 986 1533 1055 ipsius
1556 987 1615 1055 spei
1639 987 1762 1057 protegit
1785 988 1865 1043 desi·
1904 1021 1905 1025 =

117 1076 153 1132 tis
180 1075 327 1146 nequitias
352 1078 502 1145 perspicue
528 1075 690 1146 investigat.
716 1077 778 1131 iam
803 1085 830 1131 et
850 1091 911 1144 nos,
936 1085 963 1134 et
1017 1071 1129 1127 derium
1144 1072 1240 1142 (Vens.
1263 1075 1321 1140 ιι.)
1347 1074 1538 1141 Suppereimus
1566 1074 1673 1128 dominc
1699 1089 1778 1128 meo:
1804 1077 1865 1129 Nori

117 1163 288 1233 arrogauiiae
302 1175 384 1219 reum
399 1150 534 1218 servituti
543 1163 653 1218 timoris
668 1163 745 1232 apud
762 1162 963 1219 intellectuali·
1014 1165 1103 1230 potest
1115 1176 1184 1230 puer
1195 1162 1347 1231 relinquere
1361 1169 1466 1230 patrem
1482 1177 1580 1227 suum3
1597 1164 1621 1215 si
1640 1165 1711 1215 euim
1727 1163 1803 1216 iilum
1818 1163 1863 1216 di-

116 1259 203 1307 talem
236 1259 316 1307 tuam
349 1248 482 1316 addicito,
521 1264 556 1306 ne
592 1257 684 1305 status
719 1249 808 1305 animi
844 1264 963 1319 prorsus
1016 1250 1130 1316 miserit,
1144 1251 1282 1303 morietur.
1300 1248 1641 1305 Teneritudinisinternae
1654 1250 1864 1305 motusanimae
1903 1312 1906 1320 ⁴

116 1337 228 1394 decidat
249 1337 375 1394 facinore
394 1339 520 1406 repetito.
549 1337 636 1407 (vers,
666 1336 720 1408 17.)
743 1338 892 1407 Respondit
913 1341 963 1393 Jo-
1016 1336 1124 1391 conscii
1137 1338 1286 1404 rationem,
1304 1351 1369 1408 quae
1384 1336 1563 1392 adbucinter
1575 1337 1704 1392 bumana
1718 1345 1862 1405 versatur,

116 1426 203 1497 sepb:
220 1426 322 1481 absita
343 1440 385 1480 me
408 1430 439 1479 ut
459 1429 498 1479 sic
520 1427 620 1492 aqam!
641 1423 694 1490 Qui
713 1425 825 1492 furatus
845 1431 884 1480 est
905 1442 963 1496 scy-
1017 1437 1095 1493 spem
1117 1438 1175 1479 non
1201 1438 1280 1494 posse
1303 1425 1466 1494 relinquere
1483 1423 1642 1494 perbibent,
1665 1438 1731 1493 quaa
1755 1424 1792 1479 ob
1818 1425 1863 1479 sui

112 1514 210 1584 plnum,
230 1517 288 1582 ipse
311 1515 348 1568 sit
369 1528 463 1568 seruus
482 1527 577 1576 meus:
598 1527 644 1567 ros
668 1517 767 1575 antem,
793 1513 866 1567 abite
885 1514 963 1568 liberi
1017 1510 1169 1577 pueritiam
1185 1511 1284 1567 utendi
1305 1511 1395 1566 solido
1421 1511 1648 1580 speculationum
1665 1510 1729 1566 cibo
1752 1511 1864 1567 viribus

116 1600 154 1655 ad
164 1605 272 1671 patrem
292 1605 411 1655 oestrum
432 1600 506 1667 Nou,
531 1600 635 1670 iuquit,
656 1600 768 1671 justum
789 1607 842 1666 est,
868 1607 899 1656 ut
918 1602 961 1656 in·
1017 1605 1104 1653 caret.
1135 1597 1162 1653 st
1192 1599 1268 1654 enim
1296 1599 1449 1654 mediocria
1474 1599 1623 1666 dimiserit,
1649 1607 1677 1654 et
1704 1613 1733 1654 se
1759 1613 1864 1669 super-

115 1701 223 1744 noccus
251 1687 375 1759 quisque
398 1687 486 1743 animi
511 1687 538 1742 in
562 1687 691 1757 qualibet
716 1688 823 1744 virtute
845 1687 964 1744 allectus
1016 1687 1185 1753 extenderit,
1203 1686 1285 1757 quasi
1315 1695 1428 1742 mortua
1456 1700 1489 1741 ac
1516 1695 1620 1742 neutra
1644 1687 1704 1757 jam
1725 1688 1861 1758 assurgit.

116 1775 389 1846 puniatur,sedille
409 1776 456 1832 cui
478 1774 620 1845 superbiae
642 1775 753 1831 loeditas
779 1775 902 1844 inhesit,
919 1778 965 1833 de
1017 1772 1243 1845 (Vanam-Si,
1260 1774 1364 1844 inquit,
1396 1778 1561 1829 nonuenerit
1582 1777 1771 1840 fraternester
1786 1778 1864 1828 mirri-

115 1862 182 1919 bite
197 1862 369 1919 humilitatis
380 1863 452 1934 jugo
469 1862 623 1941 plectatur3
641 1877 691 1918 vos
708 1864 805 1932 itaque
820 1862 963 1921 immunes
1016 1877 1086 1927 mus,
1108 1862 1255 1928 nobiscum,
1275 1876 1329 1915 aon
1349 1862 1476 1916 uidebitis
1501 1864 1618 1931 amptius
1646 1866 1744 1928 sociem
1767 1880 1862 1928 meam,

116 1964 133 2006 a
147 1951 243 2022 culpa,
258 1950 465 2022 prosequimini
488 1957 586 2019 coeptae
612 1948 814 2007 rationalitatis
828 1966 893 2022 quae
909 1968 962 2009 vn·
1017 1948 1045 2003 id
1061 1955 1103 2004 est
1118 1949 1172 2004 nisi
1188 1963 1277 2019 spem,
1294 1964 1360 2020 quae
1375 1950 1457 2006 vobis
1482 1950 1518 2006 ad
1533 1951 1623 2006 Deum
1649 1964 1698 2020 pes
1720 1951 1864 2007 subtiliter

115 2037 159 2094 bis
174 2040 371 2108 patrocinatur
386 2037 517 2109 vestigia.
1017 2036 1167 2106 gradiendi
1191 2051 1252 2092 esse
1271 2037 1363 2101 debet,
1389 2039 1519 2093 comitem
1542 2038 1759 2107 contemplando
1782 2039 1864 2094 vobis

1017 2123 1186 2192 asciveritis,
1210 2124 1341 2180 notitiam
1366 2125 1430 2193 mei,
1452 2140 1517 2195 quae
1542 2126 1611 2181 lacie
1635 2126 1816 2196 designatur,
1835 2127 1862 2182 id

152 2169 235 2226 vm·
255 2167 297 2223 ¹8·
316 2197 347 2208 “
363 2167 501 2223 mmm
513 2173 605 2222 amem
623 2173 740 2237 mmm
758 2170 855 2231 πίω
877 2174 964 2240 ⁶⁰”fi'
1016 2218 1058 2267 est
1072 2213 1278 2281 experientiam
1292 2213 1401 2267 decoris
1417 2213 1518 2280 intimi,
1533 2227 1685 2282 nunquam
1701 2215 1860 2270 secundum

116 2257 210 2312 denter
218 2262 259 2311 ait
274 2272 282 2312 ι
299 2257 361 2318 Oro,
373 2256 480 2311 domine
494 2260 541 2318 mi,
564 2258 694 2323 loquatur
707 2273 801 2313 seruus
820 2263 884 2312 tuus
901 2275 962 2313 oer-

116 2345 179 2399 bum
206 2349 235 2399 in
263 2344 377 2399 nuribus
404 2349 469 2410 tuis,
494 2349 520 2399 et
547 2361 580 2399 ne
605 2349 734 2399 irascaris
769 2347 872 2413 famulo
906 2351 962 2402 tuo.

114 2433 203 2489 ludas
226 2431 347 2503 propius
369 2431 487 2495 aceedit,
516 2445 582 2488 cum
604 2433 641 2487 ad
667 2434 743 2503 ipsas
764 2447 914 2504 compages
937 2441 965 2489 et

116 2520 257 2576 medullas
276 2519 483 2590 cogitationum
506 2526 533 2575 ot
556 2520 759 2588 intentionum,
786 2535 835 2590 per
857 2520 965 2576 conles-

115 2607 224 2664 sionem
254 2607 433 2676 retegendas,
466 2607 571 2663 mentis
594 2607 689 2663 virtus
708 2608 816 2664 intrare
844 2610 962 2680 satagit;

115 2693 194 2752 uude
209 2700 236 2749 et
250 2707 287 2749 ex
302 2692 363 2762 ipsa
379 2693 503 2763 puritate
522 2692 657 2750 fidentius
679 2709 778 2765 agens,
802 2696 894 2766 ipsam
917 2699 960 2752 iu-

117 2780 339 2838 tellectualitatis
363 2793 519 2846 summam,
554 2781 598 2836 bis
634 2795 691 2838 nou
723 2789 782 2838 tam
817 2783 962 2853 abatibus,

116 2884 205 2941 quam
220 2868 368 2926 ellectibus
380 2871 523 2925 convenit.
546 2868 629 2937 Quia,
654 2870 760 2940 iuquit,
783 2873 897 2941 speciali
920 2888 965 2929 ca·

115 2957 236 3028 pacitate
256 2956 413 3014 coelestium
437 2955 548 3012 cunctis
572 2957 671 3014 merito
695 2958 814 3015 internis
837 2960 962 3018 motibus

115 3045 284 3113 dominaris,
308 3045 422 3115 pietatis
444 3044 574 3113 allectus,
599 3046 651 3116 qui
674 3047 732 3103 tuis
757 3047 880 3104 deservit
902 3049 961 3104 old-

115 3133 176 3201 ciis,
194 3133 264 3188 illud
289 3131 420 3200 verbum,
443 3147 501 3189 uon
522 3133 698 3203 elementale,
720 3149 778 3192 non
801 3136 959 3206 spirituale,

115 3222 163 3278 sed
180 3221 381 3289 intellectuale,
403 3235 462 3291 quo
476 3218 584 3276 lalsitas
608 3221 701 3278 locum
728 3224 902 3292 nonhabet,
926 3225 962 3282 lo

115 3316 224 3379 quatur
240 3308 269 3363 in
285 3308 482 3378 intelligentia
495 3316 551 3364 tuae
565 3310 774 3381 penetralibus3
801 3321 832 3368 ut
854 3313 962 3369 scilicet

82 3388 88 3397 ’
114 3398 178 3467 ejus
191 3396 354 3452 verificetur
369 3396 551 3458 desiderium.
568 3405 600 3454 ut
614 3397 654 3453 sic
670 3407 695 3455 te
710 3399 815 3469 illapsu
837 3401 960 3457 assiduae

114 3483 274 3542 dulcedinis
302 3484 497 3554 praesentiscat
519 3486 571 3540 sibi
597 3486 779 3554 benevolum,
810 3497 841 3545 ut
862 3490 887 3544 si
908 3489 959 3546 tibi

17 3618 23 3630 .
115 3572 176 3629 deri
191 3571 518 3643 gratuleturlamulum.
542 3573 636 3643 (Vnus.
664 3577 719 3643 ta.)
747 3577 787 3630 Tu
806 3580 877 3632 enim
895 3584 960 3647 post

112 3659 281 3715 Pharaonem
310 3660 441 3714 Dominus
469 3674 554 3716 meus.
583 3661 737 3732 Postquam
764 3677 833 3719 saue
864 3665 961 3722 diabo-

1017 2299 1183 2369 ampliorem
1201 2300 1411 2370 proficientium
1428 2309 1534 2356 statum
1550 2301 1705 2372 attingetis.

1052 2386 1141 2443 Vutts.
1161 2387 1195 2440 at
1210 2417 1243 2428 ·-
1267 2389 1332 2444 Cum
1348 2403 1409 2455 ergo
1433 2390 1644 2443 ascendissemus
1666 2389 1703 2442 ad
1725 2390 1861 2455 {amulum

1017 2478 1092 2529 tuum
1113 2481 1220 2544 patrem
1242 2481 1375 2545 nostrum,
1395 2481 1568 2531 narravimus
1592 2480 1617 2530 ei
1637 2481 1726 2531 omnia
1748 2479 1861 2547 quaelo-

1016 2569 1093 2618 cutus
1107 2567 1146 2618 est
1165 2564 1290 2618 dominus
1314 2579 1396 2618 meus.
1414 2565 1579 2620 ascendunt
1602 2565 1637 2620 atl
1657 2573 1778 2634 patrem,
1795 2581 1860 2621 cum

1016 2651 1203 2722 cogitationes
1217 2652 1251 2706 de
1271 2651 1394 2722 singulis
1408 2666 1470 2708 eam
1494 2652 1679 2719 consulturae,
1695 2666 1781 2708 suurn
1798 2666 1863 2721 pro-

1016 2737 1088 2795 lecto
1111 2739 1254 2808 superius,
1278 2747 1417 2809 expetunt
1439 2739 1586 2795 rationem.
1603 2739 1707 2795 Omnia
1729 2754 1794 2809 quae
1809 2741 1863 2795 do-

1017 2825 1114 2882 minus
1130 2826 1175 2883 ille
1189 2825 1319 2897 loquitur
1335 2827 1387 2882 sibi
1408 2835 1538 2895 narrant,
1556 2841 1622 2883 cum
1635 2841 1669 2882 ea
1682 2841 1747 2896 quae
1765 2829 1799 2883 de
1815 2829 1863 2882 in-

983 2913 1231 2978 ctellectualitate
1253 2914 1371 2984 capiunt
1392 2915 1595 2970 mediocritatis
1620 2915 1741 2985 proprie
1764 2930 1863 2985 respe-

1017 3009 1075 3066 ctu,
1100 3016 1165 3059 cum
1187 3002 1246 3072 ipsa
1267 3002 1379 3058 ratione
1402 3017 1439 3057 au
1469 3003 1525 3058 sint
1545 3003 1741 3074 aggredienda
1764 3003 1862 3060 discu-

1017 3090 1103 3145 tiunt.
1128 3089 1291 3146 intellectus
1315 3100 1411 3147 autem
1445 3091 1579 3147 dominus
1607 3100 1649 3146 est
1676 3093 1805 3158 rationis,
1833 3093 1862 3148 in

1017 3184 1160 3247 quantum
1178 3177 1225 3233 ille
1239 3178 1274 3232 de
1295 3178 1468 3242 celestibus,
1487 3180 1539 3234 ista
1554 3179 1681 3248 disputat
1705 3180 1739 3235 de
1755 3180 1863 3235 buma-

1016 3265 1071 3320 uls.
1094 3265 1191 3334 (Vltus
1223 3266 1278 3334 25.)
1307 3269 1378 3320 llicit
1398 3271 1478 3336 pater
1507 3273 1618 3321 noster:
1643 3269 1862 3322 Reuertimt'niet
1890 3271 1892 3274 ’

1015 3355 1094 3406 emite
1108 3353 1185 3407 nobis
1197 3369 1297 3422 param
1312 3356 1405 3408 tritici.
1423 3355 1535 3410 Reverti
1553 3362 1633 3424 pater
1652 3362 1684 3410 ut
1699 3362 1796 3411 emant
1812 3355 1860 3411 tri·

1015 3439 1103 3497 ticum
1126 3439 1255 3510 imperat,
1282 3441 1352 3497 dum
1375 3442 1411 3497 ab
1436 3442 1538 3497 altiora
1567 3442 1752 3512 aggrediendi
1766 3442 1861 3498 studio

1015 3535 1189 3583 revocantur
1204 3529 1288 3584 nimis
1318 3529 1447 3586 bumana
1467 3529 1636 3585 discretione
1651 3531 1733 3599 quasi
1749 3530 1783 3584 ad
1801 3544 1861 3585 nto-

1015 3613 1095 3682 dum,
1111 3621 1143 3669 ut
1165 3614 1271 3671 divinae
1290 3616 1472 3685 aspirationis
1492 3616 1555 3670 ildei
1579 3616 1678 3671 saltem
1695 3617 1784 3686 pretio
1799 3618 1860 3672 erti-

1016 3708 1084 3772 gant
1101 3700 1252 3771 pabulum,
1268 3710 1296 3760 et
1308 3704 1361 3759 boc
1375 3718 1478 3773 parurn
1504 3711 1535 3759 ut
1550 3703 1655 3758 scilieet
1675 3704 1755 3759 illum
1780 3719 1861 3759 asse-

113 3746 185 3815 lum,
201 3754 252 3803 aut
270 3745 469 3816 dissipatorem
491 3746 559 3803 boni
579 3749 737 3818 appetitum
761 3750 884 3820 deserui,
909 3760 959 3811 tuo

114 3842 159 3884 mo
173 3829 484 3886 domimowmmdidi·
1015 3797 1155 3859 quantur,
1199 3805 1285 3861 quem
1332 3792 1488 3862 praelerunt
1525 3791 1625 3861 tepidae
1665 3794 1860 3861 temperantiae

1016 3877 1150 3947 gradum.

149 3961 230 4017 vens.
247 3962 291 4014 20.
305 3961 623 4033 -lnterroqastiprius
645 3979 736 4020 seruos
760 3969 829 4029 tuos,
853 3967 959 4023 iubetis
1050 3964 1136 4020 Vuus.
1153 3967 1187 4020 id
1201 3994 1235 4007 -
1260 3969 1311 4023 dui
1332 3968 1471 4022 dicimus:
1487 3969 1529 4022 lre
1553 3983 1606 4021 non
1624 3981 1778 4037 possumus,
1805 3971 1862 4022 nisi

109 4048 218 4115 patrem
233 4046 283 4098 out
304 4045 443 4110 fratrom?
463 4049 489 4098 et
509 4060 558 4100 nos
578 4048 768 4117 respondimus
791 4051 841 4105 tibi
861 4050 958 4106 domno
1013 4053 1104 4118 frater
1126 4059 1216 4108 noster
1244 4055 1389 4109 descendat
1413 4056 1569 4110 nobiscum:
1591 4058 1794 4126 proficiscemur
1819 4058 1860 4110 si-

112 4135 223 4186 nestra:
240 4132 290 4185 Est
310 4130 387 4186 nobis
404 4137 485 4202 pater
507 4148 598 4202 senen,
617 4140 642 4190 et
662 4151 735 4205 puer
753 4138 891 4207 paruulus
911 4145 959 4205 qut
1015 4141 1071 4193 mul
1082 4156 1089 4206 ;
1101 4141 1224 4210 alioquin
1237 4143 1283 4197 iiio
1298 4144 1415 4211 absorte,
1431 4159 1484 4197 non
1498 4144 1628 4198 audemus
1645 4144 1737 4197 uidere
1760 4147 1860 4210 faciem

112 4220 142 4273 in
156 4223 291 4273 senectute
306 4219 381 4272 itlius
396 4225 542 4276 natusest.
560 4221 635 4278 Bene
659 4237 761 4294 nempe
785 4238 870 4296 agere
898 4241 960 4297 pro
977 4230 1077 4310 Daiei.
1094 4229 1135 4285 lta
1150 4243 1179 4285 sc
1194 4245 1251 4286 non
1270 4245 1351 4300 posse
1376 4231 1557 4302 respondent,
1585 4233 1640 4287 nisi
1663 4232 1750 4288 irater
1771 4232 1860 4287 mini-

113 4302 294 4370 pouentibus,
326 4319 412 4375 quem
441 4308 613 4377 paternitate
644 4316 716 4365 too
741 4312 867 4369 interiori
897 4329 960 4370 ceu·
1014 4329 1080 4372 mus
1095 4317 1256 4385 descendat,
1276 4320 1346 4390 quia
1360 4328 1454 4375 motus
1470 4319 1573 4376 interni
1588 4334 1624 4376 ex
1635 4321 1733 4375 eadem
1749 4320 1860 4377 ratione

112 4402 239 4446 seramus
254 4398 351 4448 nostra
365 4393 467 4450 donari
488 4402 520 4452 tu
543 4397 654 4454 ratione
676 4399 830 4470 interprete
845 4416 862 4457 a
876 4403 960 4463 nobis
1013 4403 1172 4475 colligendo
1185 4406 1323 4475 relerunt,
1340 4422 1369 4463 se
1389 4408 1511 4465 interius
1530 4422 1586 4463 non
1603 4422 1685 4478 posse
1709 4408 1791 4477 plene
1807 4408 1860 4463 de-

112 4478 251 4545 quaesisti,
279 4483 305 4532 et
331 4495 381 4534 nos
409 4482 608 4551 respondimus,
639 4485 789 4553 rationem,
823 4493 959 4559 quamvis
1013 4491 1134 4548 siderari
1154 4494 1231 4549 retici
1264 4495 1417 4566 (proficisci
1441 4497 1518 4552 euim
1546 4494 1679 4552 affectare
1702 4495 1856 4566 signifieat)

111 4573 217 4658 mtrem,
231 4568 260 4616 et
276 4560 398 4618 delectui
413 4565 550 4621 acclinem
567 4567 638 4623 velle
658 4569 812 4640 suscipere,
838 4579 866 4628 et
888 4576 958 4644 quia
1012 4578 1065 4635 nisi
1082 4580 1138 4649 spei
1155 4579 1261 4637 divinae
1276 4583 1395 4639 adnisus
1409 4598 1444 4640 ex
1464 4584 1517 4639 boc
1543 4583 1579 4638 ad
1604 4597 1709 4652 supera
1724 4583 1860 4639 alacriter

111 4656 291 4745 antiquatur,
315 4657 343 4706 et
364 4651 493 4708 interitui
516 4653 572 4709 nisi
599 4669 649 4725 per
673 4663 698 4712 tc
724 4658 875 4718 reviviscat
896 4676 958 4732 pro·
1012 4666 1167 4737 erigendus
1199 4669 1234 4724 ab
1265 4669 1343 4725 omni
1376 4671 1532 4726 ambitione
1559 4677 1671 4727 terrena
1693 4671 1857 4727 descendat.

110 4749 253 4806 pinquare
268 4738 393 4805 videtur,
408 4751 487 4808 spem
501 4740 597 4798 adbuc
609 4751 736 4800 teneram
747 4754 774 4803 et
785 4748 957 4808 imbecillam
1012 4755 1080 4810 lude
1093 4755 1178 4811 simul
1203 4756 1433 4826 proficiscuntur,
1450 4774 1517 4816 curn
1538 4766 1565 4814 ct
1587 4759 1766 4815 rationaliter
1780 4759 1860 4815 viri-

111 4835 163 4892 pro
174 4825 218 4880 sui
234 4824 335 4880 merito
352 4825 458 4882 babere
478 4828 598 4897 cogitur.
618 4831 703 4899 cnjus
724 4839 848 4891 uterinus
868 4839 958 4903 (roten
1012 4849 1069 4908 tur,
1085 4849 1114 4898 et
1127 4857 1185 4898 non
1199 4845 1254 4899 nisi
1270 4847 1347 4915 quod
1363 4848 1496 4918 congruit
1521 4848 1610 4903 beate
1625 4847 1777 4904 aeternitati
1792 4861 1860 4917 spe·

110 4917 150 4966 est
163 4916 297 4975 mortuus,
312 4917 338 4967 et
350 4916 439 4982 ipsum
451 4916 537 4971 solum
553 4917 732 4975 bedeimater
745 4938 805 4977 sua.
829 4926 957 4983 Uterinns
1012 4935 1102 4985 ratur.
1119 4930 1170 4986 llio
1195 4931 1312 4989 absente
1332 4933 1433 4990 taciem
1454 4935 1508 4991 viri
1533 4936 1630 4991 vidore
1655 4949 1713 4991 nou
1738 4935 1860 5005 audent,

110 5000 200 5066 frater
227 5002 359 5068 moritur,
386 5016 452 5057 cum
476 5003 505 5058 in
532 5014 635 5074 mente,
665 5023 731 5078 quar
752 5012 812 5080 spei
836 5014 957 5084 geminae
1012 5016 1082 5087 quia
1103 5018 1211 5088 quibus
1238 5019 1344 5076 fiducia
1374 5023 1522 5092 sperandae
1554 5022 1740 5078 beatitudinis
1770 5023 1858 5090 deest,

110 5092 267 5183 materest,
288 5089 347 5157 spei
373 5090 489 5145 omnino
514 5094 669 5150 mundanae
694 5095 815 5153 interius
837 5098 958 5157 allectus
1012 5105 1138 5173 aspirare
1164 5107 1200 5162 ad
1227 5108 1359 5164 notitiam
1393 5110 1642 5181 contemplationis
1672 5112 1860 5168 temerarium

109 5173 316 5242 exstinguitur.
335 5176 418 5232 lllutn
434 5177 516 5234 babet
533 5182 621 5236 sotum
633 5188 796 5247 matresua,
816 5201 883 5243 eum
896 5190 956 5260 spei
1010 5193 1098 5249 nimis
1109 5202 1160 5250 est.

109 5272 243 5330 superum
257 5263 369 5321 cultam
385 5266 470 5323 unice
486 5268 561 5326 lovet
574 5284 664 5338 mens,
681 5271 726 5327 vel
742 5274 837 5341 potius
852 5275 956 5332 volun·
1046 5280 1132 5338 Vens·
1148 5282 1193 5351 al,
1209 5286 1254 5352 28,
1269 5287 1312 5339 aa.
1329 5313 1363 5324 -
1378 5285 1426 5340 Ad
1440 5301 1500 5354 que
1520 5287 1679 5355 respondit:
1707 5287 1759 5342 Vos
1782 5289 1860 5344 scitia

110 5353 154 5446 tas
167 5349 270 5443 tuentis
282 5350 366 5406 bona.
390 5354 474 5409 Pater
492 5371 555 5410 uero
578 5359 657 5411 unice
676 5359 768 5426 diligit
790 5376 860 5425 eum,
885 5366 955 5435 quia
1010 5370 1083 5437 quod
1099 5370 1166 5425 daos
1178 5375 1298 5439 genuerit
1312 5374 1382 5426 milii
1394 5389 1465 5427 uror
1480 5388 1550 5428 mea.
1567 5376 1700 5442 Epressus
1715 5381 1753 5429 esi
1768 5389 1858 5442 unus,

107 5442 228 5503 spiritus
243 5445 346 5504 noster,
365 5440 415 5510 qui
431 5443 515 5511 quasi
531 5443 649 5513 quidam
670 5446 733 5515 ejtts
748 5456 848 5505 auctor
871 5452 954 5508 ratio·
1009 5460 1035 5509 et
1050 5455 1181 5511 dumus:
1206 5460 1296 5514 Restm
1312 5461 1452 5515 desueuit
1467 5477 1541 5526 cum;
1568 5468 1594 5516 rt
1618 5463 1669 5516 luc
1691 5477 1778 5533 usque
1805 5478 1860 5517 non
