3794 6008
297 263 524 321 TROPOLOGIAE
542 265 576 320 Ill
595 265 695 334 OSEE,
714 267 806 323 AHOS
826 269 869 323 et
888 267 961 322 teti.
976 295 1006 308 -
1022 266 1089 322 tte.
1114 267 1159 322 tt.
1181 267 1217 323 ΙΝ
1236 266 1338 323 titos.
1641 269 1692 323 idi

69 400 99 455 in
130 400 178 455 eis.
211 422 222 446 ι
257 402 405 468 Pauperem
436 400 544 470 diripit,
579 402 631 471 crui
664 417 681 456 a
716 403 791 458 bona
809 403 912 459 deum
929 402 1094 460 neusciam
1112 402 1142 457 in
1168 402 1230 471 ipsa
1250 402 1359 459 enormi
1389 401 1553 458 dilatatione
1581 401 1691 457 animo·
1719 466 1722 470 ,

52 501 99 544 tue
123 487 289 558 quempiam
312 488 430 558 dissipat
461 497 488 545 et
512 490 639 545 abducit.
669 492 792 546 Praedam

70 577 105 631 ab
128 594 156 631 eo
177 577 264 642 tollit,
291 577 342 647 qui
363 577 441 646 qnod
457 578 610 647 pretiosius
632 584 659 633 et
673 577 792 635 electius

52 664 117 720 aine
144 672 195 733 est,
225 665 389 736 spiritualia
424 664 524 735 utique
554 666 629 722 bona
653 665 793 735 {perversa

52 752 139 809 tlioue
162 754 313 810 subvertit.
344 757 437 808 Douros
466 754 574 823 quadro
590 755 683 822 lupide
697 754 790 810 aedili-

52 857 108 899 :um
131 842 289 898 virtutibus
313 842 487 898 immutilata
513 844 595 913 quasi
623 843 792 899 auctoritate

52 931 144 988 itibus
180 931 370 987 conscientias
402 944 471 986 suas
507 930 633 986 eminere
671 931 792 987 denton-

78 1019 125 1076 sed
151 1021 180 1073 iu
207 1022 245 1073 eis
273 1035 325 1074 ooo
354 1018 493 1085 babitant,
528 1018 599 1089 qaia
632 1020 660 1074 in
690 1033 791 1075 earum

53 1121 81 1177 u,
112 1110 168 1163 Deo
200 1122 299 1163 eurum
335 1107 404 1162 vitia
430 1107 583 1170 reuelante.
615 1107 700 1164 nimis
727 1122 790 1178 per-

52 1195 86 1252 ric
98 1202 292 1266 perseverant.

52 1299 65 1338 t.
92 1287 133 1338 ta.
157 1307 216 1332 -ι
242 1284 348 1341 Vineae
376 1284 590 1341 amantissimas
613 1284 790 1355 plantabitis,

52 1388 74 1428 n
94 1371 197 1429 bibetis
213 1371 314 1428 viuum
332 1386 443 1438 earum,
460 1373 530 1443 quia
554 1373 675 1442 cognovi
701 1373 792 1429 inulta

52 1475 94 1518 era
114 1469 218 1526 vestra,
240 1468 267 1516 et
291 1460 374 1516 tortia
395 1469 509 1529 peccata
533 1469 667 1517 vestra.»
695 1464 791 1516 Virrius

52 1548 146 1602 aimus
171 1545 313 1615 plantant,
332 1559 399 1601 cum
420 1545 583 1615 spiritualia
607 1545 683 1602 bona
701 1547 790 1602 mira·

52 1634 187 1700 laenitate,
220 1641 248 1688 et
281 1634 374 1690 multa
404 1633 564 1690 ridentium
597 1634 791 1705 gratulatione

52 1732 115 1779 ant.
143 1723 197 1780 Sed
228 1726 323 1778 vinum
354 1739 446 1778 eurum
478 1739 531 1777 nort
566 1723 681 1789 bibunt,
719 1724 788 1780 dunt

52 1810 211 1880 spiritualis
225 1811 364 1868 mercedis
379 1811 515 1868 exteriori
546 1810 647 1867 intenti
667 1813 792 1869 retribu-

52 1912 103 1955 ese
128 1899 270 1956 redcinnt.
296 1902 387 1956 Multo
406 1903 506 1957 seelera
519 1916 622 1958 eorum
636 1902 791 1973 cognoscit,

52 1987 189 2044 nimirum
216 1988 309 2059 plura,
342 1997 450 2060 quanto
481 1990 649 2056 occultiora,
679 1997 707 2047 et
734 2004 791 2059 quo

52 2089 111 2142 ara,
132 2091 164 2134 eo
186 2077 436 2150 incorrigibiliora.
463 2081 577 2133 Peccata
599 2093 699 2135 eorum
725 2087 793 2134 sunt

52 2165 115 2235 ruia
138 2164 301 2235 spiritualia
325 2166 463 2222 nimirum
487 2166 562 2222 sicut
583 2167 613 2222 in
637 2166 718 2222 nullo
737 2181 793 2235 pu-

52 2256 85 2309 lta
109 2263 136 2310 et
157 2254 324 2310 correctioni
349 2254 520 2325 nentiquam
543 2255 679 2324 patentia.
700 2278 709 2301 α
733 2255 792 2310 llo-

57 2341 113 2398 usti
138 2341 309 2410 accipientes
325 2355 432 2397 munus
446 2350 473 2398 et
490 2356 630 2412 pauperes
654 2342 683 2397 in
710 2350 792 2412 perta

52 2429 205 2486 luentes.»
231 2432 326 2485 Hostes
342 2431 425 2498 justi,
445 2431 475 2483 td
497 2435 537 2486 est
562 2430 682 2499 justitiae
708 2439 790 2494 sunt,

52 2530 145 2574 nunus
168 2518 301 2573 adittore
323 2518 469 2587 accipiunt
488 2519 636 2575 etidcirco
657 2534 792 2590 pauperes

52 2621 76 2671 a,
92 2604 121 2661 td
139 2612 182 2661 est
194 2605 304 2675 judicio
320 2607 496 2676 deprimunt.

52 2709 64 2750 t.
84 2697 126 2763 ¹3.-
142 2724 177 2733 -
194 2716 204 2742 ι
223 2694 287 2750 ldeo
309 2695 437 2763 prudens
453 2695 482 2751 in
498 2703 624 2766 tempore
643 2695 690 2751 illo
713 2704 792 2753 tace-

52 2782 121 2854 quia
142 2790 256 2852 tempus
281 2783 389 2840 matum
415 2791 466 2841 est.
491 2807 501 2832 e
526 2785 648 2840 Prudens
673 2787 701 2839 iu
726 2790 791 2839 tem·

52 2872 68 2926 b
92 2877 183 2927 ιεεειε
199 2872 328 2942 jubetur,
347 2872 416 2942 qnia
441 2873 470 2928 in
495 2873 631 2930 salicibus
655 2874 685 2928 in
701 2873 793 2930 medio

847 505 924 553 rum,
941 505 1008 560 duaa
1021 492 1154 562 signatur
1171 491 1286 547 tramine
1311 488 1481 559 platearum,
1499 489 1548 545 sed
1570 489 1692 546 inomni

847 578 987 634 forinseca
1020 579 1271 635 administratione
1307 578 1423 635 miseria
1450 578 1607 635 accersitur
1636 579 1692 648 (vel

847 667 1075 738 congeminatur)
1114 667 1277 723 animarum
1308 675 1336 722 et
1370 680 1532 736 corporum.
1562 667 1694 737 Agricola

847 756 885 810 cd
907 758 1007 811 luctum
1030 763 1159 821 vocatur,
1188 770 1256 812 cum
1284 754 1406 825 quilibet
1433 755 1612 825 praedicator,
1645 757 1693 812 eni

848 845 987 901 mentium
1008 845 1103 901 votiva
1117 844 1232 900 cultura
1245 844 1433 915 dignoscitur,
1450 843 1513 899 dira
1533 857 1620 913 super
1640 842 1694 899 ob·

848 934 967 990 duratos
989 933 1184 1004 compassione
1207 940 1349 989 movetur.
1375 931 1430 1000 Qui
1455 935 1544 987 sciunt
1565 933 1694 1002 plangere

847 1031 988 1079 vocantur
1002 1023 1040 1077 ud
1053 1024 1203 1091 planctum,
1220 1036 1286 1077 cum
1303 1022 1342 1088 bi,
1359 1022 1466 1092 quibus
1488 1035 1506 1076 a
1525 1022 1582 1077 Deo
1604 1022 1694 1092 pietas

847 1111 1000 1177 estinsita,
1026 1112 1062 1167 ad
1090 1110 1217 1166 alienum
1246 1109 1447 1166 miserabiliter
1474 1108 1695 1179 illacrymantur

846 1198 978 1254 exitium.
1006 1201 1039 1253 lu
1066 1200 1119 1252 ciis
1144 1211 1261 1268 qaoque
1284 1204 1326 1253 est
1350 1197 1487 1266 planctus,
1517 1198 1547 1250 io
1571 1195 1693 1251 omnibm

847 1287 985 1343 nimirum
1009 1287 1060 1358 qui
1083 1287 1154 1343 alios
1176 1285 1317 1355 exemplis
1341 1292 1449 1341 norunt
1482 1284 1597 1341 erudire
1616 1283 1693 1339 vita-

846 1373 931 1430 libus.
949 1374 1026 1430 Deus
1047 1377 1077 1428 to
1093 1374 1180 1428 medio
1203 1387 1303 1429 eornm
1331 1371 1494 1443 pertransit,
1514 1386 1580 1428 rum
1607 1385 1642 1427 ne
1658 1369 1693 1424 ad

848 1463 991 1519 nrodicum
1007 1463 1123 1533 quidem
1140 1462 1169 1517 in
1190 1461 1278 1518 ullius
1289 1474 1389 1517 eorum
1405 1461 1490 1517 corde
1503 1459 1639 1516 substitit.

882 1552 968 1608 Vsus.
1001 1555 1042 1606 ts.
1072 1582 1106 1589 —
1137 1555 1211 1605 aad
1244 1572 1255 1599 ‹
1283 1549 1333 1606 Va
1363 1548 1590 1605 desiderantibus
1619 1547 1694 1603 diem

850 1639 1001 1707 »Domini
1024 1639 1061 1694 ad
1089 1639 1160 1709 uuid
1184 1653 1248 1694 eam
1277 1637 1377 1694 vobis?
1398 1638 1461 1694 Dies
1488 1637 1601 1693 Domini
1629 1636 1692 1703 ista,

850 1729 1012 1794 »tenebrae
1042 1735 1069 1784 et
1094 1727 1155 1784 lux.
1189 1750 1198 1773 ι
1228 1727 1306 1781 Diem
1331 1728 1440 1782 Domim
1462 1725 1613 1792 desiderat,
1642 1725 1693 1795 qui

849 1817 930 1873 ranis
947 1816 1097 1873 latoribus
1116 1816 1298 1872 dementatus
1321 1815 1438 1885 qualem
1454 1829 1483 1870 se
1506 1812 1593 1884 vulgo
1618 1826 1693 1882 praa-

847 1904 937 1962 dicari
962 1904 1044 1961 audit
1066 1919 1127 1960 esse
1148 1917 1178 1958 se
1202 1910 1294 1974 putat.
1321 1902 1365 1958 dd
1391 1916 1477 1959 suum
1503 1916 1572 1972 ergo
1590 1915 1643 1969 ttae,
1667 1908 1695 1956 ct

847 1994 883 2049 ad
900 1993 1031 2049 tenebras
1050 1998 1177 2061 exoptat,
1200 1990 1251 2062 qui
1279 2005 1337 2046 aon
1359 1990 1395 2045 ad
1417 1989 1631 2056 conscientiam,
1645 1987 1693 2044 sed

847 2083 883 2138 ad
911 2081 1041 2138 fabulosa
1069 2086 1217 2149 respectat.
1250 2078 1347 2147 (Vens.
1376 2079 1463 2150 t9.)«
1494 2076 1642 2145 Quomodo
1669 2076 1693 2130 si

850 2168 996 2241 »effugiat
1022 2169 1067 2224 vir
1089 2182 1105 2222 a
1124 2168 1196 2224 iaeie
1217 2167 1320 2234 leonis,
1342 2174 1370 2223 et
1389 2174 1522 2223 occurrat
1550 2165 1574 2222 ci
1596 2178 1692 2224 ursus.

849 2265 906 2314 ιει
936 2257 1117 2331 ingrediatur
1138 2257 1267 2317 domum.
1298 2263 1325 2311 et
1355 2254 1496 2311 innitatur
1523 2268 1611 2310 manu
1641 2266 1694 2310 sua

849 2360 965 2416 »snper
986 2345 1132 2412 parictem,
1149 2351 1177 2400 et
1200 2344 1329 2399 mordeat
1358 2357 1424 2399 enm
1445 2342 1585 2399 coluber?
1613 2364 1622 2388 ›
1644 2343 1694 2396 Vir

846 2438 950 2501 atocie
967 2436 1050 2490 leonis
1072 2432 1182 2504 elingit,
1213 2447 1280 2488 cunt
1309 2432 1391 2487 multi
1419 2431 1544 2487 arduum
1576 2429 1690 2486 vivendi

846 2530 953 2581 statum
969 2521 1088 2594 aggredi
1103 2528 1247 2585 metuunt,
1264 2527 1394 2576 verentes
1415 2519 1514 2587 utique
1531 2515 1566 2571 ad
1582 2530 1611 2570 se
1631 2528 1693 2570 ver-

846 2626 896 2667 sus
927 2611 1064 2680 instigare
1088 2608 1245 2675 diabolum,
1265 2606 1316 2677 qui
1346 2605 1449 2676 maiori
1479 2618 1527 2660 eos
1556 2604 1691 2673 taceper-

847 2706 949 2772 urgeat
971 2697 1171 2755 tentationum.
1195 2696 1281 2765 Quasi
1304 2711 1372 2766 ergo
1394 2693 1572 2751 evitantibus
1591 2690 1693 2746 diabo-

847 2789 907 2846 lum
922 2787 1047 2844 occnrrit
1062 2802 1152 2852 ursus,
1169 2785 1294 2841 carnalis
1311 2784 1442 2840 videlicet
1467 2780 1587 2852 quilibet
1606 2793 1691 2851 appe-

849 2875 926 2942 titus,
960 2874 1041 2930 leone
1074 2873 1190 2945 quidem
1218 2872 1331 2935 lentior,
1357 2871 1406 2928 scd
1432 2870 1469 2926 ad
1499 2867 1692 2940 subigendum

52 2959 99 3015 nis
123 2959 315 3030 dispensative
330 2973 440 3031 organa
455 2960 675 3030 suspenduntur
700 2961 789 3032 (Psol.
813 2963 1023 3035 cpervalidus.
1058 2961 1148 3029 Quem
1194 2960 1317 3017 subinde
1357 2959 1546 3016 extimescens
1586 2955 1694 3009 domum

52 3066 64 3116 2,
91 3049 129 3119 2).
161 3049 287 3119 Tempus
320 3049 429 3104 malurn
452 3059 504 3117 est,
531 3063 588 3105 nun
617 3049 687 3106 illud
715 3051 792 3120 qnod

52 3151 77 3205 ο,
111 3144 139 3194 ει
172 3138 309 3193 membris
341 3139 405 3208 ejus
427 3138 556 3194 nondum
585 3138 710 3201 advenit,
744 3140 791 3196 sed

52 3225 167 3296 eprobis
178 3239 291 3296 semper
306 3234 439 3295 paratum
453 3233 495 3282 est
509 3226 601 3295 (loco.
618 3213 665 3290 vn,
681 3230 720 3295 b).

52 3328 67 3368 t.
99 3315 141 3368 tt.
171 3343 206 3354 -
238 3313 362 3379 Quaerite
394 3314 503 3369 botrum
534 3323 563 3370 et
596 3329 653 3370 non
684 3314 791 3370 malum

51 3401 153 3469 itatis;
179 3410 206 3458 et
231 3402 287 3458 erit
316 3403 457 3458 Dominus
482 3403 664 3458 exercituum
691 3403 790 3458 vobis-

55 3490 129 3547 sicut
144 3491 263 3547 dixistis.
283 3495 345 3547 »dc
359 3491 382 3546 si
396 3491 502 3547 diceret
520 3508 525 3545 :
540 3492 596 3549 Vos
610 3492 691 3548 vobis
702 3493 791 3548 Deum

54 3593 68 3633 s
96 3577 226 3635 babitare
254 3578 407 3645 ascribitis,
441 3580 518 3650 quod
548 3581 610 3651 jam
638 3578 666 3634 ln
698 3581 793 3650 ligura

54 3666 184 3733 audistis,
211 3666 259 3722 sed
285 3666 311 3722 id
336 3667 417 3723 laiso.
446 3669 481 3723 dt
505 3682 571 3723 vero
592 3668 713 3738 quaerite
740 3669 792 3724 bo-

52 3764 138 3812 ttnon
159 3755 269 3811 malum
285 3755 309 3811 si
333 3755 431 3811 vivere
447 3756 545 3824 uultis,
575 3765 603 3811 et
632 3763 702 3812 tnnc
727 3771 793 3812 tere

52 3844 219 3901 sanaberit
249 3843 338 3900 vobis.
356 3844 452 3915 (Vens.
484 3844 535 3915 ιδ.)
565 3843 697 3901 odientes
723 3859 792 3916 ergo

63 3931 177 3989 lumbus
192 3933 408 4003 praecingentes,
431 3933 540 4004 diligite
557 3933 674 3999 bonum,
698 3935 793 3990 lucer-

52 4028 150 4085 tentes,
176 4024 205 4074 ta
227 4027 319 4090 portu,
337 4021 363 4077 id
393 4030 435 4078 est
460 4022 488 4077 in
503 4022 584 4077 aditu
612 4021 793 4093 cogitationis

52 4125 81 4163 m
108 4109 281 4164 discretionis
304 4112 427 4176 statuite,
456 4112 482 4164 si
505 4112 575 4177 forte
605 4110 719 4179 reliquia
751 4112 793 4165 le

52 4213 96 4252 eus
112 4200 281 4264 misereatur,
310 4197 402 4254 idest
427 4199 449 4254 si
476 4198 563 4254 alicui
591 4199 672 4254 bonae
696 4199 792 4255 inten-

847 3052 1020 3124 ingreditur,
1037 3065 1103 3107 cum
1120 3051 1156 3105 ab
1180 3049 1314 3106 exteriori
1343 3047 1495 3103 dillusionc
1524 3045 1597 3100 intra
1622 3057 1693 3098 cen-

847 3139 972 3198 scientias
1002 3154 1061 3196 sue
1092 3139 1131 3195 ibi
1166 3145 1245 3209 septa
1273 3136 1429 3207 colligitur.
1465 3135 1507 3191 lbi
1527 3149 1610 3187 modu
1643 3147 1694 3185 suo

846 3244 928 3298 super
945 3227 1076 3297 parietem
1100 3227 1243 3294 innititur,
1272 3241 1338 3296 curu
1362 3223 1510 3281 obstaculo
1538 3220 1620 3293 quasi
1647 3221 1693 3275 in-

847 3316 968 3374 visibilis
997 3315 1175 3372 conscientia
1199 3315 1292 3385 operis
1317 3313 1363 3369 sui
1385 3312 1571 3368 intentionem
1596 3316 1693 3365 contn-

849 3406 902 3462 tari
935 3418 1017 3475 posse
1056 3403 1226 3459 arbitratur.
1262 3401 1316 3457 Sed
1356 3400 1459 3456 ibidem
1497 3398 1645 3454 mordetur
1678 3409 1692 3449 a

847 3494 978 3560 colubro,
998 3507 1065 3549 cutn
1094 3492 1130 3547 ad
1163 3492 1313 3547 bominum
1347 3489 1445 3545 oculos
1476 3503 1505 3544 se
1530 3487 1694 3542 subornans

846 3581 994 3640 remissius
1024 3595 1108 3651 agere
1137 3579 1260 3649 disponit
1293 3578 1413 3634 interius
1439 3590 1535 3632 coram
1559 3572 1692 3639 Deo,sic-

848 3687 905 3744 qne
919 3671 987 3727 dum
1004 3669 1121 3739 singula
1135 3681 1259 3738 quaque
1277 3672 1427 3737 praecavet,
1444 3662 1581 3732 temporis
1600 3659 1693 3715 intimi

846 3759 987 3832 contingit
1010 3759 1123 3814 sibimet
1152 3756 1268 3812 interire
1292 3769 1411 3811 veneno.
1443 3751 1523 3820 Quod
1547 3757 1638 3806 totum
1665 3748 1692 3801 in

847 3849 1011 3921 hypocritas
1040 3846 1151 3911 militat,
1182 3845 1232 3915 put
1258 3844 1327 3899 dum
1353 3841 1448 3898 veraci
1472 3839 1567 3896 studio
1592 3838 1694 3893 timent

848 3934 961 3990 irritare
976 3933 1133 4000 diabolum,
1157 3934 1193 3989 ad
1218 3931 1349 3988 homines
1374 3930 1475 3987 babitu
1499 3926 1614 3998 palliato
1644 3939 1693 3996 pa-

847 4037 913 4078 rum
941 4028 1046 4078 canant
1076 4022 1152 4077 intra
1180 4020 1282 4077 mentis
1310 4034 1370 4076 sure
1402 4015 1498 4072 vitiari
1525 4028 1691 4071 recessum:

849 4111 925 4167 unde
940 4111 1081 4182 sequitur.

883 4201 969 4257 Vens.
984 4202 1028 4254 ιιι.
1056 4221 1119 4246 -ι
1151 4196 1290 4269 Nunqnid
1316 4209 1374 4252 aon
1401 4194 1525 4251 tenebrae
1557 4192 1617 4248 dies
1637 4192 1694 4246 Do·
1778 4272 1779 4276 Ἰ

52 4286 161 4343 esidure
185 4301 298 4354 eoram,
319 4287 370 4357 qui
405 4286 604 4343 mundialibus
630 4288 794 4358 augmentis
813 4267 834 4321 Β
851 4310 862 4336 ι
878 4287 959 4356 mini,
974 4294 1001 4343 et
1017 4302 1074 4343 non
1090 4287 1152 4354 lux,
1180 4293 1207 4342 ει
1230 4285 1333 4357 caligo,
1357 4291 1384 4340 et
1409 4295 1467 4339 non
1493 4288 1535 4338 est
1562 4279 1695 4351 splendor

52 4383 78 4432 tl
107 4375 312 4431 adminiculari
339 4376 485 4447 dignetur.
516 4375 596 4443 Quod
626 4377 694 4432 dicit
724 4378 795 4443 forte

54 4463 79 4521 ci
107 4465 195 4520 moris
220 4473 272 4530 est,
302 4473 334 4521 ut
367 4465 539 4536 ambiguum
565 4464 706 4535 profesclo
729 4480 794 4521 cer-

52 4559 217 4623 tnaturpro
243 4553 378 4622 ambiguo,
405 4561 437 4610 ut
461 4552 556 4609 illud:
581 4555 710 4609 Forsitan
737 4554 793 4609 ini-

52 4656 150 4699 corum
163 4641 359 4699 humiliassem
377 4643 459 4714 (Paul.
477 4658 541 4709 cxx,
564 4646 616 4701 tbi.

52 4745 69 4785 s.
87 4733 130 4784 ι6.
147 4761 181 4769 -
200 4753 209 4777 ι
234 4731 385 4801 Propterea
410 4733 470 4788 buc
492 4731 562 4789 dicit
583 4731 723 4788 Dominus
739 4749 745 4786 :
764 4733 794 4788 ln

51 4819 115 4876 ibus
133 4818 235 4891 plateis
260 4818 403 4890 planctus,
419 4830 446 4878 et
467 4822 496 4877 in
510 4821 622 4878 cunctis
649 4836 715 4892 qnae
729 4820 797 4877 luris

51 4907 186 4973 ,dicetur
212 4924 255 4964 vce
277 4924 335 4965 vae:
360 4917 388 4964 et
413 4902 557 4967 evocabant
582 4910 737 4982 agricolam
759 4911 796 4966 ad

51 5010 99 5057 tm,
116 5005 143 5053 et
158 4997 194 5053 ad
211 4997 429 5066 planctumees,
446 4999 499 5069 uui
511 4998 606 5056 sciunt
618 5001 763 5071 plangere.
783 5023 793 5046 e

73 5086 128 5154 Π.)
161 5109 171 5134 «
203 5087 238 5142 Et
268 5087 295 5142 in
328 5089 463 5145 omnibus
493 5089 548 5144 viis
571 5091 624 5146 erit
653 5089 796 5160 planetas,

78 5176 258 5246 pertransibo
282 5176 311 5232 ia
331 5177 425 5233 medio
440 5177 493 5242 tui,
521 5177 590 5233 dicit
619 5179 794 5234 Dominus.»

52 5265 121 5319 tibus
142 5266 243 5334 plateis
265 5265 392 5334 planetus
407 5272 458 5333 est,
482 5280 548 5322 cum
565 5264 594 5320 in
618 5264 696 5321 omni
718 5279 797 5320 men·

78 5360 160 5409 actus
188 5353 363 5423 dispersione
396 5354 468 5410 nibil
499 5354 534 5410 de
559 5353 665 5424 gaudio
694 5353 797 5410 caelesti

52 5441 122 5509 itur,
143 5441 191 5497 sed
208 5441 236 5496 in
261 5456 379 5512 quoque
404 5444 517 5514 negotio
532 5442 592 5500 sola
621 5441 800 5512 luctudigna

52 5536 124 5588 utut.
140 5532 176 5583 Ite
186 5526 364 5600 cunctisque
380 5532 453 5598 faris
461 5535 535 5599 suut,
550 5546 590 5586 aa
613 5546 664 5597 aa,
680 5529 799 5599 dieitur,

851 4378 908 4433 »in
934 4377 987 4433 eal
1019 4399 1029 4424 ι
1059 4375 1140 4443 Quod
1167 4382 1210 4431 est
1237 4374 1357 4430 dicere:
1386 4372 1441 4439 llos
1470 4371 1504 4426 de
1529 4369 1574 4426 die
1593 4367 1694 4440 indicii

849 4469 930 4536 qttasi
956 4465 991 4521 de
1014 4465 1116 4520 ultima
1141 4469 1237 4519 vestra
1274 4465 1349 4518 sorte
1376 4459 1513 4524 tractatis,
1543 4457 1590 4514 scd
1619 4455 1693 4512 diem

849 4554 962 4610 Domini
992 4553 1022 4608 in
1048 4551 1181 4623 praesenti
1207 4549 1354 4618 noveritis,
1378 4548 1430 4619 qui
1459 4561 1516 4603 non
1540 4544 1696 4601 salubriter

850 4642 931 4700 vobis
948 4641 1104 4707 illucescat,
1134 4639 1182 4695 sed
1210 4653 1258 4709 per
1286 4637 1440 4693 illationem
1470 4649 1571 4691 sensus
1599 4632 1627 4687 in
1646 4646 1694 4684 vo-

850 4732 894 4788 bis
906 4729 1019 4801 reprobi
1035 4729 1222 4786 tenebrescat.
1361 4784 1363 4787 .

885 4821 970 4877 Vens.
988 4823 1029 4874 ta.
1045 4849 1079 4857 —
1097 4841 1107 4864 ι
1126 4818 1231 4877 odiet
1250 4816 1354 4887 projeci
1382 4814 1550 4871 testivitates
1565 4818 1694 4874 vestras;

854 4917 906 4966 ιει
919 4923 978 4965 non
992 4908 1104 4978 capiam
1125 4907 1240 4963 oderem
1256 4912 1382 4962 emtuum
1402 4911 1574 4960 vestrorum.
1594 4922 1604 4948 ι
1624 4901 1696 4955 Deus

850 5001 1014 5068 (estivitates
1041 5011 1142 5053 eorum
1166 4994 1225 5050 odit
1247 5002 1275 5050 et
1295 4991 1416 5064 projicit,
1439 5005 1505 5048 cunt
1521 5003 1608 5060 opera
1635 4988 1695 5042 ina-

851 5087 909 5152 nia,
946 5101 1012 5156 qnae
1039 5084 1121 5154 vulgi
1150 5082 1348 5152 conspectibus
1376 5079 1534 5150 hypocritae
1564 5075 1696 5133 solemni-

851 5182 926 5240 zant,
942 5187 1030 5230 exosa
1054 5187 1083 5228 se
1104 5172 1208 5228 babere
1230 5168 1381 5239 retegendo
1403 5180 1504 5223 eoram
1518 5165 1699 5235 'iniquitates

852 5262 984 5321 ostendit.
1019 5263 1133 5319 Odorem
1163 5266 1277 5314 cetuum
1300 5271 1401 5315 eornm
1426 5269 1495 5327 noa,
1510 5255 1596 5325 capit,
1631 5268 1697 5310 cum

852 5351 996 5424 quidquid
1028 5350 1246 5408 benetlciorum-
1268 5347 1381 5417 publice
1410 5356 1581 5403 coacervare
1605 5342 1701 5398 riden-

853 5449 913 5505 tur,
929 5441 1036 5497 divinae
1050 5454 1153 5497 sensus
1177 5437 1335 5507 majestatis
1355 5451 1372 5492 a
1391 5451 1421 5492 se
1444 5433 1630 5504 indignanter
1650 5444 1701 5487 ex-

854 5529 954 5586 eludit.
