3818 6008
294 241 415 300 inter.
437 243 482 298 DE
500 242 760 301 inclinatione
775 242 919 301 conruit
937 241 1087 300 iubens.
1103 272 1138 282 -
1159 241 1227 298 lib.
1247 241 1300 298 111.
1624 245 1674 299 icti

56 384 105 434 crte
122 376 239 444 sciatur,
262 376 333 447 qnia
351 375 402 433 ubi
421 375 552 433 Christus
571 375 648 433 tilius
667 375 772 448 delegit
789 379 813 432 A
828 375 967 446 plurimos
995 373 1159 447 elanguisse
1185 380 1213 430 et
1242 378 1395 445 aegrotasse
1418 372 1527 446 legatis.
1559 375 1675 430 Asinam

56 465 227 523 nundissime
251 478 284 521 ac
311 464 570 535 superexcellenter
597 464 697 521 debuit
720 479 771 536 ap·
825 479 904 532 vero,
928 464 1029 535 angelo
1057 463 1111 519 sibi
1133 461 1365 533 conspicabiliter
1390 469 1555 532 apparente,
1579 477 1615 518 ne
1639 462 1676 518 ad

56 551 126 610 Zerte
139 561 240 610 uterus
254 553 329 609 idem
347 559 426 608 tanto
442 553 494 609 luit
512 552 649 609 mundior
662 560 772 623 quanto
827 552 971 609 modicum
995 551 1112 622 quidem
1135 550 1311 606 claudicasse
1334 549 1480 606 noveritis.
1498 555 1542 606 An
1562 550 1677 623 dignior

56 640 135 698 vilior.
165 640 283 698 llnltum
312 641 400 712 digna
425 648 468 697 est
493 640 655 712 virginitas,
682 631 771 697 'etiam
826 641 908 697 asina
930 653 1019 711 quarn
1039 637 1196 710 prophetat
1217 637 1262 692 An
1283 637 1402 694 brutum
1421 637 1529 693 animal
1549 638 1676 694 sanctius
1709 679 1712 686 .

57 730 214 787 talionibus
234 738 418 802 perurgetur,
438 729 488 786 scd
507 729 591 801 longe
610 729 770 801 gloriosior,
827 730 883 786 illis
902 728 1018 793 sanctis,
1039 726 1090 798 qui
1113 726 1153 781 nil
1175 725 1229 782 tale
1248 725 1355 793 videre,
1378 724 1565 782 hominibusi
1586 726 1676 783 'l'aceo

56 832 70 875 s
93 832 128 874 ac
155 819 254 889 sopitis
278 818 422 875 universis
450 819 585 887 motibus,
610 817 771 889 primorum
826 819 897 890 qnia
916 817 1011 874 locuta
1032 815 1178 885 estquod
1201 823 1306 869 natura
1330 821 1463 881 nonest,
1488 813 1558 870 illud
1582 814 1675 870 dicam

56 921 79 962 m
103 906 194 978 primo
216 906 305 963 statui
324 914 517 975 comparetur.
549 904 669 963 Creditis
689 906 773 977 plane
827 906 905 978 qnod
938 905 1015 962 omni
1050 902 1210 960 irrationali
1243 909 1382 959 creature
1412 915 1458 959 res
1495 902 1676 960 intellectua-

56 994 126 1050 itum
146 1001 259 1051 sanctos
278 995 425 1065 quondam
447 995 622 1052 inhabitasse
638 996 725 1063 viros,
744 1003 773 1051 et
827 996 885 1063 les,
915 1002 943 1050 et
970 992 1117 1066 angelicas
1143 1005 1298 1065 agnoscere
1331 991 1422 1048 multo
1452 991 1544 1063 magis
1570 999 1677 1048 natura

85 1084 168 1139 modo
198 1084 233 1138 ad
263 1083 334 1139 bene
360 1084 528 1151 vivendum,
559 1098 659 1140 verum
685 1085 772 1140 etiam
827 1099 884 1141 non
903 1089 956 1140 est.

56 1170 207 1226 hetandum
227 1171 331 1240 sapius
351 1170 503 1226 animasse.
520 1171 686 1242 lsquoque,
704 1171 773 1241 quia
863 1172 1010 1239 Desistite,
1045 1170 1223 1240 pertinaces,
1257 1168 1415 1225 verbositas
1444 1175 1540 1224 vestra
1573 1175 1673 1236 vacet,

56 1265 81 1325 tt,
115 1258 177 1328 lege
210 1258 327 1314 minime
354 1258 561 1330 stringebatur,
594 1259 666 1330 quin
700 1273 774 1329 quos
827 1260 898 1331 qnia
931 1259 1005 1316 ratio
1035 1261 1094 1314 tota
1123 1258 1219 1327 jacet.
1247 1256 1301 1323 Qui
1334 1255 1419 1312 lurtis
1449 1264 1499 1313 aut
1531 1254 1677 1314 lenonibus

56 1346 109 1402 lam
134 1345 223 1401 malos
248 1345 399 1412 imbueret,
424 1349 452 1401 el
475 1345 624 1415 prophetia
647 1353 771 1403 acueret.
826 1349 914 1407 corda
946 1345 1126 1412 convolvitis,
1160 1358 1263 1401 causas
1296 1344 1346 1400 liei
1377 1353 1622 1401 sacramentorum
1648 1351 1677 1400 et

56 1433 208 1499 iSaulem,
236 1448 321 1504 quem
344 1433 456 1489 dudum
478 1433 598 1504 spiritus
624 1434 774 1505 pravitatis
827 1444 1009 1495 sacramenta
1042 1447 1198 1491 causarum
1237 1433 1382 1504 quomodo
1423 1432 1599 1502 pervidetis?
1630 1433 1676 1488 An

56 1531 83 1591 tt,
103 1529 131 1578 ct
154 1522 332 1592 apparitores
350 1523 413 1593 ejus
437 1522 488 1591 uui
507 1522 542 1577 ad
568 1523 773 1579 trucidandum
829 1526 972 1583 tantillum
996 1523 1067 1580 illud
1093 1522 1212 1579 hnmani
1235 1521 1362 1589 seminis,
1382 1521 1430 1576 lici
1453 1520 1675 1590 omnipotentia,

56 1617 189 1677 enerant,
215 1624 316 1667 eversa
338 1610 425 1680 priori
450 1610 593 1679 vecordia,
617 1610 691 1668 idem
713 1611 774 1681 spi·
828 1624 878 1672 aut
904 1613 1048 1670 voluntati
1075 1611 1285 1682 preponderat,
1318 1616 1350 1667 ut
1378 1609 1431 1664 nisi
1463 1609 1532 1665 illud
1562 1616 1676 1680 praeeat,

56 1698 201 1766 amularit,
232 1706 265 1754 ut
292 1698 418 1769 perlldus
447 1711 498 1754 rcn
530 1713 597 1755 cum
627 1699 774 1770 prophetis
793 1675 899 1759 Bnihil
924 1699 1125 1759 Denselllcere
1142 1706 1240 1770 queat,
1263 1712 1297 1754 ac
1316 1697 1340 1753 si
1358 1706 1458 1754 auctor
1478 1705 1599 1764 natnrae,
1622 1710 1678 1753 na-

56 1787 176 1844 interdiu
203 1794 230 1843 et
257 1794 339 1843 nocta
365 1787 545 1857 procinctae
575 1787 647 1858 qnid
673 1795 774 1845 contra
828 1801 902 1851 tnra
934 1788 1117 1847 adminiculis
1146 1787 1249 1859 egeat?
1280 1787 1400 1843 Frustra
1426 1786 1456 1842 in
1489 1785 1678 1842 obstinaciam

56 1892 59 1930 ι
83 1875 189 1931 lactum
209 1888 297 1946 super
315 1883 455 1945 conceptu
478 1874 607 1947 Virginis
626 1875 774 1947 disputare
829 1889 951 1937 vestram
976 1878 1062 1946 nitor,
1090 1877 1160 1949 qnia
1185 1877 1240 1932 nisi
1270 1876 1349 1932 hunc
1376 1874 1564 1942 credideritis,
1590 1888 1677 1945 quem

57 1963 76 2018 i.
92 1962 167 2030 Quid
176 1963 277 2034 {magis
290 1969 389 2018 contra
405 1970 552 2032 naturam,
569 1978 657 2034 quam
672 1972 775 2021 aucto·
828 1969 973 2026 credimus
987 1966 1143 2033 Christum,
1159 1973 1313 2023 tractatum
1335 1972 1437 2021 contra
1455 1978 1506 2020 nos
1524 1976 1678 2034 nunqnam

56 2066 91 2109 lm
109 2052 259 2108 munditiae
274 2052 396 2108 sordidis
410 2052 488 2108 illabi
504 2053 677 2123 pectoribus.
693 2053 775 2110 Certe
828 2058 958 2114 omittere
982 2054 1109 2125 poteritis
1132 2054 1228 2121 istum,
1250 2067 1303 2109 nec
1321 2053 1355 2109 de
1375 2060 1466 2109 matre
1487 2053 1557 2108 hene
1576 2051 1678 2108 sentie-

55 2141 84 2197 in
108 2149 205 2197 vestra
231 2148 375 2197 vetustate
399 2141 477 2197 viros
499 2148 612 2197 sanctos
639 2141 775 2198 habuisse
829 2144 874 2213 tis,
892 2145 943 2215 qui
965 2143 1069 2200 Filium
1084 2142 1255 2199 exhorretis.
1273 2141 1478 2198 Verumtamen
1496 2141 1575 2211 quod
1595 2140 1678 2197 vobis

56 2231 85 2299 is,
110 2230 218 2300 quibus
237 2230 355 2302 angelos
374 2244 527 2300 uunquam
553 2231 719 2299 apparuisse
735 2230 774 2286 lc·
829 2247 886 2289 non
910 2231 1047 2302 proderit,
1071 2230 1204 2288 ildelibus
1223 2229 1308 2287 scisse
1327 2244 1384 2286 non
1407 2228 1507 2286 oberit.
1524 2229 1587 2284 lam
1608 2241 1677 2300 ergo

58 2332 107 2375 um
129 2317 274 2374 Danielem
299 2318 376 2374 omni
401 2319 485 2374 modo
505 2317 638 2375 celibatu
665 2318 775 2390 dignis·
830 2321 866 2378 ad
881 2320 939 2377 alia
953 2327 1141 2378 transeamus.

60 2421 99 2464 ex
126 2406 245 2474 visione,
276 2407 306 2462 ni
332 2407 431 2476 fallor,
455 2406 611 2473 Gabrielis,
638 2420 689 2477 per
716 2406 777 2463 dics

563 2691 739 2779 creua
785 2626 1039 2779 suavius

730 2855 872 2870 —

203 2988 325 3047 capuit
345 2989 488 3046 PlllilUll.
791 2994 902 3049 caco
922 2989 1025 3046 subitis
1047 2990 1277 3059 circumquaque
1302 2987 1475 3045 movebatur
1494 2987 1677 3055 occursibus,

56 3091 137 3130 mono
155 3079 185 3131 in
207 3078 287 3130 teris
303 3078 408 3132 Christi
427 3078 637 3131 conversatione.
652 3105 689 3118 -
703 3076 777 3142 Quid
830 3085 882 3134 aut
896 3077 1013 3134 minime
1023 3078 1079 3135 ista
1093 3077 1218 3142 videbat,
1232 3084 1283 3134 aut
1297 3077 1450 3148 spurcitias
1463 3077 1588 3133 marium
1602 3090 1679 3148 aegre

56 3165 96 3220 ini
115 3167 182 3221 lesu
203 3165 306 3221 Christi
326 3165 439 3221 diutina
458 3165 532 3220 iuter
556 3164 686 3221 homines
709 3179 777 3221 con·
830 3166 947 3234 ferebat,
967 3166 1098 3224 lamineis
1112 3179 1146 3222 ao
1162 3166 1344 3222 infantilibus
1359 3166 1525 3222 nullatenus
1539 3166 1680 3236 gravaba-

56 3267 90 3311 ne
122 3252 285 3323 loquimini,
315 3253 366 3324 qui
396 3254 487 3309 mum
520 3252 613 3322 ipsum
647 3260 776 3310 vestrum
829 3263 888 3312 tur.
904 3256 988 3324 Quid,
1002 3256 1079 3326 quod
1096 3254 1209 3326 peculia
1225 3254 1294 3310 inibi
1309 3268 1343 3310 ac
1357 3262 1487 3310 armenta
1504 3252 1679 3310 manebant?

56 3341 124 3409 ginta
141 3342 290 3397 vobiscum
311 3340 396 3397 annis
416 3341 559 3397 habitasse
581 3340 730 3397 letemini?
744 3342 777 3398 ln
829 3345 924 3412 Quare
944 3358 1002 3400 non
1024 3345 1165 3401 bonorum
1184 3351 1337 3414 parentum
1361 3351 1521 3399 vestrorum
1541 3342 1611 3413 vigil
1634 3355 1679 3396 so-

56 3429 118 3486 line
132 3428 238 3501 legitur
254 3445 260 3483 :
278 3429 470 3497 Ottadrssei'tiifl
484 3433 719 3499 innitimini&
732 3433 778 3497 titi
831 3434 922 3501 lertia,
948 3440 1011 3503 post
1036 3433 1157 3504 vestigia
1183 3447 1304 3503 gregum
1328 3431 1462 3488 cadentes
1489 3445 1506 3487 a
1530 3429 1680 3501 podicibus

56 3520 96 3573 >ni
116 3519 160 3573 itia·
182 3519 265 3588 (Psoi.
288 3533 328 3584 rx,
353 3519 407 3588 lo).
433 3520 466 3573 Et
489 3518 518 3573 in
542 3517 615 3574 libro
638 3518 775 3589 Regum:
830 3534 995 3591 caprarum,
1015 3530 1043 3577 et
1062 3521 1160 3577 ovium
1176 3520 1282 3591 pilulas
1297 3518 1459 3589 colligebat,
1478 3525 1506 3574 et
1524 3517 1634 3587 spuria,
1647 3522 1680 3572 nt

56 3607 121 3672 ioan
148 3605 255 3678 iuquit,
285 3609 315 3660 ia
341 3606 527 3673 tabernaculo,
552 3611 578 3660 et
604 3609 635 3661 in
664 3607 778 3661 tonnano
831 3610 871 3668 ita
896 3610 1000 3677 dicam,
1025 3609 1199 3665 vitulamina
1223 3604 1357 3678 sepulcro
1376 3605 1527 3672 condebat,
1550 3619 1586 3660 ne
1609 3604 1680 3660 dum

57 3700 102 3751 cto
129 3697 196 3761 oco,
228 3711 288 3765 goa
313 3698 441 3762 transivi,
475 3712 536 3751 cum
562 3696 685 3750 omnibns
711 3697 777 3764 filiis
832 3697 1058 3755 benscherrans
1079 3697 1139 3764 iret,
1162 3697 1228 3752 ilino
1247 3709 1342 3752 vaccae
1362 3694 1454 3764 pluris
1469 3693 1551 3764 pretii
1571 3691 1680 3749 calceos

56 3785 81 3840 ll
103 3787 168 3852 lteg.
195 3799 243 3851 vn,
268 3787 304 3850 6).
328 3784 361 3839 ln
385 3784 607 3840 Deuteronomio
628 3797 746 3855 quoque
769 3798 776 3839 :
830 3787 999 3844 macularet.
1022 3786 1149 3843 Proiecto
1162 3792 1191 3842 et
1209 3785 1239 3840 in
1261 3782 1443 3854 crepitaculis
1459 3780 1680 3838 incontinentias

56 3912 60 3939 ,
85 3871 191 3942 inquit,
215 3873 300 3927 locum
321 3876 401 3926 cetra
424 3876 515 3927 castra
539 3871 576 3924 cd
601 3887 679 3941 emm
702 3887 776 3939 egre·
829 3878 938 3932 scimus
953 3875 1106 3944 inlautum,
1123 3882 1151 3932 et
1165 3883 1281 3940 matres,
1296 3880 1347 3929 aut
1359 3872 1496 3928 asseculae
1510 3871 1679 3942 hujusmodi

56 3961 221 4030 daegnisila
241 3965 359 4028 colora,
374 3976 468 4029 gerens
482 3961 665 4029 positiuncula
680 3959 776 4015 balteo.
830 3962 965 4020 eluebant
989 3961 1109 4019 illuvies
1135 3960 1204 4028 Quis
1224 3961 1320 4017 dicere
1343 3960 1446 4031 poterit
1469 3959 1583 4029 quoties
1597 3957 1678 4026 ostiti,

65 4049 176 4115 sederis,
197 4049 285 4114 fodies
304 4063 353 4116 por
370 4050 524 4115 cicuitum,
543 4054 568 4102 ct
586 4051 677 4115 cgesto
697 4048 777 4103 baon
831 4050 880 4108 ubi
903 4050 964 4107 haec
985 4049 1096 4118 tierent,
1121 4050 1198 4106 Deus
1221 4050 1338 4106 minime
1360 4047 1479 4106 leriatus
1496 4047 1595 4103 astitit.
1621 4045 1680 4103 illan

56 4139 137 4203 eries,
164 4151 217 4205 gon
236 4137 373 4191 relevatos
396 4151 433 4203 es,
459 4138 588 4192 bominac
611 4136 685 4192 enim
709 4139 777 4190 bens
830 4139 914 4194 etiam
940 4138 1011 4202 lues,
1037 4153 1103 4209 quae
1134 4139 1163 4194 in
1185 4137 1383 4208 penetralibus
1410 4136 1612 4194 cubiculorum
1631 4135 1680 4207 agi

56 4226 129 4280 taint
147 4227 176 4278 in
192 4224 280 4279 medio
295 4229 458 4290 castrorum,
473 4230 503 4278 nt
522 4229 600 4278 enat
617 4230 652 4291 tc,
673 4229 703 4278 nt
721 4227 777 4279 siat
832 4226 933 4292 solent,
962 4226 1098 4297 nunquid
1120 4227 1180 4282 lieri
1205 4227 1263 4283 beo
1285 4226 1482 4283 circumeunte
1502 4224 1678 4281 destiterant.

56 4328 89 4367 aa
105 4312 220 4378 mando,
242 4317 268 4368 et
290 4314 362 4367 nihil
378 4315 408 4367 ia
427 4316 466 4368 cis
490 4319 623 4383 appareat
641 4313 776 4379 feditatis
794 4288 817 4341 ὓ
833 4314 985 4371 Miserrimi
998 4315 1159 4382 hominurn,
1176 4316 1226 4386 qui
1241 4315 1343 4384 Deum,
1360 4315 1411 4386 qui
1425 4313 1545 4384 spiritus
1559 4318 1611 4380 est,
1629 4312 1681 4368 hos

56 4415 123 4467 lxiii,
148 4402 254 4466 li-ll).
280 4401 333 4468 Qui
364 4415 433 4472 ergo
464 4401 564 4457 tandiu
588 4402 679 4457 Deum
702 4399 777 4457 inter
830 4417 982 4474 corporum
1005 4404 1154 4460 estimatis
1179 4404 1295 4461 haurire
1318 4401 1447 4474 putoresl
1463 4402 1607 4459 illrumne
1625 4399 1680 4457 luit

56 4489 136 4546 itassc
148 4488 274 4561 jactatis,
290 4498 322 4545 ut
338 4497 433 4545 castra
453 4497 550 4546 vestra
569 4496 689 4560 regeret,
711 4503 776 4545 vos·
830 4491 854 4547 si
871 4491 961 4548 Filius
974 4493 1051 4549 Deus
1062 4501 1232 4562 corporatus
1249 4493 1318 4549 istas
1332 4492 1481 4559 sustinuit,
1498 4505 1565 4561 qnae
1578 4504 1630 4546 vos
1646 4491 1675 4545 in

68 4584 146 4634 terra
177 4578 334 4633 interram
360 4577 486 4643 duceret,
512 4576 673 4634 absurdum
696 4577 778 4634 vohis
830 4593 999 4650 corporeum
1019 4581 1110 4637 Deum
1130 4595 1315 4652 nequaquam
1337 4594 1386 4650 per
1410 4579 1605 4650 quadraginta
1623 4590 1679 4632 an-

56 4665 179 4721 idebitur
197 4665 288 4721 Deum
314 4664 365 4720 Dei
394 4665 509 4732 Filium,
539 4673 572 4721 ut
600 4673 700 4736 gentes
728 4666 776 4723 Dei
830 4681 883 4723 nos
906 4667 984 4739 apud
1012 4683 1063 4726 vos
1089 4669 1223 4726 tolerasse
1252 4669 1383 4740 negotia?
1407 4667 1484 4728 Nihil
1508 4681 1577 4724 sane
1604 4667 1679 4722 bans

60 4761 216 4823 repararet,
239 4760 267 4809 et
289 4767 340 4809 vos
367 4753 402 4809 ad
429 4753 624 4823 spiritualiora
651 4761 776 4823 vocaret,
831 4755 917 4812 homo
942 4757 1062 4827 gravius
1088 4758 1154 4814 tulit
1177 4772 1265 4830 quarn
1288 4761 1362 4814 bens
1383 4764 1477 4815 vester
1495 4764 1591 4813 vestra
1610 4762 1680 4812 tunc

56 4841 118 4898 tatis
152 4849 180 4898 et
216 4841 396 4898 contubernii
431 4842 594 4898 communis
628 4842 777 4913 pertulisse
831 4843 1061 4899 murmuratione
1075 4844 1224 4901 sustinuit.
1247 4844 1310 4915 lpse
1325 4857 1427 4900 revera
1445 4856 1496 4898 vos
1515 4842 1557 4898 uti
1579 4839 1680 4912 aquila

56 4928 98 4986 ni
831 4930 926 5000 pullos
948 4945 1017 4988 suos
1038 4933 1162 5002 portavit
1188 4932 1218 4988 iu
1242 4932 1379 4998 humeris,
1406 4945 1480 5002 quos
1502 4928 1641 4986 victualia
1663 4943 1679 4985 e

73 5017 97 5075 si
135 5018 247 5074 sordem
278 5017 499 5075 cohabitationis
535 5018 675 5090 objicitis,
708 5019 778 5089 guia
831 5019 993 5077 coelestibus
1021 5021 1117 5088 missa,
1144 5021 1344 5091 miraculaque
1370 5020 1542 5091 irequentia,
1571 5026 1600 5075 et
1628 5017 1678 5074 Dei

56 5106 175 5176 npalos
190 5105 218 5161 in
240 5106 340 5164 balteis
358 5107 502 5174 terebatis,
524 5115 552 5163 et
572 5115 670 5179 egesta
689 5108 778 5165 humo
831 5107 989 5180 legationes
1019 5110 1160 5178 assiduae,
1192 5117 1220 5167 et
1250 5109 1414 5165 futurorum
1446 5107 1680 5165 denuntiationes

56 5193 165 5264 gabatis,
184 5201 216 5250 ut
229 5201 326 5251 castra
339 5194 432 5250 nitida
446 5195 502 5251 beo
518 5195 678 5253 ambulanti
693 5209 777 5265 para·
832 5197 972 5255 bonorum
990 5212 1009 5255 a
1026 5198 1144 5269 querela
1166 5198 1299 5254 cohibere
1319 5210 1375 5253 non
1398 5204 1538 5268 poterant.
1555 5196 1680 5254 Facilius

56 5289 109 5339 erte
131 5281 246 5352 parvuli
270 5282 368 5348 vestri,
395 5289 422 5339 et
446 5283 584 5355 conjuges
604 5296 622 5338 a
646 5283 779 5354 palorum
832 5285 941 5343 scimus
960 5286 1017 5343 lieo
1033 5294 1132 5344 nostro
1152 5299 1237 5343 suam
1258 5293 1386 5356 portasse
1405 5299 1533 5351 carnem,
1553 5285 1609 5342 imo
1629 5299 1678 5355 po·

56 5370 146 5427 atione
175 5370 329 5437 vacabant,
358 5384 412 5426 nec
442 5370 542 5427 minus
572 5378 666 5429 nmen
697 5373 779 5428 alvos
832 5373 890 5431 tius
913 5389 1039 5440 crucam,
1060 5389 1149 5446 qnam
1171 5374 1210 5430 illi
1234 5383 1330 5432 restro
1351 5384 1475 5434 vestram
1498 5374 1678 5446 inquietudi-

56 5457 285 5530 stercoribusgne
312 5459 458 5517 levabant.
486 5459 564 5516 Deus
590 5460 699 5530 itaque,
727 5460 777 5530 oui
831 5476 908 5521 nem.
925 5461 1087 5521 cumcuim
1104 5462 1242 5521 occideret
1261 5477 1323 5531 vos,
1338 5464 1512 5534 ouaerehatis
1525 5476 1611 5533 eum;
1629 5475 1679 5520 oro
