3818 6008
300 208 528 266 rnoeoaocrn
546 211 583 266 m
602 209 705 279 osne,
727 211 816 268 auos
838 213 882 270 nr
902 211 973 268 run.
994 241 1027 254 -
1049 213 1115 269 ιιι.
1137 172 1171 270 n.
1193 213 1227 270 m
1246 213 1343 271 osan.

56 347 100 419 qui
119 347 219 402 intima
244 361 297 403 sna
318 346 347 401 in
375 346 435 401 vita
454 360 507 401 sua
532 346 697 417 projiciunt,
721 355 749 404 et
768 347 797 403 in
816 353 837 404 ιι
854 349 976 403 mantias
989 348 1152 415 addiscunt,
1169 363 1219 419 per
1234 361 1307 419 quas
1334 347 1371 403 ad
1400 345 1566 416 mysterium
1589 343 1699 414 iniqui-

56 436 247 502 ventilantur,
263 435 334 505 quia
356 449 414 491 non
437 435 520 490 aliter
535 449 622 504 quarn
639 435 749 504 spuria,
769 443 797 491 ut
853 437 918 492 tatis
953 436 1125 493 efficaciores
1161 437 1243 493 liunt.
1272 436 1327 491 Sed
1360 437 1385 489 ei
1421 434 1541 489 mercede
1577 437 1699 487 rectiones

57 524 253 592 ,vitulamina
278 524 445 579 radicantur
459 524 534 594 (Sap.
557 539 593 590 ιι,
625 526 664 592 3).
685 524 800 579 Aranea
853 525 1028 593 conducunt,
1042 526 1111 582 dum
1126 527 1258 596 quadam
1283 524 1393 581 iaciunt
1409 537 1475 594 quae
1491 522 1626 578 vitiorum
1645 520 1698 576 sibi

56 628 113 670 :um
133 614 170 668 sit
185 620 357 668 venenatum
376 611 544 678 animales
562 612 798 669 virosisvisceri-
852 613 997 670 incentiva
1019 623 1098 680 sunt,
1114 615 1191 670 verbi
1218 615 1322 685 gratia,
1355 627 1421 669 curn
1446 612 1502 667 sint
1518 612 1566 681 qui
1592 608 1659 665 allia
1672 616 1700 665 et

1646 213 1699 268 382

56 716 88 758 ns
96 715 225 772 egerens,
237 701 275 755 nil
292 700 513 771 alindexplicat,
529 700 582 756 nisi
598 700 674 771 quod
689 699 800 772 {studiis

56 804 87 846 us
109 789 229 867 seipsam
256 796 404 843 extenuat.
431 791 542 843 Ventum
563 788 639 844 enim
657 788 799 845 seminant

56 878 120 934 oris
135 878 255 933 nebulas
269 885 296 932 et
317 877 425 933 naenias
438 891 636 947 supervacuas
665 891 799 948 spargere

56 973 165 1037 putant.
186 966 329 1020 Turbinem
345 973 466 1033 metunt,
482 980 549 1022 cum
568 967 672 1022 mentis
685 966 799 1022 emella-

58 1062 167 1110 motnm
190 1062 317 1109 exterma
338 1053 519 1109 adversitatis
547 1054 711 1109 incurrunt.
740 1055 799 1109 llcc

56 1142 333 1213 propriumbaeretiei
357 1142 472 1209 babent,
489 1150 521 1198 ut
545 1158 611 1199 cum
634 1143 725 1199 lacere
744 1144 797 1199 sibi

69 1246 106 1288 ox
121 1230 262 1302 dogmatis
281 1231 445 1287 diversitate
460 1231 591 1302 gestiant,
619 1231 800 1302 vilipensioni

67 1320 199 1375 omnium
215 1333 282 1374 mox
296 1327 420 1388 pateant.

56 1408 139 1464 limus
162 1415 241 1463 stans
257 1421 314 1462 non
335 1415 377 1462 est
390 1408 418 1461 in
433 1422 475 1474 eo,
497 1422 613 1479 germen
634 1423 691 1463 non
717 1407 798 1463 laniet

56 1510 120 1552 iarn.
138 1518 149 1545 ‹
167 1497 280 1551 citimus
296 1503 431 1552 statuum
447 1497 525 1553 verbi
542 1497 631 1553 lastus
646 1496 798 1567 exuberat3

58 1585 238 1642 tudinarium
248 1585 324 1640 enim
339 1584 380 1640 eis
398 1592 450 1649 est,
466 1594 498 1641 ut
513 1586 665 1641 verborum
690 1599 799 1654 pompae

853 702 1033 759 ferventioris
1047 711 1159 760 naturae
1180 703 1325 774 pigmenta
1350 699 1576 765 commasticant,
1593 697 1700 767 quibus

853 790 889 845 ad
904 791 1087 861 petulentiam
1117 792 1240 847 acriores
1263 791 1346 847 liunt.
1370 792 1405 845 Et
1433 789 1468 845 de
1491 787 1600 844 cacteris
1623 785 1699 841 vitiis
1728 792 1732 797 ’

854 879 926 934 idem
940 877 1074 950 intellige.
1094 902 1105 928 ‹
1125 878 1210 936 Nunc
1232 879 1412 951 congregabo
1430 893 1487 938 eos,
1503 884 1531 932 et
1553 874 1700 946 quiescent

856 989 866 1015 ι
891 968 1036 1038 paulisper
1059 969 1203 1025 abunere
1226 970 1300 1040 regis
1325 976 1352 1024 et
1371 967 1544 1037 principum.
1577 985 1587 1010 ι
1622 961 1699 1018 Con-

853 1063 954 1127 gregat
971 1059 1045 1113 Dens
1072 1073 1127 1124 eos,
1143 1071 1209 1112 cnm
1235 1058 1310 1112 inter
1338 1057 1492 1111 innumera
1518 1052 1641 1108 crimina
1664 1051 1699 1106 ad

852 1144 1106 1201 considerationem
1132 1146 1177 1200 sni
1195 1146 1321 1214 ipsorum
1339 1143 1479 1215 recolligit
1501 1139 1698 1212 vagabundos.

853 1233 889 1288 Ει
916 1234 969 1289 boc
987 1247 1067 1290 nunc
1094 1233 1135 1300 sit,
1158 1234 1226 1304 qnia
1251 1241 1309 1289 tota
1332 1234 1380 1288 illa
1404 1231 1568 1302 recogitatio
1597 1244 1614 1284 a
1636 1242 1701 1284 con-

853 1330 952 1392 spectu
998 1322 1128 1389 rationis,
1173 1323 1256 1392 quasi
1292 1322 1428 1392 quiddam
1461 1317 1699 1390 perfunctorium,

855 1409 965 1466 transit.
996 1409 1077 1477 Quod
1101 1425 1159 1466 non
1187 1411 1248 1466 sinc
1276 1418 1352 1465 certo
1386 1422 1485 1464 eorum
1513 1405 1622 1477 judicio
1647 1411 1699 1467 est,

853 1499 924 1568 quia
948 1498 1067 1568 spiritus
1090 1500 1212 1567 ficorum,
1241 1512 1307 1553 cunr
1332 1497 1389 1552 Deo
1412 1495 1547 1571 sentiens,
1576 1491 1701 1547 creditus

853 1587 890 1643 ab
909 1587 950 1643 eis
965 1594 1078 1643 nonest
1101 1588 1193 1655 (Psal.
1216 1600 1322 1652 nvxvu,
1339 1585 1375 1654 8).
1402 1582 1551 1652 Paulisper
1577 1580 1611 1634 ab
1625 1592 1702 1633 onere

55 1673 124 1738 iant,
142 1680 168 1728 et
183 1672 339 1727 dialecticis
353 1670 574 1741 allegationibus
589 1673 725 1729 universa
741 1687 800 1742 per·
818 1642 839 1696 B
852 1678 926 1745 regis
941 1681 966 1730 et
980 1678 1136 1744 principum
1147 1675 1310 1744 quiescunt,
1334 1687 1400 1729 cum
1416 1687 1433 1727 a
1457 1671 1533 1726 lastu
1548 1666 1700 1738 superbiae,

56 1771 82 1820 ιι.
108 1763 141 1819 ln
160 1761 255 1818 culmo
278 1775 346 1831 ergo
376 1762 517 1826 vacuitas,
541 1762 662 1818 instatu
686 1761 799 1818 dicendi
853 1766 903 1834 qni
923 1778 1008 1820 omne
1037 1763 1198 1819 sublimiter
1227 1762 1307 1829 vidit,
1341 1761 1422 1817 vela
1450 1758 1559 1817 carnali
1587 1754 1701 1819 aflectu,

56 1866 100 1908 as.
131 1851 184 1907 Sed
207 1850 236 1904 in
255 1850 305 1916 eis,
324 1864 391 1918 (quse
407 1864 457 1918 per
471 1849 585 1906 eulmen
601 1850 707 1906 scilicet
723 1850 800 1920 ligu-
853 1861 880 1909 et
904 1852 1079 1908 exteriorum
1107 1865 1245 1907 sensnum
1272 1865 1353 1906 mens
1386 1848 1422 1904 ad
1447 1856 1560 1917 tempus
1592 1844 1703 1912 disper·

57 1940 172 2007 ,verbis
188 1954 294 2007 gamen
313 1946 432 2006 nonest,
449 1937 518 2008 quia
540 1938 568 1993 in
594 1939 691 2008 vapidi
707 1938 800 1994 cordis
853 1941 932 1996 sione
948 1940 992 1996 vel
1012 1941 1204 2010 oppressione,
1229 1939 1325 1995 animo
1341 1938 1377 1994 ad
1395 1952 1424 1993 se
1449 1937 1598 2001 redeunte,
1619 1932 1701 1988 laxa-

56 2028 132 2085 libus
148 2027 229 2084 nulla
244 2026 409 2082 vivificandi
424 2026 494 2082 alios
505 2026 633 2082 efficacia
647 2034 697 2083 est.
720 2028 798 2080 Fari·
856 2037 912 2085 tur.

56 2115 169 2180 mlaclr,
183 2114 249 2185 quis
263 2112 373 2168 nullam
390 2111 508 2168 internae
530 2112 714 2183 pinguedinis
735 2113 799 2168 dul·
890 2117 976 2173 Vens.
991 2120 1033 2171 ll.
1050 2147 1081 2157 -
1099 2139 1110 2166 ι
1130 2115 1203 2184 Quia
1227 2114 1430 2185 multiplicavit
1441 2111 1580 2182 Ephraim
1600 2106 1704 2165 altaria

56 2218 79 2259 m
104 2216 196 2259 sermo
225 2201 327 2272 gignit.
356 2200 438 2268 Quod
465 2201 542 2256 enirn
563 2215 613 2271 pro
638 2200 696 2257 solo
718 2201 800 2272 vulgi
857 2205 921 2260 »ad
936 2205 1124 2276 peccandum,
1147 2205 1314 2261 factasunt
1340 2203 1366 2258 ei
1390 2216 1448 2258 arae
1471 2202 1501 2256 in
1524 2198 1700 2256 delictum.»

57 2298 134 2347 ωτι
149 2290 209 2346 fleri
232 2290 412 2360 intelligitur,
435 2289 485 2344 vir
505 2297 557 2345 aut
581 2304 734 2360 nunquam
763 2290 800 2345 ab
854 2295 993 2362 Ephraim
1007 2293 1112 2348 altorio
1130 2294 1167 2347 ad
1190 2292 1356 2362 peccandum
1377 2289 1557 2359 multiplicat,
1573 2300 1639 2342 curn
1654 2298 1703 2355 per

72 2379 253 2436 audientium
276 2385 424 2449 gratanter
455 2377 611 2448 excipitur.
640 2379 698 2434 Aut
725 2387 800 2435 certe
854 2383 958 2438 mentis
972 2382 1182 2438 vicissitudines
1211 2381 1365 2436 innumera
1394 2378 1537 2434 malornm
1560 2373 1704 2445 proposita

56 2484 77 2522 ιι
91 2483 143 2523 non
159 2467 235 2533 iacit,
251 2466 321 2522 dum
342 2465 383 2521 nil
404 2466 585 2522 lructuosum
602 2465 657 2521 nisi
673 2467 750 2536 quod
764 2466 800 2521 ad
854 2471 981 2527 seriatim
993 2470 1342 2540 alternandolrequentat.
1355 2466 1518 2523 Secundum
1528 2465 1605 2520 enirn
1615 2474 1704 2518 emer·

56 2570 159 2612 nsuarn
178 2555 346 2624 reciprocari
361 2555 456 2610 valeat
476 2554 652 2624 exprimit«
680 2555 760 2620 Quod
774 2561 801 2612 et
855 2567 953 2630 gentes
974 2560 1062 2614 varias
1072 2557 1280 2628 conspersionis
1305 2555 1433 2622 babitus,
1449 2569 1528 2609 nunc
1549 2554 1600 2619 ira,
1626 2563 1705 2605 nunc

56 2644 127 2712 urit,
146 2666 159 2693 »
185 2644 213 2699 id
240 2651 282 2699 est
304 2643 327 2698 si
353 2643 424 2713 quid
445 2643 514 2699 utile
539 2641 660 2710 dixerit,
677 2665 691 2693 »
716 2644 799 2699 alieni
856 2649 952 2708 libido,
964 2648 1193 2718 nuncsuperbia,
1206 2661 1285 2703 nunc
1294 2645 1421 2710 ambitio,
1434 2651 1704 2710 etceteraquaeque

56 2741 211 2791 pateam.»
232 2731 370 2787 diabolico
397 2731 502 2788 scilicet
522 2732 626 2802 pastui,
651 2732 700 2801 qui
728 2746 800 2801 prae·
856 2738 1029 2794 intrinsecus
1043 2750 1073 2791 se
1086 2744 1274 2792 commutant.
1292 2736 1344 2790 Tot
1357 2748 1425 2804 ergo
1441 2732 1507 2787 colit
1529 2729 1641 2796 altaria,
1668 2727 1704 2783 ad

64 2821 199 2891 superbia
232 2830 329 2875 nostra
361 2820 501 2885 nutritur,
525 2821 666 2877 reservari
691 2828 802 2876 constat
855 2834 927 2896 quot
958 2824 1094 2896 peccandi
1124 2838 1153 2879 se
1178 2823 1283 2896 ingerit
1308 2829 1385 2879 vota.
1412 2822 1530 2890 Propter
1553 2818 1608 2874 hoo
1631 2817 1705 2872 liunt

57 2911 156 2966 utiam.
183 2910 262 2966 Unde
284 2908 419 2963 Salomon
446 2923 452 2962 :
477 2908 568 2964 »Non
596 2909 662 2976 sint,
694 2909 799 2978 inquit,
820 2918 881 2995 Cei
907 2930 963 2968 ara
977 2918 1006 2968 in
1031 2914 1167 2978 delictam,
1184 2920 1217 2969 nt
1240 2913 1333 2983 ipsum
1349 2911 1434 2967 etiam
1449 2916 1611 2978 respuatur,
1627 2904 1703 2975 quod

56 2998 207 3069 participes
222 2997 262 3052 tui
280 2998 365 3061 (Pron.
384 3011 411 3060 v,
431 2997 485 3066 17).
504 3016 515 3045 ι

56 3102 73 3143 ι.
91 3088 117 3154 8,
133 3089 159 3142 9.
180 3116 214 3126 -
237 3107 248 3134 ι
267 3085 425 3140 Devoratus
439 3083 595 3150 estlsrael;
615 3098 694 3139 nunc
708 3083 800 3138 lactus

56 3190 73 3231 n
88 3174 254 3230 nationibus
264 3173 347 3243 qnasi
372 3186 424 3228 vas
439 3173 632 3228 immundum.
648 3171 722 3239 Quia
747 3172 800 3242 ipsi

55 3263 181 3320 nderunt
217 3262 253 3317 ad
292 3264 392 3327 Assur,
418 3274 526 3331 onager
569 3260 716 3316 solitarius
744 3258 797 3315 sibi

56 3352 136 3408 raim.
157 3351 270 3405 dccccl
285 3350 450 3416 devoratur,
467 3364 534 3404 cum
550 3349 589 3416 bi,
615 3349 667 3419 qui
690 3363 727 3404 ex
749 3348 798 3404 Dei

56 3441 117 3496 ione
141 3439 263 3495 directos
294 3452 325 3493 se
350 3438 503 3504 aestimant,
529 3437 661 3508 exigente
685 3445 800 3507 peccato

55 3529 199 3586 nimodam
222 3527 383 3583 intellectus
410 3526 612 3582 hebetudinem
637 3526 800 3583 devolvun-

56 3616 165 3674 sienim
181 3615 332 3670 scientiae
358 3617 413 3670 lieo
433 3614 500 3670 dala
523 3614 664 3681 abutitur,
688 3627 800 3669 nemsse

69 3704 206 3776 longioris
234 3719 288 3760 usu
319 3703 456 3772 nequitiae
484 3716 597 3772 semper
608 3703 636 3756 in
660 3702 801 3758 deteriora

55 3807 93 3849 rr.
112 3794 198 3858 itanc,
227 3791 311 3847 idest
337 3805 374 3846 ex
389 3804 486 3847 aurore
502 3790 685 3860 praesentium
708 3789 801 3846 lactus

56 3881 218 3937 nationibus
239 3879 387 3951 quasivas
411 3878 603 3946 immundum,
634 3878 702 3934 dum
728 3878 802 3934 inter

56 3969 121 4026 inas
147 3970 283 4024 vitiorum
317 3981 561 4038 quorumcunque
603 3968 738 4038 origines,
771 3981 801 4023 se

56 4072 83 4114 ιιι
113 4058 237 4128 receptui
266 4064 380 4127 praestat
410 4064 553 4126 apertum.
582 4058 646 4122 Vas,
674 4055 801 4111 enimin

69 4145 129 4217 lege
156 4145 232 4217 quod
263 4159 320 4200 non
347 4144 471 4200 babebat
491 4143 670 4213 operculum,
702 4144 799 4200 baberi

853 3018 890 3062 er
915 3003 1038 3059 scintilla
1066 3003 1186 3058 rationis
1216 3001 1376 3057 innascitur
1411 2999 1463 3069 pice
1493 2993 1705 3067 recogitationis

854 3093 972 3148 bonum.
990 3091 1129 3147 Delictum
1142 3091 1217 3146 enim
1233 3104 1250 3145 a
1268 3087 1479 3158 derelinquendo
1500 3084 1616 3146 dicitur,
1638 3094 1704 3137 cum

853 3181 959 3238 scilicet
985 3180 1092 3237 bonum
1108 3179 1185 3249 quod
1215 3178 1277 3235 lieri
1292 3179 1385 3243 debet,
1412 3175 1562 3231 deseritur.
1588 3172 1704 3227 Peccata

853 3281 921 3338 ergo
944 3267 1070 3323 succedit
1095 3267 1241 3334 delictum,
1271 3281 1336 3323 cum
1360 3280 1396 3321 ex
1423 3277 1507 3334 poena
1534 3261 1597 3331 ejns
1623 3259 1704 3314 bonae

854 3369 970 3427 quoque
993 3356 1151 3411 voluntatis
1170 3354 1318 3410 suboritur
1347 3353 1518 3423 plerumque
1539 3346 1703 3418 repudium.

888 3444 973 3500 Vnus.
985 3443 1095 3497 la.-»
1108 3443 1235 3499 Scribam
1244 3443 1268 3498 ei
1282 3440 1533 3511 multiplicesleges
1542 3451 1627 3503 meas,
1639 3449 1704 3507 quae

856 3531 1068 3588 »velutalienae
1076 3539 1247 3601 computate
1257 3537 1334 3586 sunt.
1351 3529 1537 3598 »Multiplices
1554 3528 1623 3592 leges
1638 3536 1705 3578 suas

853 3623 878 3675 ei
893 3621 968 3676 Deus
982 3619 1090 3687 scribit,
1113 3634 1180 3675 cum
1205 3627 1233 3675 et
1247 3619 1338 3689 legem
1360 3615 1533 3679 naturalem,
1555 3613 1705 3683 legemque

853 3707 1045 3777 conscriptam
1061 3707 1125 3778 ejus
1145 3707 1179 3763 ad
1200 3707 1343 3777 integrum
1371 3702 1514 3760 memoriae
1535 3701 1643 3766 inserit,
1674 3704 1705 3753 ut

853 3794 1004 3865 cojustius
1023 3795 1177 3851 damnetur
1205 3809 1262 3864 qno
1291 3804 1476 3864 nequaquam
1504 3802 1589 3858 penes
1613 3785 1704 3841 Deum

853 3884 889 3941 de
919 3883 1084 3952 ignorantia
1109 3883 1260 3954 levigatur.
1284 3883 1347 3949 (tua
1384 3888 1480 3936 tamen
1508 3878 1581 3931 catut
1608 3874 1705 3928 aliene

853 3979 1069 4043 computantur,
1087 3986 1152 4029 cum
1175 3973 1211 4027 ab
1233 3971 1296 4043 ejus
1312 3971 1408 4027 animo
1428 3969 1484 4025 imo
1508 3981 1525 4022 a
1544 3965 1703 4029 voluntate,

854 4076 921 4132 qnae
936 4061 1069 4131 signatur
1098 4074 1147 4129 per
1160 4058 1305 4128 Ephraim,
1324 4057 1407 4128 quasi
1423 4070 1475 4112 nce
1489 4055 1567 4112 scitae
1578 4067 1631 4109 nec
1649 4065 1705 4108 au·

854 4150 920 4207 ditae
932 4157 1062 4207 extorres
1072 4149 1228 4205 habentur.

56 4242 111 4292 thur
126 4233 305 4299 immundam,
321 4240 348 4288 et
371 4246 451 4288 mens
472 4232 596 4287 miminis
616 4248 682 4302 quae
701 4246 798 4288 casnm
821 4238 841 4293 n
893 4238 978 4295 Vnus.
994 4240 1036 4292 13.
1051 4266 1088 4279 -
1100 4254 1116 4290 v
1130 4235 1242 4292 Hostias
1265 4233 1385 4291 atterent
1406 4233 1466 4303 lah,
1491 4227 1631 4302 ollerentl,
1648 4228 1705 4283 irn-

56 4323 217 4379 indimovet
230 4321 367 4378 irruentis
382 4321 521 4387 criminis,
544 4322 643 4377 merito
667 4322 803 4392 arguitur
857 4326 1042 4382 ›molabunt
1065 4339 1167 4380 carnes
1191 4332 1219 4380 et
1249 4323 1407 4390 comedent,
1431 4329 1459 4377 et
1481 4320 1621 4375 Dominus
1648 4330 1705 4372 non

56 4411 137 4468 itatis.
160 4414 230 4481 (tuta
249 4413 305 4480 ipsi
329 4411 508 4465 escenderunt
527 4409 564 4463 ud
593 4411 693 4477 Assur,
717 4410 801 4466 idest
857 4415 1024 4485 »suscipiet
1044 4428 1101 4469 eas.
1121 4435 1131 4461 ι
1155 4415 1265 4468 Hostiae
1294 4410 1431 4476 afferunt,
1458 4409 1509 4479 qui
1525 4404 1705 4477 paenitentias

56 4512 70 4555 e
92 4498 230 4570 gradibus
250 4498 502 4568 apprehenderunt
530 4497 685 4568 gurgustia
704 4497 801 4552 libidi-

56 4586 133 4643 .ulas.
150 4588 284 4656 Ephraim
301 4600 367 4640 mox
384 4585 475 4641 laetus
488 4593 530 4642 est
544 4601 645 4654 onager
664 4586 718 4640 sihi
741 4586 802 4640 scli-

70 4673 140 4729 dum
167 4673 322 4730 voluntatis
347 4673 493 4729 habitatus
517 4673 600 4729 exsul
626 4673 721 4730 alico
748 4673 800 4729 sibi

56 4761 125 4818 lest
146 4762 253 4818 carnali
278 4761 412 4825 lascivia,
429 4776 495 4832 quae
514 4762 647 4831 signatur
673 4776 723 4832 per
746 4776 801 4818 ona

65 4855 178 4907 constat
194 4851 358 4906 intentus·
388 4850 508 4906 hlunera
529 4849 670 4907 dederunt
692 4858 801 4905 amato-

56 4953 93 4995 ιι.
118 4939 216 5009 (Vens.
245 4937 298 5010 to.)
320 4937 372 4994 Sed
394 4947 422 4994 et
446 4938 576 4994 mercede
599 4939 801 4995 conduxerunt

56 5029 138 5084 lones.
164 5048 175 5076 ›
203 5029 318 5082 Munera
350 5028 520 5082 amatoribus
542 5027 622 5093 dant,
656 5042 722 5084 oum
748 5027 800 5083 irn-

56 5123 83 5172 nl
96 5123 124 5171 ct
145 5116 441 5186 superimpenduntur
465 5117 655 5181 demonibus
679 5115 723 5172 vel
738 5131 801 5171 ma·

56 5203 228 5271 bominibus,
243 5204 294 5274 qui
306 5203 360 5259 sibi
376 5211 426 5259 ant
440 5204 614 5274 rapacitatis.
630 5206 686 5260 'ant
708 5204 802 5260 obsce

56 5291 177 5363 optatis,
193 5293 289 5362 copias
311 5292 539 5349 subministrent.
559 5293 631 5349 ilinc
653 5301 696 5350 est
723 5292 800 5364 quod

85 5395 153 5438 cnm
183 5381 317 5452 malignis
345 5388 426 5451 pacto
453 5381 610 5451 spiritibus,
635 5383 671 5438 ad
699 5397 799 5438 eorum

56 5468 105 5527 ties
120 5468 245 5525 bominis
258 5482 288 5525 se
310 5469 494 5536 submittunt,
518 5477 547 5525 ct
569 5470 605 5527 ab
629 5469 670 5526 eis
697 5484 800 5526 necro-

854 4501 1006 4572 aliquoties
1032 4500 1162 4571 publicas
1179 4507 1206 4555 ct
1232 4507 1348 4556 caeteras
1366 4497 1562 4554 ecclesiasticae
1587 4492 1704 4548 institn-

855 4589 941 4645 tionis
954 4587 1141 4654 ceremonias,
1158 4587 1222 4658 plus
1246 4601 1282 4642 ex
1298 4586 1359 4642 sola
1379 4583 1506 4656 generali
1520 4578 1704 4639 consuctudi-

854 4692 890 4734 ne
922 4690 1010 4748 quarn
1037 4689 1073 4732 ex
1108 4674 1255 4746 religionis
1280 4674 1382 4743 pietate
1410 4678 1583 4742 proponunt.
1605 4671 1704 4726 Carnes

855 4765 1012 4830 immolant,
1036 4778 1102 4819 cum
1131 4771 1246 4834 peccata
1275 4761 1404 4817 carnalia
1429 4757 1595 4815 detestando
1623 4755 1705 4812 lactis

854 4852 1079 4911 conlessionibus
1104 4852 1191 4922 quasi
1223 4856 1359 4907 mactant.
1388 4847 1441 4903 Sed
1467 4854 1563 4901 tamen
1591 4859 1639 4900 eos
1657 4858 1704 4897 co-

854 4943 984 5009 medunt,
999 4941 1069 5011 qula
1091 4955 1190 4997 eorum
1214 4954 1270 4996 usu
1284 4953 1344 4994 sese
1360 4935 1539 5008 ingurgitare
1554 4947 1611 4987 non
1631 4931 1703 4987 desi-

854 5037 938 5087 nunt.
951 5031 1008 5085 llas
1020 5043 1088 5101 ergo
1105 5029 1210 5084 hostias
1227 5028 1302 5083 Dens
1316 5040 1373 5081 non
1389 5021 1517 5092 suscipit,
1532 5019 1603 5091 qnia
1623 5018 1704 5075 nullo

854 5119 937 5174 modo
953 5117 1057 5185 cilicia,
1088 5132 1154 5187 quae
1168 5115 1347 5172 extrinsecus
1373 5111 1622 5174 administrantur,
1649 5107 1702 5163 nisi

853 5221 889 5263 cx
905 5205 1005 5263 intimo
1034 5205 1227 5276 proferantur,
1249 5201 1378 5259 attendit.
1403 5200 1514 5256 «Nunc
1536 5196 1704 5254 recordabi-

856 5315 866 5343 ι
889 5301 937 5350 tur
951 5292 1117 5363 iniquitates
1131 5306 1241 5359 eornm,
1257 5288 1423 5346 etvisitabit
1446 5295 1559 5360 peccata
1582 5299 1702 5354 eornm;

856 5405 866 5430 ·
889 5381 943 5452 ipsi
976 5382 1005 5437 in
1033 5381 1190 5452 AEgyptum
1216 5381 1431 5434 convertentur.
1457 5378 1574 5439 charia,
1599 5374 1702 5439 idest,

854 5470 882 5525 in
899 5469 952 5526 hoc
966 5470 1014 5526 tali
1029 5483 1130 5526 eorum
1149 5473 1237 5534 statu,
1264 5481 1356 5520 eonem
1381 5464 1540 5536 iniquitates
1568 5460 1703 5520 recorda-
