3794 6008
537 223 714 284 uobittbti
734 228 771 284 ΙΝ
789 231 941 289 GENESIN
964 232 1029 289 lie.
1050 231 1071 285 I.
1653 231 1686 286 el

60 341 169 440 populo
187 354 245 399 ιιι
253 345 347 402 solum
360 346 481 408 inlinitis
494 353 649 414 sceleribus
662 358 774 428 obruto,
792 364 814 416 b
833 363 961 431 rationis,
995 370 1110 434 propter
1130 376 1195 432 qnae
1222 361 1385 432 innumera,
1414 376 1480 434 quae
1509 360 1601 434 magis
1621 375 1684 418 sen·

52 441 97 485 ¹err
112 430 162 487 Dei
182 446 300 502 prorsus
315 436 418 508 ignaro
434 439 508 498 idem
537 443 612 502 alius
640 449 778 519 propbeta
834 451 893 520 tiri,
920 466 1008 524 qnam
1033 451 1070 508 ab
1095 450 1194 521 aliquo
1214 449 1269 506 diei
1299 458 1428 520 possunt,
1459 450 1602 508 exclamat
1626 455 1686 508 tota

52 525 84 590 .t;
110 520 162 577 ubi
189 522 258 579 satis
284 523 450 586 mirandum
473 539 524 600 est,
556 535 633 605 quod
665 537 708 593 bis
727 539 779 610 qui
833 540 991 612 spiritualis
1029 540 1161 598 Ecclesiae
1193 538 1365 597 multitudo:
1398 541 1485 596 Miser
1521 555 1567 608 ege
1598 541 1684 608 bomo,

52 608 161 665 entiam
179 625 238 667 non
253 613 397 672 habebant
414 619 580 688 poenitentia
607 627 777 684 nuntiatur:
834 629 896 701 qais
920 646 961 686 me
974 630 1101 687 liberabit
1127 629 1160 684 de
1178 644 1287 699 corpore
1300 632 1395 684 mortis
1411 628 1518 698 buius?
1535 632 1618 700 illem.
1635 640 1699 696 ιιι,

52 710 153 768 quam,
172 698 225 767 bis,
242 710 351 772 quanto
370 708 463 778 magis
489 711 615 779 proderit
638 713 778 772 Cbristia-
834 721 888 791 24.)
901 721 1041 777 insuntet
1055 717 1178 788 reptilia,
1196 717 1300 775 infimae
1316 725 1342 774 et
1354 731 1470 789 prorsus
1484 717 1615 774 carnales
1635 726 1680 774 at

53 793 64 841 t
92 788 160 858 quis
179 788 308 860 desperet
336 793 370 850 de
395 794 536 868 fidelibus,
570 800 593 857 si
621 811 780 874 spestanta
834 825 900 881 qnae
926 824 978 866 nos
992 807 1132 865 inclinare
1147 806 1237 864 solent
1251 807 1432 877 cupiditates,
1460 806 1568 878 quibus
1585 815 1685 863 ventre

52 875 193 948 timpiis?
209 879 264 936 Hcs
284 881 314 937 in
330 882 457 942 Ecclesia
480 888 556 946 Deus
575 905 721 965 quemque
735 909 779 952 se·
834 897 972 969 repimus,
1003 897 1029 953 id
1053 904 1095 954 est
1113 895 1217 953 allectu
1239 895 1413 953 iuberemus
1434 897 1556 952 terrenis
1580 894 1686 966 volup-

52 978 62 1020 ι
90 968 214 1038 propriae
243 970 310 1029 vitae
338 975 460 1045 gradum
477 977 612 1047 instituit,
640 990 672 1039 ut
697 984 780 1040 nobis
834 987 952 1053 tatibus,
969 994 997 1043 et
1019 985 1216 1043 titillationum
1235 983 1514 1055 trequentialubrici
1530 997 1564 1040 ac
1585 983 1686 1040 molles

52 1056 159 1126 tquia,
176 1057 199 1113 si
217 1059 252 1116 ad
272 1074 421 1120 summum
435 1065 500 1137 ejus
519 1068 734 1141 discipulatum,
751 1074 779 1129 id
834 1076 926 1133 instar
965 1074 1076 1132 colubri
1101 1079 1249 1131 attenuato
1276 1073 1364 1130 animi
1394 1073 1489 1145 rigore
1529 1072 1684 1130 ellicimur.

52 1143 186 1215 ationem,
202 1148 323 1207 facultas
351 1152 404 1209 niti
432 1170 489 1212 non
512 1165 564 1226 est,
581 1159 706 1218 sciamus
720 1162 779 1219 sal-
834 1166 908 1223 lium
923 1165 1000 1222 enim
1016 1165 1159 1221 virtutum
1183 1161 1296 1233 lastigie
1315 1161 1442 1234 attigisse
1457 1176 1509 1219 nos
1527 1162 1685 1229 credimus,

52 1231 77 1289 ia
102 1234 200 1293 minus
226 1240 389 1308 potentibus
415 1243 526 1303 medius
548 1247 628 1305 locus
654 1249 699 1307 sit.
715 1251 779 1323 lpse
833 1268 869 1311 ne
897 1269 950 1312 nos
966 1253 1066 1327 gratiae
1082 1252 1199 1311 ubertas
1221 1250 1320 1319 elevet,
1354 1250 1475 1322 propitio
1495 1250 1544 1307 Dei
1575 1250 1685 1323 judicio

52 1322 75 1380 ιι
96 1322 263 1390 dixit‚cnm
279 1328 473 1402 virginitatem
499 1335 553 1392 sub
576 1340 778 1396 eunuchorum
833 1344 968 1401 stimulus
994 1342 1091 1399 caruis
1113 1341 1149 1398 ab
1175 1340 1277 1412 angelo
1305 1339 1418 1397 satane
1444 1338 1527 1396 nobis
1553 1340 1605 1410 qui
1633 1353 1686 1396 nos

71 1411 223 1472 laudaret:
244 1419 297 1484 (tui
321 1425 409 1490 petest
438 1439 532 1494 cepere
560 1430 653 1498 capiet
667 1430 776 1500 illeille
832 1432 988 1504 colaphizet
1016 1429 1182 1488 immittitur
1205 1429 1243 1501 (ll
1256 1430 1319 1487 dor.
1336 1442 1388 1495 ιιι,
1409 1427 1447 1498 7),
1463 1435 1490 1484 ct
1506 1428 1548 1484 sic
1565 1427 1635 1484 dum
1650 1427 1685 1484 de

52 1502 82 1575 t),
115 1504 190 1561 idem
212 1506 300 1564 dixit:
322 1510 354 1566 si
378 1513 419 1566 eis
446 1517 583 1584 perfectus
607 1532 672 1587 esse,
698 1519 777 1585 code,
833 1520 1026 1593 supercoelesti
1053 1518 1225 1591 cogitatione
1253 1518 1289 1574 ad
1319 1517 1475 1589 plusquam
1499 1523 1624 1584 terrena,
1654 1521 1686 1572 ut

52 1607 104 1663 ιῐι8
132 1593 213 1652 babes
240 1597 321 1668 (ibid.
337 1602 396 1671 el),
423 1608 452 1659 et
472 1611 573 1662 cetera
584 1621 593 1676 ;
613 1620 670 1664 non
685 1607 775 1665 dixit:
833 1609 874 1669 sic
885 1611 989 1680 dicam,
1006 1609 1171 1667 meditanda
1193 1607 1366 1677 delabimur,
1391 1607 1462 1681 quid
1477 1607 1512 1664 de
1526 1606 1609 1664 nobis
1623 1604 1685 1662 sine

52 1682 182 1754 edideris,
204 1699 262 1743 non
286 1688 408 1746 intrabis
434 1690 465 1748 in
490 1707 614 1766 regnum
628 1695 775 1753 coeiorum.
794 1669 814 1724 B
832 1714 916 1772 opere
945 1699 994 1757 liei
1016 1700 1107 1758 simus
1129 1699 1159 1756 in
1174 1698 1257 1755 nobis
1271 1696 1342 1768 ipsis
1353 1696 1541 1756 advertimus.

52 1782 153 1844 tmque
167 1774 261 1831 (Ῐὶῐῑῑῑ
286 1777 341 1843 Qui
352 1793 406 1836 ιιι
419 1785 560 1839 renuntiat
582 1785 704 1840 omuibus
719 1801 779 1855 ιιι
867 1790 925 1849 Nec
949 1791 1054 1848 desunt
1082 1788 1189 1857 bestiae,
1206 1786 1337 1845 bestiales
1356 1786 1487 1844 videlicet
1510 1799 1612 1843 mores.
1642 1783 1688 1841 in·

52 1900 62 1926 ι
90 1877 144 1917 ιιι
162 1867 252 1934 peleti
276 1882 350 1923 mette
369 1884 425 1924 esee
442 1870 592 1942 decipulas
607 1874 684 1946 (buc.
720 1887 777 1944 xiv,
832 1879 969 1949 scientiae,
997 1879 1048 1935 irae
1072 1886 1100 1935 et
1123 1891 1268 1944 rancores,
1298 1891 1364 1947 quae
1386 1875 1439 1932 etsi
1468 1881 1582 1932 sanctos
1606 1874 1685 1932 viros

52 1964 88 2007 em
102 1960 145 2010 est
158 1954 224 2011 acsi
239 1954 368 2014 deceret:
393 1959 457 2017 Non
478 1969 569 2032 potest
593 1977 639 2020 me
658 1963 780 2034 perlecte
832 1983 926 2040 usque
948 1967 985 2024 ad
1014 1973 1159 2038 perpetem
1180 1965 1323 2036 impellere
1347 1979 1406 2021 non
1433 1971 1553 2036 possunt
1575 1963 1682 2020 discor·

68 2054 84 2096 a
107 2056 166 2113 quo
180 2045 337 2103 constiterit
353 2055 481 2107 terrenas
499 2051 616 2109 divitias
641 2052 779 2111 allactari.
832 2059 921 2125 diam,
945 2070 1067 2129 magnas
1089 2059 1185 2112 tamen
1200 2055 1237 2111 ad
1255 2063 1368 2125 tempus
1387 2054 1415 2110 in
1431 2068 1531 2111 eorum
1547 2052 1684 2110 cordibus

53 2144 83 2186 m
105 2145 136 2187 se
153 2131 326 2205 discipulum
342 2136 504 2210 cuiuspiam
521 2142 646 2212 proirteri
673 2141 781 2199 consti·
832 2155 971 2221 generant
994 2146 1104 2211 turbas,
1124 2153 1161 2212 et,
1187 2144 1257 2200 dum
1277 2150 1376 2200 vetant
1392 2143 1534 2200 interioris
1549 2140 1682 2198 lerociam

73 2219 140 2277 iacit
166 2221 283 2293 intuitu,
309 2226 386 2298 quod
406 2228 434 2284 in
457 2243 490 2285 eo
516 2230 593 2288 unde
609 2230 780 2303 magistrum
835 2235 995 2293 murmuris
1009 2234 1121 2306 prodire
1136 2232 1165 2289 in
1183 2232 1314 2299 verbum,
1330 2229 1548 2287 ardentissimos
1561 2229 1638 2286 intra
1652 2241 1683 2284 se

52 2311 127 2379 vult,
142 2312 222 2383 cupit
240 2314 330 2371 eidem
358 2317 550 2391 coniormari3
579 2328 608 2378 et
627 2336 695 2378 cum
720 2335 781 2377 ma·
834 2323 1133 2397 aestnscogitatlonum
1147 2321 1202 2378 sibi
1216 2319 1340 2377 invicem
1351 2318 1559 2390 objicientium,
1574 2325 1602 2374 et
1616 2330 1683 2373 cum

53 2399 144 2472 liquis
169 2400 215 2469 sit,
243 2411 271 2460 et
293 2405 400 2463 multos
428 2407 659 2482 circumquaque
686 2411 782 2467 eundo
836 2413 937 2487 grandi
952 2413 1074 2484 strepitu
1085 2407 1215 2467 convicia
1229 2407 1414 2465 referentium
1428 2406 1590 2477 patiuntur.
1608 2403 1685 2461 Vitia

64 2503 125 2547 non
150 2498 245 2549 tamen
271 2494 367 2551 vocari
396 2508 608 2557 consueverunt
639 2499 781 2572 discipuli,
837 2510 932 2560 autem
948 2503 1055 2574 pariter
1070 2501 1120 2557 vix
1132 2505 1184 2557 aut
1204 2511 1355 2568 nunqnam
1371 2495 1537 2568 quempiam
1561 2499 1684 2563 tentant,

52 2577 65 2633 i
81 2577 145 2650 eius
159 2579 239 2637 lateri
258 2582 418 2654 specialiter
431 2586 630 2656 obambulant,
655 2589 782 2647 discendi
837 2590 1024 2649 sedvicissim
1049 2602 1101 2646 nos
1123 2587 1251 2660 pulsant:
1283 2586 1374 2657 sopito
1395 2585 1502 2642 scilieet
1526 2582 1685 2654 voluptatis

52 2665 222 2725 rotimum·
839 2680 982 2738 incentivo
1015 2676 1119 2735 delurit
1151 2677 1211 2744 ira;
1252 2676 1296 2732 ira
1308 2674 1343 2731 ad
1383 2682 1496 2744 tempus
1523 2672 1685 2744 quiescente

52 2762 60 2812 t
78 2769 234 2829 ergoaqua
249 2775 315 2832 quae
330 2763 463 2833 producit
476 2779 513 2821 cx
527 2765 674 2837 sapientie
689 2767 783 2823 scien-
837 2769 954 2828 eliervet
968 2768 1111 2836 luxuria;
1127 2765 1172 2822 bis
1185 2777 1288 2822 rursus
1299 2762 1384 2836 quasi
1399 2761 1530 2820 edomitis
1554 2759 1685 2831 subrepit

52 2843 190 2903 salutaris
210 2847 388 2918 plenitudine
403 2853 541 2923 volatilia,
573 2856 626 2912 boc
647 2863 690 2912 ast
708 2855 784 2911 viros
837 2859 933 2916 inanis
943 2856 1043 2930 gloria,
1058 2856 1118 2913 sive
1131 2853 1275 2926 superbia.

52 2941 92 2990 tes
119 2936 323 3005 speculationis
354 2941 411 3010 ala,
440 2943 527 3001 babet
559 2952 645 3013 terra,
678 2944 707 3001 id
743 2952 820 3024 estc
874 2949 1050 3005 Haecautem
1071 2945 1135 3012 tria,
1158 2958 1224 3015 quae
1243 2941 1436 3013 premisimus
1452 2938 1614 3009 subspecie
1632 2937 1683 3009 ju·

52 3021 220 3081 humanitas
241 3025 416 3099 simplicium
442 3031 647 3103 animosquasi
657 3034 783 3103 jumento
838 3046 1010 3104 mentorum,
1040 3033 1197 3106 reptilium,
1219 3046 1260 3096 3ac
1284 3031 1451 3099 bestiarum,
1481 3037 1509 3086 et
1528 3028 1557 3085 in
1574 3026 1684 3100 psalmo

52 3116 96 3175 ,et
110 3111 221 3181 bestico,
247 3115 309 3186 qui,
330 3116 354 3174 si
379 3117 409 3173 in
426 3119 535 3176 lumine
558 3121 638 3177 verbi
665 3121 782 3178 oculum
837 3126 906 3183 satis
920 3139 1047 3196 congrue
1061 3120 1287 3193 subfiguraalia
1300 3120 1492 3177 denotantur:
1510 3118 1683 3184 ιιιιιιιιιιι,
1783 3122 1791 3133 ·

52 3208 195 3269 equilum,
217 3201 364 3260 Christum
388 3212 485 3263 lamen
513 3208 783 3279 provocatoribus
837 3216 942 3288 inquit,
963 3215 1112 3270 medullula
1135 3211 1283 3269 ollerimus
1313 3210 1364 3268 tibi
1392 3225 1452 3265 eum
1478 3211 1584 3264 incertae
1612 3209 1684 3262 orie·

55 3294 117 3344 tnm
132 3287 316 3361 redimendis,
341 3292 405 3350 lidei
428 3309 462 3352 ac
480 3298 540 3367 spei
559 3297 691 3355 contuitu
715 3312 782 3356 con-
838 3312 904 3374 tem,
928 3304 1041 3375 opimam
1056 3303 1107 3358 itit
1135 3302 1211 3357 boves
1225 3316 1285 3355 cam
1311 3300 1395 3354 birris
1420 3297 1506 3367 (Psoi.
1534 3310 1601 3364 cxv,
1619 3295 1683 3365 lbi:

58 3381 223 3440 attendunt.
240 3385 311 3442 cum
328 3387 406 3444 enim
428 3388 485 3444 dici
506 3390 629 3448 verbum
651 3400 784 3449 eructare
840 3390 1178 3457 Holocaustaolierimns,
1193 3402 1260 3445 cum
1275 3386 1420 3458 quidquid
1432 3385 1684 3453 exnobissumus,

52 3476 85 3537 tt,
102 3484 162 3527 nox
174 3472 250 3529 nocti
276 3476 424 3534 scientiam
442 3487 650 3550 consequenter
677 3479 784 3536 indicat
837 3485 868 3541 in
888 3483 937 3540 Dei
952 3494 1050 3538 amore
1068 3478 1266 3536 consumimus
1283 3495 1290 3543 ;
1307 3476 1465 3534 medullata
1490 3475 1590 3532 eadem
1606 3481 1684 3542 sunt,

52 3573 121 3628 vui,
137 3560 176 3630 ι),
199 3561 287 3620 babet
312 3565 438 3622 Ecclesia
457 3567 510 3624 bos
525 3567 554 3623 in
569 3583 600 3624 se
622 3568 784 3625 viventium
838 3586 904 3629 eum
930 3570 992 3626 sine
1013 3567 1163 3626 charitatis
1187 3565 1317 3622 interiori
1344 3565 1520 3636 pinguedine
1544 3563 1685 3619 virtutum
1771 3584 1780 3600 ·

55 3650 111 3720 qui
136 3664 239 3721 pecora
251 3653 319 3723 jure
340 3654 377 3711 ad
399 3669 502 3713 eornm
528 3658 782 3728 comparationem,
838 3668 1002 3719 nostrarum
1030 3670 1094 3714 ossa
1120 3669 1177 3712 non
1199 3663 1286 3712 sunt:
1313 3653 1463 3710 aridusest
1481 3653 1559 3710 enim
1587 3663 1687 3707 ramus

52 3737 181 3796 tonaliter
196 3753 226 3796 se
240 3749 342 3813 agunt,
358 3743 413 3801 dici
435 3754 620 3815 meruerunt3
639 3746 684 3802 vel
697 3747 783 3803 etiam
839 3751 920 3808 bonae
944 3745 1073 3813 actionis,
1099 3758 1157 3802 non
1177 3743 1262 3801 babet
1281 3755 1401 3799 succum
1427 3741 1533 3798 divinae
1557 3754 1591 3798 ac
1617 3752 1686 3795 rnu-

52 3825 248 3896 npietatisita
263 3829 410 3901 dicuntur,
438 3834 509 3905 quia
524 3834 673 3891 bominum
701 3834 785 3892 idest
838 3847 897 3896 tuae
938 3834 1106 3904 charitatis3
1134 3847 1200 3890 cum
1228 3832 1352 3896 incenso,
1383 3831 1412 3888 id
1440 3838 1483 3888 est
1511 3829 1686 3894 incensione,

56 3913 228 3988 pienterque
242 3919 402 3977 viventium
413 3923 515 3980 usibus
528 3923 613 3994 quasi
632 3924 786 3981 domestica
839 3925 1058 3997 consumptione
1095 3921 1227 3980 videlicet
1261 3920 1350 3978 totius
1377 3919 1592 3987 cervicositatis,
1622 3932 1688 3989 quc

54 4003 289 4063 alamulantur.
319 4009 365 4066 Nil
392 4012 469 4068 enim
494 4019 537 4069 est
564 4012 641 4084 quod
668 4027 726 4070 non
756 4013 785 4070 in
839 4029 929 4087 supra
956 4027 1008 4085 per
1047 4012 1161 4078 bestias,
1197 4009 1242 4066 bis
1275 4022 1327 4080 per
1362 4008 1481 4066 arietem
1508 4008 1697 4080 designatam

54 4090 145 4160 libus,
173 4100 200 4150 θι
223 4095 310 4152 rebus
332 4097 418 4154 etiam
440 4099 607 4158 inanimatis
634 4101 664 4156 in
688 4100 787 4171 aliquo
839 4102 1138 4172 scimus3bolocausta
1151 4099 1253 4156 olierre
1266 4099 1412 4165 debemus,
1431 4097 1511 4169 quia,
1526 4098 1549 4153 si
1557 4096 1690 4153 diabolus

52 4183 105 4237 bus
127 4181 197 4238 utile
224 4183 271 4240 sit.
299 4184 359 4242 Sub
382 4201 442 4258 qua
468 4190 560 4260 specie
583 4190 654 4248 dum
677 4197 788 4248 montes
841 4209 893 4253 rex
906 4200 949 4250 cst
962 4206 1049 4262 super
1060 4204 1159 4247 omnes
1180 4188 1251 4245 illios
1265 4186 1406 4257 superbia
1425 4187 1492 4258 (iob.
1508 4200 1567 4255 xci,
1591 4185 1649 4254 95),
1662 4191 1690 4242 et

52 4282 64 4325 e
83 4269 145 4326 suis
158 4273 355 4342 superioribus
365 4276 477 4349 irrigat,
498 4292 548 4349 per
561 4279 673 4336 eosdem
687 4285 786 4349 potum
803 4276 824 4330 Ι)
844 4283 921 4340 iilius
935 4279 1007 4338 tanti
1022 4277 1150 4345 monstri,
1166 4290 1324 4347 servusque
1349 4275 1456 4332 diaboii
1483 4275 1541 4332 lieo
1569 4287 1691 4331 munera
1742 4340 1747 4346 ,

52 4365 76 4415 ιι
98 4361 215 4431 onagris
238 4362 429 4436 administrat,
450 4374 529 4425 etex
554 4368 660 4426 eisdem
686 4368 785 4425 lenum
838 4370 937 4439 delert,
965 4368 1035 4440 quid
1062 4367 1114 4439 ipsi
1129 4368 1185 4424 lieo
1211 4365 1302 4422 videri
1330 4364 1432 4434 poterit
1455 4363 1608 4435 ingratius,
1625 4370 1690 4419 tur-

81 4447 261 4521 berbamque
296 4452 447 4511 bominum
471 4456 604 4515 servituti
637 4463 787 4514 convectat
841 4461 915 4532 pius,
947 4455 1116 4528 indignius?
1146 4454 1191 4512 Sic
1217 4461 1313 4511 tamen
1349 4452 1421 4520 dico,
1448 4453 1538 4509 donee
1567 4452 1597 4508 in
1629 4451 1691 4523 ipsa

52 4551 146 4604 2¹be
172 4541 210 4605 8).
227 4540 282 4608 Qui
309 4543 386 4600 enim
407 4553 518 4604 montes
543 4545 573 4601 in
595 4546 704 4616 quibus
722 4546 788 4602 lena
841 4548 941 4606 mortis
955 4545 1150 4616 profunditate
1161 4545 1257 4616 jacere
1271 4542 1419 4600 deliberat.
1435 4540 1590 4599 Olierimus
1604 4541 1690 4607 bocer,

52 4639 77 4682 tr
89 4625 126 4683 ob
144 4627 250 4687 tastum
264 4631 360 4689 vocati
372 4640 451 4700 sunt,
468 4633 554 4691 iidem
569 4634 673 4692 ibidem
692 4633 789 4692 bestie
841 4651 909 4696 ιιι
932 4648 1017 4693 οιιι
1035 4633 1159 4705 pondus,
1184 4639 1212 4688 ιι
1238 4631 1430 4689 circumstans
1451 4644 1504 4687 nos
1530 4636 1690 4701 peccatum,

52 4715 163 4774 citatem
189 4718 346 4778 dictisunt.
843 4725 921 4799 quod
948 4738 1001 4781 nos
1022 4729 1175 4795 aggravat,
1191 4727 1218 4779 et
1242 4721 1381 4778 animales
1408 4719 1581 4789 hebetesque
1597 4731 1649 4774 nos
1662 4716 1692 4772 iu

52 4811 67 4861 t
81 4818 199 4877 quoque
209 4807 301 4866 tidelis
314 4809 413 4866 anima
425 4811 511 4868 etiam
527 4827 593 4883 qnae
609 4813 645 4870 ad
663 4825 790 4870 summos
843 4816 890 4874 bis
903 4827 970 4886 quae
982 4812 1032 4870 liei
1046 4818 1124 4880 sunt,
1141 4811 1244 4879 reddit,
1259 4809 1380 4877 lervore,
1406 4806 1539 4865 acumine
1562 4803 1691 4871 rationis,

52 4896 171 4953 nerserit
194 4899 312 4969 gradm,
329 4899 387 4957 imo
412 4901 521 4972 patitur
535 4903 565 4959 in
594 4918 624 4961 se
638 4905 691 4960 bos
709 4916 791 4959 acer-
843 4913 872 4963 et
890 4900 1031 4974 spirituali
1046 4900 1199 4956 vivacitate
1219 4906 1375 4964 mutamus,
1391 4904 1419 4953 ct
1439 4894 1582 4952 mutando
1596 4907 1694 4966 quan·

52 5001 57 5039 t
72 4992 179 5042 motus.
197 4986 300 5043 insunt
314 5001 441 5060 namque
453 5004 512 5048 non
527 4992 610 5049 modo
631 4992 725 5059 nobis,
740 4990 791 5061 qni
845 5000 907 5050 tum
922 4989 1030 5060 patitur
1043 4997 1149 5046 natura
1158 4988 1366 5044 consumimus.
1385 4985 1419 5041 lli
1434 4998 1484 5054 per
1503 4984 1628 5053 inmorata
1642 4982 1695 5039 de·

52 5074 88 5130 tia
102 5076 297 5134 conversionis
326 5078 478 5149 babemus,
502 5082 550 5137 sed
571 5082 677 5138 sanctis
691 5096 725 5138 ac
745 5081 793 5137 in·
845 5081 999 5151 signantur
1013 5078 1157 5147 superius.
1174 5077 1274 5132 ilircos
1288 5075 1319 5130 in
1334 5074 1383 5130 bei
1411 5071 1570 5143 placatione
1597 5070 1695 5128 incen-

52 5162 191 5232 itissimis,
228 5165 319 5223 Paulo
355 5167 461 5227 scilieet
498 5170 642 5241 apostolo,
689 5169 794 5241 suique
846 5168 951 5236 dimus,
967 5179 1034 5223 cum
1058 5166 1087 5222 in
1107 5178 1194 5221 carne
1213 5170 1352 5221 nostrast
1372 5161 1482 5219 intimis
1508 5162 1613 5217 anime
1627 5159 1704 5216 alle·

52 5268 87 5311 ns
111 5254 245 5324 jumento,
270 5255 300 5312 id
325 5264 369 5314 est
395 5257 543 5316 oneriferae
575 5258 663 5330 bujus
689 5267 794 5316 nostre
847 5256 941 5313 ctibus
956 5255 1216 5326 petulantiaeliuxa
1231 5251 1432 5324 dispergimus,
1446 5263 1522 5321 qnae,
1540 5249 1585 5307 vel
1601 5249 1697 5320 potius

52 5341 128 5398 itatis
151 5341 349 5410 hebetudines,
374 5345 483 5417 quibus
504 5345 649 5403 interioris
671 5345 795 5403 bominis
848 5346 899 5418 qui
918 5345 1001 5412 birci,
1021 5346 1128 5403 scilicet
1150 5351 1219 5403 sunt
1234 5344 1357 5415 figurate
1370 5343 1482 5412 reptilia
1509 5354 1575 5411 quae
1596 5347 1698 5412 protu-

52 5431 129 5500 itur,
144 5438 171 5488 et
189 5434 287 5490 crebro
303 5442 442 5505 gravatur
466 5434 611 5504 alacritas,
631 5435 701 5492 dum
718 5434 795 5491 videt
847 5434 945 5503 limus,
959 5449 1026 5506 quae
1043 5442 1100 5492 tota
1127 5433 1288 5492 secundum
1303 5432 1445 5504 cuiusque
1468 5428 1602 5488 animalis
1616 5437 1700 5487 uatu-

64 5519 156 5593 legem
192 5520 222 5577 in
243 5523 381 5581 membris
408 5522 469 5582 suis
502 5530 712 5597 repugnantem
741 5523 796 5594 legi
848 5536 912 5581 ram
936 5523 1012 5580 dicta
1035 5530 1113 5592 sunt,
1130 5522 1200 5594 quia
1214 5521 1290 5579 aries
1305 5521 1463 5591 superbum
1479 5534 1512 5577 ac
1532 5520 1699 5578 bellicosum
