3818 6008
115 238 166 309 311
558 248 590 306 1.
611 248 780 310 3111311311
798 249 946 308 3333113
963 250 993 308 s.
1014 252 1134 310 113113
1155 251 1200 310 33
1222 249 1422 309 1311331113
1821 249 1872 304 333

115 386 393 458 1113131331133131,
409 383 591 439 3113313333
618 383 756 439 omnibus
777 383 869 439 modis
894 383 1082 452 313-33313,
1117 389 1260 453 quantum
1290 381 1327 437 ab
1343 381 1475 438 133333
1497 380 1682 452 postmodum
1712 378 1872 435 intentione

116 476 246 545 patulum
273 474 403 540 faciebat,
430 472 506 542 quod
534 486 579 528 me
597 485 668 541 pene
689 486 745 526 nou
760 471 816 527 3113
830 485 918 542 3333
934 485 964 527 33
1018 470 1198 537 desciverim,
1223 478 1251 526 et
1278 484 1365 540 quam
1390 468 1608 526 luctuabundus
1629 467 1784 524 31111133
1805 482 1872 538 pro-

114 562 254 619 cbaritate
268 561 408 633 diligeret.
424 560 501 616 Adeo
521 572 622 629 nempe
638 559 717 631 vigili
740 560 809 615 mibi
823 558 963 615 sollicitu—
1018 560 1160 626 cesserim,
1176 558 1314 629 quodque
1333 564 1414 613 actus
1434 557 1601 613 verberibus
1616 557 1669 613 vix
1686 558 1788 621 adesse
1801 570 1872 612 oon-

114 652 181 707 diuo
205 649 405 720 incumbebat3
435 649 505 705 adeo
522 656 637 719 propter
664 648 859 718 quorumdam
885 647 962 702 invi·
1018 648 1165 704 senserim.
1184 649 1274 703 Erant
1298 646 1393 717 plane,
1416 646 1545 714 Domine,
1562 660 1620 701 non
1647 644 1802 717 religionis
1817 659 1869 700 ou-

114 739 226 795 dentlas
239 737 325 794 saluti
347 751 415 793 mern
431 736 608 807 providebat,
625 736 766 792 obsoletos
785 735 961 806 aliquorum,
1016 737 1154 808 juspiam,
1184 736 1235 806 qui
1262 750 1298 791 ex
1327 735 1426 806 aliqua
1446 733 1691 791 intellectualitate
1710 733 1871 790 descende-

114 827 166 899 qui
195 826 265 882 mibi
294 825 534 892 observabantur,
567 838 669 889 mores,
695 832 806 894 quanta
832 836 962 879 caverem
1018 834 1092 893 rent,
1134 823 1183 880 sed
1217 823 1342 894 pueriles
1380 822 1509 894 quidam,
1544 823 1595 893 qui
1625 829 1694 878 tunc
1728 820 1872 893 cogebant

113 916 285 973 auctoritate
329 913 462 980 docebat;
501 920 624 969 matrem
672 926 758 982 super
805 911 964 968 cultissimo
1018 913 1149 983 impetus.
1172 909 1739 982 113331333331313333113133331131
1765 908 1872 980 neqni-

115 1018 246 1062 moarum
258 1004 381 1060 vestium
396 1009 538 1072 apparatu
555 1001 694 1072 tantisper
709 1001 841 1073 urgebat,
859 1008 890 1057 ut
905 1012 962 1054 non
1020 1003 1064 1058 113
1086 1001 1146 1072 jam
1174 999 1266 1067 311313,
1291 999 1478 1071 conceptibus
1505 1013 1564 1055 sese
1585 999 1615 1055 in
1642 998 1735 1055 totius
1751 997 1870 1069 pudoris

114 1092 274 1166 pedagogi,
291 1092 339 1148 sed
363 1090 500 1162 parentis,
521 1105 579 1146 non
601 1090 727 1160 corporis
750 1089 805 1144 mei
831 1087 961 1154 tutelam,
1018 1090 1125 1145 damna
1139 1087 1292 1159 proripuit,
1307 1094 1390 1144 vetus
1405 1086 1574 1143 11131313113
1591 1100 1711 1157 prorsus
1725 1085 1869 1142 extabuit.

114 1181 162 1239 sed
187 1180 405 1236 animaecuram
423 1192 508 1250 agere
532 1185 694 1249 putaretur.
726 1178 877 1234 blibivero
897 1175 963 1232 licet
1017 1177 1079 1233 Etsi
1106 1178 1142 1233 ad
1170 1177 1280 1243 boram,
1311 1176 1387 1232 Deus
1415 1189 1507 1244 meus,
1540 1175 1615 1232 bona
1652 1174 1870 1244 voluntas‚imo

114 1283 166 1342 pro
190 1275 274 1326 aetate
294 1267 387 1324 hebeti
418 1274 506 1338 atque
538 1265 648 1337 pusiolo
672 1272 753 1322 tanta
779 1279 868 1335 penes
896 1278 963 1321 eum
1017 1264 1175 1322 similitudo
1199 1265 1281 1320 bona
1309 1263 1469 1320 voluntatis
1495 1263 1558 1319 visa
1586 1271 1628 1320 est
1661 1261 1867 1328 excanduisse,

114 1351 964 1425 113133113133331131333333131,11331313113331131133
1018 1353 1207 1425 pessimarum
1248 1351 1456 1422 cogitationum
1491 1350 1635 1409 imbribus
1667 1351 1869 1409 obnubilatam

114 1447 272 1504 cuticulam
302 1458 395 1501 meam
432 1444 530 1501 multis
556 1442 699 1499 vibicibus
715 1441 905 1512 proculcaret,
930 1447 963 1498 ut
1018 1456 1086 1499 mox
1101 1442 1229 1512 contigit,
1244 1439 1391 1497 decidisse.

114 1550 173 1592 non
200 1542 289 1600 metu,
315 1533 366 1602 qui
393 1534 423 1588 in
437 1531 575 1603 aeqoaevis
597 1531 708 1599 assolet,
725 1530 773 1587 sed
795 1529 963 1600 nescioquo
1340 1527 1458 1586 CAPUT
1477 1527 1540 1584 Vll.

115 1622 282 1680 medullitus
309 1621 394 1677 insito
422 1635 530 1686 amore,
550 1620 575 1676 ei
600 1620 688 1676 totius
711 1619 774 1689 ejus
802 1617 963 1687 asperitatis
1053 1618 1230 1686 Beneficium
1244 1617 1291 1673 ilii
1304 1619 1529 1672 motereonatur
1541 1615 1678 1672 oblinere.
1692 1645 1729 1657 -
1742 1614 1792 1688 (¹⁸)
1804 1615 1867 1674 Con·

115 1705 963 1780 311111333133333131.1131113331133331333133113311113
1019 1707 1297 1778 133131311331333
1322 1713 1413 1762 mater
1435 1718 1499 1761 mea
1521 1704 1736 1761 ecclestiasticis
1756 1719 1804 1761 me
1823 1705 1865 1760 be·

117 1797 191 1853 idem
219 1811 264 1852 me
288 1795 433 1867 magister,
462 1803 611 1866 materque
629 1802 788 1861 tentarunt,
805 1808 869 1850 cum
886 1793 963 1850 debi-
1018 1795 1126 1853 neliciis
1143 1809 1262 1866 quoquo
1288 1802 1371 1865 pacto
1400 1793 1533 1850 inserere.
1551 1794 1648 1848 Prima
1669 1792 1764 1864 igitur
1780 1793 1864 1850 inser-

118 1892 178 1941 tum
194 1900 237 1941 me
258 1885 312 1941 3111
333 1885 487 1954 311311333
504 1885 632 1940 1133133
649 1897 732 1953 aeque
750 1883 899 1938 redhibere
920 1881 964 1937 vi·
1019 1882 1104 1938 tionis
1118 1896 1206 1939 causa
1220 1897 1278 1938 non
1300 1883 1382 1938 modo
1409 1881 1494 1950 3313,
1525 1882 1573 1938 331
1589 1889 1616 1939 31
1631 1881 1744 1938 nelarie
1762 1882 1865 1938 exstitit

116 1973 226 2035 decent,
255 1982 354 2028 utrum
386 1973 442 2029 sub
465 1972 553 2028 unius
578 1973 617 2028 rei
643 1973 761 2042 imperio
790 1970 963 2027 alterutrum
1019 1971 1258 2027 Adolescentulus
1274 1971 1363 2027 irater
1377 1985 1458 2027 meus
1473 1970 1593 2041 quidam
1607 1985 1709 2042 eques,
1725 1977 1754 2028 et
1772 1970 1863 2027 muni·

117 2059 251 2129 pranicrre
266 2072 478 2129 praesumerem.
1019 2074 1084 2129 ceps
1110 2059 1295 2116 clarimontis
1323 2060 1409 2116 castri
1434 2059 1504 2130 137),
1534 2060 1592 2116 133
1620 2066 1688 2116 3313
1703 2060 1770 2130 ejus
1794 2059 1864 2129 quod

151 2147 253 2202 1331111
273 2147 388 2202 133133
403 2147 524 2214 occasio,
550 2147 656 2218 inqua
683 2155 898 2203 neutroeorum
914 2159 965 2201 su·
1019 2149 1094 2205 inter
1116 2149 1323 2219 compendium
1353 2156 1441 2218 atque
1466 2148 1648 2205 Bellovacum
1672 2149 1764 2204 situm
1780 2155 1866 2209 esta

117 2248 167 2304 per
184 2234 436 2307 hujusmodiquid
461 2244 563 2307 agente
579 2235 686 2292 lactum
713 2235 839 2292 constitit
854 2234 964 2304 absque
1018 2237 1134 2293 domino
1163 2237 1253 2308 ipsius
1280 2237 1389 2308 oppidi,
1415 2237 1511 2294 nescio
1531 2244 1629 2293 utrum
1659 2236 1805 2303 donativi,
1820 2250 1865 2291 sen

117 2322 568 2395 311333113311313331133133.
592 2322 730 2379 Semelin
752 2322 849 2378 331313
870 2335 962 2392 rapu·
1018 2324 1137 2382 leodalis
1153 2326 1241 2382 debiti
1262 2325 1365 2397 gratia,
1382 2326 1494 2382 dandas
1516 2325 1701 2394 operiebatur
1722 2324 1863 2395 pecunias.

118 2411 369 2482 laveram;scbola
395 2421 561 2469 autemnon
585 2412 641 2467 alia
667 2419 729 2468 erat
752 2425 840 2482 quam
871 2411 963 2482 quod·
1018 2413 1148 2483 Cumque
1164 2413 1220 2468 11113
1246 2413 1470 2486 largiendorum,
1502 2412 1864 2483 31331331,133313313-

117 2499 300 2557 13313333
314 2508 419 2558 nostrae
440 2500 607 2557 triclinium.
628 2500 758 2556 11113133
772 2500 860 2568 3313,
891 2514 964 2570 quos
1019 2500 1442 2572 131313131131,333133133
1471 2508 1624 2572 parentum
1640 2515 1777 2558 meorum
1801 2515 1865 2556 oon·

118 2587 275 2658 aliquando
290 2589 397 2646 docens
417 2596 576 2659 acceperat,
604 2588 657 2644 mei
675 2587 764 2644 solius
778 2599 867 2644 33333
879 2601 964 2643 33133
1018 2588 1081 2645 silio
1105 2589 1146 2646 illi
1169 2596 1338 2661 suggestum
1361 2596 1454 2647 33131
1479 2591 1656 2646 canonicam.
1680 2604 1773 2660 quam
1800 2604 1865 2661 prae·

114 2676 278 2733 obmiserat.
295 2677 340 2733 Sic
352 2676 428 2732 enim
454 2685 538 2733 33313
554 2684 669 2747 333313,
689 2685 717 2732 et
745 2674 886 2731 delatione
909 2675 963 2731 bo·
1019 2678 1141 2734 bendam
1172 2677 1333 2741 nominant,
1367 2677 1491 2734 ecclesiae
1531 2677 1582 2733 loci
1607 2678 1685 2746 ilius,
1711 2693 1781 2748 quae
1808 2679 1866 2750 ejus

114 2763 193 2820 noris
217 2765 344 2833 prudens
363 2765 399 2820 ab
419 2779 452 2821 eo
473 2772 563 2820 mater
585 2772 730 2836 exegerat.
755 2761 852 2819 Soluto
875 2763 964 2834 igitur
1018 2767 1119 2823 ditioni
1138 2769 1239 2822 contra
1254 2766 1325 2822 33113
1337 2780 1481 2822 3333333
1494 2764 1673 2837 subjacebat,
1686 2767 1759 2822 mibi
1774 2766 1865 2831 13133

114 2851 285 2922 vespertinis
299 2852 475 2923 quibusdam
492 2853 570 2908 boris
580 2852 780 2923 qualicunque
795 2851 841 2907 illo
857 2852 963 2920 studio,
1018 2862 1046 2911 et
1061 2868 1079 2911 a
1093 2853 1180 2910 113113
1208 2868 1271 2910 333
1300 2867 1385 2924 penes
1399 2867 1465 2911 eum
1489 2853 1717 2923 repetundarum
1732 2854 1867 2936 133133113

114 2940 151 2997 31
171 2947 301 2996 materna
317 2943 418 3011 genua
445 2940 572 3013 graviter
590 2940 676 2995 etiam
703 2947 806 3011 praeter
827 2939 961 2996 meritum
982 2944 1075 3018 giam
1091 2950 1224 3000 cessaret.

114 3041 206 3085 eaesus
224 3042 409 3085 accesseram.
434 3026 503 3094 Quae
525 3042 591 3084 cum
608 3042 645 3083 an
663 3042 697 3084 eo
712 3027 892 3097 vapulassem
905 3028 961 3096 die,

115 3122 192 3171 don
220 3124 252 3172 ut
276 3124 338 3173 erat
366 3116 458 3182 solita,
487 3115 612 3188 rogitare
636 3117 774 3187 cepisset,
790 3123 817 3172 et
840 3130 903 3187 333,
926 3130 962 3172 ne

114 3205 285 3275 magistrum
299 3204 434 3261 detulisse
449 3204 570 3273 viderer,
594 3205 700 3261 133133
728 3204 846 3260 333133
871 3217 962 3276 3333-

114 3306 187 3360 rem,
217 3294 289 3363 ipsa,
318 3292 418 3349 vellem
448 3293 562 3360 1131133,
589 3294 694 3365 rejecta
723 3292 859 3359 interula,
872 3306 961 3363 quam

114 3380 299 3449 subuculam,
324 3380 380 3437 imo
408 3381 556 3437 camisiam
573 3390 685 3448 vocant,
705 3380 825 3437 liventes
841 3379 962 3436 attendit

114 3468 231 3526 ulnulas
241 3469 376 3526 dorsiculi
390 3483 426 3526 ex
442 3469 585 3525 viminum
602 3469 724 3526 illisione
741 3476 834 3526 cutem
851 3468 961 3540 ubique

113 3557 317 3629 prominulam.
331 3557 463 3628 cumque
485 3572 556 3615 3313
571 3558 755 3615 teneritudini
772 3559 808 3613 ad
838 3558 959 3614 nimium

113 3660 187 3703 saeve
221 3644 330 3704 1113133
362 3646 537 3703 visceraliter
569 3646 716 3714 doluisset,
743 3645 910 3703 turbulenta
932 3654 959 3702 et

112 3741 248 3800 3313333,
273 3742 301 3790 31
324 3733 424 3789 333133
449 3744 571 3789 moerore
595 3731 730 3789 sudosa:
757 3732 958 3803 «Nunquam,

111 3822 161 3890 ait,
191 3822 324 3890 deinceps
361 3821 643 3888 31311333133,333
670 3829 702 3877 ut
732 3821 959 3877 11113133113333

112 3910 237 3966 ulterius
265 3922 365 3979 poenas
388 3910 457 3966 lues.
474 3931 487 3958 »
502 3909 546 3965 Ad
567 3909 629 3966 baec
655 3923 783 3980 333333
812 3924 878 3966 cum
899 3924 958 3982 qua

113 4004 241 4067 poteram
263 3997 513 4052 animadversione
537 3997 714 4066 respiciens:
734 3997 801 4064 «Si,
827 3998 957 4068 inquam,

111 4084 230 4153 proinde
246 4085 316 4140 mori
330 4085 517 4156 contingeret,
532 4100 590 4141 non
606 4086 739 4142 desistam
759 4087 830 4157 quin
849 4087 958 4143 litteras

112 4172 232 4241 discam,
248 4181 275 4228 31
290 4172 412 4229 11311333
425 4173 502 4229 dam.
521 4197 535 4223 »
545 4173 717 4231 Promiserat
732 4176 808 4231 33131
828 4176 851 4231 31
868 4190 958 4247 eques

1051 3032 1229 3088 Deuaorala's
1237 3031 1425 3105 presbyteris.
1443 3061 1478 3072 -
1497 3030 1543 3101 (¹⁰)
1568 3033 1636 3088 Erat
1650 3045 1686 3088 ea
1701 3039 1866 3104 tempestate

1016 3134 1092 3177 nova
1115 3134 1203 3191 super
1238 3119 1369 3177 uxoratis
1394 3119 1569 3191 presbyteris
1599 3119 1767 3190 apostolicae
1795 3121 1865 3178 33113

1016 3208 1147 3275 invectio,
1165 3207 1243 3264 unde
1257 3215 1285 3264 et
1297 3207 1378 3280 13131
1394 3207 1512 3264 clericos
1525 3207 1643 3264 zelantis
1664 3215 1747 3265 tanta
1763 3210 1864 3266 adver-

1015 3311 1065 3354 sus
1091 3311 1138 3353 cos
1165 3296 1258 3353 rabies
1287 3296 1437 3364 estuabat,
1469 3305 1502 3353 ut
1526 3304 1578 3352 aut
1598 3310 1647 3352 eos
1675 3296 1864 3354 ecclesiastico

1015 3385 1123 3456 privari
1154 3384 1301 3455 benedicio,
1323 3385 1368 3441 vel
1393 3384 1529 3441 abstineri
1564 3384 1737 3455 sacerdotio,
1768 3386 1863 3442 inlesto

1014 3471 1116 3542 spiritu
1144 3472 1366 3529 conclamarent.
1398 3472 1441 3528 Ad
1467 3472 1529 3527 hac
1551 3471 1640 3542 patris
1668 3473 1725 3528 331
1747 3473 1862 3544 331133

1014 3575 1112 3631 33333,
1141 3561 1186 3617 111
1213 3575 1280 3617 3333
1301 3575 1367 3617 333
1385 3562 1521 3631 33133113,
1539 3568 1600 3617 133
1613 3560 1775 3630 313133113
1790 3576 1864 3633 prae-

1013 3649 1152 3715 eminens,
1166 3662 1233 3705 cunr
1248 3649 1386 3705 venerico
1405 3647 1484 3718 operi
1499 3648 1569 3704 adeo
1586 3647 1749 3719 pecualiter
1766 3650 1865 3707 indul-

1012 3744 1101 3807 geret,
1137 3743 1170 3793 ut
1201 3737 1364 3808 cujuspiam
1391 3736 1594 3793 necessitudini
1616 3735 1797 3795 laminarum
1836 3739 1864 3795 13
1908 3775 1909 3802 ,

1012 3824 1092 3880 113113
1107 3824 1227 3881 13131131
1241 3832 1321 3882 13313
1336 3825 1366 3880 13
1380 3824 1488 3882 3131313
1504 3838 1592 3895 33331
1605 3824 1729 3895 praelato
1754 3841 1864 3884 canone
1908 3881 1909 3908 ,

1012 3910 1209 3971 bacchabatur
1234 3913 1370 3969 instantia
1390 3927 1424 3969 ac
1456 3912 1480 3969 si
1503 3927 1571 3969 eum
1585 3912 1746 3984 singularis
1761 3915 1798 3971 31
1815 3915 1865 3972 de·
1908 3921 1909 3934 ¹

1014 4001 1191 4059 testationem
1213 4000 1313 4058 131133
1342 4001 1469 4072 33133131
1485 4001 1632 4089 pudicitia.
1651 4002 1686 4058 Et
1710 4017 1780 4060 cum
1795 4013 1864 4061 33331

1012 4088 1103 4146 131333
1124 4098 1152 4148 31
1179 4091 1239 4147 3313
1267 4091 1358 4146 313311
1386 4104 1443 4146 333
1472 4097 1566 4162 posset
1593 4091 1718 4162 legibus,
1754 4101 1864 4164 quanto

1011 4176 1135 4234 laxiores
1150 4178 1274 4246 inerant,
1303 4185 1384 4235 tanto
1404 4177 1450 4234 bis
1476 4177 1653 4235 abutebatur
1667 4178 1786 4237 loedins.
1811 4181 1864 4238 113·

109 4260 212 4318 131133
231 4261 302 4327 lieri,
319 4262 436 4318 eumad
452 4262 480 4318 id
497 4263 633 4332 temporis
655 4263 843 4332 emersissem,
863 4278 955 4335 appa·
974 4259 1069 4338 unc
1081 4266 1156 4323 enim
1173 4268 1285 4323 uxoriis
1303 4273 1412 4337 poterat
1435 4267 1574 4323 contineri
1604 4265 1728 4335 retibus,
1756 4269 1863 4341 quippe

109 4354 206 4403 ratum
222 4361 251 4403 se
264 4346 332 4403 mibi
344 4346 488 4403 militiaeet
502 4362 583 4404 arma
598 4347 742 4404 daturam.

144 4436 247 4491 liconii
261 4451 346 4508 eques
355 4435 433 4505 fieri.
450 4465 484 4475 -
498 4435 567 4501 Ouae
583 4451 650 4492 cum
671 4436 807 4493 universa
823 4451 880 4493 non
896 4437 956 4494 sine

109 4523 201 4580 multa
216 4525 415 4595 aspernatione
426 4537 600 4593 respuerem,
613 4523 661 4579 illa
674 4531 725 4580 tua
735 4523 854 4594 lamule,
868 4525 954 4593 Deus,

110 4610 180 4668 adeo
196 4619 277 4684 grate
292 4626 360 4669 suas
373 4611 483 4682 accepit
497 4610 536 4681 io]
542 4611 630 4678 urias,
643 4611 713 4668 adeo
729 4611 833 4669 alacris
846 4628 882 4670 ex
903 4628 955 4670 suo

107 4706 150 4756 est
165 4699 240 4756 iacta
255 4707 423 4771 contemptu
437 4706 468 4755 ut
485 4700 547 4756 133
561 4698 660 4756 33133
675 4699 784 4772 331133
802 4701 827 4757 31
843 4701 956 4758 obstite-

107 4799 169 4844 ram
195 4788 334 4860 magistro
359 4802 423 4844 meo
451 4789 748 4858 13333333131313111.
770 4790 954 4846 latabantur

105 4874 426 4947 1311313131333,3313
445 4876 525 4932 3111
549 4877 627 4948 quod
641 4878 750 4948 paterni
769 4877 827 4934 voti
848 4878 952 4946 luerat,

106 4963 265 5020 ambienter
279 4964 409 5034 aspirare
425 4963 548 5032 viderer,
562 4964 632 5021 dum
648 4980 706 5035 quo
733 4965 825 5037 magis
847 4965 954 5022 celerer

105 5050 392 5122 [331311131111113133
416 5051 501 5121 ipsas,
528 5054 742 5123 3333113333
769 5051 953 5110 133313331-

104 5148 251 5206 carentur,
290 5140 487 5210 amplecterer,
523 5155 575 5197 nec
609 5140 807 5197 ecclesiasticis
850 5139 952 5198 oiliciis

103 5238 149 5281 me
161 5228 305 5295 tricarem,
318 5228 375 5285 imo
390 5242 458 5284 cum
473 5228 729 5295 1313331113113131,
747 5241 855 5297 opusve
867 5238 948 5296 esset,

102 5316 611 5388 33333333313111333331333311
639 5316 760 5387 3133113
784 5315 846 5386 1333
873 5330 950 5386 prae-

104 5400 217 5458 131133.
240 5403 314 5460 Tum
339 5404 456 5474 quidem
478 5405 519 5461 sic
535 5421 542 5459 ε
559 5408 595 5462 at
618 5419 694 5473 vero,
711 5405 788 5461 Deus
802 5418 893 5472 meus,
914 5413 946 5461 tu

138 5522 194 5599 (31)
210 5523 263 5579 1113
274 5524 351 5583 deest
366 5525 486 5598 aliquid.

1011 4354 1062 4427 qui
1078 4356 1243 4427 hujusmodi
1260 4369 1413 4427 nunquam
1435 4369 1537 4425 passus
1550 4362 1593 4411 est
1607 4352 1766 4427 illaqueari
1781 4358 1861 4415 nexi-

1010 4443 1074 4502 bus.
1092 4444 1141 4500 1113
1157 4444 1246 4516 igitur
1257 4459 1323 4500 cnm
1338 4443 1423 4501 ietido
1452 4443 1558 4513 passim
1587 4457 1639 4514 pro
1654 4442 1769 4502 talibus
1782 4461 1862 4518 spar-

1011 4540 1127 4604 geretur
1138 4533 1235 4599 odore,
1252 4532 1376 4589 sedtum
1396 4547 1462 4588 eum
1476 4531 1634 4600 secularis,
1653 4534 1861 4606 3333133331-

1010 4621 1105 4687 33131,
1129 4620 1276 4691 opulentia
1298 4621 1467 4688 defensaret,
1488 4634 1642 4690 nunquam
1664 4635 1730 4679 333
1751 4624 1860 4696 objectu

1009 4708 1184 4780 impuritatis
1209 4708 1349 4766 adversus
1372 4722 1487 4766 sacrum
1503 4707 1633 4765 ordinem
1651 4710 1746 4779 ipsius
1766 4713 1859 4784 pervi-

1008 4799 1088 4854 cacia
1107 4796 1242 4855 detonare
1261 4798 1400 4855 cessabat.

1043 4885 1165 4942 Causam
1187 4885 1285 4956 itaque
1305 4892 1418 4954 333133,
1438 4898 1497 4956 333
1516 4885 1588 4941 3111
1606 4885 1767 4957 enjusdam
1782 4888 1856 4944 1333-

1008 4971 1121 5039 losi,ut
1141 4971 1279 5041 13131331,
1309 4972 1468 5045 presbyteri
1500 4972 1675 5031 detrimento
1697 4976 1853 5047 proliceret,

1006 5060 1084 5129 apud
1112 5059 1291 5118 castrensem
1317 5060 1478 5127 dominnm,
1506 5074 1593 5131 penes
1616 5075 1707 5132 quem
1730 5064 1854 5121 setissu·

1007 5161 1116 5218 perque
1134 5156 1254 5219 poterat,
1273 5156 1370 5220 utpote
1385 5149 1476 5219 33131
1500 5155 1650 5220 tantopere
1680 5151 1855 5210 necessarius

1005 5243 1076 5304 erat,
1099 5237 1217 5307 331131
1239 5238 1342 5294 3131133
1364 5238 1480 5294 absente
1503 5245 1531 5294 et
1555 5237 1672 5308 penitus
1687 5240 1854 5298 inconvento

1005 5337 1051 5381 me
1069 5331 1211 5392 evocaret,
1236 5332 1263 5380 et
1282 5326 1483 5383 investituram
1507 5325 1635 5396 31313131
1652 5328 1726 5385 3111
1741 5329 1853 5386 canoni-

1004 5424 1044 5466 33
1059 5411 1149 5469 daret.
1160 5412 1293 5469 Ecclesia
1314 5414 1391 5470 enim
1417 5413 1457 5469 illi
1480 5420 1581 5471 contra
1598 5413 1651 5487 133
1666 5424 1697 5474 31
1720 5418 1765 5476 133
1786 5415 1852 5474 male
