3818 6008
530 109 709 167 nonenim
726 109 764 166 IN
782 108 935 166 GENESIN
955 109 1021 166 nin.
1036 108 1094 164 vll.
1642 111 1695 165 206

56 255 61 294 t
83 238 211 307 dimittit,
234 239 305 296 dum
330 253 380 310 per
401 238 520 296 aflectus
544 240 700 319 vanitatem
721 254 789 295 eva·
808 241 833 296 A
1147 238 1263 299 CAPUT
1283 239 1390 298 xxvii.

68 327 130 384 sine
154 327 213 385 ulla
227 327 347 398 spiritus
360 328 562 399 objurgatione
578 327 725 398 permittit,
742 329 791 384 sed
881 328 966 387 Vens.
990 329 1016 394 l,
1039 332 1065 396 i,
1092 332 1117 384 3.
1142 360 1176 369 -
1200 331 1296 384 Settuil
1317 334 1406 384 autem
1427 330 1518 398 lsaoc,
1538 333 1565 384 et
1586 330 1692 396 caligo·

56 416 139 480 .die,
170 430 237 486 que
261 416 297 471 ad
322 430 419 485 pacem
443 416 509 483 sibi,
531 416 585 485 pie
611 415 792 486 cogitationis
844 423 941 471 cerum
962 419 1032 473 oculi
1049 417 1117 488 ejus,
1139 424 1165 473 et
1189 418 1282 473 cidere
1303 434 1356 473 ttott
1380 424 1496 488 poteret.
1528 420 1692 487 Vocnoitgue

61 505 114 575 qui
128 504 232 560 rationi
256 504 425 572 inserviunt,
447 504 572 560 interieri
591 504 792 576 bominilsug-
844 508 919 561 Esau
943 508 1031 576 fllium
1053 522 1132 562 suum
1158 506 1298 578 maiorem,
1327 512 1353 561 et
1375 507 1449 561 dicit
1476 509 1523 562 ei:
1554 507 1612 561 Fili
1639 509 1692 563 mi.

60 593 248 650 seinvenisse
266 610 377 663 equom,
398 608 427 650 se
449 594 497 649 Dei
513 592 643 664 aliquam
661 601 792 665 gustasse
844 595 963 662 Adsum,
996 596 1099 667 inquit.
1118 598 1168 654 Cui
1185 602 1275 666 puter.
1305 595 1384 651 Vides
1404 595 1476 664 quod
1504 599 1649 661 senuerim,
1668 599 1694 649 et

56 695 81 737 n.
111 682 192 738 Unde
212 690 239 739 et
267 682 393 752 appellat
419 682 636 744 Abundantium,
676 683 747 753 quia
775 697 792 738 a
844 682 964 749 ignorem
988 683 1058 737 diem
1081 687 1176 739 mortis
1198 701 1271 740 mee.
1297 683 1379 739 Sume
1407 700 1485 739 orma
1509 689 1566 752 tuo,
1592 684 1695 753 piure-

56 769 145 824 alium
169 771 299 840 appetitu
319 785 349 826 εε
367 778 482 826 revocet
501 770 537 826 ad
561 771 667 828 divine
691 786 791 842 perpe·
845 774 917 823 trem
942 776 968 825 et
996 787 1098 837 orcum,
1127 777 1151 826 et
1176 755 1300 840 egredere
1324 776 1411 839 foras.
1440 773 1520 829 lseac
1550 778 1693 839 senectus,

67 858 299 914 exuberantiam.
316 860 351 914 ut
367 874 462 914 nomen
479 860 543 913 urbi
563 862 721 930 impositum
740 863 790 927 esl,
844 858 949 914 animm
976 867 1018 915 εει
1041 874 1058 917 a
1082 860 1224 930 spirituali
1248 862 1349 918 robore
1373 859 1510 917 defectus.
1539 861 1616 917 Oculi
1634 860 1693 930 ejus

56 959 176 1014 reusque
196 947 226 999 itt
245 951 403 1014 presentem
422 945 503 1000 diem
527 947 599 1002 Urbs
613 946 667 1003 ista
688 962 792 1017 super·
845 947 981 1019 caligent,
1003 963 1069 1005 cum
1098 949 1161 1020 ejus
1186 951 1290 1006 mentis
1315 951 1405 1006 aciem
1431 964 1449 1006 a
1473 951 1530 1007 Deo
1554 949 1695 1006 desideria

56 1047 65 1088 s
96 1033 231 1089 Ecclesia
256 1032 418 1104 frequentia
447 1042 498 1102 est,
528 1049 594 1105 que
622 1037 687 1092 vite
715 1035 792 1092 fonte
844 1050 934 1105 prava
963 1038 1157 1093 reverberant.
1194 1039 1348 1109 Postquam
1379 1052 1447 1109 ergo
1479 1039 1629 1109 ingenium
1652 1038 1689 1093 ab

56 1135 82 1187 r,
100 1122 150 1178 ubi
166 1121 264 1178 lumen
280 1123 308 1178 in
323 1123 442 1188 lumine,
457 1130 485 1180 et
499 1123 602 1179 dicsde
616 1125 660 1180 die
679 1125 793 1180 videtur
845 1125 959 1181 interna
983 1126 1092 1182 visione
1114 1134 1214 1193 cessat,
1245 1127 1274 1181 in
1305 1126 1439 1182 allectum
1476 1127 1580 1195 cordis,
1608 1127 1695 1197 iuxta
1743 1120 1748 1128 ⁴

56 1224 133 1279 rxxv,
167 1210 219 1281 ιο).
245 1212 381 1268 Bersabee
406 1211 460 1268 sibi
489 1226 595 1269 nomen
620 1212 791 1283 imponitur,
846 1213 1000 1283 psalmum,
1021 1213 1094 1271 illico
1111 1228 1225 1271 necesse
1240 1223 1282 1270 est
1297 1222 1423 1271 transeat
1437 1216 1520 1286 (Psel.
1537 1230 1638 1283 csxxn,
1653 1215 1692 1285 ι),

56 1300 237 1356 :candescens
250 1300 389 1366 avaritie,
411 1301 456 1356 vel
477 1301 633 1372 cujuslibet
652 1301 714 1358 vitii
731 1301 793 1359 sitis
847 1303 965 1359 undeet
987 1304 1124 1373 majorem
1150 1318 1209 1359 non
1234 1303 1382 1373 dignitate,
1400 1303 1448 1358 sed
1476 1304 1602 1373 quadam
1625 1310 1695 1359 tem·

83 1389 189 1445 seculo
214 1403 264 1458 per
290 1389 561 1459 contemplationem
589 1390 679 1461 hujus
707 1389 792 1446 fontis
846 1390 952 1460 pornlis
985 1405 1055 1447 usus
1096 1391 1293 1460 primaevitate,
1327 1392 1416 1461 filium
1454 1392 1558 1461 ipsum,
1589 1391 1695 1448 scilicet

60 1475 212 1532 saturitate
229 1477 421 1548 extinguitur,
447 1477 476 1532 in
495 1477 594 1533 futuro
616 1484 673 1533 tota
694 1478 792 1535 salva·
845 1477 980 1535 effectum
995 1478 1125 1547 advocat,
1143 1481 1198 1535 Fili
1215 1482 1275 1534 mi?
1287 1480 1328 1535 Ac
1343 1480 1366 1535 si
1389 1473 1465 1535 dicat
1491 1482 1588 1536 :Cum
1613 1487 1696 1536 natu-

71 1577 138 1634 pars
159 1563 223 1634 ejus
248 1564 308 1620 sola
332 1564 476 1621 infusione
497 1566 580 1621 besta
605 1565 738 1622 eflicitur.
765 1567 792 1622 ls
811 1539 1001 1638 Bralitcrletr
1024 1582 1069 1623 me
1093 1568 1223 1639 prodeas,
1248 1583 1305 1625 non
1328 1576 1370 1624 εει
1393 1568 1564 1637 absurdum,
1585 1569 1609 1624 si
1624 1568 1695 1625 meis

56 1661 146 1710 mteus
165 1652 213 1709 oei
235 1653 341 1710 seilicet
361 1655 472 1723 notitia,
497 1655 632 1726 pertingit
650 1669 744 1726 usque
763 1655 792 1711 ln
845 1655 919 1712 rotis
933 1655 1083 1712 inservias.
1104 1656 1190 1714 Vides
1202 1657 1279 1728 quod
1303 1658 1340 1713 ab
1353 1671 1449 1713 amore
1471 1671 1597 1727 superno
1616 1658 1692 1715 defe-

56 1741 123 1798 liem
149 1742 351 1798 indefectivam
375 1742 596 1812 presentialiter
624 1743 790 1811 videndam,
846 1744 944 1809 cerim,
968 1744 1101 1813 eluiem,
1131 1746 1159 1801 id
1182 1753 1224 1801 cst
1244 1744 1463 1816 intelligentiam
1484 1745 1572 1816 hujus
1596 1759 1613 1801 a
1636 1746 1694 1803 Deo

56 1844 83 1886 ta
98 1831 255 1887 meliorest
277 1830 304 1886 in
326 1830 407 1887 atriis
426 1831 496 1900 suis,
513 1845 603 1902 qnam
624 1831 715 1887 millia
730 1832 792 1889 die-
845 1833 917 1888 mibi
942 1833 1028 1890 illate
1054 1834 1218 1890 defectionis
1241 1834 1380 1905 ignorem.
1406 1835 1486 1890 Sume
1504 1848 1573 1905 ergo
1596 1836 1696 1905 pltare·

56 1920 109 1974 tul.
125 1935 238 1985 cxxxttt,
256 1918 310 1989 fl).
844 1925 917 1976 tram
944 1921 1064 1991 consilii,
1096 1923 1144 1978 ubi
1167 1923 1350 1993 sagittarum,
1376 1921 1462 1979 idest
1484 1924 1694 1979 sententiarum

58 2006 123 2069 et.
144 2010 188 2062 35.
208 2037 245 2049 -
269 2010 344 2063 Esou
364 2024 426 2063 cere
449 2008 687 2078 quadragenarius
710 2008 792 2062 ducit
845 2010 957 2079 copiam
992 2023 1139 2081 congeras,
1172 2017 1198 2064 et
1223 2024 1316 2064 orcum
1344 2009 1455 2066 callide
1488 2018 1516 2066 et
1550 2011 1694 2069 insidiose

82 2096 180 2151 luditlt
215 2097 300 2160 filiam
338 2096 420 2151 Beeri
449 2098 561 2165 Helbei,
594 2101 620 2152 et
647 2098 793 2152 Basematlt
844 2098 1026 2169 operationis,
1052 2114 1109 2170 quo
1131 2106 1282 2168 conceptas
1304 2099 1468 2154 dolositates
1493 2099 1640 2167 excludas,
1667 2109 1694 2158 ει

56 2184 116 2238 tlon
133 2184 254 2253 eiusdem
271 2185 335 2251 lom‘t
358 2200 418 2254 gne
443 2185 528 2240 ambe
548 2184 716 2254 offenderent
730 2186 791 2238 oui·
846 2188 891 2243 his
915 2195 1045 2244 armatus
1071 2187 1194 2256 egredere
1217 2189 1304 2255 soros,
1319 2187 1489 2242 interiorum
1515 2187 1616 2257 utique
1640 2201 1694 2243 ne-

56 2287 113 2327 toac
132 2277 158 2326 et
179 2272 311 2327 Rebecca.
328 2273 406 2330 Esau
429 2273 481 2344 qui
505 2273 713 2344 interpretatur
733 2275 793 2341 fru-
846 2277 958 2349 gligens
972 2276 1099 2332 forenses
1113 2290 1213 2332 exerce
1228 2289 1326 2345 curas3
1347 2275 1508 2332 secundum
1524 2275 1577 2331 boc
1593 2288 1694 2346 pecca-

56 2360 204 2416 nferiorcm
231 2361 321 2417 nostri
355 2369 476 2432 partem,
514 2362 659 2418 carnalem
686 2362 792 2418 seilicet
846 2372 930 2432 tores,
951 2364 981 2419 in
1006 2363 1147 2419 Psalmis:
1176 2363 1358 2417 luteudcrtmt
1389 2378 1492 2430 ereum,
1523 2368 1693 2433 parauerunt

56 2447 199 2518 effectum,
218 2451 337 2506 vanitati
358 2451 510 2507 intentum.
531 2449 584 2517 Qui
600 2450 791 2519 quadrugetm-
817 2475 820 2480 ·
845 2455 962 2522 sagittas
989 2453 1020 2506 t'tt
1040 2452 1172 2522 pharetro
1196 2452 1279 2521 (Ptol.
1309 2468 1337 2519 x,
1365 2453 1404 2524 ι),
1430 2459 1461 2508 ut
1482 2451 1588 2509 scilicet
1611 2451 1692 2522 pravi

77 2545 118 2595 est
136 2537 338 2608 temporalitati
362 2554 428 2610 que
448 2538 634 2610 quaternario
659 2538 792 2609 signator
846 2549 941 2598 motus
964 2541 1087 2597 directas
1114 2539 1256 2610 perimant
1284 2541 1418 2597 rationes.
1447 2543 1565 2610 Cumque
1589 2540 1694 2612 gemetu

56 2641 85 2694 ts,
107 2626 191 2683 duxit
213 2641 322 2696 uxores,
345 2626 479 2691 lascivire,
503 2625 660 2683 mundialis
684 2626 793 2696 cupidi·
845 2629 954 2699 aliquid
975 2629 1201 2700 apprehenderic;
1225 2629 1322 2700 (Vltus.
1343 2630 1369 2701 l)
1393 2631 1440 2697 foc
1462 2630 1531 2684 milti
1549 2630 1612 2685 iude
1629 2631 1693 2700 gul·

60 2714 142 2772 odim
159 2714 275 2770 laudetis
295 2715 339 2772 vel
353 2714 496 2787 confitere,
518 2715 597 2771 Reeri
614 2717 711 2784 putei,·
734 2715 792 2772 He-
845 2724 974 2785 mentum,
994 2721 1063 2773 sicut
1082 2719 1147 2773 celle
1163 2735 1204 2774 me
1217 2722 1300 2783 nosti,
1326 2722 1351 2773 et
1365 2719 1436 2788 affer
1457 2724 1489 2775 ut
1503 2719 1648 2787 comedam,
1667 2724 1693 2774 et

56 2803 161 2861 dicitur
180 2810 301 2874 stupetis.
324 2804 476 2867 Confessio,
499 2811 526 2860 et
547 2805 619 2872 laus,
642 2818 708 2874 que
732 2805 788 2860 Deo
810 2802 987 2896 Cltettedicot
1008 2803 1059 2856 titi
1081 2818 1175 2857 otttme
1196 2819 1265 2868 meo,
1284 2807 1429 2872 antequam
1454 2805 1566 2858 morior.
1597 2803 1691 2860 Vena-

56 2892 128 2950 eculi
169 2894 355 2964 prosperitate
380 2893 511 2960 refertur,
538 2892 597 2947 filia
631 2899 683 2959 est,
709 2893 791 2948 fluxa
846 2897 907 2946 turn
924 2891 1032 2946 vadens
1046 2891 1142 2947 anima
1155 2891 1265 2960 augme
1283 2891 1482 2961 apprehendit,
1498 2906 1565 2948 cum
1587 2905 1692 2948 carna-

56 2987 85 3049 ιι,
100 2979 140 3036 nil
167 2980 288 3051 dignum
306 2981 413 3037 virtute
428 2994 540 3052 gerens,
563 2987 591 3036 et
612 2980 671 3035 filia
688 2987 790 3051 puteo·
843 2977 882 3034 lia
897 2978 972 3035 bona
983 2993 1117 3049 querens
1132 2979 1281 3051 quidpiam
1299 2981 1352 3036 sibi
1375 2987 1538 3050 competens
1561 2980 1691 3037 desiderii

56 3068 125 3126 lest
145 3068 444 3140 concupiscentiarum
465 3069 637 3137 carnalium,
664 3069 735 3139 quia
752 3083 790 3126 ex
844 3067 953 3123 retibus
974 3067 1118 3139 astringit.
1142 3068 1211 3122 lttcle
1232 3070 1402 3138 pulmentum
1422 3067 1499 3136 facit,
1524 3083 1591 3126 cum
1617 3069 1692 3125 idem

70 3158 280 3215 obscurissime
298 3157 493 3214 delectationis
508 3157 639 3228 emergit.
664 3157 789 3214 Confite-
843 3155 1080 3226 concupiscentie
1110 3157 1176 3229 igne
1204 3171 1330 3228 coquens
1355 3157 1385 3213 in
1413 3156 1570 3228 voluptatis
1599 3164 1690 3213 totum

56 3259 81 3302 nt
98 3259 150 3317 pro
174 3246 255 3303 nullo
278 3247 446 3303 eternitatis
465 3260 571 3315 amore,
596 3247 646 3303 sed
669 3245 739 3317 quia
753 3246 790 3302 ad
842 3243 991 3300 mollitiem
1009 3244 1111 3314 trabit;
1132 3245 1276 3316 quidquid
1294 3245 1371 3302 enim
1394 3252 1445 3302 aut
1469 3244 1619 3312 laboriose,
1640 3251 1691 3300 aut

56 3349 68 3392 s
99 3334 266 3391 beneficeris
292 3335 328 3391 ei.
368 3336 404 3392 Et
437 3335 502 3393 talis
536 3334 685 3402 confessio,
719 3335 789 3391 dum
842 3333 970 3389 suaviter
988 3341 1139 3389 exercetur
1160 3333 1191 3388 in
1206 3333 1320 3401 seculo,
1337 3334 1424 3390 tinem
1444 3347 1504 3389 sue
1525 3333 1691 3389 intentionis

56 3430 156 3479 ‚evotos
169 3437 199 3478 se
216 3423 273 3479 Deo
287 3422 478 3491 arbitrantur,
506 3425 536 3479 in
550 3423 664 3494 reprobi
688 3437 790 3480 sensus
843 3421 971 3492 aliquem
986 3421 1162 3491 voluptatem
1179 3421 1274 3478 babet.
1292 3422 1381 3491 Ager,
1407 3421 1512 3491 inquit,
1529 3421 1603 3477 sicut
1617 3419 1690 3476 uelle

56 3511 95 3568 :tit
117 3518 273 3582 stuporem,
294 3520 327 3569 ut
346 3512 435 3569 libere
463 3513 517 3569 sibi
537 3512 691 3569 videantur
708 3526 790 3583 posse
842 3508 986 3576 menosti,
1010 3513 1041 3562 ut
1055 3508 1200 3573 comedam,
1216 3508 1245 3564 id
1268 3516 1310 3564 est
1335 3509 1409 3565 sicut
1424 3509 1588 3564 bumanum
1612 3506 1690 3563 dele-

56 3599 108 3656 titii
123 3613 256 3656 exercere
271 3601 397 3657 fetorem.
412 3602 573 3669 Basematb,
585 3602 789 3670 intromittitis,
842 3595 914 3653 ctari
933 3597 1050 3669 conjicis
1069 3610 1187 3668 quaque
1214 3610 1245 3653 re
1275 3595 1419 3663 aflectum,
1451 3596 1492 3652 sie
1506 3595 1577 3651 mibi
1607 3594 1689 3664 infer,

56 3689 196 3758 tlt'ttqttetts,
215 3689 261 3744 vel
289 3689 413 3760 deposito
440 3689 655 3760 interpretatur,
680 3690 710 3745 in
730 3704 789 3759 quo
844 3687 921 3742 unde
947 3699 1041 3742 meum
1069 3686 1180 3741 nutrire
1207 3685 1325 3742 debeam
1353 3686 1522 3756 appetitum,
1547 3688 1691 3740 ulamma

56 3775 113 3833 itur
134 3775 279 3846 superbia,
303 3791 369 3847 que
392 3777 475 3833 valde
498 3777 639 3848 gloriatur
666 3777 695 3833 in
721 3783 788 3833 tot
842 3790 902 3829 meo
923 3774 975 3830 tili
994 3774 1142 3834 bettedicat.
1161 3778 1307 3844 autequam
1332 3775 1444 3841 moriar,
1468 3774 1498 3829 id
1519 3780 1561 3830 εει
1586 3781 1619 3829 ιιι
1633 3773 1689 3828 eni·

56 3864 574 3922 tmcelebrationibus.Nomenenim
594 3865 790 3937 inscriptura
842 3863 955 3919 matites
987 3877 1051 3918 mea
1088 3862 1139 3919 tibi
1177 3862 1373 3934 multipliciter
1405 3862 1519 3918 insistat
1546 3861 1689 3933 augendo,

67 3966 119 4024 pro
145 3953 222 4009 fama
246 3954 373 4024 ponitur.
398 3953 466 4021 Qnae
494 3954 564 4011 dum
582 3967 643 4010 sese
666 3954 790 4010 inaniter
843 3951 1246 4022 priusquamsupervenientc
1261 3951 1690 4024 aliquapoenitudineseeulari

56 4041 103 4098 tdo
118 4041 269 4111 delinquit,
291 4042 328 4097 ad
352 4048 467 4098 eterne
485 4041 672 4111 depositionis
690 4055 789 4098 casum
844 4039 941 4111 glorie
957 4039 1117 4097 interimar.

63 4129 157 4192 ‚Elem
186 4137 281 4186 autem
310 4130 416 4187 dicitur
449 4133 524 4197 regio
552 4134 721 4200 campestris,
744 4131 830 4197 vein
882 4128 968 4186 Verte.
988 4132 1015 4198 lt,
1040 4132 1065 4184 o.
1085 4159 1120 4170 —
1142 4130 1218 4198 Quod
1232 4145 1291 4186 cum
1315 4130 1437 4186 audisset
1451 4131 1577 4197 Rebecca,
1600 4134 1626 4185 et
1646 4132 1692 4186 ille

60 4258 67 4271 .
94 4217 182 4288 Regio
202 4216 384 4274 latitudinem
409 4218 474 4274 vite
496 4217 644 4275 secularis
672 4218 787 4290 innuit;
843 4216 944 4272 uberet
958 4219 988 4272 t'tt
1004 4233 1110 4284 agrum,
1127 4225 1157 4273 ιιι
1175 4217 1434 4288 iussionempatris
1458 4220 1593 4288 expleret,
1617 4219 1693 4274 dicit

56 4304 331 4363 tincultibilitatom
366 4305 469 4363 mentis
500 4307 632 4364 ostendit.
662 4306 790 4374 Quercus
843 4306 925 4360 lecet
938 4305 997 4367 filio
1021 4320 1079 4361 suo.
1096 4305 1214 4363 Ratione
1230 4305 1320 4377 igitur
1333 4306 1369 4361 ad
1385 4306 1567 4362 mundanum
1579 4305 1693 4361 deflexa

56 4402 155 4452 ructus
173 4407 273 4464 porcos
292 4395 392 4465 pascit,
408 4396 554 4466 operarios
567 4395 709 4466 nequitie
728 4395 792 4467 qui·
844 4392 988 4459 aflectum,
1017 4393 1154 4463 patientia
1177 4394 1283 4450 scilicet
1305 4394 1441 4457 Rebecca,
1466 4407 1554 4464 quam
1577 4393 1693 4450 amissio

56 4483 415 4554 emones-eggratulantur
447 4483 602 4554 portendit.
620 4483 692 4540 Filia
721 4498 791 4555 ergo
841 4481 903 4554 jam
936 4483 1146 4552 preteritorum
1185 4490 1310 4539 exterret
1337 4482 1478 4550 laborum,
1513 4481 1692 4551 spiritualem

67 4571 214 4642 superbia,
230 4585 266 4628 etr
290 4571 373 4628 malis
395 4572 519 4642 pessime
540 4572 792 4642 natepercntibus
845 4577 960 4626 revocat
977 4571 1146 4642 appetitum,
1172 4571 1223 4641 qui
1248 4571 1277 4627 in
1305 4578 1450 4627 terrenum
1477 4570 1538 4642 jam
1565 4583 1694 4641 evagans

56 4660 131 4719 dett
144 4659 341 4718 affectualitati
362 4661 507 4733 jungitur,
529 4675 596 4733 que
615 4668 643 4718 et
662 4660 791 4732 ejusdcm
845 4665 1001 4728 questum,
1025 4660 1188 4730 supplantet
1218 4659 1383 4730 cupiditatis
1411 4659 1526 4715 vitium.
1549 4657 1691 4726 Intellexi,

56 4752 121 4808 lest
142 4764 239 4822 prave
259 4751 420 4807 secundum
444 4765 556 4808 errores
579 4749 790 4821 amplitudinis,
846 4746 950 4818 inquit,
977 4747 1164 4815 intellectum,
1195 4749 1246 4818 qui
1272 4747 1322 4804 tibi
1344 4746 1517 4818 patrocinari
1542 4745 1691 4812 debuerat,

56 4855 65 4897 ε
88 4847 117 4897 et
144 4839 303 4896 inaccurati
318 4839 484 4910 peccatoris,
503 4839 630 4909 perversi
647 4846 675 4896 ει
700 4838 792 4895 ade·
846 4849 914 4893 cum
928 4834 1129 4893 affectualitate
1144 4845 1275 4908 agentem
1290 4836 1324 4892 de
1340 4835 1501 4893 carnalium
1525 4835 1694 4891 commercio

56 4942 80 4986 u
103 4928 192 4984 amati
215 4927 307 4998 operis
333 4927 448 4983 dicitur.
476 4927 504 4983 ls
528 4926 647 4984 aflectus
672 4941 738 4983 cum
763 4927 792 4982 in
847 4938 956 4993 rerum,
978 4924 1028 4981 sed
1053 4933 1136 4982 tuum
1157 4939 1193 4981 nc
1216 4938 1335 4995 respuas
1354 4925 1511 4981 attribuere
1535 4923 1692 4981 celestium

56 5016 135 5074 ribus
156 5016 243 5073 libere
264 5029 315 5086 per
336 5016 390 5072 ista
404 5015 519 5072 diffluat
541 5016 570 5071 in
592 5017 682 5084 lsaac,
709 5015 794 5072 idest
847 5013 907 5085 spei
934 5013 1107 5070 desideriunt
1135 5028 1169 5069 ac
1194 5013 1333 5069 studium.
1361 5012 1458 5082 (Vens.
1483 5014 1523 5081 t.)
1551 5014 1633 5079 Perge
1657 5011 1695 5066 od
1733 5039 1735 5042 >

56 5120 90 5163 na
104 5106 140 5162 de
154 5103 347 5176 supereoelesti
363 5104 470 5176 gaudio
488 5103 635 5175 cogitanti,
655 5104 794 5160 rationem
847 5116 965 5170 gregem,
981 5102 1050 5171 eger
1071 5102 1140 5156 tttt'lti
1153 5100 1220 5154 duos
1240 5099 1329 5156 liedes
1351 5101 1476 5172 optimos,
1497 5107 1528 5156 ιιι
1545 5103 1647 5168 facicm
1661 5115 1696 5154 ee

56 5193 141 5253 talia
158 5207 189 5250 se
209 5191 356 5264 paulisper
379 5191 473 5255 flectit,
498 5191 625 5263 graviter
648 5190 750 5261 irritat,
766 5199 795 5249 et
848 5192 887 5245 eis
902 5192 1062 5259 escospotrt'
1072 5195 1127 5254 itte,
1143 5190 1243 5259 quibus
1256 5189 1369 5244 libenter
1381 5192 1508 5245 uescitur.
1527 5189 1573 5244 Ad
1589 5203 1696 5257 gregem

56 5298 98 5343 cm
119 5284 251 5341 resistere
275 5281 402 5339 motibus
425 5279 592 5348 llcbeccem,
621 5278 651 5336 id
678 5288 720 5337 εει
740 5293 795 5351 pa·
848 5278 1005 5349 pergimus,
1021 5291 1088 5334 eum
1110 5275 1252 5334 virtutum
1275 5276 1479 5349 multiplicitati
1500 5276 1696 5347 intendimus;

56 5371 228 5430 nacerrime
239 5376 336 5428 vexat.
849 5366 916 5423 duct
945 5365 1034 5422 tecet
1057 5366 1172 5437 optimos
1200 5364 1357 5435 offerimus,
1385 5381 1451 5425 cnm
1479 5374 1507 5423 ει
1531 5372 1639 5430 nostra,
1669 5369 1697 5418 ct
