3818 6008
73 228 117 278 tiit
522 221 554 274 V.
573 219 741 277 outuhurt
762 220 907 275 luituris
925 220 953 274 S.
975 216 1093 273 ululae
1112 215 1157 271 nti
1176 215 1372 272 uullduuro
1768 217 1816 267 isa

70 356 140 427 quia
154 353 273 424 spiritus
286 352 382 408 carnis
398 350 544 407 illecebras
557 349 607 405 etsi
636 363 692 404 non
704 349 806 418 operis,
824 355 918 403 tamen
938 345 1124 415 aaposrastae
1152 344 1270 411 malum,
1301 344 1408 400 nedum
1434 334 1508 400 onus
1540 357 1624 414 super
1652 359 1696 401 me
1722 342 1818 400 leuare

71 443 252 515 cogitationis
262 439 463 511 praevolatione
475 438 529 495 ista
539 437 687 494 tractando
698 435 917 508 transgreditur.
974 435 1085 499 molior,
1108 440 1266 490 retroactus
1285 433 1430 489 inveniam
1455 447 1555 489 rasum
1572 449 1578 489 :
1598 441 1641 489 est
1658 432 1760 489 civitas
1774 432 1819 488 bie
1864 458 1865 499 r

107 535 193 591 Vnus.
221 535 263 587 l5.
289 560 326 571 —
350 530 467 597 cumque
492 532 559 582 esset
587 541 675 592 meae,
700 526 829 594 cogebant
861 540 921 580 eum
972 521 1380 595 juxta,humilispoenitentiae
1401 522 1522 578 firmitas
1543 524 1723 592 inpromptu
1741 521 1820 576 arhi-
1864 532 1865 539 ¹

72 624 164 692 angeli
187 621 278 676 diceus
294 634 301 673 :
319 619 414 684 Surge,
437 622 463 671 et
486 618 547 671 tolle
566 632 677 670 acorem
702 619 787 683 tuom,
802 618 827 668 et
851 613 920 669 duos
974 613 1021 668 trii
1046 621 1089 668 est
1113 612 1177 677 sita,
1198 625 1264 680 quae
1280 625 1345 665 cerm
1370 610 1405 666 sit
1430 625 1530 681 parva,
1552 625 1609 666 non
1632 609 1730 679 captui
1759 624 1821 666 meo

71 714 145 780 illios
168 724 237 780 quos
259 708 350 772 bobes,
367 723 400 761 ue
421 710 446 760 et
472 707 626 774 inpariter
651 719 745 775 pereas
771 707 800 756 iu
824 702 921 757 scelere
974 702 1060 757 nimis
1074 709 1200 768 austera,
1226 700 1265 757 ibi
1287 703 1360 756 sala:
1375 701 1416 754 eia
1438 701 1558 770 captabo
1573 700 1728 770 perlugia:
1750 714 1823 755 nuu-

73 802 203 854 ciuitotis.
220 796 355 863 Quandiu
375 793 491 850 turham
507 792 596 848 animi
618 791 754 848 tentando
782 791 921 862 patimur,
974 790 1046 860 quid
1062 804 1120 845 non
1138 790 1251 846 modica
1264 789 1329 845 esti
1341 790 1383 845 Ao
1397 789 1421 844 si
1437 789 1542 845 diceret
1558 803 1564 843 :
1581 788 1604 843 si
1627 803 1664 844 ex
1688 788 1823 856 superbia

74 902 131 943 nox
151 894 193 942 est
210 885 301 952 uobis,
318 891 346 939 et
366 895 514 938 moramur
531 882 560 936 in
585 880 724 947 Sodomis,
740 879 770 933 in
794 879 921 949 quadam
976 880 1075 948 primae
1090 878 1257 947 perditionis
1275 877 1355 948 origo
1382 878 1527 947 processit,
1552 891 1646 932 nonne
1662 890 1711 946 per
1731 876 1823 932 humi·

73 973 182 1029 scilicet
202 971 328 1028 caecitate
354 968 471 1025 mentis.
501 968 538 1023 At
566 967 622 1022 Deo
644 965 736 1021 cordis
766 965 922 1020 irradiante
976 967 1063 1023 litatis
1095 966 1304 1036 depressionem
1331 980 1365 1022 ac
1387 965 1554 1021 modestiam
1576 965 1683 1020 salvari
1706 964 1823 1020 licebit?

73 1060 171 1117 sinum
192 1060 222 1116 lit
236 1072 329 1120 mane.
346 1065 374 1113 et
397 1056 524 1127 pristinae
541 1055 614 1109 illico
636 1068 688 1108 nos
701 1055 788 1124 pudet
809 1053 921 1123 cogita·
976 1056 1073 1122 Vivat,
1100 1056 1205 1126 inquit,
1232 1056 1329 1110 anima
1350 1069 1422 1122 mea,
1450 1061 1611 1124 perseveret
1626 1053 1655 1109 in
1676 1062 1754 1110 statu
1769 1053 1824 1109 ali-

74 1149 176 1220 tionis;
192 1149 228 1204 ah
244 1148 313 1219 ipsis
327 1147 405 1202 enim
424 1146 483 1215 jam
499 1143 631 1215 cogimur
651 1142 768 1214 angelis,
791 1143 923 1198 sensibus
976 1148 1061 1216 cnjus
1076 1147 1142 1201 boni
1165 1145 1259 1217 operis
1276 1145 1336 1199 vita
1350 1158 1422 1199 mea.
1453 1143 1578 1211 Suscepi,
1606 1143 1646 1198 ait
1673 1142 1820 1206 Dominus,

73 1238 177 1309 utique
191 1237 306 1303 nostris,
322 1235 373 1306 qui
394 1234 503 1303 pridem
525 1233 704 1304 cogebantur
719 1231 837 1300 imperio
862 1231 922 1296 hot,
976 1235 1062 1291 etiam
1079 1235 1109 1289 in
1133 1235 1186 1289 hoc
1200 1247 1298 1302 preces
1313 1241 1387 1299 tuas,
1404 1239 1437 1288 ut
1455 1239 1513 1288 tam
1537 1231 1630 1287 ardua
1655 1232 1721 1286 vitae
1746 1230 1823 1287 insti·

76 1327 104 1382 id
124 1333 167 1382 est
180 1323 313 1385 rationis:
339 1330 484 1393 coguntur
508 1334 635 1390 namque
661 1320 698 1375 ah
720 1319 831 1391 angelis
856 1334 923 1375 cum
976 1331 1040 1380 tuta
1056 1323 1209 1394 refugiens,
1234 1323 1355 1388 modica,
1374 1321 1402 1376 id
1421 1329 1462 1377 est
1476 1320 1630 1376 mediocria
1643 1318 1823 1386 consecteris,

74 1413 241 1483 rationiJus
255 1413 316 1482 ipsa
338 1426 398 1467 suae
423 1409 539 1464 nuntiat
560 1408 746 1469 necessitatis,
770 1422 825 1462 non
844 1422 924 1476 posse
977 1412 1040 1468 lieet
1062 1412 1172 1482 justum
1202 1411 1357 1476 rideretur,
1383 1410 1413 1484 si
1442 1409 1518 1465 Deus
1545 1409 1672 1464 districte
1693 1408 1825 1478 judicare

75 1517 177 1559 sensus
206 1500 332 1557 cohiberi
363 1513 380 1554 a
407 1496 638 1567 concupiscentia
664 1497 692 1552 in
723 1496 862 1560 Sodomis,
896 1497 924 1551 in
977 1501 1150 1570 disponeret,
1163 1500 1255 1570 utqui
1271 1501 1346 1555 bona
1359 1513 1425 1568 quae
1439 1505 1528 1568 potest
1541 1512 1626 1567 agere
1649 1497 1822 1562 dissimulat,

74 1589 287 1648 cohabitatione
329 1587 458 1642 videlicet
493 1583 641 1641 saecularis
683 1584 922 1654 conversationis;
979 1589 1025 1644 illa
1041 1588 1126 1644 etiam
1142 1603 1208 1658 quaa
1223 1588 1284 1657 agit
1301 1588 1418 1657 perdere
1430 1586 1547 1654 debeat;
1571 1585 1674 1641 merito
1696 1599 1825 1655 namque

76 1695 134 1736 non
151 1678 228 1736 enim
244 1684 335 1747 potest
349 1676 506 1746 quisquam
522 1687 579 1728 nou
594 1680 718 1729 aestrrare
730 1673 758 1727 iu
774 1673 898 1729 llammis
915 1689 921 1728 :
978 1677 1040 1747 ipsa
1054 1675 1329 1745 poenitcndiallectio
1340 1676 1369 1730 in
1382 1675 1728 1740 homiucsubverteretur,
1738 1673 1824 1743 quiin

77 1769 169 1839 Surge
195 1781 274 1838 ergo,
303 1763 450 1835 inquiunt,
482 1770 513 1818 tu
535 1762 644 1832 prmvia
672 1760 754 1827 ratio,
778 1761 862 1817 idest
887 1762 923 1817 ad
977 1766 1041 1822 aliis
1053 1764 1484 1835 quibuspotestvirtutibusnon
1495 1770 1746 1819 exerceturzcum
1757 1776 1825 1833 ergo

76 1856 154 1913 vitiis
173 1854 363 1912 resistendum
385 1852 504 1923 erigere,
532 1865 664 1918 uxorem,
681 1849 767 1906 idest
788 1850 924 1907 volunta·
978 1854 1063 1910 statui
1081 1861 1178 1909 nostro
1203 1855 1278 1909 Deus
1305 1852 1368 1908 licet
1385 1852 1478 1921 tepido
1501 1851 1710 1917 condescendit,
1729 1859 1826 1920 aperte

77 1954 132 2002 tem
147 1953 238 2009 tuam,
255 1957 321 2014 quae
341 1955 399 1997 non
424 1941 563 1996 hactenus
583 1939 654 2009 iugo
670 1939 775 2005 mariti,
791 1939 868 2008 qnod
882 1946 925 1995 est
980 1943 1074 1999 innuit
1087 1943 1234 2012 qniacum
1247 1942 1367 2013 gratiam
1383 1941 1615 2010 compunctionis
1625 1940 1706 1996 nobis
1719 1940 1826 2007 impen-

78 2032 249 2099 intellectus,
280 2030 371 2087 teneri
399 2042 429 2084 se
467 2027 640 2098 patiebatur,
671 2027 720 2082 sed
755 2026 925 2083 adulterinis
979 2031 1029 2097 dit,
1045 2031 1072 2085 id
1091 2031 1302 2100 parvumquod
1320 2035 1368 2083 w
1381 2029 1509 2098 gerimus
1523 2043 1581 2084 non
1598 2029 1716 2097 respuit,
1728 2028 1769 2084 sic
1780 2043 1827 2083 ur·

78 2121 182 2191 passim
208 2118 356 2175 amoribus
380 2115 603 2180 distrahebatur,
628 2115 704 2179 tolle,
732 2129 794 2171 eam
824 2115 925 2185 utique
980 2119 1042 2175 hem
1059 2133 1146 2189 quam
1161 2118 1296 2189 eligimus
1317 2117 1583 2188 quamvisparvam
1598 2132 1654 2173 nou
1673 2117 1825 2172 subvertit.

78 2226 144 2280 qum
163 2218 188 2265 te
203 2208 278 2263 male
294 2206 406 2271 tulerat,
426 2205 467 2261 uti
483 2203 639 2274 paralytico
667 2204 772 2259 dicitur
792 2205 867 2274 (Luc.
895 2220 923 2272 r,
1015 2207 1101 2264 Vnus.
1117 2210 1162 2262 Ἠ,
1182 2236 1216 2247 -
1231 2209 1354 2271 Festino,
1370 2213 1396 2261 et
1409 2207 1517 2260 solvere
1535 2206 1585 2260 ibi.
1602 2206 1632 2260 ld
1651 2213 1693 2261 est
1715 2206 1738 2260 si
1762 2220 1826 2260 mo-

79 2298 134 2364 el),
150 2296 247 2352 tollere
260 2296 331 2366 iarn,
349 2294 401 2349 hoc
415 2301 457 2347 cst
471 2307 568 2363 regere
583 2291 668 2353 disce,
686 2299 713 2347 et
731 2291 838 2362 pariter
853 2293 926 2348 duas
979 2295 1045 2351 dica
1066 2296 1158 2367 eligis,
1184 2296 1213 2350 in
1240 2297 1284 2352 his
1306 2296 1406 2352 saltem
1428 2295 1621 2365 exsequendis
1647 2294 1776 2354 sedulus.
1800 2302 1827 2349 et

79 2386 161 2452 silias,
179 2392 211 2441 ut
226 2384 351 2454 prolecto
369 2381 428 2452 iam
445 2395 503 2437 non
520 2389 633 2437 terrena
659 2381 688 2435 in
715 2380 853 2447 Sodomis,
876 2382 925 2437 sed
980 2385 1073 2441 alacer
1087 2392 1157 2448 esto,
1181 2383 1282 2440 lestiue
1308 2398 1468 2454 procurans
1494 2384 1519 2438 in
1536 2398 1594 2453 quo
1621 2384 1752 2439 salveris.
1770 2385 1827 2437 Nou

77 2474 201 2530 celestia
225 2474 255 2527 in
274 2472 380 2527 divinis
402 2470 512 2539 cupias,
542 2477 570 2525 et
592 2469 709 2539 puritati
725 2470 925 2540 potiusquam
977 2479 1070 2542 potero
1084 2476 1174 2540 fecere
1186 2456 1444 2543 quidquem,'doucc
1460 2472 1625 2540 ingredieris
1640 2472 1714 2527 illuc.
1726 2471 1827 2539 Quan-

79 2563 158 2618 inani
189 2560 255 2617 ioris
278 2559 377 2631 gloriae
405 2558 521 2615 studeas
548 2572 584 2614 ne
611 2566 639 2613 et
667 2566 700 2613 tu
725 2557 831 2627 pariter
859 2573 926 2614 cum
980 2561 1030 2616 diu
1045 2561 1121 2616 euim
1141 2560 1217 2616 vitiis
1241 2561 1433 2630 acquiescere,
1456 2560 1612 2615 bestialiter
1628 2559 1712 2615 silere
1744 2559 1828 2615 dulce

80 2663 180 2720 pecore
189 2649 283 2705 silenti
300 2661 406 2716 percas.
981 2649 1121 2704 habemus
1142 2648 1170 2702 in
1190 2648 1328 2710 Sodomis,
1357 2662 1413 2703 nou
1440 2655 1530 2716 potest
1563 2648 1640 2703 Deus
1664 2647 1825 2718 quidquam

116 2739 200 2795 linus.
221 2738 261 2803 16,
289 2739 330 2789 tr.
356 2766 390 2774 -
413 2735 608 2789 dissimulante
622 2736 668 2789 ilio
689 2734 927 2804 apprehenderunt
980 2736 1092 2806 operari
1106 2735 1221 2791 virtutis
1239 2735 1378 2802 innubis,
1396 2749 1463 2790 nam
1478 2743 1510 2791 ut
1532 2734 1597 2791 liliis
1611 2735 1738 2791 Zebedaei
1754 2733 1827 2790 dici-

80 2841 190 2881 muaum
210 2839 278 2894 egus,
303 2829 328 2877 et
353 2838 462 2876 irruerem
483 2824 589 2887 umoris,
613 2822 778 2876 aeduorum
802 2824 927 2892 filiarum
981 2834 1048 2881 tur:
1063 2825 1160 2880 sedere
1183 2826 1218 2880 ad
1234 2821 1377 2888 dextram,
1400 2824 1445 2879 vel
1470 2823 1616 2879 sinistram
1640 2824 1749 2892 (blatta.
1774 2837 1826 2888 xx,

80 2917 148 2983 ejus,
176 2929 204 2967 eo
236 2912 308 2981 guod
330 2916 452 2980 prerecret
478 2911 522 2964 illi
551 2912 697 2966 Dominus.
725 2913 1034 2985 Posueruatquecidl,
1055 2920 1168 2969 nonest
1182 2927 1267 2968 suum
1286 2912 1354 2968 darc
1371 2913 1604 2982 superbientibus
1619 2912 1719 2980 nobis;
1748 2912 1828 2982 prius

80 3005 159 3055 estro
170 3001 306 3054 civitatem
322 2997 381 3072 lah,
396 2999 437 3052 ibi
454 2999 536 3052 locut-i
549 3004 612 3052 suut
631 2998 668 3052 ud
681 2998 763 3069 euml,
784 3000 833 3053 ubi
851 3000 925 3054 bou-

81 3096 124 3144 tus
147 3094 187 3143 est
212 3089 249 3142 od
264 3104 322 3141 eum
351 3089 491 3141 Dominus.
512 3087 595 3142 Soleo
616 3089 735 3141 amimam
759 3092 844 3149 tuom,
871 3089 928 3142 moli

81 3181 213 3247 respicere
226 3181 288 3246 post
303 3185 416 3244 tergum,
436 3192 484 3230 uec
499 3182 552 3230 stes
567 3179 597 3230 ia
617 3180 690 3231 omui
712 3181 788 3231 circo
808 3181 923 3246 regione,

81 3267 166 3320 sedin
185 3271 272 3319 moute
288 3269 392 3319 sulcum
408 3270 433 3319 te
447 3267 502 3331 soc.
519 3254 750 3333 Dissimulamus,
766 3280 833 3322 cum
853 3267 927 3322 bona

80 3367 147 3422 quae
162 3360 189 3408 et
207 3366 346 3409 sensuum
370 3367 402 3408 ac
421 3353 662 3424 imaginationum
687 3352 816 3409 molestia
830 3362 927 3411 nostro

83 3440 197 3511 spiritui
220 3441 281 3497 deri
300 3441 453 3498 convenire
468 3441 594 3506 nuntiat,
621 3441 780 3498 dillerimus
796 3458 802 3498 :
820 3457 927 3514 appre-

83 3529 214 3585 hendunt
229 3544 332 3586 manus
345 3530 418 3601 eius,
435 3531 545 3594 uxoris,
562 3544 595 3585 ao
609 3531 744 3598 tiliarum,
759 3546 825 3587 cum
847 3533 927 3603 cogi-

82 3617 207 3681 tationis,
220 3616 472 3687 sensualitatisque
481 3617 646 3673 duhiadese
655 3618 808 3673 iudrmitas
818 3618 927 3674 auxilio

82 3705 210 3761 rationis.
233 3706 314 3762 bonne
330 3705 497 3771 voluntatis
515 3707 567 3775 piae
581 3706 617 3761 ad
641 3715 740 3763 sancta
759 3721 844 3777 opera
866 3707 926 3761 avi-

81 3793 187 3860 ditatis,
204 3808 270 3848 cum
287 3807 336 3862 spe
352 3793 450 3864 gloriae
471 3808 528 3849 nou
542 3793 698 3862 inanitatis,
720 3795 767 3850 sed
783 3794 927 3850 aeternita-

81 3879 118 3935 tis
142 3881 253 3936 lortiter
279 3881 455 3948 innituntur,
481 3882 580 3951 sicque
604 3891 685 3938 extra
710 3883 854 3938 civilatem
880 3897 929 3952 po·

82 3976 204 4033 nautor,
220 3970 318 4040 sicque
332 3983 348 4025 a
364 3970 464 4025 mundi
479 3970 625 4026 desideriis
642 3970 816 4027 alienantur.
832 3971 926 4039 Salva,

83 4057 178 4127 inquit
201 4058 340 4114 Dominus
367 4058 481 4125 rationi,
513 4059 583 4128 quid
607 4058 680 4114 lacto
703 4074 776 4129 opus
797 4060 833 4116 sit
860 4059 929 4116 insi·

82 4160 186 4213 nuans,
209 4149 336 4201 animam
357 4154 446 4213 tuam,
467 4147 523 4201 noli
551 4147 690 4216 respicere
714 4155 776 4217 post
802 4156 926 4219 tergum,

980 3002 1057 3058 enim
1071 3001 1230 3057 seeundum
1246 3000 1324 3070 quod
1335 3000 1405 3055 alias
1420 3000 1507 3056 dicit:
1524 2999 1665 3056 daemonia
1685 2999 1773 3070 ejicit,
1800 3007 1828 3056 et

981 3091 1022 3147 sic
1035 3090 1151 3146 demum
1173 3089 1310 3144 sanitates
1337 3088 1458 3159 perlicit,
1474 3090 1551 3159 quod
1571 3103 1758 3158 nequaquam
1774 3087 1828 3144 nisi

980 3179 1077 3250 ejectis
1098 3177 1279 3234 daemonibus
1294 3177 1353 3234 sieri
1370 3176 1474 3247 possim
1501 3178 1651 3232 nonenim
1676 3177 1756 3232 adest
1776 3190 1827 3232 au·

981 3267 1061 3330 ditio,
1076 3266 1132 3322 nisi
1153 3265 1245 3335 primo
1264 3265 1390 3321 surditas
1412 3265 1604 3321 excludatur:
1629 3264 1829 3336 ingrediamur

982 3355 1072 3426 igitur
1084 3362 1190 3410 sanctae
1211 3353 1382 3409 modicitatis
1400 3354 1524 3424 asylum,
1540 3360 1572 3408 ut
1586 3353 1720 3410 abdicata
1738 3353 1829 3409 obsti-

982 3443 1097 3498 natione
1109 3441 1226 3511 pcecati,
1242 3441 1431 3508 valeatDeuS,
1446 3440 1497 3511 qui
1515 3439 1555 3495 nil
1581 3440 1720 3509 iniustum
1737 3439 1831 3496 iacere

984 3530 1314 3601 pernumeratum
1336 3529 1418 3584 nobis
1442 3528 1578 3584 adhibere
1599 3529 1760 3596 virtutum;
1785 3528 1831 3582 in-

979 3620 1091 3691 iustum
1107 3632 1234 3688 namque
1248 3625 1332 3683 esset,
1348 3617 1372 3672 si
1387 3615 1500 3673 diabolo
1515 3615 1660 3671 hominem
1675 3615 1830 3685 possidenti

982 3709 1057 3763 Deus
1084 3706 1189 3777 pariter
1220 3705 1411 3773 cohabitaret;
1441 3705 1581 3773 impotens
1610 3716 1679 3775 ergo
1710 3703 1745 3758 ad
1776 3703 1831 3759 hoe

982 3809 1100 3867 prorsus
1119 3796 1195 3851 Deus
1218 3802 1268 3849 est.
1293 3793 1399 3849 ideirco
1425 3799 1547 3848 cocetum
1573 3798 1613 3847 est
1633 3807 1729 3845 nomeu
1752 3791 1830 3845 urbis

981 3885 1056 3938 illius
1077 3885 1179 3950 segor:
1207 3882 1247 3937 sol
1271 3896 1405 3952 egressus
1431 3888 1638 3951 superterram
1666 3888 1694 3936 et
1717 3881 1767 3936 bot
1792 3880 1832 3934 in·

982 3986 1097 4043 gressus
1122 3971 1218 4041 Segor.
1250 3969 1337 4041 Segor
1361 3971 1566 4039 interpretatur
1584 3962 1756 4033 meridiana,
1784 3968 1830 4025 vel

980 4075 1089 4129 paruo:
1108 4073 1197 4128 parva
1218 4059 1255 4115 oh
1269 4057 1473 4124 humilitatem,
1495 4058 1650 4112 meridiano
1665 4064 1782 4126 propter
1799 4054 1828 4111 iu

981 4156 1051 4204 aestu
1073 4147 1210 4203 vitiorum
1234 4146 1495 4211 obumbrationem
1522 4146 1616 4201 virtus
1638 4147 1713 4200 enim
1742 4145 1830 4200 Allis·

82 4233 109 4288 id
124 4241 166 4288 est
181 4248 216 4289 ne
241 4242 350 4302 repetas
364 4248 407 4301 ea,
424 4233 532 4304 quibus
551 4234 671 4290 intulisti
689 4233 735 4307 [Α
760 4235 925 4308 indulsistil,
946 4227 968 4281 D
983 4236 1057 4305 simi,
1070 4251 1135 4307 quaa
1150 4236 1233 4292 nobis
1246 4236 1408 4300 obumbrat,
1425 4249 1483 4291 non
1497 4235 1552 4290 nisi
1566 4248 1653 4304 super
1676 4233 1829 4296 humilem,

81 4322 288 4377 contemnendo
301 4323 429 4388 dorsum,
455 4337 507 4379 nec
529 4323 567 4378 sis
590 4322 736 4390 vitiorum,
762 4337 828 4394 quae
843 4324 928 4380 abdi-

80 4411 160 4476 casti,
187 4409 495 4481 materieicontiguus,
525 4410 605 4466 verbi
639 4411 741 4481 gratia,
776 4413 833 4468 noli
867 4426 928 4469 esse

80 4497 175 4552 ailinis
192 4497 372 4564 mulieribus,
388 4506 502 4568 propter
523 4499 600 4568 quod
624 4499 761 4555 relabaris
784 4499 812 4556 in
834 4501 926 4571 pejus,

80 4585 175 4641 sedin
199 4593 335 4651 montem,
354 4587 382 4642 iu
408 4594 667 4657 quantamcunque
690 4587 796 4644 scilicet
812 4588 928 4645 virtutis

79 4672 278 4729 excellentiam
303 4674 389 4730 altius
412 4674 481 4730 eniti
496 4682 574 4744 potes
595 4675 714 4746 emigra,
740 4690 775 4732 ue
799 4691 835 4732 ex
859 4676 927 4731 mali

80 4761 203 4817 confinio
218 4761 267 4817 tibi
281 4762 429 4818 oboriatur
439 4762 550 4819 occasio
562 4762 648 4819 saluti
668 4765 822 4820 contraria.

116 4849 201 4907 Vsus.
220 4849 261 4918 l8,
276 4853 317 4918 19,
329 4851 373 4919 tt),
387 4855 431 4906 il.
443 4854 542 4907 -lloa
551 4866 670 4920 possum,
684 4852 789 4923 inquit,
802 4854 926 4918 Domine,

79 4939 184 4992 soiuori
199 4941 228 4993 e'u
248 4945 345 5007 moute,
364 4955 397 4993 ue
410 4942 481 5006 forte
498 4941 685 5010 apprehendat
705 4957 746 4996 me
767 4943 877 5004 mulum,
903 4946 928 4994 et

78 5028 192 5081 morior.
214 5030 263 5082 list
278 5031 375 5083 ciuitas
392 5029 434 5082 laic
447 5029 542 5097 jueta,
553 5029 591 5082 ud
605 5044 687 5099 quum
702 5045 811 5099 possum
820 5031 926 5096 fugae,

79 5126 178 5181 percu,
188 5119 214 5167 et
225 5115 351 5170 salvabor
363 5118 393 5169 iu
402 5130 443 5182 eu,
456 5117 582 5186 uunquid
592 5133 644 5172 mou
653 5117 758 5172 modico
764 5123 813 5183 est,
824 5120 928 5172 etuiuet

79 5202 173 5254 auimo
194 5201 274 5255 meo?
288 5205 363 5270 Ecce,
379 5203 419 5258 ait
441 5204 590 5271 Dominus,
609 5207 691 5259 etium
706 5207 735 5258 ia
751 5205 798 5259 boe
821 5209 927 5273 suscepi

78 5303 170 5356 preces
186 5295 256 5356 tuus,
273 5295 303 5343 ut
320 5305 374 5345 aba
386 5292 540 5347 subvertam
560 5293 663 5360 urbem,
686 5308 737 5361 pro
752 5308 807 5361 quo
822 5291 926 5348 loeutus

79 5377 130 5431 es?
151 5375 214 5431 Non
229 5391 345 5448 possum
364 5379 470 5436 salvari
493 5381 522 5436 in
548 5387 654 5446 monte,
678 5378 708 5434 in
732 5379 819 5436 nimis
833 5381 925 5437 arduo

78 5465 237 5522 sanctitatis
258 5480 352 5536 opere,
378 5482 414 5523 ne
429 5467 624 5539 apprehendat
651 5467 847 5536 meelationis,
875 5477 926 5525 aut

981 4333 1009 4382 et
1036 4324 1168 4395 quietum
1191 4324 1331 4391 illabitur,
1358 4338 1416 4394 quo
1445 4323 1561 4379 nomine
1583 4321 1744 4392 spiritualis
1776 4320 1831 4377 ista

983 4412 1104 4469 munitio
1119 4412 1258 4483 adquam
1278 4411 1470 4482 confugimus,
1487 4411 1588 4467 merito
1603 4409 1770 4481 insignitur.
1795 4441 1829 4449 -

983 4500 1082 4568 (Vens.
1103 4499 1162 4569 23.)
1188 4500 1245 4567 Sol,
1273 4501 1368 4554 terror
1382 4497 1489 4555 scilicet
1511 4496 1676 4554 tentationis
1691 4510 1728 4553 ex
1743 4497 1831 4552 insita

982 4588 1094 4658 corpori
1109 4588 1346 4657 corruptibilitate
1356 4586 1598 4658 egreditursuper
1611 4594 1726 4653 terram,
1744 4585 1829 4642 idest

982 4679 1018 4733 ad
1035 4677 1125 4747 ipsam
1141 4676 1332 4745 corporalium
1345 4685 1475 4732 motuum
1488 4675 1609 4731 velimus
1624 4674 1751 4731 nolimus
1764 4673 1829 4730 elii-

980 4766 1125 4832 cientiam,
1142 4764 1190 4820 sed
1208 4767 1264 4832 lot,
1281 4765 1353 4820 ratio
1378 4764 1510 4820 videlicet
1525 4770 1632 4827 nostra,
1649 4763 1728 4819 subit
1744 4761 1828 4832 quasi

982 4851 1127 4922 quoddam
1142 4850 1346 4907 umbraculum
1357 4851 1454 4923 Segor,
1471 4852 1499 4906 id
1514 4858 1557 4906 est
1568 4848 1771 4907 humilitatem.

1017 4940 1102 4996 Vnus.
1125 4943 1168 5008 24,
1191 4941 1235 5005 25,
1260 4941 1304 4992 26.
1328 4969 1365 4981 -
1388 4941 1478 5008 Igitur
1498 4941 1627 4994 Doruiuus
1655 4940 1728 5008 pluit
1747 4953 1828 5007 super
1849 4973 1851 4977 Α

982 5029 1125 5085 Sodomam
1140 5034 1167 5082 et
1184 5029 1363 5082 Gomorrhum
1386 5030 1503 5097 sulphur
1526 5034 1551 5082 et
1569 5030 1658 5096 iguem
1679 5043 1697 5080 o
1717 5029 1827 5082 Domino

981 5117 1120 5171 decute:
1145 5120 1170 5170 et
1193 5116 1326 5172 srrbuertit
1348 5119 1473 5171 ciuitates
1499 5118 1559 5179 leus,
1584 5120 1610 5170 et
1634 5131 1737 5170 omnem
1756 5119 1827 5169 circu

981 5208 1114 5272 regionem
1128 5208 1266 5260 universos
1288 5206 1453 5260 habitatores
1469 5206 1587 5272 urbium,
1604 5209 1630 5259 et
1644 5209 1739 5259 cuncta
1750 5215 1828 5258 terrae

980 5296 1109 5347 uirentia.
1132 5295 1341 5363 Respieieusque
1354 5309 1425 5348 uuor
1438 5295 1497 5362 ejus
1511 5300 1572 5362 post
1586 5308 1622 5360 se,
1638 5307 1718 5347 verse
1738 5297 1778 5346 est
1797 5295 1827 5346 iu

979 5388 1100 5436 statuum
1122 5383 1199 5436 solis.
1228 5383 1306 5439 Pluit
1339 5382 1479 5438 Dominus
1506 5395 1594 5451 super
1624 5380 1776 5437 Sodomam
1798 5387 1826 5436 et

980 5470 1181 5536 Gomorrham‚
1202 5483 1268 5525 cum
1293 5483 1343 5539 per
1358 5468 1574 5525 instillationem
1602 5482 1736 5540 supernae
1764 5482 1823 5524 mo·
