3818 6008
110 212 158 265 951
555 209 586 264 V.
605 187 774 266 duruuur't
792 208 937 264 lunaris
956 210 984 264 S.
1006 208 1126 271 hahita*
1146 208 1192 264 DE
1211 204 1410 264 notionum
1815 203 1867 256 952

109 340 225 399 sedente
239 353 283 408 aa,
298 339 415 412 impegit
441 337 579 410 grandem
599 338 680 407 adeo,
707 345 739 396 ut
751 351 818 395 eum
843 346 957 397 everte·
975 337 1101 397 Aritam
1127 351 1157 395 sa
1170 336 1355 409 apostolicam
1375 343 1472 394 tenere
1484 334 1638 408 iactantes,
1655 348 1760 392 eornm
1783 341 1867 391 aetus

21 444 34 453 ·
110 438 163 489 ret.
1011 425 1427 499 soloslegereampiectnntur.

145 518 330 577 Tenebantur
343 531 413 589 ergo
438 518 614 577 insanissimi
641 516 766 574 hominis
787 530 900 580 manus,
921 529 957 571 ue
1046 515 1092 570 Ad
1101 513 1438 585 judiciumooenntornb
1452 511 1806 586 episeoposoessionenei.
1819 513 1865 568 Ge

109 623 140 667 se
167 620 293 677 suosque
320 605 473 676 disjiceret,
507 609 598 665 donee
630 606 846 678 delatigaretur,
866 605 958 660 donec
1010 620 1075 658 ram
1090 603 1222 661 Galama
1234 601 1656 674 interrogantem-adomim
1665 615 1736 673 ergo
1747 599 1864 657 Suesso-

108 693 312 768 virginissimae
339 693 474 752 Genitriei
499 703 527 752 et
554 696 611 752 Deo
642 694 699 751 lilio
715 697 779 765 ejus
807 694 956 750 inimicum
1011 705 1076 748 rum
1093 692 1226 763 pontilice
1248 693 1309 748 virn
1338 690 1497 746 clarissimo
1514 689 1643 746 lisiardo
1671 688 1787 760 praeteri
1809 688 1865 743 duo

107 780 215 838 diaboli
225 787 411 853 extorqueret
422 781 565 852 spiritum.
1011 780 1046 836 ad
1063 793 1186 836 examen
1201 789 1351 850 urgentur.
1368 779 1479 846 bibus
1491 792 1557 835 cum
1573 777 1759 848 abepiscopo
1785 776 1864 847 iuge-

1010 874 1133 936 reretur,
1148 866 1226 938 quod
1250 877 1411 923 conventus
1425 870 1528 936 preter
1547 865 1697 922 ecclesiam
1725 864 1862 931 lacerent,

421 923 537 980 CAPUT
552 923 643 980 XVII·
1008 963 1037 1012 et
1053 955 1176 1012 haeretici
1202 956 1238 1012 ah
1265 954 1401 1012 alhuibns
1421 954 1602 1020 dicerentur;
1620 952 1771 1024 respondit
1802 953 1863 1009 Cie-

143 1041 301 1111 Glementia',
314 1043 451 1108 Elrcrda',
466 1047 495 1099 et
508 1045 671 1117 gregalium
681 1044 817 1100 hereseos
830 1059 954 1100 summa.
1009 1044 1153 1100 mentius:
1169 1043 1246 1100 Num
1271 1044 1388 1116 legistis,
1409 1043 1536 1113 domine,
1559 1041 1589 1099 iu
1614 1041 1787 1113 Evangelio,
1815 1040 1864 1098 ubi

107 1133 190 1189 -At
218 1132 357 1203 quoniam
391 1132 603 1200 haeretieorum,
633 1148 707 1203 quos
737 1134 783 1189 hic
814 1133 956 1189 uelandus
1010 1131 1481 1203 dicitur:«Beatieritisinaoe.
1504 1131 1864 1202 vr,22;.loan.xnr,t7.)

107 1219 234 1286 amabat,
256 1219 450 1288 meminimus,
479 1220 598 1292 quidam
624 1221 760 1289 rusticus,
783 1219 957 1279 clementius
1010 1219 1082 1278 Cum
1097 1227 1170 1278 esset
1193 1221 1270 1276 enim
1300 1219 1463 1288 illiteratus,
1492 1220 1571 1291 quod
1586 1241 1600 1269 o
1625 1218 1706 1276 eritis
1721 1239 1736 1267 n
1751 1218 1864 1289 signid-

108 1307 233 1373 nomine
249 1322 316 1365 num
332 1307 419 1366 iratre
449 1309 589 1378 Ebrardo,
605 1310 683 1380 apud
694 1309 863 1377 Buoiacum,
887 1324 956 1381 pro-
1008 1317 1086 1367 caret
1102 1309 1249 1365 haeretims
1263 1309 1434 1367 estimabat.
1451 1309 1576 1367 Putabat
1602 1308 1689 1365 etiam
1705 1306 1787 1377 qnod
1811 1307 1865 1362 has·

107 1394 372 1453 ximamSuessioul
390 1396 497 1466 sillem,
527 1397 736 1455 commanebat.
755 1396 819 1465 Qui,
843 1404 875 1454 ut
891 1397 955 1455 vul·
1011 1397 1090 1454 retici
1107 1397 1281 1464 diceremur,
1302 1396 1385 1468 quasi
1412 1395 1597 1464 hereditarii,
1622 1396 1702 1452 haud
1739 1394 1863 1452 dubium

107 1483 241 1554 gahatur,
262 1484 297 1540 de
314 1482 489 1553 primoribus
500 1499 561 1541 sure
574 1485 713 1542 hereseos
736 1493 806 1541 erat.
837 1487 875 1542 lie
901 1486 954 1542 hoe
1010 1484 1083 1556 quin
1101 1485 1158 1541 bei.
1179 1484 1251 1541 Cum
1273 1498 1342 1555 ergo
1362 1484 1576 1541 discuterentur
1603 1482 1675 1554 quid
1701 1481 1862 1548 crederent,

106 1569 216 1627 ferebat
227 1570 440 1642 impurissimus
467 1572 629 1641 iliecomes,
646 1575 724 1644 qnod
753 1573 955 1644 sapientiorem
1011 1573 1255 1632 christianissime
1281 1573 1503 1643 responderunt,
1536 1570 1738 1628 conventicula
1770 1577 1863 1627 tamer

107 1671 139 1713 en
152 1658 296 1715 neminem
318 1660 538 1729 comprobasset.
569 1661 690 1717 llaeresis
719 1669 817 1718 antem
843 1674 877 1718 ea
901 1669 952 1725 est,
974 1635 1067 1717 Bnon
1079 1668 1233 1733 negarunt.
1247 1663 1283 1716 at
1293 1661 1364 1732 quia
1382 1661 1484 1717 talium
1503 1667 1547 1716 est
1568 1672 1686 1731 negare,
1701 1667 1730 1716 et
1751 1670 1864 1729 semper

107 1758 165 1801 non
176 1759 243 1815 que
263 1744 357 1815 palam
372 1760 457 1802 suum
470 1746 575 1819 dogma
589 1748 732 1816 deiendat,
745 1748 793 1805 sed
808 1762 874 1818 qnae
889 1761 953 1818 per·
1009 1749 1143 1807 hebetum
1171 1749 1245 1805 ciam
1261 1749 1347 1804 corda
1374 1748 1520 1815 seducere,
1535 1747 1642 1805 addicti
1664 1754 1736 1804 sunt
1755 1746 1863 1819 judicio

107 1832 202 1902 petuis
229 1832 366 1889 damnata
386 1834 516 1890 susurris
538 1835 715 1893 clandestina
743 1843 850 1907 serpat.
884 1836 956 1908 Ejus
1007 1837 1174 1895 exorcizata
1198 1850 1292 1908 aquae.
1308 1837 1437 1907 Cumque
1451 1838 1480 1892 in
1493 1836 1710 1907 lpsoapparatu
1732 1842 1862 1908 rogasset

106 1931 176 1975 vero
191 1919 255 1975 talis
270 1920 376 1977 dicitur
389 1935 449 1978 esse
464 1936 588 1979 summa.
850 1946 853 1950 ·
1008 1940 1054 1982 me
1068 1925 1224 1996 episcopus,
1250 1932 1284 1982 nt
1296 1925 1332 1982 ah
1345 1925 1386 1981 eis
1401 1932 1508 1981 secreto
1527 1924 1596 1995 qnid
1622 1924 1767 1981 sentirent
1788 1923 1864 1980 elice

143 2005 203 2079 (¹¹⁰)
224 2008 455 2078 llipeusationem
483 2009 547 2066 Filii
570 2009 699 2082 Virginis
719 2010 893 2082 phantasma
913 2009 953 2067 ia·
1009 2027 1081 2080 rem,
1095 2021 1123 2070 et
1145 2013 1187 2069 eis
1214 2013 1360 2082 baptisma
1387 2011 1541 2068 infantium
1567 2025 1773 2082 proponerem,
1792 2010 1865 2066 dixe

107 2104 216 2154 teutur.
1009 2109 1101 2159 runt:
1121 2099 1200 2168 «Qui
1225 2100 1379 2157 crediderit
1401 2108 1429 2158 et
1444 2100 1606 2171 baptizatus
1632 2099 1732 2169 inerit,
1766 2099 1863 2156 salvus

143 2185 287 2255 Baptisma
302 2184 491 2255 parvulorum
508 2201 565 2243 uon
580 2187 802 2260 intelligentium
830 2189 885 2246 suh
901 2202 955 2260 pa·
1010 2213 1021 2240 ι
1051 2191 1106 2246 erit
1132 2189 1238 2260 (Mare.
1261 2203 1322 2256 xvr,
1338 2190 1378 2256 6).
1395 2209 1409 2238 »
1428 2189 1560 2261 Cumque
1577 2189 1606 2245 in
1628 2189 1705 2245 huna
1717 2188 1861 2245 sententia

107 2273 191 2329 trinis
206 2272 430 2345 quibuscunque
446 2275 608 2331 adnullant.
1008 2288 1144 2346 magnam
1163 2283 1307 2345 quantum
1333 2275 1369 2331 ad
1396 2276 1472 2346 ipsos
1486 2275 1676 2347 intelligerem
1701 2276 1796 2332 latere
1820 2288 1863 2330 ne

141 2360 232 2418 Suum
247 2368 343 2418 autem
359 2361 503 2432 appeliant
515 2362 644 2421 Verbum
667 2364 728 2433 liei,
750 2365 827 2436 quod
851 2365 881 2423 dt
897 2380 955 2437 qno
1009 2361 1142 2432 quitiam,
1160 2361 1337 2433 interrogavi
1350 2360 1420 2432 quid
1429 2368 1565 2432 putarent
1577 2375 1666 2432 super
1681 2360 1727 2418 his
1742 2361 1795 2432 qui
1811 2360 1863 2418 sub

108 2448 203 2506 nescio
220 2456 316 2506 rotatu
331 2448 418 2521 longo
429 2463 604 2507 sermonum.
1010 2449 1133 2506 aliorum
1150 2448 1205 2505 flde
1218 2449 1411 2520 baptizantur.
1430 2450 1467 2506 tn
1490 2449 1549 2505 itti:
1575 2449 1693 2519 Propter
1712 2450 1809 2506 Deum
1830 2463 1863 2506 ue

144 2537 311 2607 hlysterium
326 2537 403 2608 quod
417 2535 451 2593 fit
467 2537 495 2592 in
520 2538 604 2596 altari
626 2549 723 2598 nostro
742 2542 781 2598 ita
799 2542 956 2599 exhorrent
1010 2550 1062 2593 nos
1075 2537 1145 2592 adeo
1158 2535 1299 2607 profunde
1311 2538 1434 2594 serutari
1451 2536 1553 2594 velitis.
1571 2537 1671 2593 itidem
1689 2537 1726 2593 ad
1747 2538 1865 2609 singula

109 2612 206 2681 utbra
219 2624 400 2682 sacerdotnm
415 2625 545 2683 omnium
560 2642 592 2683 os
603 2627 706 2686 inlerni
721 2630 876 2700 appellent.
1010 2624 1136 2695 capitula
1152 2623 1298 2692 addentes,
1315 2638 1367 2680 uos
1394 2626 1572 2695 omniaque
1586 2622 1682 2680 dicitis
1704 2625 1863 2681 credimus.

144 2711 218 2767 Etsi
233 2725 283 2782 pro
310 2712 451 2770 uelamine
473 2728 535 2770 sne
552 2715 689 2772 hereseos
709 2717 862 2788 aliquoties
881 2717 956 2773 iuter
1010 2712 1092 2769 'lune
1107 2714 1260 2770 recordans
1274 2727 1374 2770 versus
1390 2713 1478 2783 iilius,
1494 2715 1522 2769 in
1539 2727 1626 2785 quem
1637 2711 1865 2769 Priscilliauiste

107 2795 179 2854 alios
201 2807 299 2855 nostra
322 2808 502 2857 sacramenta
534 2801 699 2872 suscipiant,
728 2806 769 2861 sic
800 2819 851 2875 pro
880 2805 957 2862 dieta
1010 2801 1078 2858 oiim
1093 2801 1445 2870 consenserant,sciiioet:

108 2884 226 2954 hubent,
247 2894 279 2943 ul
292 2899 326 2943 ea
345 2887 390 2943 die
401 2888 440 2943 uli
452 2889 579 2959 amptius
591 2892 687 2948 edant.
975 2925 996 2981 c
1044 2890 1132 2958 Jnrn,
1146 2889 1279 2961 perjura,
1295 2893 1435 2945 secretum
1446 2889 1567 2962 prodere
1580 2888 1662 2945 noli.-

144 2973 231 3030 Saera
239 2975 402 3032 coemeteria
416 2989 433 3032 a
447 2977 559 3048 reliqua
575 2986 651 3036 terra
669 2980 880 3051 comparatione
899 2997 956 3039 non
1417 2978 1548 3050 (aunnsr.
1563 2977 1720 3033 Doberes.
1735 2991 1762 3034 e.
1772 2978 1830 3043 to.)

108 3060 253 3119 dividunt.
1011 3064 1072 3121 dixi
1098 3066 1135 3122 ad
1163 3066 1349 3137 episcopum:
1378 3065 1518 3135 Quoniam
1548 3072 1633 3124 testes
1659 3067 1783 3134 absunt,
1813 3064 1864 3137 qui

144 3149 285 3222 conjugia
299 3151 450 3222 damnant,
464 3160 492 3209 et
507 3153 682 3212 tructirioare
696 3156 829 3214 coitibus.
1011 3165 1059 3207 eos
1076 3152 1145 3208 talia
1159 3152 1384 3225 dogmatizantes
1399 3155 1564 3223 audierunt,
1593 3164 1685 3226 coepto
1710 3168 1763 3211 eos
1790 3151 1865 3210 addi

147 3238 270 3295 Etcerte
293 3254 360 3296 cum
385 3255 436 3310 per
449 3241 583 3298 Latinum
608 3245 752 3315 conspersi
772 3246 830 3303 sint
848 3247 956 3315 orbern,
1012 3240 1202 3311 eitejudicin;
1218 3244 1371 3299 eratenim
1389 3252 1520 3300 matrona
1535 3243 1683 3314 quedam,
1707 3257 1801 3314 quatu
1817 3256 1864 3313 per

110 3327 209 3384 rideas
224 3326 300 3384 viros
316 3328 488 3387 mulieribus
502 3330 668 3388 cohabitare
684 3333 745 3389 sine
761 3333 868 3402 mariti,
893 3350 959 3392 eou-
1012 3340 1123 3384 antium
1137 3328 1311 3387 Clemeniius
1336 3331 1560 3388 dementaverat.
1586 3331 1656 3387 Erat
1672 3339 1700 3386 et
1724 3330 1863 3387 diaconus

107 3414 246 3488 jugisque
261 3416 388 3486 nomene,
413 3417 452 3474 na
467 3425 499 3474 ur
526 3418 572 3475 vn
598 3433 666 3476 eum
694 3419 959 3494 tentassemus
1012 3415 1143 3486 quinam,
1163 3417 1216 3488 uui
1237 3431 1274 3475 ex
1299 3418 1408 3489 praeen
1429 3411 1479 3476 'ore
1498 3419 1555 3475 atra
1576 3418 1707 3489 capnon
1736 3417 1862 3490 mengun

110 3517 177 3560 eum
190 3503 307 3575 singula
322 3519 382 3560 uon
398 3513 535 3574 moretur,
548 3507 597 3564 sed
612 3507 667 3564 viri
680 3522 747 3565 cum
769 3509 848 3576 viris,
875 3510 958 3567 lemi-
1012 3501 1152 3560 audierat.

110 3606 235 3650 uenum
251 3592 365 3650 leminis
381 3594 512 3652 cubitare
526 3604 694 3653 noscantur.
711 3596 784 3653 Nam
809 3598 866 3654 viri
880 3599 958 3671 apud
1049 3587 1190 3643 Prvbsslur
1202 3603 1301 3644 emm
1313 3590 1388 3658 fide!
1399 3607 1453 3663 t)er
1470 3591 1686 3646 mmmmm
1701 3593 1732 3647 ⁰²
1745 3607 1861 3664 “dms

110 3695 159 3739 eos
175 3680 205 3736 in
225 3680 361 3738 (eminam
376 3684 456 3740 nolas
469 3691 521 3740 est,
1013 3674 1138 3746 Populus
1159 3675 1305 3734 hereticos
1329 3677 1396 3752 t‘qrte
1417 3678 1552 3734 absumit.
1578 3709 1612 3719 -
1634 3679 1739 3737 Missas
1767 3680 1863 3752 filaque

145 3768 238 3826 liduia
247 3769 377 3826 omnium
393 3786 459 3842 quae
470 3786 506 3828 ex
522 3772 599 3829 coitu
609 3781 782 3842 naseuntur,
797 3773 957 3832 eliminant.
1011 3764 1070 3837 egit
1084 3766 1244 3838 episcopus,
1259 3766 1294 3824 de
1311 3767 1396 3840 cujus
1414 3783 1503 3825 manu
1518 3769 1573 3825 tub
1598 3768 1644 3825 his
1658 3770 1761 3828 verbis
1783 3784 1863 3827 sacra

146 3855 353 3915 Conveutienia
371 3858 480 3917 iaciunt
495 3859 524 3916 in
544 3860 682 3931 hypogeis
707 3870 758 3918 aut
787 3863 960 3932 pennalibus
1012 3861 1197 3923 sumpserunt
1213 3869 1219 3909 ²
1236 3855 1350 3929 C⁰si³¹1⁵
1374 3864 1403 3913 θῑ
1428 3856 1549 3928 sanguis
1565 3857 1679 3914 ⁰⁰¹¹¹i⁰l
1694 3859 1796 3915 Venia*
1819 3872 1864 3914 vn

112 3939 328 4012 {penetralibus
343 3942 388 3999 vei
405 3943 568 4017 penatibus]
579 3944 694 4013 abditis,
707 3960 795 4002 sexus
809 3947 897 4005 simul
912 3948 957 4004 iu·
1012 3939 1056 3997 bis
1075 3940 1111 3997 id
1128 3942 1322 4012 probationem
1352 3943 1445 4001 hodie·
1461 3944 1522 4012 011⁰
1537 3944 1621 4014 siem,
1640 3944 1793 4016 piissimus
1804 3947 1862 4018 olii·

110 4025 259 4095 differens,
277 4028 329 4099 qui
347 4029 473 4086 candelis
496 4031 622 4088 accensis
646 4032 760 4089 cuidam
781 4033 958 4091 muliercule
1012 4042 1125 4100 scolius,
1141 4037 1170 4086 θῑ
1207 4031 1307 4089 Petrus
1331 4032 1555 4091 archidiawntls
1573 4035 1618 4089 vit·
1634 4034 1691 4090 fide
1716 4035 1863 4108 inionem

110 4114 164 4173 suh
183 4114 286 4172 obtutu
312 4117 454 4187 omnium,
481 4121 604 4188 retectis,
632 4128 664 4177 ut
689 4120 806 4190 dieitur,
831 4122 956 4190 uatibus,
1012 4131 1088 4184 mus,
1101 4119 1151 4189 qui
1173 4126 1205 4176 ut
1223 4134 1280 4176 nou
1297 4120 1511 4191 subjicerentur
1533 4121 1653 4193 judicio,
1676 4137 1781 4180 eorum
1797 4137 1861 4194 pm·

110 4201 312 4273 procumbenti
338 4219 387 4261 eas
412 4219 430 4261 a
450 4213 530 4279 tergo
546 4205 688 4277 oderunt3
706 4207 809 4280 hisque
825 4223 893 4265 mox
913 4224 960 4266 ex·
976 4215 1000 4271 ll
1013 4208 1100 4265 missa
1114 4212 1273 4279 respuerat,
1285 4210 1321 4265 ad
1336 4223 1429 4281 aquas
1439 4209 1607 4280 procedunt.
1619 4210 1786 4282 Episcopus
1798 4224 1861 4268 eum

111 4289 224 4347 stinctis
241 4290 328 4347 chaos
357 4293 552 4365 undecunque
575 4295 765 4362 conclamant,
793 4305 820 4354 et
843 4312 958 4355 cumea
1011 4296 1111 4353 multis
1139 4297 1273 4368 lacrymis
1303 4298 1434 4354 litaniam
1463 4297 1625 4368 precipuis,
1650 4298 1758 4356 deinde
1781 4312 1861 4356 exor-

111 4392 178 4451 quae
192 4379 228 4435 ad
246 4393 365 4437 manum
376 4383 487 4440 venerit
500 4385 593 4453 prima
607 4384 732 4455 quisque
750 4385 815 4442 coit.
1012 4384 1133 4441 cismum
1148 4385 1222 4442 lecit.
1238 4385 1309 4442 inde
1332 4392 1513 4443 sacramenta
1533 4385 1638 4442 dedere
1661 4400 1693 4442 se
1709 4400 1859 4458 nunquam

146 4466 275 4535 Quodsi
302 4468 374 4527 inibi
394 4469 501 4527 iemina
528 4471 707 4542 gravidetur,
733 4480 817 4542 partu
842 4474 959 4531 demum
1011 4481 1112 4529 contra
1127 4473 1211 4529 fldem
1227 4481 1355 4530 nostram
1375 4472 1537 4542 credidisse,
1568 4475 1777 4531 autdoeuisse.
1802 4474 1859 4530 cie

110 4554 176 4611 luso
191 4554 220 4610 in
237 4556 361 4626 idipsum
376 4559 496 4615 reditur.
1012 4559 1138 4617 mentius
1164 4560 1193 4616 in
1205 4559 1314 4616 dolium
1344 4560 1459 4627 missus,
1482 4575 1516 4617 ac
1528 4561 1553 4616 si
1567 4561 1652 4632 virga
1680 4568 1858 4634 supernatat.
1902 4502 1905 4621 4

145 4648 221 4697 sao
246 4644 324 4716 iguis
350 4646 461 4703 multus
487 4646 665 4715 accenditur,
686 4661 703 4703 a
728 4648 959 4707 circumsedenti-
1011 4647 1072 4715 Quo
1099 4647 1171 4710 viso,
1197 4647 1317 4704 induitis
1352 4649 1467 4722 gaudiis
1492 4656 1551 4705 tota
1581 4648 1704 4707 eliertur
1734 4650 1857 4708 ecelesia.
1903 4642 1905 4657 '

111 4727 166 4785 bus
181 4744 255 4800 puer
270 4731 305 4788 de
320 4746 411 4790 mauu
437 4733 467 4789 in
487 4747 606 4791 manum
623 4750 674 4807 per
698 4735 957 4810 hammasjaeitur,
1008 4737 1130 4792 Tantam
1154 4735 1231 4792 euim
1255 4751 1343 4793 serus
1361 4736 1513 4807 utriusque
1541 4736 1738 4809 frequentiam
1765 4738 1859 4810 opinio

110 4815 202 4900 donec
215 4819 422 4891 exstinguitur.
440 4821 547 4878 Deinde
562 4823 592 4879 in
604 4824 713 4881 eineres
735 4825 875 4897 redigitur
892 4843 899 4893 ;
922 4839 959 4881 en
1012 4821 1264 4891 istaoouiiaverat,
1285 4831 1426 4896 quantam
1438 4823 1508 4881 inibi
1524 4824 1806 4895 nemopraesentium
1833 4839 1860 4880 se

110 4903 206 4962 cinere
220 4908 303 4977 panis
317 4908 486 4980 ennuchum
503 4911 610 4983 cuique
635 4926 702 4983 pars
716 4927 767 4984 pro
784 4914 960 4971 eucharistia
1011 4910 1117 4968 vidisse
1142 4910 1322 4968 meminerat.
1354 4911 1431 4969 alter
1461 4911 1610 4969 confessus
1640 4926 1783 4982 errorem,
1815 4910 1858 4969 sed

110 4992 258 5063 tribuitur,
284 5008 343 5066 qua
366 5005 516 5070 assumpta
543 5014 694 5072 nunquam
722 5016 794 5072 pene
809 5002 845 5059 ah
856 5001 958 5059 heresi
1011 4998 1201 5070 impenitens,
1226 5013 1293 5056 cum
1309 4998 1580 5057 iratreconviotoiu
1594 4998 1716 5056 vincula
1744 5000 1857 5072 coniici-

109 5079 171 5152 ipsa
184 5082 371 5154 resipiscitur.
1011 5094 1069 5143 tur.
1086 5088 1148 5144 lino
1163 5087 1211 5143 alii
1226 5101 1242 5144 e
1259 5087 1435 5144 durmantiis
1456 5086 1525 5144 uilia
1549 5086 1747 5158 probatissimi
1771 5089 1856 5146 here·

146 5167 202 5223 leli
221 5169 387 5227 hunnicis
410 5190 515 5246 peram
536 5175 705 5234 dbsimiles.
734 5209 768 5219 —
792 5177 821 5235 Si
848 5177 959 5249 relegas
1011 5175 1056 5231 tici
1074 5175 1111 5232 ad
1134 5175 1329 5246 spectaculum
1344 5183 1493 5243 venerant,
1506 5175 1673 5247 pariterque
1691 5177 1764 5234 tenti
1782 5183 1855 5234 snut.

110 5252 231 5312 hereses
254 5257 290 5314 ah
306 5258 468 5331 Augustino
491 5264 625 5336 digestas,
652 5266 725 5322 nulli
752 5266 843 5336 magis
867 5279 955 5337 quam
1009 5262 1067 5335 (¹¹¹)
1094 5263 1203 5320 Interea
1227 5262 1408 5333 perreximus
1430 5264 1465 5319 ad
1490 5263 1664 5320 Beivaceuse
1688 5264 1853 5327 concilium,

111 5340 335 5399 manichaeornm
361 5349 485 5418 reperies
508 5352 671 5409 convenire.
701 5351 848 5419 lluaeolim
863 5360 957 5422 coepta
1009 5350 1170 5409 consulturi
1190 5351 1337 5423 episcopus
1357 5351 1407 5424 qui
1436 5352 1511 5408 laeto
1537 5366 1612 5423 opus
1635 5361 1721 5411 esset.
1750 5352 1855 5410 Sedis

109 5425 336 5498 adustionibus,
371 5435 522 5492 residuum
548 5438 661 5496 demisit
684 5438 721 5496 ad
744 5440 876 5509 rusticos,
902 5441 954 5512 qui
1009 5439 1082 5496 delis
1112 5440 1225 5496 iuterim
1245 5440 1368 5511 populus
1394 5439 1552 5497 clericalem
1574 5453 1689 5510 „verens
1713 5441 1853 5499 mollitiem
