3818 6008
115 229 167 282 ttae
298 175 300 181 λ
559 223 589 276 V.
610 219 778 278 obtestari
797 217 943 275 abactis
962 220 990 274 S.
1012 217 1134 274 MARIAE
1154 217 1198 271 DE
1218 214 1414 273 Novicbttvo
1820 217 1868 270 1196
1894 150 1899 237 1

116 364 168 416 est.
186 356 247 415 Etsi
270 355 389 429 quando
412 354 449 410 ad
476 367 506 410 se
525 352 630 418 redeat,
662 352 736 407 banc
759 350 789 406 in
813 365 843 407 se
871 348 963 406 multa
981 351 1116 405 11111111
1136 363 1166 404 11
1188 348 1263 404 trabi
1286 347 1382 416 sentit,
1401 347 1478 417 quod
1504 360 1592 403 sunm
1615 347 1695 404 curis
1719 345 1869 418 aliquibus

118 446 303 503 excusatione
317 440 524 500 humanissime
547 439 653 511 levigat
674 438 800 509 culpam,
816 445 842 494 et
859 452 888 494 se
907 451 967 493 non
1018 451 1067 493 cor
1095 450 1113 492 a
1141 437 1199 493 Deo
1227 443 1352 507 separat,
1382 449 1545 506 personam,
1578 438 1785 507 quantumque
1817 449 1868 491 va-

118 536 191 602 vitii,
208 540 258 591 ant
277 533 408 589 obscenae
434 529 598 600 cuiuspiam
620 528 661 584 rei
689 541 785 584 amore
814 527 843 583 id
870 539 964 597 agere,
1021 524 1087 593 leat,
1116 533 1242 596 aptaque
1269 523 1413 592 videatur,
1443 525 1495 580 etsi
1520 533 1616 594 spreta
1644 522 1799 580 infamiam
1823 533 1870 580 aut
1899 524 1902 561 ¹

119 622 167 679 sed
196 622 290 692 potius
329 620 506 692 gestationis,
534 625 561 674 et
601 617 758 673 alacritatis
785 613 967 687 indulgentia
1020 613 1159 670 damnum
1173 613 1225 669 sibi
1241 611 1564 684 excitet,aserejieiat,
1580 612 1692 682 praemii
1705 627 1765 668 non
1778 602 1902 695 offen-'3

119 710 231 766 efficere
249 708 304 764 sibi
329 707 466 763 incantat.
483 706 553 762 Inde
566 705 736 776 pedetentim
765 704 801 760 ad
822 703 969 759 familiari·
1021 702 1110 758 sionis
1128 715 1188 758 esse
1204 701 1305 762 sciens,
1332 701 1354 755 si
1381 702 1470 756 ileum
1491 701 1546 757 sibi
1570 701 1618 757 tali
1633 715 1670 757 ex
1694 700 1760 757 odio
1779 699 1871 757 conei-

120 804 192 854 tates
206 795 322 853 venitur
341 796 457 863 noxias,
482 808 548 864 quae
573 793 690 864 quidem
720 799 800 848 tanta
823 790 968 863 religionis
1021 790 1105 858 lians,
1131 789 1207 845 banc
1230 787 1365 845 offendat.
1396 788 1807 860 Δ1111111111111111111,111
1833 787 1872 844 iu·

120 884 295 953 sinceritate,
312 890 339 940 ct
361 883 445 955 quasi
461 896 513 953 por
527 881 696 938 alterutram
718 880 882 937 orationum
907 879 969 936 col-
1022 879 1189 946 dendo,'aut
1204 892 1236 933 eo
1250 878 1299 934 irae
1314 891 1427 949 genere.
1442 877 1479 933 de
1493 892 1551 948 quo
1572 877 1600 932 in
1613 878 1724 934 Andria
1739 877 1873 934 Cbremes

119 973 268 1039 lationem,
287 970 333 1027 vel
355 970 532 1028 aedidcatorii
550 969 690 1026 sermonis
715 968 930 1038 impensionem,
952 981 969 1023 a
1024 967 1079 1034 ille,
1104 966 1159 1022 nisi
1181 966 1273 1034 fallor,
1289 966 1326 1023 ad
1356 965 1501 1023 Simonem
1531 965 1682 1037 loquitur:
1709 987 1721 1017 ‹
1749 965 1815 1033 lrae,
1838 966 1874 1021 in·

119 1068 340 1132 compunctione
355 1060 441 1116 etiam
464 1058 534 1115 solet
550 1056 692 1128 incipere3
718 1057 765 1113 sed
785 1055 968 1126 postmodum
1022 1057 1097 1123 quit,
1127 1053 1286 1110 amantium
1315 1052 1468 1124 integratio
1491 1053 1597 1108 amoris
1618 1059 1669 1108 est.
1694 1073 1705 1101 1
1735 1051 1791 1109 Sed
1815 1059 1871 1108 1111

120 1164 186 1213 111,
212 1155 240 1204 11
259 1148 406 1204 amatoriae
427 1145 602 1203 adulationis
622 1143 795 1215 frequentia,
819 1143 856 1201 ad
879 1143 970 1200 verba
1022 1142 1080 1199 acri
1093 1151 1123 1199 st
1136 1141 1262 1212 abrupta
1276 1141 1462 1209 dissensione,
1478 1148 1510 1198 ut
1524 1154 1587 1210 spes
1601 1140 1708 1197 amoris
1719 1141 1872 1211 separandi

119 1239 206 1306 levia,
218 1236 365 1308 jocosque,
376 1235 484 1307 quibus
497 1234 584 1291 menti
597 1233 970 1305 improvidaeexstruuotur
1022 1230 1117 1287 denuo
1145 1229 1226 1286 nulla
1251 1236 1346 1296 restet,
1374 1228 1431 1285 imo
1459 1243 1518 1284 non
1548 1228 1633 1284 modo
1664 1228 1778 1297 mentis,
1810 1243 1872 1299 qus

120 1324 266 1393 incendia,
282 1324 445 1380 devenitur.
1023 1318 1137 1375 mobilis
1164 1318 1314 1389 fallaxque
1335 1317 1435 1374 crebro
1459 1317 1646 1388 dignoscitur,
1671 1317 1720 1374 sed
1747 1317 1872 1387 corperis

156 1412 304 1482 Paulisper
323 1411 419 1483 itaque
443 1408 684 1466 confabulationis
710 1408 830 1479 ludique
860 1406 970 1464 facibus
1022 1407 1091 1475 situ,
1132 1407 1218 1478 iuxta
1253 1405 1379 1477 Apostoli
1406 1404 1533 1476 prudens
1566 1405 1686 1474 dictum,
1727 1405 1872 1462 celerrime

122 1499 244 1571 injectis,
259 1513 313 1555 sua
328 1498 428 1569 incipit
443 1498 595 1568 impudens
605 1497 721 1553 animus
737 1495 844 1552 damna
854 1495 968 1564 sentire,
1023 1495 1165 1567 fugiatur.

122 1587 172 1643 diu
187 1587 262 1643 enim
285 1586 342 1643 fota
363 1584 436 1641 male
464 1586 593 1656 concepti
620 1584 726 1641 amoris
747 1583 880 1651 scintilla,
899 1583 971 1639 siin
1363 1564 1477 1622 CAPUT
1497 1564 1533 1621 Χ·

121 1674 268 1732 extratiles
295 1673 339 1743 [f.‚
357 1671 500 1746 exitiales]
522 1679 642 1743 proruat
655 1671 788 1727 flammas
806 1646 1011 1742 1111111115Β
1060 1670 1221 1745 Elegantia
1233 1670 1330 1727 caifas
1344 1672 1373 1726 et
1386 1670 1508 1726 cestium
1527 1668 1617 1725 cultui
1630 1669 1750 1726 minime
1765 1669 1872 1727 1111111-

124 1763 288 1820 111111111
308 1762 367 1833 jam
389 1761 517 1833 experiri
539 1761 652 1832 cogitur
671 1760 803 1816 morbida
821 1759 971 1816 conscien-
1025 1760 1156 1817 beandum.
1181 1791 1216 1801 -
1242 1760 1384 1816 Praeterea
1417 1758 1585 1831 contingere
1609 1759 1771 1831 aliquando
1795 1760 1872 1817 baud

123 1851 164 1906 tia
181 1864 231 1907 eas
257 1865 331 1921 quas
356 1851 384 1905 in
399 1865 429 1906 se
457 1851 587 1906 funestus
606 1862 689 1904 amor
705 1849 851 1919 passiones
874 1847 970 1904 babet.
1025 1851 1148 1908 dubium
1161 1857 1203 1906 est
1219 1856 1252 1906 ut
1266 1862 1332 1906 cum
1347 1849 1472 1918 primum
1483 1849 1518 1904 ad
1530 1848 1620 1919 buius
1633 1849 1720 1905 febris
1730 1848 1873 1921 igniculos

124 1940 206 1996 'lunc
230 1938 394 1994 inimicitias
422 1947 449 1994 11
469 1937 615 1994 redivivas
636 1937 672 1992 ad
709 1950 791 1993 suam
818 1935 973 2006 perniciem
1025 1937 1163 2010 paulatim
1183 1936 1260 1993 inuri
1284 1936 1400 2006 coeperit
1423 1936 1593 2004 1111111111
1615 1936 1680 1993 11111
1707 1937 1873 1993 tentationis

21 2047 25 2055 ¹
123 2024 973 2098 1111111111111111111111,111111111111,111111111111
1025 2026 1179 2099 cujuslibet
1205 2025 1323 2081 minime
1350 2024 1531 2082 extrinsecus
1553 2026 1696 2082 sentiatur
1716 2025 1806 2094 calor,
1837 2034 1873 2082 ta·

121 2115 209 2188 juxta
224 2114 295 2171 illud
309 2115 512 2171 Terentianum
528 2115 647 2181 dictum,
664 2113 694 2168 in
715 2113 764 2170 tali
777 2113 892 2185 negotio
907 2112 972 2168 licet
1025 2131 1090 2172 men
1107 2115 1135 2171 in
1151 2122 1263 2170 11111111
1279 2113 1443 2170 accurando
1455 2114 1577 2186 lproprio
1601 2113 1707 2182 vultui,
1734 2114 1872 2171 babendac

124 2204 234 2260 invitus
256 2202 405 2260 exsolvere
426 2202 615 2273 compellitur.
641 2203 733 2258 Tanta
755 2208 797 2258 est
820 2202 973 2271 enimsjus
1024 2204 1110 2261 etiam
1136 2203 1217 2259 laudi
1245 2201 1428 2268 urbanitatis,
1454 2202 1654 2259 clamatoriae
1680 2201 1872 2273 jucunditatis

124 2291 265 2362 pestifero
289 2290 431 2347 societatis
459 2289 597 2357 molestia,
625 2297 658 2347 ut
685 2288 750 2345 licet
771 2289 916 2345 interdum
934 2303 973 2345 ex
1025 2292 1150 2350 anbelat.
1167 2290 1297 2348 Vestibus
1312 2290 1438 2361 denique
1452 2305 1504 2361 pro
1518 2291 1687 2361 corporibus
1703 2291 1873 2348 habitudine

126 2380 334 2437 consuetudine
353 2379 478 2436 mulceat
499 2379 528 2434 in
543 2385 657 2434 tantum
682 2384 778 2434 tamen
801 2377 973 2448 plerumque
1024 2381 1202 2451 coaptandis,
1221 2387 1252 2436 ut
1266 2387 1324 2437 tota
1337 2379 1463 2435 bominis
1477 2378 1591 2436 solertia
1610 2379 1687 2435 circa
1701 2379 1765 2435 baec
1779 2380 1873 2436 studia

41 2459 43 2463 ⁴
125 2468 165 2525 rei
190 2483 256 2538 quae
279 2475 395 2524 amatur
422 2467 551 2524 fruendae
577 2465 733 2523 difficultas
754 2473 915 2536 exasperat,
942 2474 974 2522 ut
1024 2476 1164 2539 occupata
1179 2467 1331 2534 deserviat,
1349 2466 1475 2538 qualiter
1487 2474 1683 2538 acceptetura
1701 2466 1871 2539 quibusque

125 2570 303 2627 exsanguem
320 2564 347 2612 et
371 2555 542 2626 languidum
559 2563 715 2611 amatorem
730 2555 808 2610 omni
823 2555 974 2611 febvecrn-
1025 2571 1085 2613 suae
1102 2556 1263 2611 formositas
1286 2555 1388 2625 speciei
1413 2554 1564 2626 diligenter
1585 2554 1729 2625 explorat,
1754 2562 1783 2611 ct
1808 2570 1873 2612 cum

125 2644 218 2700 delius
238 2643 349 2700 reddat.
376 2643 429 2700 Sed
457 2656 524 2699 cum
553 2643 637 2714 quasi
658 2644 776 2714 pacifice
798 2650 826 2699 et
854 2644 974 2699 boneste
1026 2658 1134 2712 secum,
1153 2644 1209 2699 imo
1223 2642 1301 2714 apud
1316 2657 1345 2698 se
1368 2642 1512 2714 quidquid
1534 2642 1690 2713 pulcbrum
1714 2645 1876 2700 aestimatur

125 2732 161 2788 ab
187 2746 220 2788 eo
243 2731 321 2802 quod
343 2738 433 2800 amat,
450 2730 512 2787 sins
540 2731 583 2786 ira
606 2732 777 2802 etmotione
797 2745 926 2802 personae
945 2746 974 2788 se
1026 2733 1193 2804 vilipendat,
1221 2747 1251 2788 se
1266 2731 1446 2803 potissimum
1466 2731 1710 2803 singulariterque
1724 2731 1873 2802 praedicari

125 2821 299 2891 abrumpere
314 2820 427 2889 nititur,
444 2819 476 2875 fit
493 2820 577 2876 modo
593 2820 748 2877 miserabili
772 2827 805 2876 ut
815 2821 897 2892 pejus
913 2835 975 2876 om·
1027 2821 1150 2890 affectat,
1166 2834 1347 2890 summopere
1371 2819 1501 2875 adamari
1515 2820 1666 2876 desiderat.
1694 2820 1806 2876 Amans
1826 2821 1876 2892 igi·

126 2908 249 2964 nimodis
264 2908 416 2980 obligetur.
428 2908 492 2964 Non
505 2907 582 2964 enim
599 2909 682 2965 uxori
698 2908 733 2964 ad
745 2908 893 2965 lasciviam
911 2923 973 2979 pro·
992 2917 1076 3000 Gtsr
1104 2908 1206 2975 amari,
1237 2907 1306 2964 dum
1335 2907 1526 2964 curiosissime
1554 2920 1744 2977 personarum
1774 2906 1876 2978 gratie

126 3011 182 3064 uae,
208 2997 311 3068 lepidis
332 2997 513 3053 sermonibus
538 2996 688 3067 palpanda
711 3004 780 3054 sunt
803 3011 898 3065 aures,
923 2998 972 3054 sed
1027 2996 1212 3069 acquirendae
1230 3002 1382 3065 exaestuat,
1397 3002 1425 3051 et
1440 3001 1472 3051 ut
1484 2994 1547 3065 ejus
1563 2994 1602 3051 rei
1621 3003 1728 3051 natura
1749 3001 1804 3063 est,
1818 3008 1876 3066 quo

125 3086 246 3142 dorsum
274 3085 441 3142 verberibus
473 3085 652 3143 severissime
684 3085 898 3158 abradendsm3
932 3086 974 3142 sic
1026 3086 1161 3158 pluribus
1196 3084 1370 3148 insinuatur,
1406 3083 1598 3154 plurimorum
1620 3082 1875 3154 tconeupiscenda

125 3171 214 3227 menti
230 3185 297 3228 cum
318 3172 458 3242 perversis
472 3171 622 3229 aflectibus
635 3187 665 3230 se
681 3173 810 3242 inclinat,
827 3188 888 3242 scu,
905 3189 973 3231 eum
1028 3174 1128 3241 inbiat,
1144 3174 1223 3241 dum,
1238 3171 1377 3243 linquam,
1397 3173 1426 3228 in
1452 3170 1548 3243 aliquo
1576 3171 1665 3243 optati
1679 3186 1798 3242 compos
1811 3170 1876 3229 efti·

125 3257 264 3315 inclinata
279 3259 360 3316 facile
384 3275 451 3317 1111
466 3260 590 3317 11111111
609 3275 638 3317 se
652 3269 814 3318 erecturam
839 3262 974 3332 pollicens
1025 3262 1111 3333 citur,
1128 3261 1267 3318 illius'cui
1281 3261 1425 3318 inhaeserit
1440 3261 1630 3318 viscosissimo
1647 3268 1782 3332 raptatur
1796 3275 1873 3318 amo

126 3346 273 3404 emendari
288 3349 486 3418 procrastinat,
504 3363 561 3404 non
576 3348 668 3404 solum
684 3363 742 3405 non
757 3349 972 3407 assentiendum
1027 3365 1066 3416 rc,
1078 3351 1174 3418 etiam,
1186 3349 1264 3418 velit,
1285 3349 1368 3418 nolit,
1379 3350 1474 3407 victus
1496 3350 1645 3407 desideriis
1671 3357 1750 3406 amat
1765 3363 1873 3406 111111.

125 3442 177 3504 est,
193 3436 242 3492 sed
270 3437 357 3493 etlam
372 3435 475 3507 spretis
494 3437 624 3494 omnium
646 3436 728 3505 odiis,
749 3444 835 3494 tantae
859 3438 972 3495 frenum
1027 3438 1100 3496 Sane
1114 3439 1138 3495 si
1154 3453 1210 3495 non
1229 3439 1377 3495 inboneste
1392 3439 1569 3510 vagabunda
1591 3438 1767 3495 conscientia
1795 3438 1874 3510 vulgi

126 3522 201 3579 illico
211 3524 391 3581 cohibitionis
402 3525 467 3595 ejus
487 3523 598 3580 libidini
623 3523 848 3593 imprimendum
873 3533 906 3583 ut
930 3534 971 3582 to·
1026 3527 1224 3584 inordinatum
1243 3534 1477 3598 prosequeretur,
1495 3542 1552 3583 non
1567 3526 1628 3583 sine
1642 3527 1719 3597 turpi
1734 3527 1875 3596 superbia

127 3612 184 3669 tius
202 3612 328 3683 corporis
338 3612 510 3684 obsequium
526 3612 649 3683 impuris
669 3613 759 3685 ipsius
774 3614 974 3672 voiuntatibus
1027 3630 1140 3688 genere,
1157 3614 1301 3684 affectum,
1323 3630 1476 3687 nunquam
1487 3616 1523 3672 ad
1538 3616 1617 3672 burte
1635 3615 1742 3671 amoris
1757 3616 1877 3673 tenacis

125 3700 297 3758 omnimodis
311 3700 411 3757 debeat
426 3701 575 3773 denegari.
1002 3699 1004 3703 ’
1027 3703 1134 3759 simunt
1167 3704 1330 3772 compedem
1348 3711 1507 3774 prorueret,
1522 3716 1572 3773 per
1597 3716 1685 3774 quem
1712 3702 1877 3760 detrabitnr

161 3788 214 3846 Cui
223 3789 301 3845 enirn
317 3789 372 3845 nisi
390 3789 539 3860 desperato
554 3803 632 3862 aegro
651 3790 733 3847 cibus
747 3791 863 3861 noxius,
878 3804 973 3863 quan·
1027 3791 1063 3847 ad
1076 3790 1162 3847 totius
1182 3790 1292 3863 flagitii,
1317 3793 1403 3848 etiam
1418 3792 1495 3863 quod
1524 3799 1565 3849 cst
1590 3792 1718 3848 deterius
1740 3792 1874 3860 scienter,

50 3941 53 3949 .
126 3877 259 3934 tumlibst
273 3877 357 3934 avide
370 3891 437 3933 eum
450 3878 589 3942 comedat,
607 3886 634 3935 11
649 3880 704 3935 1111
730 3880 766 3936 ab
783 3879 974 3937 insanissimis
1026 3877 1169 3935 effectum.
1186 3879 1317 3936 lfestium
1331 3880 1428 3951 itaque
1444 3880 1601 3950 vultusque
1614 3879 1705 3935 nimia
1719 3877 1874 3945 affectatio,

126 3967 231 4023 detur?
256 3965 316 4021 Dici
341 3964 411 4022 solet
438 3967 543 4037 saepius
570 3968 606 4023 ab
634 3968 774 4039 egrotis:
804 3968 971 4038 Permittite,
1026 3980 1092 4023 cum
1108 3965 1414 4039 sicutfumusigncm,
1437 3975 1465 4025 et
1486 3975 1590 4025 ventus
1611 3967 1751 4038 pluviam,
1777 3968 1876 4025 libidi-

126 4054 219 4121 aiunt,
242 4053 325 4110 nobis
349 4053 427 4125 quod
451 4054 587 4112 volumus
616 4056 800 4124 manducare,
828 4056 973 4127 quidquid
1027 4054 1087 4109 nosi
1103 4055 1224 4124 pectoris
1247 4055 1330 4126 signa
1357 4056 1506 4126 portenda,
1535 4056 1625 4113 stab
1653 4056 1792 4113 exteriori
1820 4057 1877 4127 pel·

126 4141 289 4199 volnntaris
317 4143 461 4200 sumimus
487 4144 574 4200 saluti
601 4144 737 4216 proficiet.
762 4145 874 4201 [licitur
894 4153 922 4202 et
936 4147 973 4203 ab
1027 4140 1111 4198 lenda
1124 4150 1167 4198 est
1182 4157 1248 4211 usn,
1270 4151 1298 4199 et
1318 4142 1408 4199 multo
1424 4143 1517 4215 magis
1532 4144 1568 4200 ab
1587 4144 1686 4211 animi,
1711 4152 1813 4214 utpote
1834 4145 1874 4201 fo-

126 4231 303 4301 emantibus,
318 4231 509 4289 saluberrime
532 4247 550 4288 a
572 4233 655 4290 nobis
683 4233 798 4304 agitur,
818 4234 840 4289 si
870 4233 971 4290 saltem
991 4241 1088 4296 [111111
1102 4231 1253 4300 scelerum,
1268 4230 1450 4287 excludenda
1464 4231 1556 4288 aditu.

126 4317 246 4387 simplici
261 4317 504 4388 confabulatione,
521 4326 549 4375 et
562 4320 696 4376 exteriori
711 4320 862 4389 consortio,
880 4330 973 4378 mente
1061 4319 1123 4376 Non
1143 4319 1178 4375 de
1193 4333 1292 4375 eorum
1306 4319 1358 4391 qui
1381 4319 1451 4376 foris
1474 4327 1552 4388 sunt,
1577 4320 1663 4377 idest
1687 4321 1873 4379 saecularium

127 4405 156 4460 io
172 4413 317 4464 suostatu
336 4407 471 4475 durante,
497 4421 586 4479 quam
611 4422 700 4480 grave
724 4422 913 4466 onerosumve
937 4410 973 4467 sit
1026 4407 1155 4477 lascivia,
1184 4408 1245 4464 baec
1265 4415 1433 4476 tractamus,
1450 4422 1518 4465 nam
1546 4423 1599 4466 nec
1629 4409 1713 4465 nobis
1738 4410 1871 4480 pertinet,

126 4494 208 4564 vagis
222 4494 330 4551 servire
348 4494 497 4551 amoribus
511 4496 717 4566 experiamur:
744 4503 772 4552 et
792 4495 862 4553 dum
884 4512 972 4568 quam
1025 4497 1073 4554 sed
1087 4496 1128 4552 eis
1142 4497 1252 4554 consilii
1266 4498 1416 4568 quidpiam
1443 4497 1632 4568 propinamus
1652 4511 1780 4569 quorum
1808 4499 1872 4554 vita

127 4581 216 4637 noxia
242 4596 288 4639 res
313 4583 417 4639 existat
449 4584 694 4653 perpenderimus,
710 4598 743 4640 eo
766 4585 973 4642 exseembilius
1025 4585 1202 4656 propositum
1220 4586 1257 4641 ab
1272 4586 1433 4642 extrinseca
1459 4585 1650 4643 sollicitudine
1674 4585 1779 4642 mundi
1800 4585 1870 4643 silet.

127 4684 185 4741 quo
199 4672 347 4741 expertius
364 4677 440 4727 aab
460 4678 684 4729 contemnemus.
713 4671 793 4739 Quod
814 4687 881 4729 cum
911 4674 973 4744 ple-
1026 4675 1086 4730 lloe
1102 4674 1185 4745 plane
1208 4673 1309 4730 vitium
1332 4675 1445 4745 proprie
1458 4688 1548 4746 vagos
1571 4681 1599 4731 et
1629 4674 1787 4741 instabiles,
1816 4687 1871 4729 non

126 4772 252 4829 rumque
275 4759 376 4830 aliqui,
398 4759 457 4829 jam
481 4758 559 4830 quod
577 4767 711 4816 amarant
729 4760 916 4829 fastidientes,
936 4761 973 4818 fa·
1026 4769 1084 4818 tam
1114 4762 1199 4818 eorde
1224 4774 1312 4833 quam
1339 4768 1367 4818 et
1388 4775 1509 4832 corpore
1537 4762 1582 4818 sni
1618 4762 1743 4818 cultores
1774 4761 1869 4830 efficit,

126 4860 190 4902 cere
202 4845 293 4902 moliti
305 4846 372 4913 sint,
386 4847 456 4903 dum
468 4846 553 4916 quasi
572 4861 608 4903 ex
620 4862 762 4904 consensu
776 4849 831 4906 sub
845 4849 971 4920 quadam
1022 4850 1109 4920 juxta
1125 4850 1303 4907 Salomonem
1328 4851 1363 4907 de
1384 4850 1503 4906 muliere
1525 4849 1646 4921 garrula
1673 4852 1714 4906 ait
1734 4858 1764 4907 et
1787 4864 1870 4922 vaga,

127 4947 196 5005 pace
210 4949 240 4991 se
254 4935 377 5004 cupiunt
390 4935 529 5004 separari,
541 4937 686 4994 consuetis
697 4937 847 5005 illecebris,
864 4937 972 5008 quibus
1025 4939 1132 5008 quietis
1157 4939 1309 5008 impatiens
1335 4939 1430 5007 (Prata
1446 4955 1495 5007 111,
1515 4938 1570 5010 ll),
1584 4946 1637 4995 etc.
1663 4939 1805 5012 Alioquin
1829 4951 1871 4995 111

122 5023 183 5094 jam
203 5021 331 5078 caruisse
353 5030 502 5080 austerum
518 5031 570 5092 est,
596 5025 745 5082 autetiam
762 5038 890 5097 personae
905 5024 973 5081 mol·
1025 5026 1080 5083 sibi
1094 5026 1247 5083 contrariae
1267 5034 1371 5096 essent,
1399 5027 1555 5098 pulcbrum
1570 5040 1600 5084 se
1621 5026 1724 5095 facere,
1755 5034 1784 5084 et
1814 5026 1870 5098 pul·

126 5110 215 5168 litivis
230 5112 412 5168 sermonibus
431 5111 473 5168 sic
499 5120 650 5171 arctantur
664 5121 697 5170 ut
721 5114 750 5169 in
771 5112 866 5170 omnis
881 5112 971 5184 perdi·
1024 5115 1214 5184 ebredunen,
1237 5123 1265 5172 et
1279 5116 1315 5172 ab
1335 5115 1379 5172 bis
1404 5117 1513 5187 quibus
1530 5116 1651 5186 placeat,
1668 5115 1745 5173 nolle
1769 5114 1868 5173 videri.

126 5200 220 5267 tionis,
256 5200 399 5257 obdurata
431 5208 535 5270 mente,
565 5202 757 5259 devolvantur
784 5202 911 5272 abyssos,
944 5209 971 5258 et
1025 5204 1099 5260 ilinc
1111 5202 1263 5274 prosiliunt
1284 5203 1430 5261 foedissimi
1454 5204 1493 5260 illi
1506 5203 1659 5261 exterioris
1678 5204 1806 5261 bominis
1827 5203 1870 5259 ba-

125 5289 236 5359 absque
258 5289 427 5358 reverentia,
459 5296 487 5346 et
509 5292 690 5348 cunctatione
716 5289 899 5360 impudenter
929 5305 972 5348 ar·
1024 5291 1111 5359 bitus,
1142 5291 1256 5363 ineptus
1293 5292 1513 5362 superciliorum
1542 5292 1631 5363 rigor,
1658 5300 1772 5350 rotatus
1801 5292 1870 5349 inde

125 5377 221 5443 111111,
238 5375 418 5447 quodveluti
435 5377 565 5450 religiose
592 5379 757 5450 sensimque
776 5379 913 5437 adamare
939 5394 972 5437 ac
1024 5394 1101 5448 cens,
1124 5388 1152 5437 et
1169 5394 1275 5450 procax
1300 5382 1459 5443 oculorum.
1482 5381 1640 5451 improbus,
1661 5381 1718 5437 irno
1743 5380 1868 5438 meretri·

123 5465 147 5520 si
174 5465 342 5521 innocenter
357 5475 513 5536 cuperant,
541 5468 591 5524 sed
605 5467 777 5539 quicunque
796 5482 973 5541 quocunque
1025 5468 1089 5527 eine
1103 5468 1301 5526 membrorum
1316 5477 1425 5542 gestus,
1442 5471 1519 5528 risus
1539 5470 1698 5535 indecores,
1713 5476 1743 5526 et
1761 5471 1799 5528 ad
1817 5482 1869 5527 onr-
