3818 6008
76 228 131 280 885
627 230 672 286 bu
694 230 771 287 titre
791 231 858 287 stit
881 228 974 284 bibiti
994 229 1091 285 TRES.
1110 260 1145 270 -
1165 232 1228 286 tte.
1247 231 1269 286 Ι.
1780 235 1831 289 886

73 361 167 417 nitate
193 362 362 418 desciverat.
385 363 602 421 communicato
627 365 724 436 itaque
750 366 841 422 abbas
860 378 928 421 cum
946 363 1056 433 Aquld
1078 364 1204 436 fregerit.
1227 364 1263 421 Ut
1285 363 1379 421 simile
1397 364 1505 421 lactum
1528 365 1559 422 in
1581 366 1703 423 Francia
1731 373 1829 423 nostra

75 449 148 506 viris
176 450 371 519 prudentibus
401 451 531 519 consilio,
560 453 693 523 praecepit
725 452 869 525 agrariam
900 453 926 510 ei
979 452 1312 510 nemoaetatcdidicerit.
1329 452 1405 522 Vidi,
1423 454 1627 519 Deumtestor,
1645 461 1708 525 post
1727 455 1828 511 beraut

76 538 138 594 lieri
154 539 343 609 sepulturam,
359 548 387 597 et
406 540 443 597 ab
456 541 585 598 oratione
599 550 626 598 et
642 542 757 612 psalmis
771 550 925 610 exsortem,
980 555 1040 610 qua
1069 541 1130 598 baee
1155 542 1328 609 acciderant,
1351 542 1442 598 beatae
1469 542 1519 598 bei
1544 542 1696 600 Genitricls
1723 543 1829 614 imagi·

75 633 106 682 et
126 627 230 696 pectori
253 627 316 698 ejus
338 630 493 699 superponi
515 630 676 699 pecuniam.
696 631 811 688 Privata
832 637 926 688 tamen
980 643 1142 700 nemque
1165 630 1240 686 inira
1263 630 1438 686 crucilixum
1460 630 1554 687 stabat
1571 631 1654 688 vultu
1671 632 1742 688 adeo
1766 639 1828 689 tur·

75 728 130 784 pro
152 728 185 772 eo
206 715 330 773 tratrem
354 731 412 773 uon
433 717 534 775 deiecit
548 719 649 784 oratio,
671 719 727 776 imo
753 721 843 776 multo
864 733 925 775 am·
980 715 1097 775 bulento
1124 726 1152 775 ct
1176 732 1193 774 a
1220 719 1302 775 solita
1329 719 1480 775 serenitate
1504 726 1625 786 mutato,
1656 727 1688 776 ut
1714 719 1828 790 penitus

73 803 154 874 plius
177 803 360 873 institerunt,
390 821 448 877 quo
473 807 568 878 magis
590 816 730 864 noverant
753 823 820 865 eum
842 823 926 881 egere
979 804 1099 861 alterata
1121 806 1277 864 videretur.
1299 806 1354 874 Qui
1378 821 1445 862 cum
1464 822 1526 863 meo
1549 807 1667 864 intuitui
1682 806 1749 865 'non
1764 823 1829 866 cre-

75 891 217 948 subsidio.
245 894 290 948 Ex
317 893 404 965 bujns
426 895 516 965 igitur
537 903 627 953 morte
648 898 806 967 repentina,
832 897 925 955 caeteri
979 892 1086 962 derem,
1117 895 1179 952 haec
1208 897 1270 967 ipsa
1293 897 1379 952 etiam
1407 897 1444 953 ab
1477 896 1540 953 aliis
1570 905 1668 954 notata
1695 899 1826 969 cognovi.

77 980 156 1037 circa
195 982 342 1051 peculium
383 983 579 1055 castigatiores
616 985 729 1042 redditi.
765 987 926 1044 Audiamus
979 982 1133 1052 Postquam
1150 992 1246 1040 autem
1265 992 1423 1054 Ηῑῑψῡΐθ,
1442 984 1494 1056 qui
1514 999 1550 1041 0¹1
1565 992 1671 1041 eleum
1687 986 1735 1042 1¹¹0
1749 986 1828 1042 alli·

76 1069 175 1126 adbuc
186 1070 311 1141 qualiter
325 1071 382 1127 sint
396 1071 468 1128 allas
482 1080 510 1128 et
522 1087 573 1142 pro
589 1073 653 1130 aliis
666 1074 813 1146 flagellati.
978 1070 1068 1135 derat,
1086 1073 1246 1142 experrecti
1264 1087 1375 1141 sumus,
1401 1083 1429 1129 et
1452 1073 1626 1130 confessione
1643 1073 1728 1141 lacta,
1755 1075 1827 1145 quid

381 1158 497 1217 CAPUT
516 1161 622 1217 xxiii.
979 1173 1031 1229 pro
1053 1161 1176 1229 peccatis
1191 1161 1295 1217 nostris
1310 1162 1385 1231 passi
1404 1175 1531 1230 eramus,
1554 1176 1644 1233 supra
1660 1177 1749 1234 quam
1772 1162 1827 1219 dici

116 1246 244 1301 Tonitruo
263 1251 289 1301 et
308 1248 425 1314 fulmine
445 1249 534 1304 clodo
558 1252 681 1305 maxime
705 1255 735 1305 in
757 1253 927 1308 Ficoiccenst'
978 1247 1015 1303 ab
1036 1247 1151 1305 bomine
1167 1256 1267 1319 potest,
1289 1250 1385 1306 tristes
1407 1264 1527 1320 pensare
1550 1251 1699 1321 coepimus,
1719 1258 1748 1307 et
1769 1258 1827 1308 sta·

76 1333 198 1388 ecclesio.
215 1364 244 1377 -
266 1335 323 1394 Vix
340 1350 440 1407 paucas
456 1337 648 1395 hebdomades
662 1353 785 1396 emensae
800 1341 924 1410 luerent,
980 1337 1034 1392 tuti
1062 1350 1080 1392 a
1099 1337 1155 1394 Deo
1182 1344 1283 1394 contra
1307 1337 1392 1393 iacies
1416 1344 1529 1394 nostras
1551 1352 1587 1394 ex
1608 1346 1739 1409 respectu
1761 1344 1828 1395 con*

76 1427 239 1476 comesset
268 1420 369 1490 vigilia
391 1429 553 1492 martyrum
575 1424 704 1479 Gervasii
723 1432 750 1481 et
774 1425 924 1495 Protbasii,
978 1423 1164 1482 scientiarum
1189 1433 1353 1482 nostrarum
1377 1425 1531 1482 didicimus
1552 1440 1641 1495 quam
1659 1428 1736 1498 juste
1761 1441 1828 1497 per-

75 1520 167 1576 parvo
180 1517 343 1581 emergente
362 1511 498 1579 tonitruo,
519 1526 571 1568 nec
586 1513 781 1570 crebrescente
795 1529 923 1583 corusco,
978 1514 1140 1581 tulerimus,
1177 1514 1251 1571 illico
1281 1515 1335 1585 piae
1375 1515 1470 1570 llatris
1498 1514 1599 1571 taciem
1629 1516 1659 1570 in
1692 1530 1826 1571 serenum

42 1598 48 1611 '
78 1596 263 1665 tempestuosi
280 1596 354 1653 aeris
372 1599 492 1655 nubilus
506 1600 659 1657 eminebat.
682 1602 766 1658 blane
780 1616 848 1673 ergo
869 1617 925 1659 no-
979 1615 1094 1659 versam
1117 1602 1255 1659 vidimus.
1270 1601 1391 1659 Omnem
1410 1616 1479 1658 sane
1499 1601 1584 1658 tidem
1606 1596 1829 1673 snperat‘dotor

77 1683 123 1739 bis
140 1685 328 1755 surgentibus
345 1700 435 1757 parvo
450 1688 607 1745 admodum
626 1689 718 1759 spatio
733 1690 833 1760 primae
847 1692 925 1747 borae
944 1662 1007 1746 Bet
1023 1691 1126 1760 pudor,
1143 1691 1194 1762 qui
1209 1691 1239 1747 iu
1252 1691 1334 1747 nobis
1348 1690 1520 1762 aliquandiu
1540 1691 1604 1747 luit.

78 1770 197 1841 signum
216 1773 394 1832 insonuerat.
422 1777 463 1832 ud
478 1776 626 1833 ecclesiam
647 1778 761 1834 insolita
785 1778 927 1835 eeleritate
1014 1779 1119 1834 lterum
1139 1779 1173 1833 de
1194 1779 1319 1846 fulmine.
1339 1807 1376 1820 -
1392 1780 1456 1835 Post
1472 1792 1579 1848 paucos
1593 1779 1749 1836 admodum
1773 1793 1829 1836 an-

77 1861 275 1931 convenimus,
302 1871 364 1935 post
387 1865 585 1921 brevissimam
607 1866 784 1922 orationem:
809 1867 925 1936 «Deus,
979 1879 1032 1922 nos
1055 1882 1122 1923 cum
1153 1867 1242 1937 bujus
1260 1868 1320 1937 jam
1343 1867 1481 1923 memoria
1505 1866 1573 1922 laeti
1600 1868 1732 1924 omnium
1758 1881 1829 1938 pene

80 1946 111 2002 in
125 1948 303 2018 adjutorium
319 1965 415 2008 nreum
430 1953 545 2010 intende
561 1975 572 2002 ι
589 1953 773 2025 dixeramus;
794 1955 843 2012 sed
859 1970 926 2012 cum
979 1955 1193 2012 oblitteraretur
1207 1957 1243 2012 ab
1257 1955 1365 2022 anime,
1381 1955 1473 2012 simile
1489 1956 1565 2012 Deus
1576 1955 1828 2012 commonitorium

81 2035 220 2094 vellemus
235 2040 354 2110 aggredi
373 2042 532 2112 sequeutia,
553 2043 613 2099 ictu
627 2050 728 2100 ruente
751 2043 926 2115 grandisono
979 2043 1121 2113 repetivit,
1137 2049 1256 2113 excepto
1278 2043 1356 2114 quod
1378 2043 1522 2100 nerninem
1539 2043 1623 2100 laesit.
1651 2042 1725 2099 Nam
1741 2043 1829 2114 Juxta

79 2122 208 2182 lulmiuls
231 2128 285 2184 bec
299 2129 382 2185 modo
396 2138 566 2200 penetratur
581 2132 710 2188 ecclesia.
725 2132 850 2198 Gallum,
874 2132 926 2204 qui
979 2130 1151 2187 eminentem
1173 2144 1293 2187 camera
1317 2131 1470 2203 cujusdam
1485 2131 1631 2188 caminum
1649 2144 1723 2202 pavo
1746 2138 1828 2188 noete

80 2226 167 2284 super
187 2216 261 2272 turri
283 2224 355 2284 erat,
379 2232 504 2283 crucem,
525 2220 678 2290 columque
703 2228 754 2277 aut
776 2220 925 2294 dispergit,
979 2218 1148 2275 substiterat
1161 2218 1325 2289 quieturus,
1342 2219 1371 2274 in
1385 2226 1499 2275 tantum
1515 2226 1547 2275 ut
1560 2233 1589 2275 se
1604 2226 1695 2276 totum
1715 2219 1741 2275 ei
1756 2220 1826 2275 dum

78 2308 130 2357 aut
150 2311 267 2368 cremat,
284 2307 392 2363 trabem
414 2308 461 2364 cui
477 2309 537 2364 baec
556 2308 718 2365 insidebant
739 2309 878 2378 debilitat,
899 2317 927 2367 et
979 2319 1080 2362 somno
1111 2306 1319 2377 deprimeretur
1342 2306 1533 2378 imprimeret.
1558 2307 1708 2364 Festivitas
1734 2306 1827 2363 sancti

79 2390 226 2448 scindulas
263 2394 353 2451 clavis
387 2396 491 2452 altinas
530 2397 715 2454 semiurendo
752 2398 924 2466 convellens,
977 2394 1076 2451 iacobi
1103 2394 1234 2464 apostoli,
1273 2402 1302 2451 et
1333 2395 1440 2464 pariter
1470 2395 1617 2452 Dominlca
1648 2394 1827 2466 habebatur3

79 2494 130 2549 per
153 2482 359 2539 occidentalem
389 2485 478 2541 turris
507 2485 629 2542 vitream
660 2486 757 2543 intrat.
788 2486 925 2543 crucifixi
978 2497 1046 2540 cum
1070 2490 1153 2539 nocte
1174 2484 1272 2554 gravis
1287 2483 1410 2540 tonitrus
1432 2483 1530 2555 iragor
1543 2484 1695 2551 insisteret,
1716 2482 1826 2540 tulmen

78 2569 192 2625 Domini
229 2571 385 2643 imaginem
422 2574 522 2631 subter
559 2582 689 2636 stantem.
724 2574 796 2631 illiso
834 2590 926 2646 usque
978 2572 1091 2629 camino
1108 2571 1203 2640 irruit,
1220 2571 1364 2643 quidquid
1379 2571 1442 2643 ejus
1459 2586 1580 2630 camerae
1594 2572 1739 2630 eminebat
1757 2572 1825 2629 sub·

77 2659 113 2715 ad
143 2659 258 2716 ruinam
287 2662 390 2731 capite,
418 2662 535 2733 fixoque
560 2664 648 2720 latere
671 2663 781 2732 dextro,
806 2663 924 2736 trangit,
978 2661 1047 2722 ruit,
1068 2658 1145 2731 'pavo
1168 2660 1195 2716 ei
1215 2659 1385 2716 incumbens
1409 2660 1561 2717 immobilis
1576 2661 1661 2730 stetit,
1685 2660 1828 2730 puerulus

78 2761 137 2804 non
178 2747 297 2817 ustulat,
340 2751 473 2807 dextrum
506 2766 574 2808 vero
611 2752 762 2813 brachium
794 2760 822 2809 et
858 2767 925 2809 cru·
979 2749 1139 2805 monachus
1165 2748 1265 2805 subter
1291 2748 1437 2805 dormiens
1462 2764 1497 2805 ne
1524 2763 1542 2804 a
1574 2762 1674 2805 somno
1708 2747 1826 2819 quidem

78 2833 119 2889 cis
152 2843 179 2891 et
209 2835 344 2908 imaginis
374 2838 416 2895 sic
449 2839 508 2895 urit
537 2846 565 2895 et
598 2848 722 2908 truncat,
757 2847 790 2896 ut
823 2848 926 2910 praeter
978 2844 1026 2893 est
1048 2836 1176 2908 excitus;
1202 2837 1441 2894 lamulusautem
1461 2838 1580 2908 quidam
1603 2845 1720 2907 stupore
1745 2836 1827 2906 capi-

79 2935 185 2980 manus
212 2925 342 2995 pollicem
371 2926 405 2983 de
438 2934 494 2984 toto
521 2928 637 2985 brechio
666 2928 817 2998 quidpiam
842 2944 925 2986 nemo
944 2925 1015 3016 etis
1028 2939 1062 2982 ac
1083 2925 1280 2982 membrorum
1295 2924 1368 2982 dure
1386 2932 1428 2981 est
1442 2925 1591 2982 attonitus.
1606 2926 1696 2982 iuxta
1710 2923 1827 2980 beatum

77 3012 211 3080 reperiat.
568 3049 572 3060 ι
978 3015 1188 3085 Augustinum,
1212 3015 1291 3086 (non)
1308 3012 1430 3082 {trustra
1457 3021 1567 3070 montes
1596 3014 1672 3070 Deus
1699 3023 1750 3073 aut
1785 3012 1828 3071 in·

114 3101 307 3157 perorationem
328 3102 381 3158 duo
395 3106 529 3159 monachi.
552 3104 685 3173 -Quasi
702 3119 770 3176 ergo
791 3119 925 3176 percusso
978 3103 1125 3160 sensibilia
1139 3103 1270 3173 percutit,
1281 3102 1330 3159 sed
1345 3103 1495 3159 utanobis
1507 3109 1644 3173 pensetur
1656 3104 1744 3175 quod,
1756 3104 1826 3161 dum

78 3195 192 3258 pestere
200 3190 409 3264 disperguntur
423 3192 514 3263 plagis
529 3207 563 3250 ac
577 3195 718 3251 mortibus
731 3208 799 3250 oves
814 3193 923 3265 (Metti.
978 3205 1022 3258 ea,
1043 3205 1108 3261 quae
1130 3205 1187 3248 nou
1211 3198 1338 3262 peccant,
1364 3191 1406 3247 sic
1423 3191 1542 3262 impetit,
1563 3204 1702 3263 magnum
1724 3190 1826 3263 judicii

76 3293 151 3341 xxvi,
182 3280 237 3343 31).
264 3281 452 3337 Dextrorsum
475 3283 551 3337 enim
578 3296 630 3352 per
651 3296 762 3350 arcum,
784 3282 833 3339 oui
856 3297 924 3352 per·
978 3280 1132 3337 discrimen
1181 3280 1367 3351 peccantibus
1413 3279 1543 3348 intendit,
1590 3278 1732 3337 nutricem
1776 3292 1828 3349 pro

77 3379 164 3422 cussa
191 3367 285 3439 imago
309 3368 435 3437 suberat,
463 3368 581 3425 damma
607 3369 705 3427 labens
732 3370 761 3426 in
787 3378 925 3428 cemento
977 3368 1108 3439 exemplo
1148 3368 1273 3424 inlerens
1306 3373 1382 3423 ⁴84
1415 3383 1481 3438 quae
1521 3368 1595 3424 iuste
1627 3375 1740 3424 terram.
1767 3380 1828 3424 ver-

76 3468 165 3512 arcus
186 3455 381 3513 descendendo
400 3456 542 3514 bifurcam
557 3459 715 3530 nigredinis
729 3459 822 3530 rigam
843 3460 923 3531 lecit3
978 3457 1068 3524 berat,
1080 3463 1112 3513 ut
1126 3456 1302 3514 intantulum
1318 3456 1355 3511 ab
1370 3455 1587 3525 importunitate
1601 3462 1773 3526 compescat.

75 3549 105 3599 ct
129 3543 160 3600 in
183 3543 304 3600 chorum
327 3545 506 3614 perveniens,
526 3546 600 3602 dnos
619 3545 689 3601 binc
704 3552 733 3601 et
750 3545 816 3602 iude
839 3560 925 3604 arcus
1014 3546 1056 3600 Dc
1080 3547 1279 3600 conversatione
1306 3543 1499 3599 monoclerum
1533 3545 1649 3609 fulmine
1682 3547 1824 3598 tectorum.

76 3639 187 3687 stantes
212 3633 367 3689 monachos
392 3633 526 3703 percutit,
550 3640 578 3689 et
602 3634 631 3688 in
657 3640 799 3690 momento
819 3635 925 3690 exani·
977 3632 1166 3689 -Praeteriit
1188 3646 1241 3699 me,
1258 3631 1328 3688 dum
1346 3631 1381 3687 de
1397 3631 1486 3701 priori
1503 3631 1662 3687 intortunio
1682 3630 1825 3701 loquerer.

75 3734 139 3777 mes
161 3719 261 3777 reddit.
289 3721 492 3779 sinistrorsum
514 3730 611 3779 autern
634 3722 806 3778 altrinsecus
836 3737 924 3779 ruens
978 3721 1013 3777 de
1037 3720 1126 3777 trium
1149 3719 1328 3791 illorumqni
1353 3719 1490 3790 perempti
1510 3719 1720 3775 suntmoribus
1735 3717 1824 3788 loqui.
1854 3738 1856 3742 ¹

75 3808 183 3864 abrasa
206 3823 258 3878 per
280 3810 388 3880 gradus
409 3825 468 3867 non
487 3811 592 3881 passim
616 3811 748 3867 caementi
770 3810 867 3879 litura,
891 3825 926 3867 ac
978 3810 1041 3866 Duo
1074 3808 1217 3880 siquidem
1251 3808 1352 3866 novitii
1383 3810 1434 3863 vix
1461 3814 1524 3863 octo
1555 3808 1583 3863 in
1611 3806 1827 3864 conversatione

76 3894 102 3952 si
125 3909 230 3953 saxum
254 3897 322 3955 inibi
352 3899 526 3967 volveretur,
555 3900 729 3956 monachum
753 3899 838 3955 etiam
867 3899 925 3956 illic
979 3910 1090 3953 menses
1114 3897 1315 3967 impleverant,
1337 3909 1462 3967 quorum
1484 3894 1557 3952 alter
1571 3895 1626 3952 sub
1649 3895 1743 3952 colere
1760 3908 1826 3966 gra-

75 3991 200 4041 stantem
224 3987 343 4055 tutudit,
368 3987 434 4045 licet
457 4003 551 4059 neque
571 3989 600 4044 in
624 3988 749 4058 duobus,
775 4002 869 4059 neque
895 3989 925 4044 iu
978 3985 1075 4042 vitatis
1100 3985 1197 4041 minus
1217 3985 1296 4056 apud
1317 3999 1347 4041 se
1369 3984 1489 4040 idoneus
1509 3991 1581 4054 erat,
1602 3984 1675 4040 alter
1691 3983 1747 4041 sub
1770 3983 1827 4040 levi

78 4073 134 4129 boc
149 4088 206 4130 nuo
218 4075 368 4145 quidpiam
384 4075 508 4133 laesionis
522 4084 619 4147 aperte
628 4076 761 4146 patuerit,
776 4076 832 4133 nisi
847 4078 924 4148 quod
979 4073 1147 4131 habitudine
1175 4074 1215 4129 nil
1242 4073 1329 4129 nimis
1353 4072 1459 4129 odibile
1485 4073 1563 4128 intus
1586 4072 1664 4143 qued
1688 4071 1827 4129 sciremus

78 4163 109 4218 iu
137 4163 244 4219 eversis
277 4164 365 4237 bujus
388 4165 480 4222 oculis
510 4166 547 4222 ab
578 4178 648 4222 arcu
672 4165 806 4222 decidens
832 4166 926 4236 pulvis
979 4161 1111 4219 babebat.
1127 4161 1171 4228 lli,
1186 4162 1278 4231 pridie
1292 4175 1381 4232 quarn
1395 4167 1572 4232 paterentur,
1589 4160 1714 4218 multum
1727 4160 1783 4218 sub
1793 4173 1828 4216 ea

77 4250 224 4320 apparuit.
242 4252 315 4308 illud
331 4254 437 4309 mirum
452 4253 569 4323 quidem
583 4253 646 4321 luit,
663 4253 741 4325 qued
756 4253 923 4323 quimortui
943 4257 1066 4321 nquam
1095 4249 1157 4306 dixi
1186 4249 1350 4307 diversitate
1377 4263 1407 4306 sc
1434 4257 1591 4321 gesserant,
1621 4263 1706 4306 mane
1729 4249 1825 4318 etiam,

76 4347 148 4396 sunt
180 4340 333 4398 substitere
370 4343 513 4414 sedentes3
542 4357 595 4399 nos
621 4357 690 4400 vere
717 4345 769 4415 qui
795 4342 925 4400 lulminis
978 4352 1036 4410 quo
1058 4339 1120 4395 baec
1142 4340 1335 4411 contigerunt,
1352 4352 1419 4395 cum
1435 4337 1555 4396 tonitrui
1572 4353 1656 4396 voces
1676 4338 1725 4396 ille
1746 4346 1825 4395 exte-

76 4429 260 4486 vebementia
291 4421 486 4501 stupescentes
517 4446 589 4502 pene
620 4431 767 4488 examines
797 4446 923 4499 eramus,
979 4427 1040 4484 rius
1067 4428 1138 4484 levis
1173 4429 1309 4499 audisset,
1335 4428 1424 4485 verba
1448 4428 1554 4485 exinde
1584 4428 1678 4485 dicere
1704 4427 1827 4484 ridicula

77 4518 204 4588 preniiu
219 4518 373 4576 alterutros
391 4534 552 4577 rueramus.
569 4519 667 4591 Aliqui
681 4528 777 4577 summ
793 4527 924 4577 nostrum
978 4516 1072 4586 coepit,
1110 4518 1264 4588 statimque
1297 4518 1409 4574 intrans
1445 4517 1592 4574 ecclesiam
1623 4516 1711 4574 ictum
1745 4515 1827 4573 illurn

76 4607 129 4678 qui
146 4606 311 4676 cecidimus,
334 4623 352 4664 a
375 4609 492 4681 cingulo
516 4609 636 4666 inlerius
657 4622 774 4666 sensum
798 4610 926 4680 corporis
979 4619 1066 4675 quem
1092 4605 1154 4662 risit
1175 4605 1296 4675 excepit.
1319 4607 1356 4662 At
1378 4604 1480 4662 tertius
1511 4604 1650 4661 vocabulo
1675 4604 1825 4668 liebertus,

75 4709 192 4752 omnem
218 4696 409 4767 perdidimus:
430 4697 522 4768 aliqui
540 4698 610 4754 adeo
628 4695 688 4754 laesi
707 4704 776 4754 sunt
791 4704 823 4754 ut
846 4705 925 4753 metu
978 4694 1070 4763 quiet
1086 4693 1114 4749 in
1129 4693 1235 4750 saeculo
1256 4694 1396 4751 columba
1420 4692 1688 4765 cognominabatur,
1713 4692 1749 4748 ob
1764 4691 1827 4748 sin-

77 4782 180 4839 mertis
204 4796 285 4839 sacm
311 4783 458 4840 coelestim
489 4783 550 4840 eleo
576 4797 624 4840 eos
649 4783 866 4854 inungeremus.
891 4784 925 4839 ln
979 4795 1073 4838 ceram
1099 4795 1187 4852 quam
1214 4782 1337 4840 babebat
1367 4781 1589 4852 simplicitatem,
1617 4779 1734 4852 iuvenis
1757 4787 1827 4838 tunc

76 4871 273 4942 quorumdam
294 4871 375 4928 sinus
398 4872 515 4928 damma
533 4871 699 4928 subintroiit
717 4878 745 4927 et
767 4870 841 4941 pilos
863 4871 926 4928 uui·
979 4869 1081 4940 primis
1120 4870 1201 4942 genis
1241 4871 1476 4942 pubescentibus,
1517 4870 1548 4924 iu
1579 4870 1657 4925 omni
1694 4868 1828 4942 cognitus

75 4971 177 5016 versos
196 4958 333 5027 adurens,
348 4966 376 5016 et
390 4959 572 5028 ascellarum,
587 4973 653 5030 quae
664 4958 816 5017 subhircos
831 4959 926 5016 nomi·
980 4958 1137 5025 honestate,
1158 4959 1187 5014 in
1208 4959 1396 5016 ecclesiastico
1418 4972 1452 5014 ac
1476 4958 1602 5014 iraterno
1617 4957 1711 5015 cilicio
1734 4964 1828 5014 tauto·

75 5053 159 5114 naut,
189 5055 387 5104 succrementa
415 5047 609 5120 conflagrans,
634 5046 751 5118 pedules
775 5061 810 5103 ac
834 5047 927 5104 soleas
980 5060 1047 5117 pere
1065 5054 1128 5104 erat
1147 5046 1299 5117 expeditus
1318 5054 1346 5104 et
1364 5048 1454 5104 solers
1469 5050 1502 5102 ut
1521 5046 1649 5104 vicarius
1665 5060 1735 5117 pene
1755 5060 1827 5118 quo·

80 5135 259 5206 pertusando
279 5150 330 5206 per
343 5143 473 5193 extrema
486 5135 678 5208 progreditur.
981 5134 1049 5192 tidie
1073 5137 1203 5193 omnium
1228 5136 1393 5193 baberetur.
1423 5135 1565 5207 Attigerat
1588 5143 1685 5193 autem
1708 5141 1736 5192 et
1757 5135 1829 5191 bene

115 5227 243 5295 beipora
268 5228 398 5298 imaginis
426 5228 510 5288 tocies
538 5227 628 5280 tristis
650 5229 774 5295 apparet.
805 5222 927 5280 -Dici
981 5224 1210 5296 grammaticam.
1228 5225 1255 5281 ls
1269 5226 1410 5281 matutine
1425 5224 1474 5281 illa
1489 5225 1648 5294 horaque
1663 5222 1701 5281 ibi
1716 5224 1830 5282 iovebat

77 5326 138 5370 non
155 5319 246 5383 potest
266 5328 356 5384 quam
367 5313 544 5384 judicialiter
558 5313 588 5369 in
604 5319 747 5369 momento
764 5312 812 5369 ille
824 5311 922 5369 creles·
981 5312 1113 5380 exitium,
1130 5326 1197 5368 cum
1223 5327 1268 5370 me
1289 5320 1464 5384 surgentem,
1490 5325 1525 5369 ue
1545 5312 1648 5369 solitus
1661 5319 1732 5381 erat,
1753 5328 1829 5384 prae·

78 5401 117 5458 tis
149 5400 304 5473 disciplina
334 5402 468 5471 saevierit,
502 5414 552 5470 per
586 5413 660 5470 quos
692 5399 840 5457 anfractus
869 5400 929 5457 buc
983 5400 1106 5457 venisset
1131 5401 1160 5456 in
1184 5398 1311 5458 claustro
1328 5401 1436 5468 sedere,
1461 5399 1636 5471 significavit
1657 5400 1729 5457 mibi
1751 5403 1830 5472 quod

80 5489 210 5561 illucque
251 5489 429 5558 discurrerit,
471 5489 543 5561 quid
576 5488 690 5558 leserit,
726 5489 797 5560 quid
812 5487 928 5559 usserit,
982 5487 1150 5559 ingentibus
1185 5495 1213 5544 et
1241 5487 1354 5559 reliquo
1390 5501 1509 5560 corpore
1541 5488 1657 5563 magnis
1684 5488 1832 5548 doloribus
