3818 6008
80 223 128 274 ¹59
501 219 536 272 V.
567 217 732 272 culusum
760 216 906 273 abeatis
929 216 956 270 S.
987 216 1105 272 naute
1134 217 1179 271 DE
1208 214 1403 272 NOVIGENTO

76 355 182 412 dicitur
192 354 314 426 ingredi,
330 354 476 424 quiacnm
489 353 666 423 propositum
682 352 775 409 lenuis
799 351 924 423 alicujus
942 352 1139 423 ilpetulantia
1161 353 1237 410 Deus
1260 358 1352 418 sanat,
1378 366 1444 408 cum
1471 352 1616 422 appetitus
1638 359 1665 409 et
1690 353 1747 408 lasc

75 445 142 501 vitae
152 459 233 501 mens
248 443 386 514 languida
400 442 516 511 ceperit
528 441 657 513 aggredi,
671 441 732 497 sine
749 441 806 497 ullo
820 441 922 498 melio·
976 443 1115 498 animales
1129 442 1165 498 ad
1188 441 1283 512 potius
1306 441 1335 496 in
1352 455 1381 496 so
1396 440 1597 497 delectandum
1625 455 1747 497 convoca

75 533 160 589 randi
188 531 335 597 desiderio,
359 543 392 586 ac
415 530 437 585 si
464 529 591 586 localiter
614 530 691 586 intra
709 530 834 600 idipsum
858 530 922 586 vult
976 532 1103 601 pariunt,
1116 531 1321 587 dumamorem
1334 530 1404 586 bene
1414 529 1517 600 agendi
1535 529 1747 600 concipiunt3q

75 621 224 685 contineri,
249 627 277 675 et
300 619 367 675 inde
387 618 511 687 turpiter
525 618 630 674 nolenti
649 617 784 687 prolicere
807 617 922 674 contin-
977 618 1027 674 diu
1043 633 1170 689 namque
1186 618 1320 675 voluntas
1333 632 1383 688 per
1396 617 1537 673 desideria
1552 617 1747 674 adulterinad:

76 708 201 781 gitsaepe
219 707 330 763 relabi:
358 706 584 762 misericordiam
601 706 698 776 itaque
720 706 835 776 prabet,
855 720 921 762 cum
977 706 1066 774 bitur,
1091 707 1181 761 vulva
1203 706 1315 771 domus,
1337 706 1364 761 id
1390 713 1431 761 est
1458 707 1638 762 conscientiae
1666 706 1747 763 aditu

74 803 125 851 tit)
138 796 263 851 remissae
276 795 380 850 rationi
396 795 533 850 voluntas
546 793 631 849 taret.
976 795 1068 850 divini
1083 794 1198 851 seminis
1213 795 1364 851 tenendam
1378 795 1547 850 obstruitur.

110 884 195 941 Vens.
213 885 255 951 tt,
276 886 316 938 ti.
328 913 362 924 -
375 884 450 938 Tulit
461 885 548 950 igitur
559 883 708 938 ttimeleeb
723 897 783 937 oves
795 887 821 936 et
834 883 921 949 boues,
1290 882 1405 939 CAPUT
1432 881 1509 938 xxi.

73 989 162 1028 seruos
177 978 202 1027 et
227 974 354 1035 ancillas,
385 978 410 1025 ct
434 972 510 1025 dedit
525 970 667 1025 Abrohom
684 971 879 1041 :reddiditque
897 973 922 1024 ei
1015 971 1305 1038 virescamus.
1325 1002 1352 1011 -
1377 973 1611 1027 l'tsitooituutem
1629 974 1696 1025 Deus
1711 971 1747 1028 Su

74 1061 174 1115 Surum
187 1076 297 1115 uxorem
317 1077 406 1123 suum,
430 1065 455 1114 et
477 1062 518 1113 uit
536 1074 542 1114 :
560 1063 645 1114 Terra
659 1075 749 1113 corum
767 1059 843 1114 vobit
862 1063 919 1114 est:
975 1063 1045 1115 sicut
1059 1063 1231 1132 promiserat,
1248 1066 1273 1114 et
1289 1061 1411 1130 impleuit
1426 1076 1485 1128 quta
1500 1060 1603 1114 locutus
1618 1066 1666 1114 est.
1684 1062 1747 1117 Gom

72 1149 226 1219 ubicunque
240 1149 290 1203 tibi
303 1150 438 1218 placuerit
452 1148 555 1202 bobilo.
581 1147 743 1202 Abimeleob
768 1146 840 1204 tollit
853 1161 919 1203 cum
976 1166 1037 1220 que,
1060 1153 1085 1203 et
1110 1152 1215 1218 peperit
1240 1149 1330 1211 tilium
1350 1151 1379 1219 iu
1400 1153 1532 1203 serectute
1546 1164 1607 1214 suo,
1639 1153 1747 1217 tempori

73 1238 176 1293 rationi
192 1236 299 1293 tollenti
316 1235 448 1292 diabolus
473 1234 615 1304 superbiae
633 1233 773 1302 incentor,
799 1235 842 1291 vel
859 1236 921 1305 ipsa
975 1239 1144 1308 praediceret
1162 1240 1188 1292 et
1212 1240 1290 1292 Deus.
1308 1238 1475 1305 Vorocitque
1495 1237 1636 1290 Abrabam
1661 1252 1747 1291 nomer

74 1326 210 1396 superbia
231 1339 289 1381 nou
313 1323 493 1389 contradicit,
509 1323 586 1379 unde
607 1330 672 1378 est:
699 1323 733 1378 Et
747 1325 847 1378 uinclis
861 1324 920 1393 ejus
974 1329 1028 1391 sui,
1044 1329 1229 1396 quemgenuit
1252 1328 1276 1380 ei
1294 1327 1377 1387 Sura,
1404 1327 1493 1391 istaut,
1520 1330 1545 1378 ct
1567 1325 1741 1379 circumcidit

73 1430 126 1468 nou
139 1417 387 1484 operuitcurcerem
403 1413 469 1482 (iso.
486 1426 542 1477 atr,
562 1414 617 1478 tt),
635 1411 712 1481 quoti
727 1419 778 1478 est,
803 1410 918 1468 elausit.
974 1420 1066 1470 octuoo
1091 1415 1145 1476 die,
1166 1431 1225 1468 cum
1248 1419 1352 1468 centum
1381 1418 1621 1473 tecticariorum:
1647 1414 1697 1468 liae
1721 1429 1747 1483 qr

74 1502 157 1560 Ratio
180 1511 277 1558 autem
306 1517 367 1556 oues
393 1501 474 1568 tollit,
504 1515 570 1556 cum
587 1500 624 1556 ab
651 1500 809 1555 intentione
826 1499 919 1569 adipi·
974 1508 1053 1558 atate
1064 1506 1157 1573 putris
1170 1507 1301 1558 natusest
1316 1504 1408 1557 Isaac.
1429 1501 1556 1556 Tandem
1574 1501 1663 1572 igitur
1677 1509 1739 1570 post

72 1590 168 1646 scendi
180 1589 296 1646 honoris
316 1588 514 1659 impendendae
536 1586 674 1644 beneficia
696 1587 920 1659 cbaritatisquae
974 1590 1152 1647 voluntatem
1170 1590 1253 1647 vietis
1267 1590 1472 1660 undecumque
1488 1589 1624 1645 vitiorum
1649 1588 1747 1658 impuli

73 1679 164 1748 operit
181 1677 395 1734 multitudinem
418 1685 603 1746 peecatorum
626 1677 691 1742 (loc.
714 1691 742 1741 v,
763 1676 819 1745 20),
841 1677 919 1747 quod
940 1651 1049 1736 Blleus
1070 1680 1176 1747 visitat,
1197 1680 1248 1750 qui
1263 1679 1388 1735 vincenti
1402 1679 1577 1735 sedatorum
1589 1677 1679 1733 edere
1694 1676 1747 1731 del

74 1780 125 1838 per
147 1767 291 1838 lanigeros
313 1779 440 1836 congrue
462 1765 629 1835 designatur
652 1778 763 1836 greges,
789 1764 921 1821 tunditus
975 1768 1040 1824 vitae
1054 1769 1246 1840 spoponderat
1266 1770 1362 1838 (Apoc.
1379 1783 1409 1834 rr,
1426 1769 1465 1834 7).
1487 1771 1662 1835 conceptum
1678 1763 1747 1835 spiri

74 1854 232 1911 abstrahit:
260 1855 413 1909 toresvero
437 1852 606 1909 exercitium
628 1851 849 1923 predicationis,
866 1867 921 1907 ser·
974 1858 1113 1914 desiderio
1138 1857 1230 1913 lilium
1256 1857 1426 1927 periurum
1450 1862 1556 1910 certam
1577 1868 1655 1925 spem
1679 1867 1747 1909 exn

72 1958 119 1998 oos
131 1947 157 1997 et
172 1943 288 1996 ancillas
307 1941 393 1997 lortes
407 1941 529 1997 dicimus
541 1948 568 1996 et
587 1940 726 2008 infirmas,
747 1947 774 1996 et
795 1941 833 1996 ad
864 1956 920 1998 ste-
975 1947 1078 2002 meutis
1103 1945 1213 2002 lervore
1236 1946 1365 2002 resumit.
1388 1945 1473 2000 Filios
1498 1958 1626 2013 namque
1640 1943 1676 1999 ob
1697 1956 1747 2011 pos

73 2030 173 2086 culum
185 2044 290 2099 pronas
310 2029 516 2085 sollicitudines
539 2027 730 2099 cogitationis,
747 2028 827 2084 aliud
840 2042 921 2084 nam·
974 2042 1070 2102 tatem,
1099 2042 1128 2091 et
1151 2035 1239 2089 nostri
1273 2048 1339 2090 cum
1365 2032 1545 2089 senuerimus
1573 2030 1747 2087 sustentatio

73 2132 131 2189 que
144 2118 280 2174 violentia
292 2132 455 2188 possumuS,
474 2116 552 2173 aliud
567 2116 663 2188 fragili
691 2117 850 2173 adulationi
872 2117 919 2172 in·
974 2137 1037 2193 spes
1053 2131 1165 2179 nostras
1187 2137 1291 2178 vocare
1314 2122 1446 2177 solemus.
1472 2121 1669 2177 Hanccerlam
1685 2120 1746 2174 sine

73 2207 223 2263 serviendo
234 2214 392 2263 tractamus
409 2221 415 2261 :
434 2206 495 2262 baec
509 2206 628 2260 Abroiia
647 2205 705 2273 dat,
723 2220 789 2262 cnm
814 2205 920 2262 babere
971 2213 1030 2283 jam
1060 2212 1167 2282 peccati
1201 2210 1338 2281 scrupulo
1362 2224 1439 2280 spem
1467 2209 1569 2265 beatus
1593 2216 1733 2278 expertus

71 2296 212 2352 volentem
229 2295 432 2366 spiritumjam
454 2309 511 2350 non
527 2293 678 2365 impugnat
685 2309 693 2365 ;
714 2307 836 2351 uxorem
850 2294 918 2350 red·
973 2299 1128 2365 Antonius,
1150 2299 1201 2370 qui
1221 2299 1260 2355 ait
1276 2313 1282 2352 :
1301 2321 1311 2347 ‹
1330 2299 1390 2370 Ego
1403 2299 1463 2369 jam
1479 2312 1536 2353 non
1554 2298 1639 2352 timeo
1653 2297 1744 2352 Deum

72 2380 122 2446 dit,
147 2395 214 2438 cum
233 2382 269 2437 ab
293 2382 385 2452 ipsius
405 2381 564 2438 voluntatis
597 2381 755 2438 irritatione
778 2381 916 2452 quiescit:
973 2403 1060 2445 amo:
1081 2410 1091 2436 ι
1110 2396 1138 2445 et
1151 2388 1229 2444 nuno
1251 2388 1327 2458 parit
1342 2387 1371 2442 in
1389 2393 1544 2454 senectute,
1562 2386 1589 2440 id
1614 2392 1656 2440 est
1679 2385 1747 2440 exba

73 2475 156 2536 ima·
176 2470 280 2540 inquit,
306 2477 346 2525 0⁸²
367 2487 457 2525 ⁶⁰rttm
476 2470 561 2536 υθῧῑθ,
578 2469 607 2525 id
627 2477 668 2526 esi
685 2468 865 2526 wuscieniiae
880 2469 917 2524 ii·
972 2479 1049 2534 omni
1063 2477 1184 2548 juvenili
1207 2475 1441 2547 presumptione.
1466 2483 1493 2532 et
1509 2474 1676 2530 circumsita
1691 2473 1748 2529 dier

73 2558 168 2615 bertas
183 2559 285 2614 vestris
300 2559 424 2630 suppetit
439 2558 576 2626 arbitriis,
593 2559 622 2615 in
638 2573 697 2628 quo
713 2559 764 2614 tibi
780 2557 919 2629 placuerit
970 2566 998 2621 td
1009 2573 1051 2622 est
1063 2565 1204 2621 virtutum
1220 2564 1388 2620 multimoda
1399 2563 1472 2630 luce,
1482 2571 1510 2618 et
1523 2577 1582 2632 quo
1593 2563 1669 2618 bons
1679 2575 1747 2630 praet

75 2647 233 2702 sanctitatis
252 2648 396 2717 proposito
410 2660 590 2715 conversare,
606 2654 634 2703 et
649 2647 756 2703 habita.
972 2661 1016 2710 rat
1039 2661 1173 2722 tempore,
1203 2652 1301 2707 eadem
1327 2651 1435 2707 scilicet
1460 2666 1519 2721 qua
1545 2664 1624 2720 spem
1640 2649 1745 2720 perfect

107 2735 193 2791 Vens.
211 2738 253 2802 ¹⁶.
280 2739 322 2803 ¹⁷,
340 2739 383 2791 ¹8·
408 2765 445 2777 -
459 2737 535 2792 Sar&
549 2742 639 2791 aulem
653 2736 728 2791 dixit
745 2753 751 2790 τ
774 2739 840 2792 Ecce
853 2736 918 2790 dedi
971 2741 1134 2798 obtinendae
1159 2747 1354 2810 assumpserat
1372 2740 1422 2796 Dei
1447 2738 1697 2810 contemplatione.
1734 2737 1746 2792 l

70 2824 143 2878 mitte
157 2825 393 2891 argenteostrotri
408 2829 462 2889 tuo,
483 2825 530 2878 boc
554 2826 591 2878 sit
606 2825 658 2879 titi
672 2828 700 2878 tu
720 2826 840 2879 uelamen
854 2840 916 2880 ocu-
972 2829 1130 2895 Abrabam
1143 2829 1179 2884 ab
1192 2829 1252 2899 ipso
1263 2827 1393 2884 videlicet
1405 2827 1537 2884 rationali
1548 2826 1679 2883 contuitu
1689 2839 1747 2882 voc:

72 2911 158 2966 lorum
174 2911 211 2964 ad
227 2927 315 2966 omrtes
331 2915 380 2980 qui
392 2916 477 2966 tecum
493 2917 566 2980 sunt,
581 2917 606 2966 et
618 2928 776 2982 quocunque
787 2929 915 2983 perrexe-
936 2944 956 3000 C
973 2918 1000 2973 id
1016 2924 1058 2973 est
1073 2917 1225 2972 discretive
1240 2915 1412 2986 intelligitur
1435 2916 1525 2983 isaac,
1555 2915 1632 2985 quud
1645 2921 1688 2970 est
1703 2915 1747 2968 risi

36 3063 39 3068 ι
71 3002 119 3054 ris.
155 3006 283 3055 memento
313 3006 337 3055 te
372 3016 428 3056 esse
455 3001 658 3070 deprebensom.
699 3001 799 3058 Oronte
826 3006 917 3057 autem
974 3006 1125 3077 gaudium,
1140 3005 1217 3075 quod
1234 3020 1284 3075 per
1297 3003 1355 3074 spei
1370 3004 1478 3059 donum
1498 3003 1543 3058 bic
1567 3003 1628 3073 jam
1646 2998 1747 3070 intelliq

71 3089 222 3157 Atratum,
254 3092 363 3144 sonavit
390 3090 464 3144 Deus
490 3090 655 3155 abimelech,
682 3095 708 3145 et
737 3105 862 3157 ueomru,
892 3095 916 3145 et
973 3094 1002 3149 in
1023 3094 1153 3165 pignore,
1169 3107 1204 3149 ex
1219 3107 1277 3163 quo
1303 3091 1386 3148 nobis
1409 3090 1551 3146 astruitur
1570 3104 1621 3145 nos
1645 3086 1745 3144 ideml

71 3178 186 3232 ancillas
213 3178 282 3246 eius,
311 3184 336 3232 et
358 3183 529 3248 pepererunt.
561 3179 732 3236 concluserat
754 3181 826 3233 euim
847 3181 917 3235 neus
972 3189 1068 3238 tamen
1093 3181 1268 3237 ineliabilius
1287 3187 1455 3249 accepturos
1480 3178 1507 3234 in
1533 3193 1572 3234 re.
1594 3175 1747 3233 liuucden

71 3281 173 3320 omnem
195 3268 304 3321 vulcam
320 3266 414 3321 domic
437 3267 592 3322 Abimeiect
605 3273 718 3338 propter
732 3268 830 3323 Soram
851 3283 918 3322 uco-
971 3270 1205 3326 circumcidimus
1229 3253 1331 3326 ociava
1355 3267 1409 3335 die,
1426 3266 1497 3337 quia
1513 3263 1747 3321 intellectualiter

70 3370 125 3408 rem
151 3355 303 3410 Atratum.
331 3355 493 3412 abimelech
519 3355 596 3412 Sarte
619 3354 701 3423 dixit,
726 3368 834 3412 cuma
865 3369 917 3411 suo
970 3357 1089 3430 ligimus
1116 3371 1169 3412 nos
1195 3357 1231 3412 ad
1258 3356 1406 3427 integrum
1441 3353 1662 3424 passibilitatum
1699 3350 1747 3407 mir

71 3442 180 3512 impetu
192 3456 316 3512 cessans,
333 3458 399 3515 quae
426 3443 556 3514 subiecta
569 3452 638 3500 sunt
654 3458 704 3514 per
715 3444 840 3513 {ellectus
854 3443 917 3500 evi·
970 3444 1118 3502 exuendos
1133 3443 1313 3500 solummodo
1337 3443 1365 3498 in
1382 3441 1600 3498 resurrectione.
1627 3442 1739 3497 tentum

69 3530 195 3587 dentiam
211 3531 308 3588 videre
323 3531 469 3602 permisit:
487 3533 565 3589 Heus
590 3541 631 3601 tu,
649 3533 754 3604 inquit,
771 3533 916 3600 voluntas,
970 3549 1067 3588 uorum
1090 3532 1118 3588 id
1137 3533 1262 3603 agimus,
1279 3546 1345 3587 cum
1371 3530 1406 3586 de
1419 3529 1534 3586 sinistra
1553 3528 1702 3599 praesentis
1722 3541 1747 3583 sa

70 3618 146 3675 mille
161 3629 310 3692 argenteos
325 3621 408 3677 tratri
433 3628 483 3677 tuo
497 3620 572 3690 dedi,
589 3622 670 3678 idest
685 3622 721 3678 ab
735 3621 812 3677 omni
825 3621 918 3694 [cupi-
970 3620 1094 3692 expediti
1114 3619 1273 3690 praevolare
1288 3618 1438 3675 studemus
1466 3619 1501 3674 ad
1525 3632 1651 3673 amorem
1676 3630 1747 3687 spen

71 3707 168 3764 ditatis
177 3709 528 3781 suggestionequiescens,
546 3710 633 3766 totius
643 3718 763 3767 terrente
774 3708 919 3766 facultatis
971 3710 1072 3778 luturi,
1094 3709 1171 3780 quod
1195 3716 1238 3765 est
1256 3708 1285 3763 in
1312 3709 1460 3765 dexteram
1483 3705 1666 3776 transpositio
1692 3719 1747 3761 nur

69 3796 238 3866 abjiciendae
253 3798 364 3866 copiam
380 3813 437 3854 non
455 3799 545 3854 abnui
560 3798 612 3854 tibi
627 3800 805 3870 germanitus
816 3799 918 3870 juncto
972 3799 1030 3855 llac
1054 3805 1137 3855 aetate
1152 3798 1298 3853 Abrabam
1324 3796 1524 3853 intellectualis
1548 3794 1677 3850 nascitur
1698 3807 1747 3849 ma

72 3883 238 3953 intellectui,
255 3900 321 3956 quae
334 3886 548 3943 abrenuntiatio
563 3902 620 3943 non
636 3895 693 3943 tam
708 3888 792 3943 modo
807 3902 915 3957 rerum,
971 3887 1069 3960 gaudii
1085 3885 1253 3957 spiritualis,
1267 3892 1414 3942 aetasvero
1429 3883 1467 3938 nil
1482 3883 1560 3939 aliud
1576 3896 1665 3953 quam
1676 3896 1747 3952 prov

71 3986 161 4042 quam
182 3973 373 4042 cupiditatum
395 3975 423 4030 in
439 3975 589 4032 munimen
603 3975 658 4032 erit
679 3975 730 4032 tibi
755 3975 916 4044 oculorum,
971 3983 1014 4032 est
1030 3975 1200 4031 sanctitatis.

70 4059 261 4117 intentionum
272 4062 378 4119 scilieet
395 4071 521 4131 tuarum,
536 4072 568 4120 ut
579 4078 637 4119 non
648 4071 807 4134 graventur
814 4065 919 4134 pituita
1006 4065 1093 4121 Vens.
1106 4066 1132 4131 6,
1148 4068 1175 4118 t.
1192 4093 1229 4104 —
1241 4064 1345 4129 Risum,
1359 4063 1450 4130 inquit
1465 4061 1557 4128 Sorai,
1570 4061 1641 4112 miti
1654 4059 1747 4125 soriti

59 4156 218 4217 curarum,
234 4157 375 4207 utomnes
390 4152 441 4222 qui
453 4160 547 4208 tecum
557 4159 635 4216 sunt,
652 4151 808 4209 rationales
816 4152 918 4224 utique
971 4156 1124 4226 quicunque
1152 4152 1282 4218 audierit,
1307 4149 1453 4205 corridebit
1473 4150 1550 4203 miti.
1566 4150 1739 4217 dorsumque

71 4235 111 4292 tui
139 4243 244 4305 motus,
269 4253 320 4295 seu
343 4239 486 4297 virtutum
511 4239 617 4306 studia,
642 4254 708 4310 quae
729 4240 812 4297 nobis
835 4255 870 4297 ac
893 4241 915 4297 si
936 4242 1039 4312 bouis
1053 4241 1215 4296 auditurum
1228 4239 1347 4294 crederet
1360 4239 1513 4303 Atrultum,
1529 4237 1602 4306 quod
1623 4237 1747 4292 Sorotuc

70 4324 190 4394 quidam
206 4326 360 4383 familiares
370 4327 485 4396 adsunt,
497 4328 550 4383 boc
562 4328 752 4384 immunitatis
766 4337 917 4402 contegau-
969 4331 1070 4396 filium,
1086 4345 1164 4398 quem
1176 4330 1284 4399 peperit
1298 4327 1322 4382 ei
1331 4328 1392 4396 jem
1407 4330 1483 4381 seui?
1498 4331 1542 4380 81
1561 4326 1640 4393 lure,
1658 4325 1707 4393 ait,
1723 4325 1747 4380 it

71 4414 217 4483 turasylo,
229 4414 265 4471 ad
276 4430 461 4487 quaecunque
473 4415 585 4486 pietatis
601 4415 745 4486 proposita
758 4418 917 4488 appetendo
971 4420 1108 4483 caverim,
1126 4431 1192 4473 cnm
1210 4417 1239 4471 in
1254 4417 1309 4472 bac
1322 4416 1443 4487 AEgypto
1460 4415 1602 4482 moeroris,
1623 4421 1652 4469 et
1676 4427 1747 4484 augi

70 4506 250 4571 processeris,
267 4511 295 4560 et
305 4503 370 4560 lieet
384 4504 414 4560 in
428 4503 548 4559 multam
559 4504 718 4560 sanctitatis
732 4505 917 4562 eminentiam
972 4506 1043 4573 loco,
1057 4505 1157 4561 aeterni
1173 4519 1217 4561 me
1237 4504 1336 4576 gandii
1350 4504 1409 4575 jam
1426 4505 1501 4559 Deus
1514 4503 1611 4560 iecerit
1625 4501 1744 4558 babitus

70 4589 228 4659 aliquando
241 4591 414 4662 perveneris,
431 4599 564 4647 tamena
587 4606 650 4647 mea
676 4593 801 4664 regione,
828 4607 918 4665 quam
972 4599 1087 4664 gustare
1102 4591 1224 4648 tuturos.
1239 4591 1411 4661 Quicunque
1438 4590 1573 4656 audierit,
1599 4590 1673 4645 idem
1689 4589 1747 4646 vidt

70 4677 156 4732 semol
171 4687 310 4748 expertus
323 4693 364 4747 es,
392 4687 419 4735 te
440 4680 557 4736 amodo
576 4679 715 4737 dirimens
737 4682 919 4752 superbiero
974 4680 1068 4750 palato
1085 4679 1177 4736 cordis
1191 4680 1330 4749 sapuerit,
1348 4679 1417 4735 meis
1432 4678 1533 4748 ntique
1547 4677 1662 4749 gaudiis
1680 4691 1738 4732 non

70 4767 226 4836 voragines
235 4781 348 4837 semper
363 4767 481 4824 irruisse
490 4768 664 4826 memineris.
680 4770 756 4827 Mille
769 4779 920 4842 argenteos
973 4770 1062 4825 nibus
1077 4769 1170 4838 ipsum
1182 4781 1368 4838 nequaquam
1384 4767 1550 4838 aggaudere
1563 4766 1677 4837 pigebit.
1691 4765 1745 4830 Qui

71 4867 121 4923 pro
134 4854 312 4922 plenitudine
328 4855 416 4911 totius
432 4862 536 4912 lerrnae
558 4856 728 4914 substantie
750 4856 918 4927 accipimus,
973 4857 1086 4929 opinari
1103 4865 1196 4929 posset
1210 4858 1351 4913 rationem
1362 4856 1442 4913 illam
1456 4857 1484 4911 in
1494 4855 1601 4926 peccati
1614 4855 1681 4911 olim
1696 4854 1747 4912 lud

70 4950 103 5000 ut
134 4951 186 5009 est,
217 4945 263 4998 l’ir
288 4944 369 5013 effert
393 4960 444 5014 pro
474 4946 568 5012 fructu
596 4947 655 5015 ejus
678 4945 751 5000 mitte
779 4949 919 5012 argenteos
973 4944 1167 5015 prostitutam,
1184 4951 1242 4999 tam
1258 4943 1384 5000 coelestia
1405 4957 1505 5013 sapere
1520 4941 1656 5012 potuisse,
1672 4949 1699 4998 et
1721 4956 1747 4996 rr

70 5031 237 5102 (tantun,
261 5034 305 5103 ll)
322 5050 329 5088 :
347 5033 511 5089 Abimelecb
524 5034 582 5100 dat,
599 5048 665 5090 cum
685 5048 743 5089 non
765 5033 916 5090 disturbat.
973 5039 1070 5100 tatem,
1088 5047 1154 5102 quae
1179 5032 1373 5088 sensualitatis
1392 5032 1530 5088 uberibus
1556 5030 1639 5087 solita
1657 5037 1720 5086 crat
1736 5044 1747 5086 ι

71 5119 159 5174 Porro
168 5120 312 5177 Abrabam
325 5137 376 5192 pro
390 5121 551 5179 abimelech
562 5129 635 5187 orat,
646 5120 920 5192 eumquebominns

71 5219 139 5263 cum
155 5221 246 5263 uxore
260 5217 287 5265 et
304 5209 415 5266 ancillis
428 5218 521 5279 sanat,
538 5225 605 5267 cum
620 5209 738 5279 spiritus
757 5216 855 5265 noster
867 5223 918 5280 pro
973 5218 1066 5280 pturte
1080 5209 1255 5266 candoribus
1268 5223 1301 5265 ac
1316 5209 1339 5265 si
1351 5211 1422 5265 lacte
1433 5207 1586 5278 purissimo
1602 5213 1747 5276 concepte

71 5294 194 5350 incursu
208 5309 295 5365 quem
316 5297 406 5354 subiit
431 5299 582 5368 superbia,
604 5298 661 5352 Deo
683 5297 834 5366 supplicat,
856 5299 920 5370 ejus
973 5299 1096 5355 educare
1107 5299 1291 5364 desiderium,
1317 5298 1395 5368 quod
1414 5297 1474 5368 jam
1490 5294 1606 5365 spiritui
1625 5308 1677 5349 suo
1692 5294 1747 5351 abt

73 5389 184 5438 motum
207 5397 273 5439 cum
291 5398 342 5440 sua
358 5400 424 5456 quae
447 5385 500 5441 sibi
517 5384 590 5442 ioede
604 5398 638 5440 au
661 5383 839 5442 intructuose
853 5386 921 5443 sub·
973 5394 1095 5444 terrena
1110 5396 1251 5456 conceptu
1277 5386 1401 5443 levitatis
1427 5384 1509 5441 elicto
1536 5383 1656 5455 protulit
1684 5383 1732 5454 pia

73 5471 256 5529 sternebatur
268 5473 512 5545 concupiscentia,
537 5480 565 5530 et
588 5472 777 5531 ancillarius
806 5474 921 5532 sordida
975 5476 1036 5533 sola
1052 5483 1151 5532 sancta
1165 5473 1297 5531 volendo.
