3794 6008
120 256 165 308 111
484 220 489 224 .
568 249 598 303 V.
616 248 783 306 aulonam
806 248 951 305 enutris
976 249 1004 305 S.
1026 249 1144 306 utalia
1162 249 1209 305 DE
1230 248 1423 306 collusum
1816 253 1864 305 tlt

120 388 184 444 licet
203 388 331 444 humano
357 385 466 457 judicio
492 384 635 439 videatur.
666 383 739 438 ilinc
779 391 821 439 est
846 383 964 439 lorsitan
983 385 1006 437 Α
1023 384 1050 438 in
1066 385 1165 452 vinea;
1179 384 1351 455 quodetiam
1367 383 1870 458 bicintelligiturperquinquaginta

118 478 195 549 guod
212 485 322 546 auctor,
339 474 433 531 nescio
458 475 533 544 guis,
551 473 579 528 in
603 486 689 529 versu
717 470 852 529 ollcrtorii
870 473 967 528 nonies
1021 471 1204 544 nonjamin
1244 480 1380 543 tempore,
1412 473 1459 528 sed
1489 473 1602 544 requies
1629 474 1812 544 sempiterna,
1842 479 1865 527 et

119 566 230 636 repetit,
248 571 278 618 ut
301 565 408 618 uideam
428 563 507 623 barto.
536 562 689 618 donarium
718 561 798 617 illum
832 575 967 632 quarens
1020 564 1141 614 mortuus
1163 566 1366 630 est,guantum
1381 561 1416 616 ad
1430 561 1631 633 mundilrujus
1645 563 1726 619 vitia.

118 668 275 721 summum,
293 654 398 708 bonum
410 650 577 721 perfectum,
594 651 644 721 ptri
658 651 744 706 datur
768 650 968 706 laborantibus

769 821 921 864 EXPLICIT
944 822 1040 863 LIBER
1061 820 1218 865 TERTIUS.

117 1004 507 1020 ——-.--—-—-.-—--
515 1004 685 1015 -.-..,—---
693 1003 1246 1011 ———-—---———-.-—-—-—-.
1252 1005 1313 1011 —-
1321 1005 1412 1012 ...η-.-

1421 1006 1560 1013 ..η---.ω
1575 1007 1641 1013 -,-
1660 1007 1857 1015 --——---—-

689 1177 866 1251 tuorem
903 1177 1044 1250 crana
1082 1175 1306 1262 ouanrus

491 1387 913 1494 MORALIUM
983 1387 1062 1489 IN
1134 1385 1494 1489 GENESIM.

921 1615 1066 1627 5——

436 1842 552 1899 CAPUT
582 1841 645 1897 XII.

156 1972 242 2028 Vens.
270 1973 295 2024 1.
317 1999 350 2009 -
375 1969 491 2022 Locutus
513 1971 552 2019 est
567 1968 696 2021 Dominus
719 1963 756 2016 aa
786 1963 898 2023 Abram,
924 1961 967 2014 di·

120 2076 180 2114 cens
197 2057 355 2126 :Egrcdere
373 2056 406 2111 de
433 2061 506 2109 terro
523 2060 581 2119 tua,
598 2059 623 2107 ot
651 2053 684 2105 de
698 2053 856 2120 cognatione
869 2055 924 2112 tua,
942 2054 967 2104 et

120 2149 153 2202 de
168 2149 245 2202 domo
264 2149 353 2216 patris
369 2147 419 2211 tui,
436 2151 460 2198 et
474 2145 536 2197 aeni
560 2144 589 2195 in
606 2147 716 2206 terram,
733 2155 813 2208 quom
828 2142 966 2192 monstra-

119 2253 182 2292 rera
210 2237 270 2301 tibi,
301 2234 454 2289 benedicam
492 2233 552 2294 tibi,
587 2235 613 2285 ct
649 2228 827 2298 magnificabo
872 2243 967 2281 ttamen

120 2330 205 2380 tunm.
219 2323 295 2380 Patri
307 2321 429 2388 excelso,
445 2320 522 2391 quod
553 2320 758 2388 interpretatur
785 2316 902 2381 Abram,
938 2315 965 2369 id

118 2421 160 2469 est
174 2412 286 2483 spiritui
304 2419 423 2481 paterna
450 2416 572 2464 mentem
597 2406 767 2461 auctoritate
792 2411 916 2469 recturo,
938 2408 966 2458 et

119 2511 264 2558 atorrena
287 2501 395 2555 vilitate
421 2498 551 2558 levando,
589 2493 773 2564 inspiratoria
788 2493 864 2548 Deus
889 2491 965 2547 locu·

120 2590 272 2645 tionelruc
299 2587 447 2658 suggerit:
477 2584 612 2653 Egredere
638 2584 671 2636 ate
697 2588 771 2637 terro
794 2586 850 2647 tua,
880 2579 899 2635 il
924 2586 966 2635 est

118 2685 253 2733 excutere
268 2676 303 2731 de
315 2674 479 2732 terrenitate
492 2680 553 2734 tua.
566 2672 607 2728 vel
624 2671 672 2743 grri
685 2669 761 2741 apud
773 2669 833 2724 tein
851 2673 965 2739 peccato

119 2766 287 2822 submersus
302 2779 341 2832 es,
358 2763 404 2818 exi
420 2761 580 2818 confitendo
594 2762 629 2816 de
649 2759 806 2830 peccatrice
821 2755 965 2812 conscien-

119 2857 167 2922 tia,
184 2861 211 2910 ot
227 2853 261 2909 do
277 2853 446 2923 cognatione
472 2849 725 2921 imaginationum,
747 2845 962 2916 cogitationum,

118 2942 339 3012 carnaliumque
373 2940 509 3006 luxuum,
541 2953 607 3009 qum
634 2952 669 2993 ox
701 2934 800 2992 eadem
833 2933 964 2989 exoritur

987 1814 1007 1867 B
1022 1810 1219 1867 auctoritatem
1233 1811 1344 1882 iustum
1356 1817 1437 1868 estut
1451 1819 1591 1882 sequatur
1602 1814 1727 1869 carnalis
1739 1814 1868 1882 aliectus,

1022 1901 1072 1970 gui
1088 1900 1192 1970 sepius
1207 1899 1234 1955 in
1251 1899 1333 1956 nobis
1346 1905 1396 1955 54
1427 1901 1551 1957 declinat
1578 1910 1696 1972 erecto,
1721 1905 1863 1961 naturalis

1022 1988 1082 2043 vitii
1095 1989 1303 2045 consuetudine
1322 1988 1460 2045 vinctus:
1479 1990 1549 2046 both
1570 1991 1645 2046 enim
1663 1992 1868 2063 interpretatur

1020 2076 1227 2143 declamasset
1243 2080 1360 2132 ciricius.
1385 2079 1565 2148 Septuaginta
1593 2083 1712 2150 quinque
1734 2098 1867 2136 annorum

1020 2171 1079 2220 erat
1090 2166 1210 2230 Abram,
1222 2182 1282 2220 cerm
1297 2166 1467 2232 egrederetur
1480 2167 1513 2220 da
1525 2169 1612 2222 Arna.
1631 2168 1708 2223 Aran
1726 2170 1866 2239 interpre-

1021 2262 1098 2310 tatur
1113 2270 1224 2309 reseum
1240 2271 1313 2309 arca.
1332 2256 1384 2311 Per
1408 2270 1505 2312 arcam
1528 2257 1692 2326 cupiditatis
1724 2259 1867 2328 capacitas

1020 2350 1146 2409 notatur,
1163 2358 1213 2414 per
1240 2357 1426 2414 remeaquu¹
1453 2345 1615 2415 concupisci
1641 2354 1761 2416 possunt
1789 2347 1865 2417 figu-

1021 2439 1145 2487 rantur:
1177 2431 1295 2501 giridam
1326 2433 1394 2488 dum
1422 2441 1641 2498 convertuntur,
1673 2449 1717 2490 res
1744 2435 1863 2505 uiridem

1019 2520 1164 2586 abdicant,
1181 2520 1228 2576 scd
1243 2520 1365 2576 habendi
1380 2522 1548 2592 appetitum,
1579 2523 1606 2578 id
1629 2531 1670 2578 ost
1690 2537 1785 2579 arcam
1806 2539 1862 2579 non

1019 2608 1185 2677 abnegant:
1209 2611 1248 2664 De
1262 2611 1418 2680 Aranergo
1437 2610 1495 2666 exit
1512 2610 1644 2681 quisquis
1668 2611 1863 2681 cupIditatem,

1018 2704 1045 2751 ot
1060 2710 1243 2767 quaecunque
1267 2705 1387 2767 possunt
1410 2699 1572 2767 concupisci
1604 2700 1722 2768 respuit.
1746 2700 1863 2770 Septua-

1017 2787 1096 2851 ginta
1111 2788 1230 2854 quinque
1245 2800 1310 2842 cum
1333 2786 1481 2855 egreditur
1499 2803 1632 2841 annorum
1659 2796 1712 2853 est,
1729 2789 1864 2859 damper

1018 2872 1212 2940 septenarium
1235 2873 1334 2943 gratim
1355 2873 1608 2945 Deealogumlegis
1630 2876 1761 2946 implens,
1783 2879 1864 2947 quin·

1018 2961 1210 3030 quecorporis
1222 2960 1354 3018 sensibus
1380 2961 1491 3033 integra
1507 2963 1648 3019 virtutum
1667 2965 1749 3034 guasi
1772 2979 1861 3021 anno-

118 3036 256 3102 terra;at
279 3031 312 3084 de
343 3029 420 3083 domo
440 3029 530 3098 patris
548 3029 597 3095 tui,
623 3026 657 3082 de
674 3025 735 3095 ipsa
756 3022 861 3078 scilicet
883 3029 963 3077 exte·
1017 3062 1082 3104 ,um
1098 3048 1261 3105 collectione
1272 3057 1383 3118 praeesg·
1434 3087 1441 3095 ,

118 3121 185 3177 rIori
201 3118 415 3176 conversatione
441 3116 550 3183 mundi,
586 3129 674 3187 quam
702 3111 862 3184 possidebat
881 3113 1002 3180 paterC

117 3208 264 3279 quondam
293 3214 388 3262 noster
424 3205 555 3261 diabolus
575 3203 730 3274 presidens
766 3200 840 3256 atrio
856 3213 908 3254 suo
932 3198 960 3253 in

117 3297 234 3353 modum
261 3296 342 3351 tortis
370 3295 488 3355 armati:
519 3306 576 3347 non
605 3291 680 3346 enim
715 3286 842 3345 cohiberi
869 3293 961 3356 potest

116 3385 259 3441 mobilitas
274 3383 366 3439 intimi
383 3381 518 3446 hominis,
544 3379 597 3435 nisi
623 3385 703 3433 extra
718 3377 845 3447 fugiatur
871 3375 961 3430 colia·

117 3474 216 3531 bitatio
232 3472 343 3530 mundi.
365 3472 436 3526 Vani
456 3483 524 3540 ergo
546 3470 574 3521 in
590 3473 689 3521 terram
718 3480 799 3534 geram
825 3467 960 3517 monstro·

114 3578 177 3616 uem
191 3562 251 3630 etii,
268 3561 297 3616 in
311 3574 373 3616 eam
389 3557 518 3614 videlicet
546 3554 672 3624 corporis
693 3567 727 3609 ac
756 3552 845 3607 animi
860 3551 960 3607 solidi-

114 3658 200 3708 tatem
216 3663 305 3720 quam
320 3649 372 3706 tibi
390 3644 542 3702 insinuabo
557 3651 608 3699 aul
623 3657 673 3712 per
698 3643 840 3697 internam
853 3653 961 3711 sugge-

115 3741 245 3806 stionem,
263 3746 313 3794 aut
324 3750 375 3808 per
389 3749 478 3791 sacrm
496 3733 611 3802 Pagina
628 3730 787 3795 lectionem,
804 3731 962 3798 faciamque

116 3835 139 3884 te
162 3832 192 3883 in
211 3832 314 3896 gentem
334 3839 474 3892 magnam,
490 3822 632 3877 virtutum
648 3819 781 3874 videlicet
796 3816 959 3872 111111111οεί-

114 3925 171 3974 tale
183 3925 210 3973 te
221 3917 374 3978 instruam,
391 3912 441 3969 ubi
454 3909 554 3982 gratiae
570 3905 728 3978 spiritualis
749 3904 961 3975 multIplicitate

114 4004 300 4066 benedicaris,
315 4010 342 4057 et
357 4000 482 4063 nomine,
512 3998 597 4053 idest
620 3996 728 4051 eximia
757 3993 891 4064 opinione
924 3993 959 4048 ad

113 4093 233 4150 caelestis
248 4092 339 4147 Patris
353 4089 468 4144 laudem
486 4083 725 4156 magnificaberis.

147 4212 232 4268 Vans.
248 4215 273 4265 3.
286 4241 317 4252 -
344 4209 501 4264 benedicam
520 4206 701 4261 benedicentes
733 4205 793 4271 tibi,
819 4203 957 4274 multIpII·

113 4299 184 4356 cabo
197 4299 297 4369 utinm
309 4299 369 4363 bos,
387 4298 436 4369 gui
455 4295 646 4366 predicando,
662 4293 794 4362 exempla
807 4292 959 4361 praebendo

1052 3155 1137 3211 Vnus.
1156 3160 1181 3210 ὅ.
1199 3187 1232 3196 -
1252 3157 1377 3226 Tulitgue
1407 3159 1493 3214 Sorai
1507 3174 1618 3212 ararem
1639 3174 1728 3225 suam,
1744 3165 1768 3213 et
1795 3159 1863 3214 tota

1015 3245 1102 3314 tilium
1124 3247 1223 3313 fratris
1249 3249 1302 3311 sui,
1332 3251 1539 3317 universamque
1561 3249 1746 3302 substantiam
1781 3264 1862 3317 quam

1014 3333 1198 3402 possederant,
1228 3339 1253 3388 et
1281 3337 1388 3389 animus
1417 3351 1485 3405 guas
1509 3339 1630 3403 (acuant
1658 3339 1687 3390 in
1719 3344 1816 3399 Aratu
1838 3341 1862 3390 et

1015 3425 1114 3487 egressi
1137 3427 1210 3488 seint,
1225 3430 1253 3476 ut
1268 3426 1339 3478 irent
1352 3427 1381 3477 in
1396 3429 1495 3478 terram
1507 3426 1646 3480 Cbanuon.
1659 3423 1738 3480 Sarai
1757 3424 1862 3480 dicitur

1014 3513 1139 3580 princeps
1153 3527 1222 3576 mea,
1232 3512 1413 3583 etsignistcat
1423 3512 1611 3579 voluntatem,
1631 3528 1696 3583 gua
1710 3513 1738 3568 in
1754 3527 1861 3568 morem

1015 3599 1236 3669 eonjugisunita
1252 3600 1370 3668 Abram,
1388 3601 1472 3657 idest
1490 3601 1592 3657 marito
1607 3601 1731 3670 spiritui,
1747 3608 1775 3656 et
1791 3601 1861 3656 Lotb

1015 3687 1072 3743 olla
1095 3687 1192 3744 lratris
1217 3688 1272 3755 sui,
1294 3687 1408 3744 affectui
1436 3689 1547 3760 utique,
1574 3689 1624 3758 qui
1652 3703 1689 3745 ex
1717 3689 1859 3758 corporali

1016 3776 1134 3843 semine,
1151 3777 1198 3833 cui
1213 3777 1345 3848 oriudum
1373 3792 1438 3833 eum
1460 3778 1558 3832 anima
1581 3776 1722 3833 naturalis
1748 3791 1862 3846 germa-

1017 3864 1091 3921 nitas
1119 3865 1200 3934 inest,
1227 3866 1368 3936 gignitur,
1394 3872 1470 3921 rceto
1495 3866 1677 3922 ordinaram
1708 3867 1748 3922 ita
1764 3866 1864 3921 eonsti-

1015 3954 1079 4011 terit
1098 3955 1236 4011 ducitur:
1256 3969 1322 4010 cum
1353 3955 1398 4010 bis
1425 3955 1522 4025 itaque
1537 3955 1644 4012 Abram
1671 3962 1768 4011 noster
1790 3956 1862 4010 tollit

1014 4045 1169 4098 ranioersam
1195 4043 1388 4110 substantiam,
1433 4059 1515 4112 quara
1544 4044 1652 4113 pariter
1671 4043 1859 4113 possederant,

1014 4132 1083 4188 dum
1113 4132 1211 4188 omnia
1235 4147 1301 4203 quae
1325 4132 1481 4189 intellectui
1505 4140 1602 4188 nostro
1630 4132 1777 4188 terrestria
1795 4131 1861 4202 jure

1014 4221 1156 4288 substant,
1174 4221 1203 4276 in
1219 4227 1356 4292 potestate
1382 4220 1533 4286 habemus,
1549 4234 1601 4275 nec
1620 4219 1711 4276 abeis
1732 4220 1793 4291 regi
1810 4234 1861 4275 nos

1013 4309 1155 4366 serviliter
1187 4310 1323 4379 patimur,
1352 4309 1401 4365 sed
1431 4323 1484 4364 nos
1510 4322 1544 4363 ea
1573 4308 1656 4379 quasi
1682 4308 1860 4379 paralyticus

113 4386 170 4444 tuis
180 4387 428 4444 adminiculantur
438 4384 613 4453 augmentis,
624 4391 652 4438 et
664 4381 848 4450 cognationes
860 4387 956 4449 terrae,
977 4397 1166 4467 „gragagum
1190 4396 1317 4468 regimus
1340 4397 1432 4467 (gan,
1456 4413 1483 4464 g,
1508 4396 1534 4468 g)
1572 4396 1653 4454 Unde
1672 4396 1749 4452 101„
1776 4398 1858 4460 Qum,

112 4492 170 4532 non
185 4476 251 4533 illus
267 4476 300 4531 de
316 4489 375 4546 gua
399 4475 511 4546 juberis
524 4473 614 4553 exiro,
631 4471 680 4526 sed
703 4484 720 4525 a
736 4484 780 4525 me
796 4469 845 4524 tibi
871 4469 958 4525 intel-

111 4564 272 4621 lectualiter
284 4564 515 4620 demonstranda
529 4560 693 4631 spirituales
705 4557 797 4614 cordis
811 4559 959 4630 progemes

111 4668 169 4710 nan
185 4657 297 4710 tantum
314 4652 398 4708 tama
413 4651 596 4722 vulgaritate,
612 4649 659 4705 sed
672 4651 700 4702 in
712 4653 737 4701 te
759 4647 956 4712 benedicentur,

111 4742 141 4798 in
163 4742 205 4798 tui
226 4741 331 4797 scilieet
361 4739 464 4796 interni
496 4738 623 4803 babitus,
652 4750 686 4792 ac
705 4735 799 4805 operis
828 4734 955 4790 veritate.

108 4831 157 4887 Est
170 4837 264 4886 antem
281 4828 415 4900 cognatio
438 4828 499 4896 ipsa
526 4827 667 4882 virtutum
681 4838 717 4879 ex
733 4837 793 4880 sese
809 4823 957 4893 prodeun-

107 4919 180 4975 tium
197 4918 323 4989 guadam
338 4915 571 4974 concatenatione
585 4911 661 4970 iacta
682 4911 821 4980 gradatio.
839 4911 956 4967 11111111·-

108 5023 167 5061 cam
197 5006 419 5061 maledicentibus
457 5003 518 5072 tibi,
544 5002 639 5073 inquit
667 5014 700 5056 ea
730 4999 855 5070 prolecto
891 5014 957 5070 qum

108 5095 247 5151 damnum
265 5095 316 5151 tibi
331 5093 497 5151 deiectionis
520 5090 665 5147 incutiunt
679 5089 751 5145 vitia
777 5088 872 5143 carnis
900 5094 957 5144 tum

108 5182 237 5254 redigam
253 5183 281 5238 in
295 5182 447 5239 deiectum.

144 5306 230 5362 Vnus.
247 5307 273 5361 1,
290 5336 324 5346 -
352 5309 483 5373 Egressus
499 5310 537 5358 est
550 5305 643 5372 itaque
670 5301 785 5361 Abram,
799 5302 958 5368 11111111-

107 5399 213 5463 eeperat
228 5396 254 5447 ei
265 5396 409 5460 Dominum
436 5397 462 5447 et
480 5394 531 5446 ivit
549 5406 608 5444 cnm
626 5403 655 5442 ea
681 5388 758 5443 Loth.
785 5386 856 5443 Cum
872 5400 958 5457 egre-

107 5481 211 5551 diente,
222 5489 254 5539 ut
267 5481 491 5552 expositumest,
507 5479 614 5536 Abram
632 5477 651 5533 it
666 5475 746 5542 Lotlr,
758 5474 828 5545 guia
839 5474 959 5531 rationis

1012 4485 1118 4556 iuquit,
1132 4502 1186 4540 nan
1213 4491 1276 4539 sunt
1291 4489 1320 4540 in
1334 4501 1417 4540 manu
1430 4501 1520 4540 aarum
1537 4486 1605 4540 bona
1631 4501 1693 4553 sua,
1717 4486 1858 4540 conuitium
1889 4490 1891 4525 :

1011 4576 1157 4643 impiorum
1174 4576 1300 4642 tongesit
1327 4591 1345 4629 a
1369 4591 1410 4628 rne
1436 4573 1496 4644 (tob
1512 4589 1569 4638 xm,
1589 4575 1647 4641 16).
1676 4575 1756 4640 Quod
1782 4572 1857 4630 emur

1012 4662 1085 4719 ratio
1102 4662 1267 4718 damnando
1294 4662 1458 4732 possederit,
1491 4661 1615 4732 prolecto
1640 4670 1668 4719 et
1690 4661 1857 4727 voluntatis,

1011 4758 1038 4806 et
1068 4749 1187 4806 allectus
1211 4751 1305 4806 statim
1335 4750 1453 4819 imperio
1478 4749 1598 4806 suberit.
1625 4751 1657 4804 in
1678 4753 1761 4805 Aean
1786 4749 1858 4804 flunt

1011 4837 1124 4902 aalma,
1139 4838 1209 4894 dum
1224 4837 1323 4893 vitalia
1338 4851 1372 4893 ac
1398 4837 1561 4907 spiritualia
1576 4837 1650 4893 bona
1678 4845 1858 4907 peraguntur

1013 4926 1137 4995 perlecta
1159 4926 1261 4981 mundi
1286 4925 1549 4993 abrenuntiatione,
1591 4925 1791 4996 Egrediuntur
1823 4924 1859 4978 ad

1012 5019 1111 5067 terram
1135 5014 1274 5081 clariana,
1300 5014 1369 5070 dum
1385 5027 1499 5070 morum
1525 5027 1615 5084 quam
1640 5012 1758 5083 professi
1789 5018 1857 5068 sunt
1885 5018 1890 5085 i

1011 5100 1213 5171 adipiscuntur
1230 5102 1349 5159 solidam
1373 5103 1578 5170 mutationem;
1616 5100 1755 5157 Chanaan
1781 5102 1857 5156 enim
1884 5102 1890 5163 l

1011 5189 1116 5245 dictiur
1131 5195 1261 5245 mutatus.
1885 5194 1890 5233 Ι

1046 5295 1132 5352 Vnus.
1151 5299 1178 5350 6.
1192 5324 1230 5338 -
1252 5298 1375 5366 Cumque
1397 5298 1531 5350 saturent
1546 5299 1576 5350 r‘n
1600 5311 1669 5361 eam,
1694 5299 1858 5364 pertransiit

1012 5385 1117 5440 Abram
1133 5389 1233 5438 tetrum
1258 5384 1403 5453 usquead
1430 5385 1515 5439 locum
1544 5385 1644 5439 Sinden
1671 5388 1696 5437 et
1721 5383 1858 5453 usquead

1012 5475 1159 5529 conamina
1175 5474 1317 5528 illustrem.
1342 5473 1521 5543 attingentes
1548 5472 1638 5543 igitur
1661 5473 1858 5529 conversionis
