3818 6008
574 251 607 306 V.
626 247 791 307 obtusum
810 249 956 305 austris
974 249 1003 305 S.
1024 247 1145 303 MARIAE
1162 245 1210 301 DE
1228 241 1423 301 uoucsu'ro

734 486 907 572 LIBER
936 483 1248 572 SECUNDUS.

450 649 553 715 uuus
577 647 707 716 ouum
730 646 899 768 uoutms
919 645 1059 712 uruuu
1085 643 1330 711 suscsmnrr
1355 641 1410 708 au
1433 640 1542 709 noua

406 903 522 960 CAPUT
543 901 693 959 PRIMUM.
991 902 1053 955 Aet
1069 914 1170 972 parere
1183 898 1386 969 comperimus.
1403 898 1451 955 bei
1471 897 1561 955 Filius
1585 910 1638 968 per
1658 903 1794 953 sanctum
1814 895 1876 966 Spi-

158 1001 233 1051 ²0⁵
248 994 378 1062 Membro,
401 1008 461 1049 cum
475 992 550 1047 abest
567 995 715 1060 peccatum,
735 994 830 1044 sancto
841 994 915 1044 suat.
940 1019 969 1029 -
1024 990 1112 1044 ritum
1128 987 1235 1056 concipi
1253 1001 1310 1042 nou
1326 986 1428 1056 potuit,
1444 985 1481 1041 ob
1496 985 1549 1042 boc
1565 985 1657 1041 solutu
1677 985 1748 1056 quia
1767 984 1877 1039 invidia

123 1085 209 1141 Porro
221 1083 269 1139 Uei
280 1082 371 1138 Filius
383 1083 409 1137 in
419 1094 535 1137 carnem
544 1079 671 1145 venicus,
681 1078 705 1133 si
716 1079 908 1147 competentia
916 1091 966 1133 cor
1025 1087 1118 1135 vestra
1133 1076 1247 1134 uoluit?
1261 1077 1437 1147 Apiculreex
1450 1076 1660 1146 opusculorum
1677 1075 1788 1131 semino
1803 1074 1877 1131 ictus

123 1173 185 1244 pori
195 1172 324 1229 membra
339 1170 449 1237 habuit,
462 1169 658 1225 membrorum
674 1166 842 1236 compositio
853 1180 910 1222 non
921 1179 971 1220 no
1024 1175 1132 1234 creant,
1155 1179 1222 1221 cum
1239 1165 1365 1220 minores
1385 1164 1524 1221 muscuiae
1548 1163 1657 1220 crebris
1679 1162 1735 1220 sibi
1760 1162 1876 1219 irruant

123 1263 192 1318 cuit.
209 1263 387 1330 Frustraque
402 1273 460 1315 nou
470 1257 575 1328 pudeat
592 1257 669 1326 quod
682 1255 838 1325 ipsumuon
855 1254 968 1324 puduit.
1024 1257 1156 1313 coitibus.
1172 1255 1258 1325 Ergo,
1282 1254 1357 1309 beus
1377 1253 1459 1310 Pater
1479 1252 1560 1321 Filio,
1587 1261 1615 1309 ct
1634 1252 1725 1308 Filius
1746 1251 1804 1308 sibi
1821 1251 1875 1308 iuit

123 1351 160 1408 Et
175 1349 245 1420 quid
259 1363 327 1405 eum
342 1347 473 1417 puderet,
489 1345 537 1402 ubi
552 1344 623 1400 nihii
639 1358 695 1399 uon
711 1351 843 1399 sanctuni
856 1342 927 1399 iuit!
942 1341 970 1399 Si
1023 1343 1163 1412 impotens
1179 1355 1281 1411 parare
1293 1350 1473 1412 conceptum,
1491 1342 1542 1412 qui
1556 1348 1597 1396 tot
1608 1342 1694 1397 etiarn
1717 1339 1873 1397 minuscu-

124 1437 269 1511 quidquid
287 1445 339 1503 cst,
366 1438 473 1493 bouum
497 1442 549 1501 est,
578 1433 631 1489 nisi
659 1432 708 1489 ubi
738 1440 885 1502 peccatum
917 1441 970 1500 est,
1024 1432 1061 1488 lis
1076 1432 1161 1487 rebus
1184 1430 1245 1486 sine
1260 1445 1313 1486 suo
1328 1431 1450 1500 praebuit
1470 1430 1578 1487 semine
1600 1428 1770 1500 propaginis
1785 1429 1874 1486 lucre

124 1527 254 1585 membra
269 1541 335 1596 quse
347 1539 397 1596 par
417 1538 446 1580 se
470 1524 546 1580 bona
561 1528 639 1586 sunt,
655 1534 721 1577 cum
743 1528 892 1591 peccatum
913 1536 971 1578 uon
1026 1521 1176 1577 mentum?

123 1623 175 1683 est,
192 1622 291 1670 sancta
305 1621 384 1670 sunt.
401 1613 526 1669 liembra
547 1617 646 1667 nostra
666 1609 854 1665 imbecillitati
865 1618 971 1666 uostrae
1061 1610 1134 1665 Deus
1158 1612 1188 1664 in
1212 1615 1288 1664 utero
1315 1609 1442 1677 Virginis
1460 1610 1630 1678 praeparavit
1655 1623 1755 1664 semea.
1783 1607 1876 1664 ludat
1906 1568 1908 1637 1

124 1702 452 1769 suntadministratoria,
460 1708 556 1756 etcum
566 1713 660 1766 aures,
668 1711 719 1755 ora
727 1697 772 1753 vel
783 1711 867 1754 nares
875 1711 973 1768 super·
1026 1705 1088 1754 turre
1108 1702 1235 1768 temperis
1258 1699 1292 1753 ab
1318 1698 1427 1753 Christi
1447 1700 1543 1752 maris
1565 1697 1732 1766 discretioni.
1759 1726 1795 1738 -
1822 1696 1875 1754 Sed

123 1793 192 1848 iiuis
206 1793 333 1861 capitum
348 1789 499 1862 egerendis
509 1787 680 1856 inserviunt,
697 1794 800 1842 caetera
814 1787 885 1856 quid
904 1787 971 1842 mali
1026 1788 1141 1844 dicitis:
1163 1788 1240 1843 Deus
1262 1787 1379 1859 quidem
1400 1787 1429 1842 id
1448 1786 1512 1849 sibi,
1532 1794 1561 1842 et
1580 1785 1698 1842 cuilibet
1716 1785 1812 1842 iacere
1832 1800 1876 1856 po

124 1878 321 1950 facinnt,quae
336 1878 663 1934 interiusiutestinorum
676 1874 787 1945 pondus
802 1875 973 1944 exponunt?
1026 1884 1107 1942 terat,
1126 1876 1175 1932 sed
1192 1877 1225 1945 is,
1242 1877 1289 1933 cui
1311 1884 1401 1933 mater
1419 1874 1480 1931 sine
1494 1876 1583 1931 maris
1597 1876 1706 1931 semiue
1720 1889 1771 1944 per
1785 1873 1874 1946 Spiri-

159 1968 286 2024 Hcme'ais
311 1970 380 2023 Deus
400 1968 492 2021 emnia
510 1967 636 2032 suscepit.
655 1994 688 2002 —
713 1964 871 2034 interroga,
896 1964 972 2034 puti-
1026 1973 1099 2032 tum,
1124 1972 1157 2021 ut
1180 1964 1315 2031 asseritis,
1332 1964 1514 2021 iecuudanda
1534 1971 1606 2031 erat,
1632 1977 1685 2019 uec
1708 1963 1798 2030 Deus,
1825 1978 1874 2019 uec

123 2052 239 2108 dissime
268 2059 295 2107 et
317 2064 453 2120 nequam,
480 2049 514 2104 de
535 2046 656 2102 Domino
678 2053 784 2109 nostru,
807 2046 829 2100 Si
853 2047 972 2115 spuerit,
1028 2054 1076 2110 bet
1097 2052 1174 2109 iilius
1192 2061 1269 2123 erat;
1286 2053 1348 2109 ideo
1361 2067 1414 2109 nec
1432 2053 1509 2108 Deus
1530 2053 1556 2108 ei
1578 2052 1652 2119 iecit,
1669 2065 1722 2107 uec
1744 2051 1807 2122 ipse
1820 2051 1872 2108 sibi

123 2140 147 2197 si
172 2154 256 2197 nares
268 2138 440 2202 emunxerit,
457 2137 481 2193 si
498 2135 614 2207 pituitas
628 2132 779 2189 oculorum
796 2134 841 2189 vei
856 2136 973 2192 aurium
1029 2149 1139 2211 poterat
1151 2141 1253 2198 iacere.
1273 2141 1441 2198 ilentimini.
1463 2139 1554 2197 Dicite
1575 2140 1663 2196 mibi:
1687 2140 1778 2194 isaias
1797 2147 1869 2210 post·

122 2229 220 2300 digitis
241 2228 379 2295 hauserit,
395 2234 423 2283 et
449 2225 574 2296 iuteiiigc
590 2222 659 2293 quia
674 2235 734 2292 qua
757 2221 906 2280 honestate
920 2238 973 2281 su·
993 2194 1117 2303 Bquam
1133 2229 1262 2302 gentium
1279 2229 1428 2300 populum,
1443 2229 1494 2299 qui
1513 2229 1677 2286 ambularat
1693 2227 1721 2284 in
1738 2228 1869 2296 tenebris,

123 2317 236 2387 periura
259 2317 320 2373 haic
343 2315 449 2381 iecerit,
469 2322 497 2370 et
525 2312 651 2378 residua,
680 2310 832 2381 peregerit.
854 2312 912 2369 Aut
928 2313 975 2369 dic
1027 2320 1119 2376 iucem
1139 2321 1243 2376 vidisse
1263 2333 1409 2390 magnam,
1436 2326 1464 2375 et
1483 2318 1682 2375 babitantibus
1703 2318 1733 2373 in
1760 2319 1870 2389 regione

122 2405 204 2474 mibi,
228 2405 367 2472 ilicium,
387 2402 579 2474 quiAbraltae
601 2397 885 2470 apparuilD0118208
907 2417 973 2473 quae
1026 2409 1138 2465 umbrae
1162 2408 1260 2464 mortis
1290 2407 1382 2464 iucem
1409 2407 1483 2464 dixit
1512 2416 1643 2463 exortam
1672 2408 1740 2477 (isa.
1769 2421 1809 2474 ur,
1834 2407 1868 2474 2),

122 2494 245 2551 comedit
269 2495 298 2549 ln
322 2507 409 2563 (luent
429 2491 519 2547 alium
535 2490 581 2561 [f·‚
597 2487 709 2562 alvum]
730 2491 882 2558 deposuit?
897 2508 974 2564 quo·
1026 2499 1092 2568 quis
1108 2503 1150 2553 est
1171 2486 1217 2552 itia
1236 2498 1381 2565 paruulus,
1404 2496 1466 2566 qui,
1492 2495 1598 2566 iuquit,
1623 2499 1704 2549 rietus
1727 2499 1769 2550 est
1786 2495 1868 2562 itobb,

123 2583 207 2639 modo
230 2581 326 2649 etiam,
354 2587 405 2636 aut
433 2581 456 2636 si
479 2578 587 2636 iactum
614 2587 665 2648 est,
693 2582 769 2652 quod
793 2595 973 2653 consequeus
1025 2592 1050 2641 et
1063 2587 1137 2654 ptius
1151 2585 1233 2640 datos
1248 2585 1381 2640 testaceis
1399 2584 1494 2652 (ibid,
1511 2586 1550 2653 6),
1566 2585 1600 2639 de
1615 2598 1673 2653 quo
1690 2591 1752 2653 post
1774 2582 1870 2654 aliqua

121 2668 196 2726 tuiti
221 2669 413 2726 contremisco
428 2668 497 2724 dum
512 2667 548 2724 de
562 2668 607 2724 bis
622 2668 752 2740 disput03
769 2671 816 2726 sed
835 2685 894 2738 vos,
921 2671 971 2726 titii
1025 2673 1173 2744 loquitur?
1196 2673 1261 2729 Scio
1282 2688 1334 2729 vos
1355 2673 1491 2740 dicturos,
1517 2673 1592 2729 sicut
1615 2680 1643 2727 et
1669 2670 1786 2728 dixistis
1803 2671 1868 2727 dum

122 2757 237 2825 diaboii,
255 2770 300 2814 me
315 2755 424 2828 cogitis.
443 2757 519 2812 Deus
541 2769 559 2811 a
579 2757 660 2813 vobis
680 2758 787 2828 exigat,
807 2760 858 2829 qui
881 2759 969 2827 novit,
1025 2761 1199 2833 quibusdam
1223 2768 1353 2817 vestrum
1371 2775 1460 2831 super
1483 2763 1537 2818 hoc
1556 2760 1642 2816 verbo
1662 2759 1868 2831 confligerem:

124 2860 182 2916 quo
197 2844 302 2901 affectu
318 2845 344 2901 id
361 2859 425 2916 ago.
447 2845 807 2915 Breviteraccipitebeum
824 2848 972 2904 humiliter
1024 2848 1078 2917 Qui
1103 2850 1191 2918 iilius,
1218 2850 1271 2921 qui
1294 2858 1381 2907 uatus
1402 2850 1518 2916 dicitur,
1543 2849 1628 2904 bomo
1650 2856 1704 2905 est.
1731 2849 1765 2904 Et
1792 2848 1870 2904 vobis

122 2933 219 2990 omnia
235 2933 358 2989 bominis
378 2933 545 3003 suscepisse,
568 2941 595 2990 ct
616 2933 687 2991 nihii
709 2936 833 2992 hominis
847 2938 972 2994 veritum
1024 2939 1109 2995 intuli
1136 2954 1203 2996 cum
1231 2940 1292 2996 bac
1320 2939 1356 2995 de
1379 2940 1482 2995 iiessia
1508 2938 1555 3009 agi
1583 2938 1724 2993 diceretis.
1748 2939 1868 3003 iicssias,

123 3031 228 3092 praeter
252 3030 369 3092 peccata
395 3021 494 3078 luisse.
520 3021 549 3077 Si
570 3021 663 3078 velitis
685 3037 722 3079 ex
746 3024 856 3082 ratione
879 3026 970 3095 perci·
1022 3028 1180 3085 secundum
1197 3036 1322 3084 vestram
1333 3027 1508 3097 opinionem,
1525 3040 1617 3096 purus
1636 3025 1723 3081 bomo
1742 3025 1806 3082 erit.
1828 3024 1889 3083 tn.

122 3124 200 3182 pere,
222 3118 367 3182 poterunt,
397 3119 429 3168 ut
452 3124 526 3178 reor,
550 3110 631 3167 vobis
655 3111 807 3168 ratiocinia
831 3115 971 3184 isuperius
1024 3116 1101 3172 Deus
1119 3124 1147 3172 et
1166 3116 1272 3172 homo‘i
1286 3116 1370 3184 absit,
1392 3115 1482 3180 aistis,
1499 3122 1532 3170 ut
1549 3114 1575 3170 ei
1594 3115 1644 3184 qui
1665 3113 1754 3169 bomo
1768 3114 1814 3181 sit,
1829 3114 1869 3168 di·

123 3199 223 3254 habita
238 3199 307 3255 satis
321 3213 395 3268 esse3
416 3200 439 3255 si
456 3199 537 3256 vobis
563 3198 641 3269 quod
661 3201 792 3270 patribus
810 3203 928 3273 vestris3
946 3203 969 3259 si
1024 3204 1129 3260 vinitas
1144 3205 1320 3261 ascribaturt
1344 3206 1432 3261 Uomo
1447 3203 1502 3259 erit
1525 3203 1663 3272 prudeus,
1684 3211 1809 3272 ternpore
1821 3200 1870 3258 ali-

124 3302 184 3345 vos.
202 3287 601 3358 inquiam,noncredideritis
616 3301 673 3342 uun
690 3287 861 3361 intelligetis.
1024 3307 1083 3362 quo
1097 3301 1281 3363 regnaturus,
1300 3293 1386 3348 linem
1399 3292 1580 3362 postmodum
1598 3292 1724 3362 regulet
1746 3290 1869 3361 corporis

460 3375 576 3432 CAPUT
595 3376 631 3430 ll·
1023 3381 1186 3438 habiturus.
1199 3381 1270 3438 Ecce
1286 3389 1398 3453 quanta
1412 3379 1580 3450 desipientia
1593 3387 1644 3441 est.
1658 3380 1714 3436 imo
1729 3379 1869 3437 hebetudo

157 3467 285 3522 Rationes
299 3464 429 3534 quomode
445 3467 528 3533 Virgo
547 3467 713 3535 peperit·
731 3468 766 3521 At
781 3480 848 3523 vero
862 3474 967 3525 tracta·
988 3471 1054 3546 gin
1074 3469 1218 3526 modernis
1233 3469 1350 3536 ludaeis,
1372 3469 1408 3525 ad
1427 3483 1529 3526 eorum
1552 3468 1806 3538 comparationem,
1822 3466 1870 3539 qul

122 3561 207 3611 turus
220 3553 293 3611 iliud
316 3553 394 3625 quod
417 3561 504 3610 restat
525 3554 559 3611 de
574 3554 664 3610 beatae
685 3554 782 3610 Mariae
804 3556 969 3628 virginitate
1024 3558 1136 3613 bomini
1161 3558 1228 3613 lesu
1244 3556 1473 3626 contemporanei
1499 3556 1627 3612 luerunt.
1651 3554 1696 3611 iiii
1717 3555 1865 3613 dicebaut.

122 3642 292 3712 capitulum,
315 3642 392 3713 quod
413 3642 519 3699 dicitur
538 3650 639 3698 contra
659 3651 794 3700 naturam
818 3645 901 3718 virgo
915 3660 967 3716 pa·
1022 3650 1077 3704 iios
1091 3646 1247 3701 audivimus
1266 3661 1300 3699 ea
1317 3646 1382 3712 tege,
1403 3647 1470 3715 poia
1489 3644 1613 3701 cbristus
1637 3649 1729 3698 menet
1747 3647 1777 3698 in
1794 3651 1869 3699 ater·

122 3744 185 3787 rere
198 3730 373 3800 nequivisse,
391 3729 469 3800 juste
489 3728 743 3799 insanusjudicer‚
757 3731 881 3801 quicum
892 3733 968 3791 insa-
1022 3751 1087 3790 num
1117 3736 1201 3805 (icen.
1229 3748 1281 3799 xri,
1310 3734 1373 3803 ai);
1402 3733 1431 3789 bi
1456 3735 1482 3789 ei
1512 3741 1601 3789 metas
1629 3732 1729 3788 mortis
1762 3731 1869 3789 consci-

123 3819 168 3874 nis
187 3820 353 3875 ratiocinari
375 3820 416 3875 sic
436 3819 544 3876 videar.
569 3820 649 3876 ilatio
669 3829 763 3879 tamen
783 3835 817 3878 ea
839 3822 911 3879 mihi
928 3831 970 3880 est
1023 3831 1117 3879 scunt.
1138 3822 1292 3890 Attendite,
1318 3822 1450 3893 inquam,
1474 3821 1609 3886 iuieiices,
1628 3833 1717 3891 quam
1744 3820 1869 3878 absurde

122 3907 190 3964 uisi
206 3921 223 3963 a
239 3906 419 3964 dementibus
438 3907 541 3976 ridear,
563 3911 662 3967 saitem
686 3910 722 3967 ab
738 3910 783 3967 itis
806 3910 858 3982 qui
873 3911 970 3967 minus
1023 3910 1141 3967 sentitis.

122 4009 168 4051 me
182 3995 308 4064 sapiunt,
324 4003 352 4052 et
367 4011 441 4066 quos
456 3998 600 4055 addiscere
615 4001 691 4068 libet,
709 3999 774 4055 iidei
795 3999 968 4056 intellectum
1059 3997 1270 4070 Prosequimini
1288 4013 1353 4069 quas
1372 4004 1545 4068 sequuntur.
1569 4000 1604 4052 st
1627 3998 1718 4063 rectus
1742 4003 1791 4061 est,
1820 3999 1867 4064 ait,

122 4081 228 4138 babere
251 4083 461 4155 aliquantisper
481 4085 622 4143 inveniar.
647 4090 722 4159 ipsa,
746 4102 812 4158 quae
829 4101 895 4144 vere
919 4088 968 4144 Uei
1022 4090 1195 4157 principatus
1219 4103 1300 4157 super
1320 4088 1460 4142 tumerem
1478 4088 1545 4157 ejus,
1566 4091 1591 4140 et
1614 4086 1757 4141 nocebitur
1776 4102 1868 4140 tomen

122 4170 213 4228 biatcr
234 4179 285 4239 est,
311 4180 411 4229 contra
435 4188 502 4230 suos
517 4176 600 4232 nubis
615 4178 710 4233 hostes
732 4177 859 4246 prebere
872 4177 969 4234 virtu·
1023 4177 1081 4246 ejas
1110 4176 1303 4241 admirabilis,
1326 4177 1515 4237 consiiiarius,
1543 4176 1626 4241 Deos,
1656 4178 1758 4244 Fertis,
1790 4176 1869 4230 Pater

123 4267 179 4316 tem
200 4269 299 4329 petest.
325 4261 399 4327 Quid
423 4262 456 4319 de
481 4272 588 4320 natura
612 4264 763 4335 disputas?
790 4266 835 4320 Au
862 4272 970 4318 natura
1022 4267 1114 4332 samri
1133 4265 1232 4330 saculi,
1250 4266 1379 4335 Princeps
1398 4267 1477 4333 pacis
1496 4263 1561 4332 (isc.
1583 4277 1623 4331 ut,
1648 4266 1687 4331 bt.
1709 4261 1765 4331 Qui
1785 4278 1869 4334 supc-

122 4348 177 4406 iuit
191 4349 269 4419 quod
284 4350 372 4405 idam
397 4351 431 4408 de
456 4351 523 4409 limo
544 4354 638 4410 subito
660 4354 820 4424 plasmatus
836 4351 969 4408 emersit?
1023 4354 1085 4410 rius
1104 4360 1133 4410 et
1153 4359 1248 4420 natus,
1275 4360 1303 4409 et
1332 4353 1420 4418 tilius,
1444 4361 1472 4409 et
1495 4353 1578 4409 nobis
1604 4352 1692 4408 datus
1718 4353 1884 4418 asseritur,

122 4445 228 4494 natura
242 4438 305 4505 luit,
324 4439 394 4509 quia
404 4447 475 4496 tuuc
489 4441 573 4498 bomo
587 4442 622 4498 de
637 4442 725 4498 humo
740 4441 881 4512 originem
893 4454 970 4498 sum·
1023 4454 1103 4496 nuuc
1116 4441 1204 4510 Deus,
1216 4454 1297 4496 nuuc
1320 4441 1404 4497 Pater
1417 4439 1507 4497 iuturi
1527 4438 1626 4497 saecuii
1646 4438 1822 4510 appellatur.
1837 4440 1869 4495 Et

121 4526 198 4597 psit?
219 4527 331 4584 Natura
350 4542 407 4584 uou
428 4527 495 4598 init,
516 4539 659 4601 quantum
679 4531 715 4587 ad
737 4538 849 4587 uaturae
871 4544 967 4596 usum,
1024 4543 1060 4584 ne
1074 4529 1164 4585 deitas
1179 4528 1250 4600 ipsa,
1262 4536 1294 4585 ut
1313 4529 1479 4599 aliquorum
1498 4528 1693 4599 perfunctoria
1707 4536 1866 4598 putaretur,

121 4628 179 4685 quo
193 4629 229 4671 ex
245 4615 360 4672 bomine
376 4617 461 4674 bomo
473 4619 610 4688 procedit.
629 4618 732 4675 Credes
746 4633 815 4690 ergo
831 4619 969 4675 creationi
1023 4618 1067 4687 lui
1087 4624 1129 4672 est
1156 4615 1248 4672 iilud:
1270 4617 1390 4686 Applien
1414 4617 1493 4671 illum
1517 4616 1572 4670 diis
1596 4615 1700 4686 (Used.
1725 4629 1796 4684 xxii,
1826 4616 1869 4683 8i;

121 4703 440 4773 quamnonvidisti,et
455 4705 772 4775 cujusiuterbomiues
787 4705 836 4762 tibi
851 4706 969 4763 minime
1024 4704 1069 4760 vei
1095 4719 1102 4759 :
1128 4705 1264 4761 constitui
1290 4710 1314 4759 te
1341 4707 1425 4760 mum
1454 4705 1609 4760 Pbrcoonis
1637 4704 1737 4775 (mort.
1764 4718 1815 4772 vu,
1847 4705 1868 4770 it

120 4791 254 4862 exempla
269 4792 446 4862 prebentur.
462 4791 565 4850 Credes
575 4793 659 4863 piane
671 4803 795 4851 nontam
807 4794 863 4852 beo
878 4810 966 4866 quarn
985 4789 1141 4849 badditur
1155 4793 1332 4863 perpetuitas
1351 4792 1506 4863 potestatis,
1528 4793 1604 4863 quod
1625 4800 1677 4854 est.
1700 4791 1796 4858 Peter,
1819 4791 1869 4848 sci-

121 4878 210 4951 iioyst
232 4887 291 4936 tuo.
316 4882 430 4938 costam
453 4881 541 4938 etiam
566 4883 594 4937 in
621 4883 770 4940 mulierem
786 4883 966 4950 aedificatam,
1022 4879 1088 4936 iicet
1112 4895 1170 4936 nou
1196 4881 1347 4949 Dominus,
1374 4883 1467 4948 pilari
1489 4883 1582 4936 saculi
1607 4881 1674 4953 (isa.
1704 4894 1746 4947 rx,
1776 4881 1814 4951 b).
1831 4878 1868 4936 lbi

121 4982 179 5025 uon
198 4969 339 5025 diiirleris.
363 4971 398 5026 ut
418 4970 474 5026 boc
490 4970 645 5028 denatura
661 4986 718 5028 nou
736 4971 801 5029 iuit.
824 4975 885 5043 age
898 4986 967 5044 ergo
1021 4967 1108 5039 plane
1121 4968 1271 5039 sapientia,
1294 4983 1361 5040 quae
1381 4970 1465 5026 medo
1484 4970 1599 5041 attingit
1619 4969 1706 5025 atine
1721 4982 1817 5040 usque
1837 4967 1870 5024 ad

121 5056 262 5124 poterisne
289 5057 403 5114 credere
430 5057 591 5129 quidquam
617 5060 695 5115 nasci
726 5059 779 5115 uisi
794 5055 966 5130 congruenti
1022 5056 1109 5114 iinern
1131 5057 1251 5120 loriiter,
1273 5058 1404 5127 disponet
1422 5057 1521 5115 omnia
1548 5058 1679 5115 suaviter
1705 5057 1785 5127 (Sap.
1813 5072 1869 5121 rur,

121 5141 200 5200 illato
211 5145 327 5201 semine.
344 5143 424 5203 certe
441 5153 533 5204 cattas
548 5162 584 5203 ex
603 5157 703 5218 nepeta
713 5147 782 5218 (23),
802 5154 829 5203 et
844 5147 968 5217 capellas
1023 5143 1059 5214 i).
1075 5145 1206 5216 Denique
1223 5147 1286 5215 post
1305 5144 1417 5215 imperii
1437 5144 1717 5215 multiplicationem,
1742 5151 1805 5215 post
1826 5157 1870 5214 pa·

121 5230 175 5300 (td)
189 5245 226 5287 ex
239 5246 375 5302 vervena,
388 5240 416 5290 et
431 5234 563 5291 vultures
585 5236 696 5306 absque
715 5235 794 5292 coitu
817 5234 967 5304 concipere
1020 5231 1062 5287 cis
1081 5232 1298 5302 perennitatem,
1321 5239 1382 5302 post
1400 5231 1463 5288 solii
1486 5231 1578 5288 David
1592 5231 1755 5302 injudicio,
1774 5239 1802 5288 et
1824 5230 1869 5303 ju·

157 5411 214 5479 (bs)
228 5412 283 5469 Seu
298 5416 420 5485 nepetira
435 5416 523 5473 berba
533 5417 713 5474 caiamintinn
728 5406 836 5488 genus.x

156 5481 213 5553 (ii)
227 5482 283 5541 Seu
297 5486 423 5543 vauoiios
438 5501 506 5546 aves
520 5502 527 5543 :
543 5491 591 5545 sed
606 5488 712 5559 niepro
722 5489 876 5559 quadrupe
887 5487 1058 5545 desumitur.
