3794 6008
545 175 730 250 monatius
750 176 784 232 IN
803 174 951 233 sanastis
972 175 1036 231 tiit.
1057 175 1079 230 1.
1652 181 1688 233 38

52 310 221 379 indiximus,
241 308 324 366 oculo
347 307 400 366 etsi
427 307 550 365 multum
574 307 699 372 turbato,
724 309 819 363 nona
838 304 890 363 lux
904 305 1010 364 seilicet
1024 313 1076 363 est.
1101 305 1218 377 Sapiens
1243 307 1338 364 cuim:
1356 308 1495 377 proposui,
1518 307 1623 379 inquit,
1637 322 1688 378 pro

55 400 172 472 penitus
195 406 347 463 excecato,
367 397 419 469 qui
443 403 531 467 caput
553 396 586 451 de
600 396 712 466 abysso
727 396 786 452 ele·
840 394 899 449 luce
918 396 1015 451 trabere
1042 397 1118 450 illum
1138 395 1215 467 (Sap.
1239 413 1286 459 vav,
1319 397 1372 463 tn).
1401 398 1434 452 lit
1453 397 1544 453 alter:
1563 399 1689 452 Miserere

62 489 200 552 clausuro,
220 487 348 543 soleant:
375 488 411 540 lte
439 485 588 555 profundis
613 486 730 541 clamavi
749 485 788 538 nd
839 487 936 552 nostri,
962 485 1011 551 ait,
1044 487 1112 540 Deus
1136 488 1264 548 omnium,
1292 489 1318 539 et
1342 488 1510 554 respiceres
1532 492 1557 541 et
1581 487 1688 541 ostende

52 578 68 632 l.
91 591 190 642 cxxix,
214 575 251 644 1),
276 582 304 631 et
324 582 436 631 caeter'a.
469 574 519 630 llis
546 572 680 630 convenit
708 572 787 643 qued
839 574 915 627 stolis
944 573 1028 628 lucem
1046 574 1251 628 miserationum
1271 578 1380 627 terarum
1403 573 1488 644 (Eccli
1526 589 1624 642 xxxvi,
1651 575 1686 645 ι).

53 678 77 720 r.
840 661 873 717 Et
896 674 1042 731 exponens
1066 674 1154 731 quam
1176 661 1268 717 lacem
1295 661 1418 730 adjecit:
1444 663 1489 727 nt,
1506 659 1533 717 id
1557 669 1609 728 est,
1633 664 1688 717 im-

52 754 145 807 siriius
155 751 548 820 beiterebatursupcraquas.
561 753 649 821 aquae
665 749 694 805 in
705 762 788 805 sacra
840 754 915 806 mitte
938 751 1061 805 timorem
1084 755 1160 805 tuum
1178 765 1260 819 super
1279 759 1381 816 pentes,
1400 765 1460 818 quaa
1477 765 1531 803 aaa
1549 752 1688 819 exquisie-

60 842 213 914 aliquoties
228 841 389 911 voluptates
403 841 498 897 carnis
515 839 688 910 signiticant.
707 838 787 897 Unde
840 845 905 893 ruiti
918 844 942 892 te
960 837 1064 910 (itia),
1080 839 1117 904 ι),
1132 838 1212 895 idest
1225 853 1311 909 super
1331 839 1402 894 vitia
1417 846 1523 906 nestra,
1547 853 1613 910 quse
1631 855 1689 896 non

52 930 181 1001 rangelio
202 929 321 1000 spiritus
345 928 380 985 de
404 929 519 985 bomine
534 929 634 985 exiens
656 941 706 998 per
727 928 788 984 loca
841 929 1040 998 permittente
1062 926 1142 983 nobis
1162 927 1279 998 exquiri
1301 935 1334 984 te.
1354 930 1387 983 b't
1410 934 1569 997 coquoscont
1584 927 1688 998 (loidi,

52 1033 80 1075 sa
94 1019 136 1075 ire
148 1019 256 1075 dicitur
278 1019 354 1088 (luc.
372 1032 413 1083 xv,
432 1016 488 1088 ιι),
515 1018 546 1072 ln
569 1015 673 1071 diluuio
699 1016 788 1088 igitur
842 1015 867 1071 id
885 1022 927 1071 est
940 1019 973 1071 ul
985 1027 1156 1085 cognoscere
1175 1028 1227 1069 nos
1248 1013 1362 1080 iaciant,
1387 1028 1453 1070 curn
1468 1015 1560 1070 evicta
1585 1027 1618 1071 ae
1637 1015 1689 1071 de-

52 1122 74 1161 m
88 1108 238 1162 multarum
258 1106 341 1172 (Psoi.
357 1119 438 1171 xxxi,
464 1106 504 1175 6),
532 1105 560 1161 id
586 1113 628 1161 est
653 1104 787 1161 influxu
841 1109 990 1174 pressule
1015 1102 1182 1173 opitulante,
1205 1101 1314 1158 luerint
1336 1117 1354 1158 a
1376 1103 1468 1168 nobis,
1490 1105 1557 1172 quia
1579 1118 1632 1158 nors
1648 1107 1689 1157 est

52 1209 95 1252 um
111 1195 274 1253 carnalium
289 1194 496 1251 desiderierum
522 1193 683 1251 constitutis
705 1207 789 1249 men·
842 1195 921 1257 Deus,
933 1192 991 1246 nisi
1011 1190 1065 1247 tul
1081 1189 1179 1262 (Iota.)
1198 1189 1250 1247 Sed
1272 1190 1430 1247 videndum
1444 1198 1496 1258 est,
1519 1206 1586 1248 cum
1602 1206 1687 1262 supe-

52 1284 86 1340 tei
115 1282 239 1354 Spiritus
254 1282 444 1353 superfertur,
460 1281 531 1353 quia
545 1281 641 1339 adbuc
661 1281 788 1353 igniculo
840 1281 903 1339 rius
913 1280 1081 1346 dixerimus,
1092 1279 1196 1351 eosqui
1207 1278 1504 1349 vitiisopprimuntur,
1518 1280 1617 1337 timore
1628 1293 1689 1337 suae

52 1372 117 1428 anis
135 1371 249 1429 visente
273 1370 434 1427 considerat
457 1369 556 1426 inlelix
585 1371 700 1426 animus
714 1383 788 1440 quas
841 1368 1008 1441 perditionis
1031 1367 1232 1439 angariando
1255 1368 1306 1424 iste
1326 1370 1411 1424 timer
1433 1367 1469 1425 sit
1492 1368 1591 1425 malim
1605 1369 1689 1440 quia

60 1460 206 1529 miserias;
222 1466 250 1516 et
268 1460 343 1516 sicut
365 1459 399 1515 de
415 1472 481 1530 rege
505 1458 657 1529 Babylonis
681 1457 789 1530 legitur
841 1456 1096 1528 nobisappellatur
1111 1456 1174 1513 lux.

54 1563 118 1605 ram
140 1548 276 1605 sedemus
297 1562 364 1620 rege
389 1546 553 1605 turannos
573 1546 788 1617 eiusovciderit
877 1546 949 1602 Sunt
966 1545 1016 1617 qui
1037 1547 1147 1613 timent,
1173 1559 1208 1601 ne
1233 1545 1260 1601 in
1285 1545 1345 1602 suis
1368 1546 1623 1616 deprehendantur
1636 1545 1689 1602 lla-

52 1653 71 1702 ι,
103 1637 157 1707 tu),
185 1637 233 1702 ita,
259 1638 329 1694 dum
351 1636 477 1707 quisque
500 1635 620 1692 attendit
641 1635 786 1692 adiabole
803 1613 822 1666 Β
842 1633 929 1705 giliis,
949 1634 1001 1703 qui
1025 1633 1110 1689 timor
1134 1634 1226 1704 magis
1252 1633 1287 1690 ad
1313 1633 1386 1689 niele
1409 1635 1554 1705 agendum
1579 1634 1687 1702 incitat,

52 1739 138 1781 orum
153 1725 357 1782 immissionem
384 1739 471 1795 opera
493 1739 546 1781 sua
570 1724 644 1781 bona
665 1723 787 1781 interllci
843 1722 1071 1794 quamretrabit.
1093 1722 1266 1779 sicutenim
1286 1732 1369 1792 poeta
1383 1723 1418 1779 de
1434 1723 1540 1780 talibus
1555 1724 1613 1779 ait:

52 1813 99 1880 ui,
114 1828 182 1869 cum
200 1821 308 1885 quanto
323 1812 425 1884 rugitu
449 1813 510 1869 haec
523 1812 643 1883 aspiciat
661 1812 715 1869 diei
730 1827 786 1868 nen
893 1811 1008 1883 {Quoque
1022 1813 1230 1880 mopistepitur,
1243 1817 1329 1867 tectus
1341 1815 1429 1880 mapis
1440 1819 1536 1868 aestuat
1551 1815 1635 1882 ipnis.

52 1905 121 1973 quia
133 1916 162 1958 se
180 1902 256 1958 sidet
272 1901 388 1958 omnine
413 1903 517 1972 perire.
543 1901 618 1958 dolet
633 1901 788 1972 malletque
842 1899 888 1955 Sic
900 1908 929 1956 et
944 1914 996 1956 nos
1009 1899 1169 1957 secuvrdum
1191 1901 1323 1956 eumdem
1338 1915 1455 1957 sensum
1482 1916 1636 1972 pessumus
1650 1900 1691 1957 di·

51 1996 175 2045 ttamen
190 1999 290 2045 contra
306 1990 406 2045 insitas
430 1989 563 2045 medullis
585 1988 787 2063 eoncupiscen-
842 2002 915 2056 cere,
936 1987 1006 2059 quia
1023 2002 1081 2059 qno
1104 1988 1245 2044 occultius
1262 1997 1409 2058 peccatum
1435 1990 1633 2059 committitur,
1657 2003 1691 2045 ee

52 2078 277 2151 eonsuetudines
296 2092 354 2132 non
379 2076 455 2134 valet
477 2078 535 2134 ulle
550 2077 633 2133 mode
647 2079 786 2134 resistere.
841 2076 1040 2134 uehementius
1059 2077 1088 2133 in
1112 2076 1208 2133 animo
1227 2078 1429 2134 committentis
1450 2079 1623 2135 desiderium
1636 2092 1691 2135 ex-

52 2179 130 2222 ·sona
156 2165 261 2222 horum
281 2165 374 2222 multa
398 2166 427 2221 in
451 2166 512 2222 suis
534 2164 788 2222 lamentationibus
842 2166 958 2222 citatur.
976 2166 1059 2233 Nam,
1089 2167 1166 2237 quod
1191 2166 1312 2223 latenter
1335 2167 1366 2222 itt
1380 2174 1407 2223 et
1422 2168 1499 2239 quod
1523 2168 1692 2238 prohibetur

52 2268 76 2310 ts
90 2255 229 2326 propbeta
255 2254 394 2324 deplorat.
419 2253 492 2310 Sunt
511 2253 561 2324 qui
578 2253 641 2309 nilis
655 2255 788 2311 earnium
843 2268 878 2310 ne
892 2254 951 2320 liat,
972 2253 1108 2310 libentius
1123 2262 1315 2324 perpetratur,
1338 2255 1414 2310 Nam
1437 2258 1689 2326 concupiscentiam,

52 2349 122 2398 niur
143 2343 172 2397 in
195 2341 328 2413 AEgppto,
345 2348 372 2397 et
386 2341 513 2397 exerceri
537 2347 638 2411 sponte
652 2355 705 2397 sua
719 2356 789 2412 npe-
842 2343 882 2400 ait
910 2341 1070 2413 Apostolus,
1092 2344 1251 2410 nesciebam,
1283 2343 1312 2399 id
1335 2350 1454 2399 estnon
1483 2344 1552 2400 adeo
1572 2357 1690 2415 pravam

52 2429 92 2487 uti
106 2436 134 2487 et
148 2430 265 2500 lateris3
285 2430 332 2486 scd
356 2437 424 2486 sunt
446 2443 549 2486 rursus
573 2428 686 2500 aliiqui
700 2430 788 2486 coacti
842 2438 978 2501 expertus
996 2444 1086 2498 eram,
1116 2433 1172 2485 uisi
1205 2432 1249 2486 lea
1284 2431 1399 2487 diceet:
1435 2432 1494 2488 Non
1523 2435 1691 2503 concupisces

52 2526 138 2575 entes
153 2519 190 2576 ab
208 2518 393 2575 exactoribus
416 2525 560 2589 urgentur
578 2517 614 2573 ad
628 2517 744 2575 sordida
762 2525 789 2575 et
844 2523 930 2588 (Rom.
951 2534 1001 2587 vn,
1028 2522 1064 2585 7).
1095 2518 1164 2575 llicit
1186 2519 1272 2575 etiam
1291 2519 1411 2590 quidam
1438 2519 1571 2591 Sapiens:
1601 2523 1692 2577 Timor

52 2651 54 2660 ,
68 2622 165 2680 opera,
188 2623 255 2679 quae
269 2609 421 2679 signantur
443 2622 494 2678 per
508 2607 602 2664 lutum
618 2614 646 2664 el
660 2607 788 2674 laterem,
842 2610 914 2664 nituit
928 2614 967 2664 est
979 2610 1036 2663 nisi
1047 2610 1266 2679 presumptionis
1277 2607 1447 2678 adiutorium
1459 2609 1534 2678 (Sap.
1547 2624 1616 2676 xviv,
1634 2613 1689 2678 iil,

52 2697 145 2762 raoni,
161 2696 188 2753 id
213 2703 256 2754 est
278 2696 401 2763 diabole,
426 2696 606 2754 lamulantur
632 2695 723 2762 inviti,
739 2695 788 2765 qui
844 2697 1030 2769 scilieetquia
1048 2711 1114 2755 cum
1127 2697 1156 2753 in
1175 2697 1379 2754 animotimore
1396 2697 1462 2768 quis
1476 2706 1589 2766 aestuat,
1605 2707 1692 2756 aestus

55 2784 489 2841 tcumPsalmistaadDeum:
520 2786 643 2839 liiserere
661 2784 788 2846 meiito·
845 2786 927 2856 ipse;
953 2785 1056 2857 quide
1079 2785 1174 2842 servili
1204 2793 1280 2842 totus
1307 2785 1409 2842 timore
1430 2793 1540 2842 constat
1567 2785 1632 2856 pius
1655 2783 1690 2839 ad

52 2875 176 2942 quoniam
190 2875 340 2928 inveterari
355 2875 427 2928 inter
457 2888 546 2928 omnes
572 2875 695 2927 inimicos
720 2886 823 2970 meosc
843 2873 975 2931 ellectum
1008 2873 1123 2931 sceleris
1147 2880 1284 2944 provocat
1312 2887 1400 2945 quam
1428 2873 1576 2943 retardat;
1601 2881 1628 2930 et
1651 2879 1692 2928 est

52 2976 81 3027 n,
94 2962 133 3029 7).
148 2960 276 3029 Quorum
292 2962 369 3018 Deus
393 2962 556 3017 interiorem
576 2961 714 3032 gemitum
737 2973 791 3016 au·
844 2962 968 3032 proditio
987 2962 1167 3033 cogitationis
1178 2963 1355 3019 auxiliorum
1373 2962 1452 3018 idest
1466 2962 1598 3030 asendit,
1614 2961 1691 3033 quod

52 3049 135 3106 ducit
155 3050 267 3106 vinctos
288 3050 370 3120 (Psoi.
399 3066 483 3114 aaran,
498 3049 525 3119 7)
548 3049 668 3106 lunibus
690 3047 791 3104 erimi-
845 3051 914 3122 ipsis
937 3051 1079 3122 perversis
1102 3050 1324 3123 cogitationibus
1346 3051 1382 3107 ad
1400 3051 1510 3107 malurn
1534 3049 1693 3106 anhelanti-

52 3136 74 3193 .d
91 3137 259 3194 bocutsint
275 3137 484 3195 infortitudine
506 3137 603 3209 pravis
628 3137 689 3194 suis
703 3137 790 3194 meti·
845 3138 900 3195 bus
915 3137 999 3195 timor
1014 3138 1073 3210 ipse
1094 3137 1262 3206 auxilietur,
1278 3137 1385 3194 seilicet
1407 3137 1484 3194 vires
1498 3137 1633 3208 prebeat.
1651 3137 1694 3193 Ti-

52 3225 167 3283 sistendi
177 3242 185 3296 3
210 3226 341 3283 similiter
363 3240 410 3284 eos
430 3227 481 3298 qui
503 3233 676 3297 exasperant
691 3227 791 3295 (ibid.)
846 3227 1048 3299 mentitaque
1079 3226 1264 3297 deprehendi,
1301 3227 1402 3283 timent
1431 3227 1584 3298 proditioni
1607 3226 1692 3283 etiarn

56 3313 153 3386 erigit,
168 3321 201 3371 ut
225 3329 291 3372 cum
305 3314 395 3371 David
417 3314 517 3372 audire
533 3316 673 3372 debeant:
691 3315 791 3371 inveni
845 3329 905 3372 suae
919 3314 1020 3386 aliqui,
1034 3315 1083 3373 sed
1099 3316 1169 3396 quia
1187 3329 1224 3372 ex
1246 3314 1340 3388 gratia
1359 3315 1409 3372 Dei
1430 3330 1489 3372 non
1507 3323 1559 3384 est,
1576 3316 1645 3387 quia
1657 3329 1694 3370 ex

52 3402 192 3459 scendum
213 3417 262 3459 cer
285 3417 379 3460 meum
405 3402 481 3474 (Act.
501 3420 561 3472 xtra,
585 3405 644 3473 ii),
665 3415 791 3474 quorum
845 3417 1013 3462 amorenon
1037 3412 1157 3474 constat,
1178 3404 1315 3462 vitiorum
1342 3405 1472 3462 arderem
1493 3420 1550 3462 non
1566 3413 1691 3476 superat.

62 3490 131 3548 lacit
153 3493 321 3548 memoriam
351 3491 514 3563 iniquitatis
533 3507 599 3549 eum
619 3492 714 3548 sonitu
734 3490 792 3547 bla-
846 3492 908 3548 Filii
923 3493 1009 3551 lsrael
1026 3508 1124 3564 peenas
1148 3508 1222 3564 quas
1242 3493 1288 3550 lex
1304 3494 1470 3551 minabatur
1484 3494 1625 3559 timentes,
1642 3508 1695 3550 nec

52 3593 150 3648 arum,
170 3581 278 3652 quibus
303 3581 443 3638 adversus
470 3581 562 3638 Deum
577 3580 706 3637 solebant
730 3593 793 3649 per·
846 3588 924 3637 metu
938 3595 1098 3652 paenarum,
1113 3595 1166 3638 nec
1180 3581 1341 3637 carnalium
1359 3581 1476 3650 praemin
1486 3581 1693 3651 promissarum

52 3683 79 3735 e,
104 3667 155 3739 qui
180 3671 266 3725 vertit
289 3668 401 3739 impios,
424 3676 451 3726 et
464 3668 525 3739 jam
540 3683 597 3725 non
615 3676 684 3725 sunt
699 3667 791 3738 impii,
846 3683 863 3725 a
886 3668 956 3740 lepis
977 3669 1212 3740 prevaricatione
1243 3669 1333 3726 teneri
1356 3676 1496 3738 poteraut,
1520 3669 1590 3740 quia
1614 3669 1694 3726 nullo

52 3756 193 3812 itantibus
215 3757 244 3812 in
267 3757 408 3828 sepulcris
442 3756 596 3814 oblivionis
628 3755 789 3813 exclamat:
846 3757 896 3813 Dei
918 3769 1015 3814 amere
1040 3756 1077 3812 ad
1100 3756 1172 3813 bene
1195 3757 1340 3827 agendum
1365 3756 1475 3812 animes
1498 3756 1693 3828 applicabant,

52 3846 137 3904 ‚ami
151 3845 228 3910 {oras
252 3847 342 3912 (Joan.
369 3863 406 3913 ιι,
431 3846 486 3918 42).
503 3847 534 3902 ld
559 3845 792 3916 estpestilentem
846 3845 894 3901 sed
926 3852 1017 3901 tetum
1046 3843 1134 3900 coacti
1157 3842 1299 3901 serviliter
1323 3859 1380 3900 non
1408 3844 1511 3914 spiritu
1535 3844 1695 3914 adoptionis

52 3932 144 3989 eccati
169 3932 367 3990 temulentiam
397 3933 530 4004 digerens
560 3940 606 3988 n
628 3941 700 3991 astu
715 3948 793 3990 acer·
846 3933 980 4003 agebant.
996 3931 1092 3989 Timor
1105 3946 1173 4005 crgo
1192 3931 1239 3989 ille
1258 3947 1346 4003 quem
1369 3931 1491 3989 dicimus
1505 3931 1556 3989 lux
1574 3940 1627 4002 est,
1643 3933 1694 4004 qui

52 4021 214 4077 metientia
238 4021 406 4087 edormisce,
429 4021 521 4093 etqui
546 4021 629 4093 quasi
651 4029 791 4087 mortuus,
845 4029 873 4079 et
888 4021 1021 4078 tenebras
1043 4021 1173 4078 obscenae
1195 4019 1375 4094 cogitationis
1395 4020 1520 4089 discutit,
1540 4027 1568 4078 et
1589 4021 1695 4093 pariter

61 4116 92 4165 et
105 4109 231 4180 elinguis
245 4109 274 4165 in
301 4110 436 4167 barathro
459 4110 597 4167 vitiorum
614 4109 730 4182 jacebas
743 4123 791 4165 oc·
846 4111 882 4165 ad
898 4123 1024 4166 amorem
1035 4109 1150 4167 virtutis
1164 4108 1305 4166 accendit.

52 4199 122 4264 oeni,
140 4195 166 4252 id
183 4205 225 4254 est
248 4198 349 4254 accede
368 4198 404 4254 ad
420 4212 485 4255 eum
502 4198 552 4268 qui
572 4205 599 4254 te
619 4206 701 4255 vocat
716 4197 827 4270 inte-p
881 4197 935 4264 Qui
952 4196 1042 4270 igitur
1061 4198 1150 4268 primo
1172 4199 1234 4254 sine
1259 4198 1355 4255 lructu
1380 4198 1416 4255 de
1442 4212 1494 4255 suo
1516 4205 1629 4269 torpore
1643 4198 1693 4255 do·

52 4298 82 4341 ar
109 4287 217 4356 peccati
241 4285 483 4356 deplorationem;
500 4294 533 4343 ut
554 4290 642 4354 fores,
663 4287 690 4343 id
706 4286 792 4343 estin
847 4285 932 4351 lebat,
962 4285 997 4342 de
1023 4299 1081 4356 quo
1106 4299 1136 4341 se
1163 4292 1298 4342 excutere
1327 4300 1384 4342 non
1412 4294 1533 4356 poterat,
1549 4286 1695 4358 quiasinc

52 4373 115 4446 jam
137 4373 257 4443 prodeas
279 4387 331 4444 per
346 4373 487 4430 bonorum
503 4387 621 4444 operum
638 4374 792 4430 exhibitio·
846 4373 909 4430 lnce
925 4373 1018 4446 gratia
1041 4372 1162 4430 coelcstis
1184 4380 1255 4440 erat,
1276 4373 1338 4445 jam
1358 4374 1443 4442 delet,
1469 4390 1521 4431 nee
1544 4374 1624 4433 dolor
1641 4390 1695 4432 va-

52 4475 98 4532 pse
124 4475 251 4533 namque
272 4463 350 4519 videt
371 4463 557 4520 alilictionem
577 4463 673 4534 populi
697 4463 793 4531 subet
846 4476 919 4519 cuns
937 4469 988 4530 est,
1003 4463 1072 4532 quia
1092 4461 1189 4518 unctio
1208 4461 1300 4517 saneti
1323 4461 1456 4533 Spiritus,
1479 4479 1545 4536 quae
1560 4478 1626 4521 etam
1642 4463 1695 4521 do-

52 4548 99 4616 lit,
125 4548 213 4606 idest
232 4550 407 4621 cernpatitur
428 4550 464 4606 ad
487 4550 680 4606 miserendum
700 4549 750 4614 eis,
765 4555 793 4605 et
845 4551 937 4608 cetde
959 4550 1093 4607 omnibus
1116 4556 1143 4606 et
1165 4550 1290 4617 roborat,
1316 4551 1406 4607 adest.
1430 4552 1550 4624 Antiqui
1577 4552 1694 4625 quando

52 4651 82 4692 s:
845 4638 1056 4696 exercebantur
1082 4638 1118 4695 ad
1159 4639 1330 4709 palaestram,
1368 4643 1437 4712 ungi
1473 4648 1693 4711 consueverant,

52 4728 104 4780 ..3.
128 4752 162 4766 -
186 4726 252 4780 Fiat
274 4727 324 4780 lua
347 4731 372 4781 ei
395 4728 472 4794 sucta
491 4731 530 4781 est
554 4727 612 4781 lua.
629 4725 709 4793 erod
725 4741 793 4798 erge
846 4728 909 4783 ideo
924 4726 1053 4783 videlicet
1069 4735 1101 4783 ut
1123 4740 1173 4797 per
1187 4727 1276 4795 nuda,
1293 4735 1320 4783 et
1335 4743 1371 4784 ex
1385 4729 1520 4786 unctione
1536 4730 1695 4786 madelacta

52 4812 184 4870 silebere
198 4812 316 4885 intelligi
333 4815 499 4884 perimam,
514 4816 568 4870 nisu
582 4813 652 4870 illud
668 4815 792 4885 primurn
846 4829 966 4886 corpora
982 4814 1145 4872 labentibus
1161 4816 1300 4886 ejusqui
1317 4816 1537 4885 colluctabatur,
1560 4816 1694 4874 manibus

53 4901 172 4975 ,quod
197 4902 241 4957 bis
265 4902 315 4973 qui
344 4910 556 4959 convertuntur
575 4902 610 4958 ad
635 4916 685 4956 cor
708 4901 791 4970 (Psoi.
847 4904 1046 4960 minusteneri
1062 4904 1185 4960 luctator
1206 4910 1309 4973 posset.
1338 4904 1413 4960 Nudi
1436 4912 1545 4970 autom,
1571 4906 1601 4962 id
1621 4913 1662 4963 est
1681 4920 1698 4962 a

72 4988 211 5055 elidatur.
237 4988 311 5057 Quid
333 4997 374 5046 est
397 4998 492 5047 autern
519 4990 644 5060 primum
673 4989 791 5057 bancam,
845 4991 1027 5049 saeetrlarinm
1052 5006 1149 5048 rerum
1180 5006 1277 5048 amore
1312 4992 1456 5062 praepediti
1482 4992 1529 5065 [fo
1553 4993 1696 5067 expediti]

52 5077 173 5142 naaliel,
190 5077 240 5148 qni
264 5078 371 5133 dicitur
394 5081 502 5133 initium
530 5076 791 5148 sapimtiaelil’sal.
845 5080 977 5149 eiuncti,
1007 5080 1034 5135 id
1063 5088 1105 5137 est
1133 5081 1238 5136 divinae
1264 5079 1423 5136 dilectionis
1446 5081 1522 5138 dulci
1551 5083 1694 5141 suavitaie

68 5164 245 5235 Sapientiam
276 5180 345 5222 vero
372 5166 464 5223 lucem
492 5166 627 5238 appellari
648 5180 791 5235 nonuno,
845 5165 977 5233 delibuti,
1001 5164 1114 5222 diabtln
1136 5166 1264 5223 duellum
1285 5166 1410 5223 indicere
1436 5166 1584 5238 jubemur,
1610 5171 1695 5242 cujus

52 5253 106 5310 ‚ltis
128 5253 345 5324 scripturarum
372 5254 441 5311 locis
463 5255 649 5312 advertimus.
667 5253 746 5322 Quod
768 5255 792 5312 si
845 5261 924 5312 tanto
940 5255 1034 5311 minor
1052 5262 1095 5311 est
1115 5254 1302 5326 lragiliorque
1326 5253 1356 5311 in
1385 5256 1543 5328 pugnando
1557 5266 1694 5315 canstan-

52 5356 71 5398 x
94 5350 147 5410 est,
174 5350 202 5398 et
226 5341 341 5400 initium
366 5344 431 5414 ejus
453 5343 539 5400 timor
560 5343 610 5400 liei
633 5351 686 5411 est,
708 5343 793 5400 timor
846 5345 896 5411 tia,
921 5353 1030 5416 quanto
1050 5344 1186 5400 lervidior
1210 5344 1239 5398 in
1260 5343 1345 5399 corde
1361 5345 1524 5416 penitentis
1548 5346 1696 5405 invenitur

52 5448 80 5498 n,
99 5430 170 5501 qnia
186 5443 255 5501 pars
275 5430 338 5501 ejus
363 5438 415 5499 est,
441 5430 516 5488 idem
539 5431 616 5501 quod
633 5438 724 5488 tetum
740 5439 792 5499 est,
846 5433 1074 5503 compunctionis
1088 5432 1192 5504 gratia.
