<?xml version="1.0" encoding="UTF-8"?>
<!DOCTYPE html PUBLIC "-//W3C//DTD XHTML 1.0 Transitional//EN"
    "http://www.w3.org/TR/xhtml1/DTD/xhtml1-transitional.dtd">
<html xmlns="http://www.w3.org/1999/xhtml" xml:lang="en" lang="en">
 <head>
  <title>
</title>
<meta http-equiv="Content-Type" content="text/html;charset=utf-8" />
  <meta name='ocr-system' content='tesseract 3.04.00' />
  <meta name='ocr-capabilities' content='ocr_page ocr_carea ocr_par ocr_line ocrx_word'/>
</head>
<body>
  <div class='ocr_page' id='page_1' title='image "./patrologiaecurs05unkngoog_0367.png"; bbox 0 0 3818 6008; ppageno 0'>
   <div class='ocr_carea' id='block_1_1' title="bbox 118 205 171 257">
    <p class='ocr_par' dir='ltr' id='par_1_1' title="bbox 118 205 171 257">
     <span class='ocr_line' id='line_1_1' title="bbox 118 205 171 257; baseline 0.019 -1"><span class='ocrx_word' id='word_1_1' title='bbox 118 205 171 257; x_wconf 70' lang='lat'>723</span> 
     </span>
    </p>
   </div>
   <div class='ocr_carea' id='block_1_2' title="bbox 560 192 1416 259">
    <p class='ocr_par' dir='ltr' id='par_1_2' title="bbox 560 192 1416 259">
     <span class='ocr_line' id='line_1_2' title="bbox 560 192 1416 259; baseline -0.001 -1"><span class='ocrx_word' id='word_1_2' title='bbox 560 201 590 258; x_wconf 86' lang='lat' dir='ltr'>V.</span> <span class='ocrx_word' id='word_1_3' title='bbox 612 200 781 259; x_wconf 76' lang='lat' dir='ltr'>cursuum</span> <span class='ocrx_word' id='word_1_4' title='bbox 801 192 996 256; x_wconf 75' lang='lat' dir='ltr'>abbatiss</span> <span class='ocrx_word' id='word_1_5' title='bbox 1017 200 1138 258; x_wconf 69' lang='lat' dir='ltr'>unalis</span> <span class='ocrx_word' id='word_1_6' title='bbox 1155 201 1201 256; x_wconf 81' lang='lat' dir='ltr'>DE</span> <span class='ocrx_word' id='word_1_7' title='bbox 1220 199 1416 258; x_wconf 78' lang='lat' dir='ltr'>uovtoultro</span> 
     </span>
    </p>
   </div>
   <div class='ocr_carea' id='block_1_3' title="bbox 1815 202 1867 256">
    <p class='ocr_par' dir='ltr' id='par_1_3' title="bbox 1815 202 1867 256">
     <span class='ocr_line' id='line_1_3' title="bbox 1815 202 1867 256; baseline 0 0"><span class='ocrx_word' id='word_1_8' title='bbox 1815 202 1867 256; x_wconf 77' lang='lat' dir='ltr'>vti</span> 
     </span>
    </p>
   </div>
   <div class='ocr_carea' id='block_1_4' title="bbox 117 334 1865 408">
    <p class='ocr_par' dir='ltr' id='par_1_4' title="bbox 117 334 1865 408">
     <span class='ocr_line' id='line_1_4' title="bbox 117 334 1865 408; baseline -0.002 -13"><span class='ocrx_word' id='word_1_9' title='bbox 117 337 408 407; x_wconf 86' lang='lat' dir='ltr'>exercituspersonis,</span> <span class='ocrx_word' id='word_1_10' title='bbox 434 349 508 406; x_wconf 90' lang='lat' dir='ltr'>quas</span> <span class='ocrx_word' id='word_1_11' title='bbox 531 335 745 407; x_wconf 89' lang='lat' dir='ltr'>magnillcentia</span> <span class='ocrx_word' id='word_1_12' title='bbox 770 335 819 391; x_wconf 93' lang='lat' dir='ltr'>illa</span> <span class='ocrx_word' id='word_1_13' title='bbox 840 341 882 392; x_wconf 87' lang='lat' dir='ltr'>est</span> <span class='ocrx_word' id='word_1_14' title='bbox 902 335 964 391; x_wconf 93' lang='lat' dir='ltr'>visa</span> <span class='ocrx_word' id='word_1_15' title='bbox 981 337 1006 389; x_wconf 76' lang='lat' dir='ltr'>A</span> <span class='ocrx_word' id='word_1_16' title='bbox 1020 335 1106 403; x_wconf 91' lang='lat' dir='ltr'>aliud,</span> <span class='ocrx_word' id='word_1_17' title='bbox 1125 336 1174 393; x_wconf 90' lang='lat' dir='ltr'>sed</span> <span class='ocrx_word' id='word_1_18' title='bbox 1193 336 1229 392; x_wconf 87' lang='lat' dir='ltr'>ad</span> <span class='ocrx_word' id='word_1_19' title='bbox 1254 337 1330 393; x_wconf 90' lang='lat' dir='ltr'>bella</span> <span class='ocrx_word' id='word_1_20' title='bbox 1352 351 1418 408; x_wconf 79' lang='lat' dir='ltr'>quae</span> <span class='ocrx_word' id='word_1_21' title='bbox 1444 336 1604 393; x_wconf 90' lang='lat' dir='ltr'>imminent.</span> <span class='ocrx_word' id='word_1_22' title='bbox 1631 335 1689 392; x_wconf 83' lang='lat' dir='ltr'>«Si</span> <span class='ocrx_word' id='word_1_23' title='bbox 1716 334 1865 406; x_wconf 91' lang='lat' dir='ltr'>inquiunt,</span> 
     </span>
    </p>
   </div>
   <div class='ocr_carea' id='block_1_5' title="bbox 112 423 966 1549">
    <p class='ocr_par' dir='ltr' id='par_1_5' title="bbox 112 423 966 1549">
     <span class='ocr_line' id='line_1_5' title="bbox 119 423 966 498; baseline -0.004 -15"><span class='ocrx_word' id='word_1_24' title='bbox 119 427 315 498; x_wconf 83' lang='lat' dir='ltr'>praetergredi,</span> <span class='ocrx_word' id='word_1_25' title='bbox 332 424 422 481; x_wconf 90' lang='lat' dir='ltr'>multa</span> <span class='ocrx_word' id='word_1_26' title='bbox 443 423 497 479; x_wconf 90' lang='lat' dir='ltr'>luit</span> <span class='ocrx_word' id='word_1_27' title='bbox 518 423 678 479; x_wconf 80' lang='lat' dir='ltr'>invidentia</span> <span class='ocrx_word' id='word_1_28' title='bbox 699 432 798 479; x_wconf 86' lang='lat' dir='ltr'>contra</span> <span class='ocrx_word' id='word_1_29' title='bbox 824 425 966 495; x_wconf 89' lang='lat' dir='ltr'>principos</span> 
     </span>
     <span class='ocr_line' id='line_1_6' title="bbox 119 511 965 583; baseline -0.004 -13"><span class='ocrx_word' id='word_1_30' title='bbox 119 528 152 570; x_wconf 91' lang='lat' dir='ltr'>ac</span> <span class='ocrx_word' id='word_1_31' title='bbox 167 513 298 570; x_wconf 74' lang='lat' dir='ltr'>simultas</span> <span class='ocrx_word' id='word_1_32' title='bbox 316 512 453 583; x_wconf 90' lang='lat' dir='ltr'>ingenita.</span> <span class='ocrx_word' id='word_1_33' title='bbox 470 511 534 577; x_wconf 90' lang='lat' dir='ltr'>Nec,</span> <span class='ocrx_word' id='word_1_34' title='bbox 548 512 634 582; x_wconf 78' lang='lat' dir='ltr'>iuxta</span> <span class='ocrx_word' id='word_1_35' title='bbox 658 512 811 581; x_wconf 79' lang='lat' dir='ltr'><strong>quemdam</strong></span> <span class='ocrx_word' id='word_1_36' title='bbox 837 511 965 568; x_wconf 83' lang='lat' dir='ltr'>modum‘</span> 
     </span>
     <span class='ocr_line' id='line_1_7' title="bbox 118 600 966 671; baseline -0.001 -15"><span class='ocrx_word' id='word_1_37' title='bbox 118 601 147 657; x_wconf 92' lang='lat' dir='ltr'>id</span> <span class='ocrx_word' id='word_1_38' title='bbox 161 615 278 671; x_wconf 89' lang='lat' dir='ltr'>prorsus</span> <span class='ocrx_word' id='word_1_39' title='bbox 298 600 415 670; x_wconf 78' lang='lat' dir='ltr'>injuria.</span> <span class='ocrx_word' id='word_1_40' title='bbox 440 600 485 655; x_wconf 84' lang='lat' dir='ltr'>ilii</span> <span class='ocrx_word' id='word_1_41' title='bbox 504 614 607 669; x_wconf 91' lang='lat' dir='ltr'>nempe</span> <span class='ocrx_word' id='word_1_42' title='bbox 628 614 781 657; x_wconf 89' lang='lat' dir='ltr'>exercuere</span> <span class='ocrx_word' id='word_1_43' title='bbox 797 600 912 670; x_wconf 83' lang='lat' dir='ltr'>praelia3</span> <span class='ocrx_word' id='word_1_44' title='bbox 929 601 966 656; x_wconf 90' lang='lat' dir='ltr'>ad</span> 
     </span>
     <span class='ocr_line' id='line_1_8' title="bbox 118 687 964 754; baseline 0 -9"><span class='ocrx_word' id='word_1_45' title='bbox 118 691 169 745; x_wconf 92' lang='lat' dir='ltr'>bos</span> <span class='ocrx_word' id='word_1_46' title='bbox 189 688 305 744; x_wconf 83' lang='lat' dir='ltr'>attinuit</span> <span class='ocrx_word' id='word_1_47' title='bbox 327 689 415 743; x_wconf 91' lang='lat' dir='ltr'>totius</span> <span class='ocrx_word' id='word_1_48' title='bbox 441 688 597 744; x_wconf 80' lang='lat' dir='ltr'>obsidionis</span> <span class='ocrx_word' id='word_1_49' title='bbox 620 687 746 754; x_wconf 86' lang='lat' dir='ltr'>ellectns,</span> <span class='ocrx_word' id='word_1_50' title='bbox 771 688 889 744; x_wconf 91' lang='lat' dir='ltr'>molium</span> <span class='ocrx_word' id='word_1_51' title='bbox 915 703 964 745; x_wconf 92' lang='lat' dir='ltr'>ve·</span> 
     </span>
     <span class='ocr_line' id='line_1_9' title="bbox 116 776 962 846; baseline -0.001 -12"><span class='ocrx_word' id='word_1_52' title='bbox 116 779 233 843; x_wconf 76' lang='lat' dir='ltr'>stiones,</span> <span class='ocrx_word' id='word_1_53' title='bbox 261 776 462 832; x_wconf 91' lang='lat' dir='ltr'>macbinarum</span> <span class='ocrx_word' id='word_1_54' title='bbox 487 776 716 846; x_wconf 81' lang='lat' dir='ltr'>balistarumque</span> <span class='ocrx_word' id='word_1_55' title='bbox 740 777 883 846; x_wconf 84' lang='lat' dir='ltr'>impactio.</span> <span class='ocrx_word' id='word_1_56' title='bbox 908 778 962 845; x_wconf 87' lang='lat' dir='ltr'>Hii,</span> 
     </span>
     <span class='ocr_line' id='line_1_10' title="bbox 114 864 964 936; baseline 0 -15"><span class='ocrx_word' id='word_1_57' title='bbox 114 866 246 936; x_wconf 92' lang='lat' dir='ltr'>inquam,</span> <span class='ocrx_word' id='word_1_58' title='bbox 276 873 308 921; x_wconf 91' lang='lat' dir='ltr'>ut</span> <span class='ocrx_word' id='word_1_59' title='bbox 329 864 456 921; x_wconf 89' lang='lat' dir='ltr'>breviter</span> <span class='ocrx_word' id='word_1_60' title='bbox 474 865 618 932; x_wconf 86' lang='lat' dir='ltr'>claudam,</span> <span class='ocrx_word' id='word_1_61' title='bbox 644 872 830 934; x_wconf 91' lang='lat' dir='ltr'>portaverunt</span> <span class='ocrx_word' id='word_1_62' title='bbox 852 865 964 935; x_wconf 89' lang='lat' dir='ltr'>pondus</span> 
     </span>
     <span class='ocr_line' id='line_1_11' title="bbox 115 940 964 1024; baseline 0 -15"><span class='ocrx_word' id='word_1_63' title='bbox 115 954 171 1009; x_wconf 90' lang='lat' dir='ltr'>diei</span> <span class='ocrx_word' id='word_1_64' title='bbox 187 961 214 1009; x_wconf 94' lang='lat' dir='ltr'>et</span> <span class='ocrx_word' id='word_1_65' title='bbox 230 960 326 1009; x_wconf 79' lang='lat' dir='ltr'>aestus.</span> <span class='ocrx_word' id='word_1_66' title='bbox 344 953 439 1008; x_wconf 89' lang='lat' dir='ltr'>Prima</span> <span class='ocrx_word' id='word_1_67' title='bbox 455 952 544 1023; x_wconf 88' lang='lat' dir='ltr'>igitur</span> <span class='ocrx_word' id='word_1_68' title='bbox 558 952 604 1008; x_wconf 90' lang='lat' dir='ltr'>die</span> <span class='ocrx_word' id='word_1_69' title='bbox 619 966 678 1021; x_wconf 92' lang='lat' dir='ltr'>qua</span> <span class='ocrx_word' id='word_1_70' title='bbox 697 952 733 1007; x_wconf 89' lang='lat' dir='ltr'>ab</span> <span class='ocrx_word' id='word_1_71' title='bbox 755 952 825 1008; x_wconf 92' lang='lat' dir='ltr'>urbe</span> <span class='ocrx_word' id='word_1_72' title='bbox 850 940 964 1024; x_wconf 81' lang='lat' dir='ltr'>re‘cepta</span> 
     </span>
     <span class='ocr_line' id='line_1_12' title="bbox 114 1041 961 1112; baseline 0.001 -16"><span class='ocrx_word' id='word_1_73' title='bbox 114 1041 274 1112; x_wconf 90' lang='lat' dir='ltr'>digressum</span> <span class='ocrx_word' id='word_1_74' title='bbox 297 1048 349 1101; x_wconf 88' lang='lat' dir='ltr'>est.</span> <span class='ocrx_word' id='word_1_75' title='bbox 377 1048 491 1109; x_wconf 91' lang='lat' dir='ltr'>pontem</span> <span class='ocrx_word' id='word_1_76' title='bbox 515 1041 669 1109; x_wconf 88' lang='lat' dir='ltr'>quemdam</span> <span class='ocrx_word' id='word_1_77' title='bbox 695 1041 824 1108; x_wconf 90' lang='lat' dir='ltr'>pervium</span> <span class='ocrx_word' id='word_1_78' title='bbox 850 1041 961 1097; x_wconf 87' lang='lat' dir='ltr'>babue-</span> 
     </span>
     <span class='ocr_line' id='line_1_13' title="bbox 114 1127 960 1197; baseline 0.001 -15"><span class='ocrx_word' id='word_1_79' title='bbox 114 1135 193 1193; x_wconf 92' lang='lat' dir='ltr'>runt,</span> <span class='ocrx_word' id='word_1_80' title='bbox 233 1127 309 1183; x_wconf 91' lang='lat' dir='ltr'>circa</span> <span class='ocrx_word' id='word_1_81' title='bbox 340 1141 425 1197; x_wconf 90' lang='lat' dir='ltr'>quem</span> <span class='ocrx_word' id='word_1_82' title='bbox 460 1128 547 1183; x_wconf 89' lang='lat' dir='ltr'>biduo</span> <span class='ocrx_word' id='word_1_83' title='bbox 577 1127 745 1183; x_wconf 90' lang='lat' dir='ltr'>continuato</span> <span class='ocrx_word' id='word_1_84' title='bbox 781 1136 960 1186; x_wconf 90' lang='lat' dir='ltr'>manserunt.</span> 
     </span>
     <span class='ocr_line' id='line_1_14' title="bbox 114 1215 962 1286; baseline 0.004 -16"><span class='ocrx_word' id='word_1_85' title='bbox 114 1215 208 1270; x_wconf 80' lang='lat' dir='ltr'>Tertia</span> <span class='ocrx_word' id='word_1_86' title='bbox 227 1223 322 1270; x_wconf 90' lang='lat' dir='ltr'>autem</span> <span class='ocrx_word' id='word_1_87' title='bbox 338 1215 383 1270; x_wconf 92' lang='lat' dir='ltr'>die</span> <span class='ocrx_word' id='word_1_88' title='bbox 396 1230 464 1270; x_wconf 89' lang='lat' dir='ltr'>cum</span> <span class='ocrx_word' id='word_1_89' title='bbox 479 1222 659 1286; x_wconf 82' lang='lat' dir='ltr'>expromeret</span> <span class='ocrx_word' id='word_1_90' title='bbox 672 1215 731 1285; x_wconf 83' lang='lat' dir='ltr'>J&#39;arn</span> <span class='ocrx_word' id='word_1_91' title='bbox 748 1217 842 1271; x_wconf 89' lang='lat' dir='ltr'>tenuis</span> <span class='ocrx_word' id='word_1_92' title='bbox 857 1229 962 1273; x_wconf 91' lang='lat' dir='ltr'>aurora</span> 
     </span>
     <span class='ocr_line' id='line_1_15' title="bbox 113 1302 962 1372; baseline 0.002 -15"><span class='ocrx_word' id='word_1_93' title='bbox 113 1302 328 1372; x_wconf 89' lang='lat' dir='ltr'>crepusculum,</span> <span class='ocrx_word' id='word_1_94' title='bbox 364 1310 555 1358; x_wconf 89' lang='lat' dir='ltr'>surrexerunt</span> <span class='ocrx_word' id='word_1_95' title='bbox 585 1303 685 1370; x_wconf 86' lang='lat' dir='ltr'>nostri,</span> <span class='ocrx_word' id='word_1_96' title='bbox 713 1310 741 1359; x_wconf 91' lang='lat' dir='ltr'>et</span> <span class='ocrx_word' id='word_1_97' title='bbox 767 1303 836 1358; x_wconf 91' lang='lat' dir='ltr'>dum</span> <span class='ocrx_word' id='word_1_98' title='bbox 866 1304 962 1360; x_wconf 89' lang='lat' dir='ltr'>adbuc</span> 
     </span>
     <span class='ocr_line' id='line_1_16' title="bbox 113 1389 959 1460; baseline 0.004 -16"><span class='ocrx_word' id='word_1_99' title='bbox 113 1389 203 1444; x_wconf 90' lang='lat' dir='ltr'>dubia</span> <span class='ocrx_word' id='word_1_100' title='bbox 218 1390 272 1445; x_wconf 88' lang='lat' dir='ltr'>sub</span> <span class='ocrx_word' id='word_1_101' title='bbox 297 1390 360 1445; x_wconf 91' lang='lat' dir='ltr'>luce</span> <span class='ocrx_word' id='word_1_102' title='bbox 383 1390 545 1454; x_wconf 73' lang='lat' dir='ltr'>caecutiant,</span> <span class='ocrx_word' id='word_1_103' title='bbox 569 1391 645 1446; x_wconf 92' lang='lat' dir='ltr'>bivio</span> <span class='ocrx_word' id='word_1_104' title='bbox 668 1390 808 1447; x_wconf 90' lang='lat' dir='ltr'>scinditur</span> <span class='ocrx_word' id='word_1_105' title='bbox 835 1392 864 1447; x_wconf 92' lang='lat' dir='ltr'>in</span> <span class='ocrx_word' id='word_1_106' title='bbox 891 1405 959 1460; x_wconf 90' lang='lat' dir='ltr'>uno,</span> 
     </span>
     <span class='ocr_line' id='line_1_17' title="bbox 112 1477 962 1549; baseline 0.002 -16"><span class='ocrx_word' id='word_1_107' title='bbox 112 1484 140 1533; x_wconf 93' lang='lat' dir='ltr'>et</span> <span class='ocrx_word' id='word_1_108' title='bbox 158 1477 245 1533; x_wconf 89' lang='lat' dir='ltr'>biduo</span> <span class='ocrx_word' id='word_1_109' title='bbox 260 1477 372 1545; x_wconf 88' lang='lat' dir='ltr'>integro</span> <span class='ocrx_word' id='word_1_110' title='bbox 396 1478 450 1532; x_wconf 91' lang='lat' dir='ltr'>sub</span> <span class='ocrx_word' id='word_1_111' title='bbox 473 1477 586 1533; x_wconf 91' lang='lat' dir='ltr'>duobus</span> <span class='ocrx_word' id='word_1_112' title='bbox 609 1478 746 1548; x_wconf 89' lang='lat' dir='ltr'>disparati</span> <span class='ocrx_word' id='word_1_113' title='bbox 767 1479 962 1549; x_wconf 82' lang='lat' dir='ltr'>profiscuntur</span> 
     </span>
    </p>
   </div>
   <div class='ocr_carea' id='block_1_6' title="bbox 1017 422 1869 1369">
    <p class='ocr_par' dir='ltr' id='par_1_6' title="bbox 1017 422 1869 1281">
     <span class='ocr_line' id='line_1_18' title="bbox 1021 422 1867 495; baseline 0.001 -18"><span class='ocrx_word' id='word_1_114' title='bbox 1021 424 1115 492; x_wconf 91' lang='lat' dir='ltr'>prima</span> <span class='ocrx_word' id='word_1_115' title='bbox 1136 437 1221 493; x_wconf 89' lang='lat' dir='ltr'>penes</span> <span class='ocrx_word' id='word_1_116' title='bbox 1242 425 1350 480; x_wconf 85' lang='lat' dir='ltr'>ancos</span> <span class='ocrx_word' id='word_1_117' title='bbox 1372 439 1478 495; x_wconf 86' lang='lat' dir='ltr'>pugnae</span> <span class='ocrx_word' id='word_1_118' title='bbox 1496 425 1662 479; x_wconf 89' lang='lat' dir='ltr'>rudimenta</span> <span class='ocrx_word' id='word_1_119' title='bbox 1685 423 1784 479; x_wconf 89' lang='lat' dir='ltr'>videre</span> <span class='ocrx_word' id='word_1_120' title='bbox 1809 422 1867 478; x_wconf 90' lang='lat' dir='ltr'>ool·</span> 
     </span>
     <span class='ocr_line' id='line_1_19' title="bbox 1021 510 1868 582; baseline 0.001 -16"><span class='ocrx_word' id='word_1_121' title='bbox 1021 511 1116 579; x_wconf 86' lang='lat' dir='ltr'>libeat,</span> <span class='ocrx_word' id='word_1_122' title='bbox 1128 512 1188 582; x_wconf 83' lang='lat' dir='ltr'>jam</span> <span class='ocrx_word' id='word_1_123' title='bbox 1204 519 1272 568; x_wconf 91' lang='lat' dir='ltr'>suut</span> <span class='ocrx_word' id='word_1_124' title='bbox 1287 527 1354 582; x_wconf 82' lang='lat' dir='ltr'>quae</span> <span class='ocrx_word' id='word_1_125' title='bbox 1378 511 1474 576; x_wconf 89' lang='lat' dir='ltr'>vultis,</span> <span class='ocrx_word' id='word_1_126' title='bbox 1501 519 1603 582; x_wconf 85' lang='lat' dir='ltr'>praesto</span> <span class='ocrx_word' id='word_1_127' title='bbox 1623 511 1728 566; x_wconf 91' lang='lat' dir='ltr'>venite.</span> <span class='ocrx_word' id='word_1_128' title='bbox 1749 531 1760 558; x_wconf 86' lang='lat'><strong>»</strong></span> <span class='ocrx_word' id='word_1_129' title='bbox 1784 510 1868 567; x_wconf 84' lang='lat' dir='ltr'>Ducis</span> 
     </span>
     <span class='ocr_line' id='line_1_20' title="bbox 1021 597 1867 671; baseline 0 -17"><span class='ocrx_word' id='word_1_130' title='bbox 1021 599 1119 670; x_wconf 88' lang='lat' dir='ltr'>itaque</span> <span class='ocrx_word' id='word_1_131' title='bbox 1134 600 1249 655; x_wconf 90' lang='lat' dir='ltr'>nomine</span> <span class='ocrx_word' id='word_1_132' title='bbox 1261 599 1376 671; x_wconf 90' lang='lat' dir='ltr'>dignus,</span> <span class='ocrx_word' id='word_1_133' title='bbox 1391 600 1534 670; x_wconf 87' lang='lat' dir='ltr'>specimen</span> <span class='ocrx_word' id='word_1_134' title='bbox 1560 598 1666 654; x_wconf 83' lang='lat' dir='ltr'>militiae</span> <span class='ocrx_word' id='word_1_135' title='bbox 1687 597 1867 666; x_wconf 84' lang='lat' dir='ltr'>Godelridns,</span> 
     </span>
     <span class='ocr_line' id='line_1_21' title="bbox 1019 685 1869 759; baseline -0.004 -15"><span class='ocrx_word' id='word_1_136' title='bbox 1019 696 1047 744; x_wconf 93' lang='lat' dir='ltr'>et</span> <span class='ocrx_word' id='word_1_137' title='bbox 1062 689 1099 745; x_wconf 97' lang='lat' dir='ltr'>ab</span> <span class='ocrx_word' id='word_1_138' title='bbox 1113 703 1147 745; x_wconf 89' lang='lat' dir='ltr'>ea</span> <span class='ocrx_word' id='word_1_139' title='bbox 1161 703 1226 759; x_wconf 84' lang='lat' dir='ltr'>quae</span> <span class='ocrx_word' id='word_1_140' title='bbox 1247 688 1307 757; x_wconf 86' lang='lat' dir='ltr'>regi</span> <span class='ocrx_word' id='word_1_141' title='bbox 1327 689 1471 758; x_wconf 86' lang='lat' dir='ltr'>competit,</span> <span class='ocrx_word' id='word_1_142' title='bbox 1500 686 1667 743; x_wconf 82' lang='lat' dir='ltr'>tortitudine</span> <span class='ocrx_word' id='word_1_143' title='bbox 1693 700 1752 741; x_wconf 90' lang='lat' dir='ltr'>non</span> <span class='ocrx_word' id='word_1_144' title='bbox 1781 685 1869 757; x_wconf 89' lang='lat' dir='ltr'>dege-</span> 
     </span>
     <span class='ocr_line' id='line_1_22' title="bbox 1019 773 1868 845; baseline -0.004 -15"><span class='ocrx_word' id='word_1_145' title='bbox 1019 790 1081 843; x_wconf 90' lang='lat' dir='ltr'>ner,</span> <span class='ocrx_word' id='word_1_146' title='bbox 1107 776 1163 831; x_wconf 90' lang='lat' dir='ltr'>imo</span> <span class='ocrx_word' id='word_1_147' title='bbox 1187 775 1342 845; x_wconf 80' lang='lat' dir='ltr'>pardalica,</span> <span class='ocrx_word' id='word_1_148' title='bbox 1369 786 1395 829; x_wconf 84' lang='lat' dir='ltr'>nt</span> <span class='ocrx_word' id='word_1_149' title='bbox 1422 774 1462 829; x_wconf 88' lang='lat' dir='ltr'>sic</span> <span class='ocrx_word' id='word_1_150' title='bbox 1482 773 1585 841; x_wconf 87' lang='lat' dir='ltr'>dicam,</span> <span class='ocrx_word' id='word_1_151' title='bbox 1611 773 1791 828; x_wconf 89' lang='lat' dir='ltr'>animositate</span> <span class='ocrx_word' id='word_1_152' title='bbox 1816 787 1868 843; x_wconf 91' lang='lat' dir='ltr'>pa-</span> 
     </span>
     <span class='ocr_line' id='line_1_23' title="bbox 1019 861 1869 934; baseline -0.002 -15"><span class='ocrx_word' id='word_1_153' title='bbox 1019 864 1147 929; x_wconf 87' lang='lat' dir='ltr'>trissans,</span> <span class='ocrx_word' id='word_1_154' title='bbox 1165 863 1249 934; x_wconf 84' lang='lat' dir='ltr'>liugn</span> <span class='ocrx_word' id='word_1_155' title='bbox 1264 864 1396 934; x_wconf 79' lang='lat' dir='ltr'>Magnus,</span> <span class='ocrx_word' id='word_1_156' title='bbox 1413 877 1478 918; x_wconf 91' lang='lat' dir='ltr'>cum</span> <span class='ocrx_word' id='word_1_157' title='bbox 1502 862 1563 917; x_wconf 89' lang='lat' dir='ltr'>suis</span> <span class='ocrx_word' id='word_1_158' title='bbox 1586 861 1769 932; x_wconf 88' lang='lat' dir='ltr'>primicopiis,</span> <span class='ocrx_word' id='word_1_159' title='bbox 1796 875 1869 931; x_wconf 88' lang='lat' dir='ltr'>qua·</span> 
     </span>
     <span class='ocr_line' id='line_1_24' title="bbox 1017 948 1867 1021; baseline -0.004 -14"><span class='ocrx_word' id='word_1_160' title='bbox 1017 952 1084 1007; x_wconf 91' lang='lat' dir='ltr'>dam</span> <span class='ocrx_word' id='word_1_161' title='bbox 1122 952 1234 1021; x_wconf 90' lang='lat' dir='ltr'>epulari</span> <span class='ocrx_word' id='word_1_162' title='bbox 1279 951 1426 1007; x_wconf 82' lang='lat' dir='ltr'>alacritate</span> <span class='ocrx_word' id='word_1_163' title='bbox 1457 957 1644 1005; x_wconf 91' lang='lat' dir='ltr'>concurrunt.</span> <span class='ocrx_word' id='word_1_164' title='bbox 1671 948 1780 1004; x_wconf 87' lang='lat' dir='ltr'>Deinde</span> <span class='ocrx_word' id='word_1_165' title='bbox 1813 949 1867 1004; x_wconf 87' lang='lat' dir='ltr'>Po-</span> 
     </span>
     <span class='ocr_line' id='line_1_25' title="bbox 1017 1036 1869 1110; baseline -0.001 -18"><span class='ocrx_word' id='word_1_166' title='bbox 1017 1037 1122 1093; x_wconf 91' lang='lat' dir='ltr'>diensis</span> <span class='ocrx_word' id='word_1_167' title='bbox 1135 1039 1294 1110; x_wconf 89' lang='lat' dir='ltr'>episcopus,</span> <span class='ocrx_word' id='word_1_168' title='bbox 1320 1052 1377 1094; x_wconf 94' lang='lat' dir='ltr'>non</span> <span class='ocrx_word' id='word_1_169' title='bbox 1399 1037 1482 1093; x_wconf 91' lang='lat' dir='ltr'>modo</span> <span class='ocrx_word' id='word_1_170' title='bbox 1509 1036 1607 1092; x_wconf 88' lang='lat' dir='ltr'>multis</span> <span class='ocrx_word' id='word_1_171' title='bbox 1635 1036 1745 1106; x_wconf 88' lang='lat' dir='ltr'>quibus</span> <span class='ocrx_word' id='word_1_172' title='bbox 1764 1036 1869 1091; x_wconf 89' lang='lat' dir='ltr'>emicat</span> 
     </span>
     <span class='ocr_line' id='line_1_26' title="bbox 1017 1122 1867 1195; baseline -0.002 -15"><span class='ocrx_word' id='word_1_173' title='bbox 1017 1124 1114 1190; x_wconf 89' lang='lat' dir='ltr'>armis,</span> <span class='ocrx_word' id='word_1_174' title='bbox 1143 1127 1191 1180; x_wconf 88' lang='lat' dir='ltr'>sed</span> <span class='ocrx_word' id='word_1_175' title='bbox 1223 1126 1338 1182; x_wconf 93' lang='lat' dir='ltr'>monitis</span> <span class='ocrx_word' id='word_1_176' title='bbox 1359 1124 1550 1195; x_wconf 85' lang='lat' dir='ltr'>precibusque</span> <span class='ocrx_word' id='word_1_177' title='bbox 1575 1128 1649 1178; x_wconf 60' lang='lat' dir='ltr'>aba</span> <span class='ocrx_word' id='word_1_178' title='bbox 1671 1122 1762 1179; x_wconf 91' lang='lat' dir='ltr'>sacris</span> <span class='ocrx_word' id='word_1_179' title='bbox 1787 1136 1867 1179; x_wconf 92' lang='lat' dir='ltr'>com-</span> 
     </span>
     <span class='ocr_line' id='line_1_27' title="bbox 1017 1212 1254 1281; baseline 0 -15"><span class='ocrx_word' id='word_1_180' title='bbox 1017 1212 1121 1267; x_wconf 90' lang='lat' dir='ltr'>muniit</span> <span class='ocrx_word' id='word_1_181' title='bbox 1137 1212 1230 1281; x_wconf 90' lang='lat' dir='ltr'>ipsum</span> <span class='ocrx_word' id='word_1_182' title='bbox 1247 1227 1254 1266; x_wconf 90' lang='lat'>:</span> 
     </span>
    </p>

    <p class='ocr_par' dir='ltr' id='par_1_7' title="bbox 1051 1296 1864 1369">
     <span class='ocr_line' id='line_1_28' title="bbox 1051 1296 1864 1369; baseline -0.005 -15"><span class='ocrx_word' id='word_1_183' title='bbox 1051 1299 1139 1369; x_wconf 80' lang='lat' dir='ltr'>sique</span> <span class='ocrx_word' id='word_1_184' title='bbox 1153 1299 1225 1355; x_wconf 88' lang='lat' dir='ltr'>loret</span> <span class='ocrx_word' id='word_1_185' title='bbox 1240 1297 1378 1368; x_wconf 91' lang='lat' dir='ltr'>tepidum,</span> <span class='ocrx_word' id='word_1_186' title='bbox 1402 1297 1559 1354; x_wconf 85' lang='lat' dir='ltr'>lerve&#39;scere</span> <span class='ocrx_word' id='word_1_187' title='bbox 1582 1296 1724 1369; x_wconf 90' lang='lat' dir='ltr'>compulit</span> <span class='ocrx_word' id='word_1_188' title='bbox 1749 1311 1864 1368; x_wconf 88' lang='lat' dir='ltr'>agmen.</span> 
     </span>
    </p>
   </div>
   <div class='ocr_carea' id='block_1_7' title="bbox 1016 1385 1866 1542">
    <p class='ocr_par' dir='ltr' id='par_1_8' title="bbox 1016 1385 1866 1542">
     <span class='ocr_line' id='line_1_29' title="bbox 1052 1385 1866 1456; baseline -0.002 -14"><span class='ocrx_word' id='word_1_189' title='bbox 1052 1388 1093 1443; x_wconf 82' lang='lat' dir='ltr'>Ad</span> <span class='ocrx_word' id='word_1_190' title='bbox 1106 1396 1267 1443; x_wconf 91' lang='lat' dir='ltr'>extremum</span> <span class='ocrx_word' id='word_1_191' title='bbox 1284 1388 1360 1443; x_wconf 88' lang='lat' dir='ltr'>sicut</span> <span class='ocrx_word' id='word_1_192' title='bbox 1374 1394 1437 1442; x_wconf 93' lang='lat' dir='ltr'>erat</span> <span class='ocrx_word' id='word_1_193' title='bbox 1457 1394 1539 1442; x_wconf 83' lang='lat' dir='ltr'>aetate</span> <span class='ocrx_word' id='word_1_194' title='bbox 1567 1385 1693 1456; x_wconf 88' lang='lat' dir='ltr'>gravior,</span> <span class='ocrx_word' id='word_1_195' title='bbox 1719 1385 1866 1455; x_wconf 88' lang='lat' dir='ltr'>experien-</span> 
     </span>
     <span class='ocr_line' id='line_1_30' title="bbox 1016 1470 1862 1542; baseline -0.005 -13"><span class='ocrx_word' id='word_1_196' title='bbox 1016 1472 1113 1542; x_wconf 89' lang='lat' dir='ltr'>tiaque</span> <span class='ocrx_word' id='word_1_197' title='bbox 1150 1473 1326 1537; x_wconf 90' lang='lat' dir='ltr'>instructior,</span> <span class='ocrx_word' id='word_1_198' title='bbox 1366 1479 1393 1528; x_wconf 90' lang='lat' dir='ltr'>et</span> <span class='ocrx_word' id='word_1_199' title='bbox 1432 1471 1558 1527; x_wconf 89' lang='lat' dir='ltr'>consiliis</span> <span class='ocrx_word' id='word_1_200' title='bbox 1592 1470 1698 1526; x_wconf 89' lang='lat' dir='ltr'>idcirco</span> <span class='ocrx_word' id='word_1_201' title='bbox 1726 1471 1862 1538; x_wconf 90' lang='lat' dir='ltr'>securior,</span> 
     </span>
    </p>
   </div>
   <div class='ocr_carea' id='block_1_8' title="bbox 113 1557 1863 1722">
    <p class='ocr_par' dir='ltr' id='par_1_9' title="bbox 113 1557 1863 1722">
     <span class='ocr_line' id='line_1_31' title="bbox 113 1557 1863 1658; baseline -0.004 -38"><span class='ocrx_word' id='word_1_202' title='bbox 113 1566 289 1634; x_wconf 78' lang='lat' dir='ltr'>agminibus.</span> <span class='ocrx_word' id='word_1_203' title='bbox 319 1566 352 1620; x_wconf 93' lang='lat' dir='ltr'>ln</span> <span class='ocrx_word' id='word_1_204' title='bbox 381 1564 470 1621; x_wconf 89' lang='lat' dir='ltr'>altero</span> <span class='ocrx_word' id='word_1_205' title='bbox 498 1567 649 1637; x_wconf 81' lang='lat' dir='ltr'>agminum</span> <span class='ocrx_word' id='word_1_206' title='bbox 673 1567 859 1624; x_wconf 90' lang='lat' dir='ltr'>Boemundus</span> <span class='ocrx_word' id='word_1_207' title='bbox 887 1575 958 1635; x_wconf 90' lang='lat' dir='ltr'>erat,</span> <span class='ocrx_word' id='word_1_208' title='bbox 976 1603 997 1658; x_wconf 73' lang='grc' dir='ltr'><strong>Β</strong></span> <span class='ocrx_word' id='word_1_209' title='bbox 1015 1575 1109 1617; x_wconf 90' lang='lat' dir='ltr'>comes</span> <span class='ocrx_word' id='word_1_210' title='bbox 1126 1560 1220 1617; x_wconf 88' lang='lat' dir='ltr'>Sancti</span> <span class='ocrx_word' id='word_1_211' title='bbox 1237 1560 1329 1631; x_wconf 83' lang='lat' dir='ltr'>Egidii</span> <span class='ocrx_word' id='word_1_212' title='bbox 1353 1559 1534 1615; x_wconf 83' lang='lat' dir='ltr'>Raimundus</span> <span class='ocrx_word' id='word_1_213' title='bbox 1551 1557 1778 1613; x_wconf 82' lang='lat' dir='ltr'>Prouincialium</span> <span class='ocrx_word' id='word_1_214' title='bbox 1795 1572 1863 1613; x_wconf 86' lang='lat' dir='ltr'>suo-</span> 
     </span>
     <span class='ocr_line' id='line_1_32' title="bbox 114 1645 1862 1722; baseline -0.002 -18"><span class='ocrx_word' id='word_1_215' title='bbox 114 1649 256 1705; x_wconf 84' lang='lat' dir='ltr'>ilobertus</span> <span class='ocrx_word' id='word_1_216' title='bbox 271 1663 306 1704; x_wconf 90' lang='lat' dir='ltr'>ex</span> <span class='ocrx_word' id='word_1_217' title='bbox 327 1648 547 1716; x_wconf 86' lang='lat' dir='ltr'>Nortbmannia,</span> <span class='ocrx_word' id='word_1_218' title='bbox 564 1650 729 1706; x_wconf 87' lang='lat' dir='ltr'>Tancredus</span> <span class='ocrx_word' id='word_1_219' title='bbox 751 1666 867 1722; x_wconf 92' lang='lat' dir='ltr'>quoqne</span> <span class='ocrx_word' id='word_1_220' title='bbox 892 1666 958 1708; x_wconf 90' lang='lat' dir='ltr'>cum</span> <span class='ocrx_word' id='word_1_221' title='bbox 1015 1662 1079 1703; x_wconf 90' lang='lat' dir='ltr'>rum</span> <span class='ocrx_word' id='word_1_222' title='bbox 1098 1648 1253 1718; x_wconf 90' lang='lat' dir='ltr'>manipulis</span> <span class='ocrx_word' id='word_1_223' title='bbox 1267 1647 1498 1703; x_wconf 85' lang='lat' dir='ltr'>succenturiatus</span> <span class='ocrx_word' id='word_1_224' title='bbox 1512 1646 1618 1716; x_wconf 89' lang='lat' dir='ltr'>erupit.</span> <span class='ocrx_word' id='word_1_225' title='bbox 1641 1645 1862 1715; x_wconf 86' lang='lat' dir='ltr'>Superinspecto</span> 
     </span>
    </p>
   </div>
   <div class='ocr_carea' id='block_1_9' title="bbox 72 1736 960 2861">
    <p class='ocr_par' dir='ltr' id='par_1_10' title="bbox 112 1736 959 1982">
     <span class='ocr_line' id='line_1_33' title="bbox 112 1736 959 1809; baseline 0.006 -18"><span class='ocrx_word' id='word_1_226' title='bbox 112 1736 238 1806; x_wconf 90' lang='lat' dir='ltr'>plurima</span> <span class='ocrx_word' id='word_1_227' title='bbox 254 1736 375 1803; x_wconf 88' lang='lat' dir='ltr'>militia;</span> <span class='ocrx_word' id='word_1_228' title='bbox 392 1737 524 1793; x_wconf 88' lang='lat' dir='ltr'>acomite</span> <span class='ocrx_word' id='word_1_229' title='bbox 539 1737 633 1793; x_wconf 89' lang='lat' dir='ltr'>Sancti</span> <span class='ocrx_word' id='word_1_230' title='bbox 650 1739 751 1809; x_wconf 85' lang='lat' dir='ltr'>Egidii,</span> <span class='ocrx_word' id='word_1_231' title='bbox 776 1740 849 1795; x_wconf 90' lang='lat' dir='ltr'>duce</span> <span class='ocrx_word' id='word_1_232' title='bbox 870 1740 959 1796; x_wconf 87' lang='lat' dir='ltr'>Gode-</span> 
     </span>
     <span class='ocr_line' id='line_1_34' title="bbox 112 1824 959 1898; baseline 0.006 -19"><span class='ocrx_word' id='word_1_233' title='bbox 112 1825 195 1892; x_wconf 90' lang='lat' dir='ltr'>lridn‚</span> <span class='ocrx_word' id='word_1_234' title='bbox 235 1824 363 1880; x_wconf 90' lang='lat' dir='ltr'>Podiensi</span> <span class='ocrx_word' id='word_1_235' title='bbox 397 1827 538 1895; x_wconf 89' lang='lat' dir='ltr'>episcopo,</span> <span class='ocrx_word' id='word_1_236' title='bbox 567 1827 688 1897; x_wconf 82' lang='lat' dir='ltr'>lingone</span> <span class='ocrx_word' id='word_1_237' title='bbox 716 1828 827 1898; x_wconf 88' lang='lat' dir='ltr'>Magno,</span> <span class='ocrx_word' id='word_1_238' title='bbox 858 1830 959 1885; x_wconf 90' lang='lat' dir='ltr'>comite</span> 
     </span>
     <span class='ocr_line' id='line_1_35' title="bbox 112 1912 957 1982; baseline 0.002 -15"><span class='ocrx_word' id='word_1_239' title='bbox 112 1912 290 1978; x_wconf 82' lang='lat' dir='ltr'>Flandrensi,</span> <span class='ocrx_word' id='word_1_240' title='bbox 307 1925 357 1981; x_wconf 91' lang='lat' dir='ltr'>per</span> <span class='ocrx_word' id='word_1_241' title='bbox 372 1912 438 1966; x_wconf 90' lang='lat' dir='ltr'>avia</span> <span class='ocrx_word' id='word_1_242' title='bbox 452 1913 584 1982; x_wconf 79' lang='lat' dir='ltr'>quandam</span> <span class='ocrx_word' id='word_1_243' title='bbox 605 1915 803 1971; x_wconf 88' lang='lat' dir='ltr'>adducebatur</span> <span class='ocrx_word' id='word_1_244' title='bbox 824 1914 957 1972; x_wconf 90' lang='lat' dir='ltr'>alterum.</span> 
     </span>
    </p>

    <p class='ocr_par' dir='ltr' id='par_1_11' title="bbox 72 1994 960 2861">
     <span class='ocr_line' id='line_1_36' title="bbox 149 1994 959 2069; baseline 0.011 -21"><span class='ocrx_word' id='word_1_245' title='bbox 149 1994 236 2048; x_wconf 85' lang='lat' dir='ltr'>Turct&#39;</span> <span class='ocrx_word' id='word_1_246' title='bbox 248 1995 375 2050; x_wconf 83' lang='lat' dir='ltr'>Francos</span> <span class='ocrx_word' id='word_1_247' title='bbox 389 1994 569 2066; x_wconf 78' lang='lat' dir='ltr'>impugnant.</span> <span class='ocrx_word' id='word_1_248' title='bbox 594 1998 744 2053; x_wconf 86' lang='lat' dir='ltr'>—Tertia</span> <span class='ocrx_word' id='word_1_249' title='bbox 767 2000 891 2069; x_wconf 86' lang='lat' dir='ltr'>denique</span> <span class='ocrx_word' id='word_1_250' title='bbox 914 2001 959 2057; x_wconf 86' lang='lat' dir='ltr'>die</span> 
     </span>
     <span class='ocr_line' id='line_1_37' title="bbox 112 2081 959 2154; baseline 0.009 -19"><span class='ocrx_word' id='word_1_251' title='bbox 112 2081 141 2136; x_wconf 94' lang='lat' dir='ltr'>in</span> <span class='ocrx_word' id='word_1_252' title='bbox 157 2081 368 2149; x_wconf 88' lang='lat' dir='ltr'>Boemundum,</span> <span class='ocrx_word' id='word_1_253' title='bbox 384 2084 560 2154; x_wconf 80' lang='lat' dir='ltr'>comitesque</span> <span class='ocrx_word' id='word_1_254' title='bbox 573 2085 646 2154; x_wconf 83' lang='lat' dir='ltr'>ejus,</span> <span class='ocrx_word' id='word_1_255' title='bbox 674 2086 706 2140; x_wconf 81' lang='lat' dir='ltr'>lrt</span> <span class='ocrx_word' id='word_1_256' title='bbox 728 2087 889 2142; x_wconf 77' lang='lat' dir='ltr'>Turdorum</span> <span class='ocrx_word' id='word_1_257' title='bbox 912 2088 959 2143; x_wconf 95' lang='lat' dir='ltr'>in-</span> 
     </span>
     <span class='ocr_line' id='line_1_38' title="bbox 112 2169 957 2244; baseline 0.009 -21"><span class='ocrx_word' id='word_1_258' title='bbox 112 2169 200 2225; x_wconf 77' lang='lat' dir='ltr'>finitae</span> <span class='ocrx_word' id='word_1_259' title='bbox 221 2170 426 2238; x_wconf 92' lang='lat' dir='ltr'>multitudinis,</span> <span class='ocrx_word' id='word_1_260' title='bbox 449 2185 516 2227; x_wconf 90' lang='lat' dir='ltr'>cum</span> <span class='ocrx_word' id='word_1_261' title='bbox 540 2172 700 2241; x_wconf 90' lang='lat' dir='ltr'>repentina,</span> <span class='ocrx_word' id='word_1_262' title='bbox 725 2176 787 2229; x_wconf 92' lang='lat' dir='ltr'>tum</span> <span class='ocrx_word' id='word_1_263' title='bbox 811 2175 957 2244; x_wconf 91' lang='lat' dir='ltr'>terribilis,</span> 
     </span>
     <span class='ocr_line' id='line_1_39' title="bbox 111 2258 960 2327; baseline 0.008 -15"><span class='ocrx_word' id='word_1_264' title='bbox 111 2264 138 2312; x_wconf 89' lang='lat' dir='ltr'>et</span> <span class='ocrx_word' id='word_1_265' title='bbox 163 2271 251 2327; x_wconf 88' lang='lat' dir='ltr'>prope</span> <span class='ocrx_word' id='word_1_266' title='bbox 276 2273 333 2313; x_wconf 94' lang='lat' dir='ltr'>non</span> <span class='ocrx_word' id='word_1_267' title='bbox 359 2258 475 2315; x_wconf 82' lang='lat' dir='ltr'>terenda</span> <span class='ocrx_word' id='word_1_268' title='bbox 497 2259 612 2315; x_wconf 90' lang='lat' dir='ltr'>collisio.</span> <span class='ocrx_word' id='word_1_269' title='bbox 636 2260 755 2317; x_wconf 89' lang='lat' dir='ltr'>Videres</span> <span class='ocrx_word' id='word_1_270' title='bbox 778 2276 826 2318; x_wconf 91' lang='lat' dir='ltr'>eos</span> <span class='ocrx_word' id='word_1_271' title='bbox 850 2265 960 2320; x_wconf 90' lang='lat' dir='ltr'>scenice</span> 
     </span>
     <span class='ocr_line' id='line_1_40' title="bbox 72 2347 957 2421; baseline 0.009 -22"><span class='ocrx_word' id='word_1_272' title='bbox 72 2348 76 2355; x_wconf 87' lang='lat'>&#39;</span> <span class='ocrx_word' id='word_1_273' title='bbox 111 2358 198 2414; x_wconf 91' lang='lat' dir='ltr'>super</span> <span class='ocrx_word' id='word_1_274' title='bbox 227 2354 402 2412; x_wconf 89' lang='lat' dir='ltr'>nostrornm,</span> <span class='ocrx_word' id='word_1_275' title='bbox 433 2347 483 2416; x_wconf 88' lang='lat' dir='ltr'>qui</span> <span class='ocrx_word' id='word_1_276' title='bbox 514 2347 680 2415; x_wconf 88' lang='lat' dir='ltr'>putabatur,</span> <span class='ocrx_word' id='word_1_277' title='bbox 709 2350 809 2405; x_wconf 89' lang='lat' dir='ltr'>timore</span> <span class='ocrx_word' id='word_1_278' title='bbox 837 2352 957 2421; x_wconf 78' lang='lat' dir='ltr'>garrire,</span> 
     </span>
     <span class='ocr_line' id='line_1_41' title="bbox 110 2432 959 2505; baseline 0.011 -18"><span class='ocrx_word' id='word_1_279' title='bbox 110 2432 285 2489; x_wconf 71' lang='lat' dir='ltr'>estimantes</span> <span class='ocrx_word' id='word_1_280' title='bbox 307 2448 355 2490; x_wconf 89' lang='lat' dir='ltr'>eos</span> <span class='ocrx_word' id='word_1_281' title='bbox 382 2449 418 2491; x_wconf 89' lang='lat' dir='ltr'>ex</span> <span class='ocrx_word' id='word_1_282' title='bbox 443 2435 590 2504; x_wconf 91' lang='lat' dir='ltr'>inopinata</span> <span class='ocrx_word' id='word_1_283' title='bbox 614 2436 777 2493; x_wconf 86' lang='lat' dir='ltr'>incursione</span> <span class='ocrx_word' id='word_1_284' title='bbox 799 2440 911 2505; x_wconf 87' lang='lat' dir='ltr'>terreri,</span> <span class='ocrx_word' id='word_1_285' title='bbox 932 2448 959 2496; x_wconf 89' lang='lat' dir='ltr'>et</span> 
     </span>
     <span class='ocr_line' id='line_1_42' title="bbox 112 2520 959 2594; baseline 0.009 -19"><span class='ocrx_word' id='word_1_286' title='bbox 112 2520 256 2587; x_wconf 89' lang='lat' dir='ltr'>bellicum,</span> <span class='ocrx_word' id='word_1_287' title='bbox 274 2521 352 2592; x_wconf 92' lang='lat' dir='ltr'>quod</span> <span class='ocrx_word' id='word_1_288' title='bbox 365 2530 583 2590; x_wconf 89' lang='lat' dir='ltr'>consueverant,</span> <span class='ocrx_word' id='word_1_289' title='bbox 606 2524 721 2594; x_wconf 88' lang='lat' dir='ltr'>signum</span> <span class='ocrx_word' id='word_1_290' title='bbox 747 2527 877 2582; x_wconf 90' lang='lat' dir='ltr'>terrilicis</span> <span class='ocrx_word' id='word_1_291' title='bbox 899 2542 959 2584; x_wconf 83' lang='lat' dir='ltr'>suae</span> 
     </span>
     <span class='ocr_line' id='line_1_43' title="bbox 111 2607 958 2683; baseline 0.012 -21"><span class='ocrx_word' id='word_1_292' title='bbox 111 2607 219 2678; x_wconf 89' lang='lat' dir='ltr'>linguae</span> <span class='ocrx_word' id='word_1_293' title='bbox 234 2610 355 2665; x_wconf 89' lang='lat' dir='ltr'>vocibus</span> <span class='ocrx_word' id='word_1_294' title='bbox 376 2610 540 2666; x_wconf 88' lang='lat' dir='ltr'>inclamare.</span> <span class='ocrx_word' id='word_1_295' title='bbox 567 2612 642 2667; x_wconf 82' lang='lat' dir='ltr'>Licet</span> <span class='ocrx_word' id='word_1_296' title='bbox 659 2626 728 2682; x_wconf 92' lang='lat' dir='ltr'>ergo</span> <span class='ocrx_word' id='word_1_297' title='bbox 754 2614 799 2669; x_wconf 91' lang='lat' dir='ltr'>vir</span> <span class='ocrx_word' id='word_1_298' title='bbox 821 2615 958 2683; x_wconf 88' lang='lat' dir='ltr'>eximius,</span> 
     </span>
     <span class='ocr_line' id='line_1_44' title="bbox 110 2687 959 2768; baseline 0.011 -18"><span class='ocrx_word' id='word_1_299' title='bbox 110 2709 201 2751; x_wconf 91' lang='lat' dir='ltr'>manu</span> <span class='ocrx_word' id='word_1_300' title='bbox 221 2697 407 2766; x_wconf 86' lang='lat' dir='ltr'>impeteretur</span> <span class='ocrx_word' id='word_1_301' title='bbox 428 2699 548 2768; x_wconf 87' lang='lat' dir='ltr'>enormi,</span> <span class='ocrx_word' id='word_1_302' title='bbox 573 2714 631 2755; x_wconf 90' lang='lat' dir='ltr'>non</span> <span class='ocrx_word' id='word_1_303' title='bbox 650 2687 746 2757; x_wconf 86' lang='lat' dir='ltr'>¹amisit</span> <span class='ocrx_word' id='word_1_304' title='bbox 765 2703 865 2758; x_wconf 91' lang='lat' dir='ltr'>timore</span> <span class='ocrx_word' id='word_1_305' title='bbox 888 2718 959 2759; x_wconf 92' lang='lat' dir='ltr'>con-</span> 
     </span>
     <span class='ocr_line' id='line_1_45' title="bbox 111 2782 958 2861; baseline 0.011 -23"><span class='ocrx_word' id='word_1_306' title='bbox 111 2782 226 2850; x_wconf 87' lang='lat' dir='ltr'>silium;</span> <span class='ocrx_word' id='word_1_307' title='bbox 243 2784 292 2840; x_wconf 91' lang='lat' dir='ltr'>sed</span> <span class='ocrx_word' id='word_1_308' title='bbox 309 2786 456 2841; x_wconf 75' lang='lat' dir='ltr'>confestim</span> <span class='ocrx_word' id='word_1_309' title='bbox 479 2787 576 2843; x_wconf 89' lang='lat' dir='ltr'>sistere</span> <span class='ocrx_word' id='word_1_310' title='bbox 597 2788 719 2858; x_wconf 91' lang='lat' dir='ltr'>gradum</span> <span class='ocrx_word' id='word_1_311' title='bbox 745 2788 873 2861; x_wconf 83' lang='lat' dir='ltr'>praecipit</span> <span class='ocrx_word' id='word_1_312' title='bbox 894 2805 958 2847; x_wconf 89' lang='lat' dir='ltr'>orn-</span> 
     </span>
    </p>
   </div>
   <div class='ocr_carea' id='block_1_10' title="bbox 1012 1732 1863 2860">
    <p class='ocr_par' dir='ltr' id='par_1_12' title="bbox 1012 1732 1863 2577">
     <span class='ocr_line' id='line_1_46' title="bbox 1014 1732 1862 1808; baseline -0.005 -17"><span class='ocrx_word' id='word_1_313' title='bbox 1014 1736 1104 1808; x_wconf 91' lang='lat' dir='ltr'>igitur</span> <span class='ocrx_word' id='word_1_314' title='bbox 1132 1735 1225 1791; x_wconf 87' lang='lat' dir='ltr'>hostili</span> <span class='ocrx_word' id='word_1_315' title='bbox 1254 1734 1384 1790; x_wconf 89' lang='lat' dir='ltr'>exercitu</span> <span class='ocrx_word' id='word_1_316' title='bbox 1413 1742 1493 1789; x_wconf 90' lang='lat' dir='ltr'>tanta</span> <span class='ocrx_word' id='word_1_317' title='bbox 1515 1733 1619 1789; x_wconf 90' lang='lat' dir='ltr'>nostris</span> <span class='ocrx_word' id='word_1_318' title='bbox 1639 1732 1795 1788; x_wconf 84' lang='lat' dir='ltr'>admiratio</span> <span class='ocrx_word' id='word_1_319' title='bbox 1819 1732 1862 1787; x_wconf 92' lang='lat' dir='ltr'>in·</span> 
     </span>
     <span class='ocr_line' id='line_1_47' title="bbox 1012 1820 1862 1892; baseline -0.006 -12"><span class='ocrx_word' id='word_1_320' title='bbox 1012 1825 1160 1892; x_wconf 91' lang='lat' dir='ltr'>crevit,ut</span> <span class='ocrx_word' id='word_1_321' title='bbox 1183 1824 1223 1879; x_wconf 91' lang='lat' dir='ltr'>nil</span> <span class='ocrx_word' id='word_1_322' title='bbox 1252 1822 1331 1878; x_wconf 89' lang='lat' dir='ltr'>aliud</span> <span class='ocrx_word' id='word_1_323' title='bbox 1359 1823 1544 1888; x_wconf 90' lang='lat' dir='ltr'>mirarentur,</span> <span class='ocrx_word' id='word_1_324' title='bbox 1573 1821 1628 1876; x_wconf 88' lang='lat' dir='ltr'>nisi</span> <span class='ocrx_word' id='word_1_325' title='bbox 1656 1820 1706 1876; x_wconf 93' lang='lat' dir='ltr'>ubi</span> <span class='ocrx_word' id='word_1_326' title='bbox 1734 1820 1862 1892; x_wconf 86' lang='lat' dir='ltr'>gentium</span> 
     </span>
     <span class='ocr_line' id='line_1_48' title="bbox 1013 1908 1860 1968; baseline -0.006 0"><span class='ocrx_word' id='word_1_327' title='bbox 1013 1912 1100 1968; x_wconf 89' lang='lat' dir='ltr'>ubive</span> <span class='ocrx_word' id='word_1_328' title='bbox 1130 1920 1272 1967; x_wconf 89' lang='lat' dir='ltr'>terrarum</span> <span class='ocrx_word' id='word_1_329' title='bbox 1301 1919 1359 1966; x_wconf 89' lang='lat' dir='ltr'>tam</span> <span class='ocrx_word' id='word_1_330' title='bbox 1390 1910 1502 1965; x_wconf 82' lang='lat' dir='ltr'>infinita</span> <span class='ocrx_word' id='word_1_331' title='bbox 1526 1909 1664 1965; x_wconf 90' lang='lat' dir='ltr'>coaluerit</span> <span class='ocrx_word' id='word_1_332' title='bbox 1696 1908 1860 1965; x_wconf 89' lang='lat' dir='ltr'>multitudo.</span> 
     </span>
     <span class='ocr_line' id='line_1_49' title="bbox 1014 1997 1862 2067; baseline -0.002 -12"><span class='ocrx_word' id='word_1_333' title='bbox 1014 2002 1104 2055; x_wconf 79' lang='lat' dir='ltr'>Erant</span> <span class='ocrx_word' id='word_1_334' title='bbox 1119 2009 1215 2055; x_wconf 88' lang='lat' dir='ltr'>autem</span> <span class='ocrx_word' id='word_1_335' title='bbox 1230 1999 1327 2066; x_wconf 82' lang='lat' dir='ltr'>Turei,</span> <span class='ocrx_word' id='word_1_336' title='bbox 1344 1999 1461 2065; x_wconf 82' lang='lat' dir='ltr'>Arabes,</span> <span class='ocrx_word' id='word_1_337' title='bbox 1483 2012 1517 2052; x_wconf 93' lang='lat' dir='ltr'>ac</span> <span class='ocrx_word' id='word_1_338' title='bbox 1549 1997 1709 2063; x_wconf 78' lang='lat' dir='ltr'>sarraceni,</span> <span class='ocrx_word' id='word_1_339' title='bbox 1736 2011 1862 2067; x_wconf 89' lang='lat' dir='ltr'>quorum</span> 
     </span>
     <span class='ocr_line' id='line_1_50' title="bbox 1014 2085 1863 2156; baseline -0.001 -14"><span class='ocrx_word' id='word_1_340' title='bbox 1014 2086 1088 2142; x_wconf 93' lang='lat' dir='ltr'>inter</span> <span class='ocrx_word' id='word_1_341' title='bbox 1102 2087 1195 2142; x_wconf 85' lang='lat' dir='ltr'>hostes</span> <span class='ocrx_word' id='word_1_342' title='bbox 1209 2093 1237 2142; x_wconf 92' lang='lat' dir='ltr'>et</span> <span class='ocrx_word' id='word_1_343' title='bbox 1251 2100 1391 2143; x_wconf 89' lang='lat' dir='ltr'>numerus</span> <span class='ocrx_word' id='word_1_344' title='bbox 1402 2094 1429 2141; x_wconf 93' lang='lat' dir='ltr'>et</span> <span class='ocrx_word' id='word_1_345' title='bbox 1442 2085 1568 2156; x_wconf 85' lang='lat' dir='ltr'>dignitas</span> <span class='ocrx_word' id='word_1_346' title='bbox 1588 2085 1754 2154; x_wconf 88' lang='lat' dir='ltr'>eminebat;</span> <span class='ocrx_word' id='word_1_347' title='bbox 1782 2086 1863 2156; x_wconf 89' lang='lat' dir='ltr'>copia</span> 
     </span>
     <span class='ocr_line' id='line_1_51' title="bbox 1012 2172 1861 2244; baseline -0.001 -14"><span class='ocrx_word' id='word_1_348' title='bbox 1012 2175 1110 2230; x_wconf 92' lang='lat' dir='ltr'>minus</span> <span class='ocrx_word' id='word_1_349' title='bbox 1137 2185 1246 2244; x_wconf 88' lang='lat' dir='ltr'>patens,</span> <span class='ocrx_word' id='word_1_350' title='bbox 1266 2177 1304 2231; x_wconf 94' lang='lat' dir='ltr'>de</span> <span class='ocrx_word' id='word_1_351' title='bbox 1332 2174 1495 2231; x_wconf 90' lang='lat' dir='ltr'>auxiliariis</span> <span class='ocrx_word' id='word_1_352' title='bbox 1521 2182 1549 2229; x_wconf 93' lang='lat' dir='ltr'>et</span> <span class='ocrx_word' id='word_1_353' title='bbox 1577 2173 1674 2229; x_wconf 90' lang='lat' dir='ltr'>minus</span> <span class='ocrx_word' id='word_1_354' title='bbox 1697 2172 1861 2230; x_wconf 87' lang='lat' dir='ltr'>celebribus</span> 
     </span>
     <span class='ocr_line' id='line_1_52' title="bbox 1013 2259 1861 2331; baseline 0.002 -16"><span class='ocrx_word' id='word_1_355' title='bbox 1013 2262 1125 2330; x_wconf 91' lang='lat' dir='ltr'>populis</span> <span class='ocrx_word' id='word_1_356' title='bbox 1152 2271 1222 2318; x_wconf 86' lang='lat' dir='ltr'>erat.</span> <span class='ocrx_word' id='word_1_357' title='bbox 1247 2262 1365 2318; x_wconf 89' lang='lat' dir='ltr'>Videres</span> <span class='ocrx_word' id='word_1_358' title='bbox 1388 2259 1529 2317; x_wconf 91' lang='lat' dir='ltr'>montium</span> <span class='ocrx_word' id='word_1_359' title='bbox 1548 2261 1620 2331; x_wconf 85' lang='lat' dir='ltr'>juga</span> <span class='ocrx_word' id='word_1_360' title='bbox 1640 2261 1674 2317; x_wconf 91' lang='lat' dir='ltr'>de</span> <span class='ocrx_word' id='word_1_361' title='bbox 1695 2261 1751 2316; x_wconf 88' lang='lat' dir='ltr'>bac</span> <span class='ocrx_word' id='word_1_362' title='bbox 1774 2261 1861 2317; x_wconf 93' lang='lat' dir='ltr'>colle-</span> 
     </span>
     <span class='ocr_line' id='line_1_53' title="bbox 1013 2348 1861 2417; baseline -0.002 -13"><span class='ocrx_word' id='word_1_363' title='bbox 1013 2349 1105 2404; x_wconf 90' lang='lat' dir='ltr'>ctione</span> <span class='ocrx_word' id='word_1_364' title='bbox 1121 2348 1251 2417; x_wconf 81' lang='lat' dir='ltr'>prolana,</span> <span class='ocrx_word' id='word_1_365' title='bbox 1267 2357 1294 2405; x_wconf 92' lang='lat' dir='ltr'>et</span> <span class='ocrx_word' id='word_1_366' title='bbox 1316 2348 1433 2405; x_wconf 93' lang='lat' dir='ltr'>collium</span> <span class='ocrx_word' id='word_1_367' title='bbox 1457 2361 1589 2403; x_wconf 87' lang='lat' dir='ltr'>convexa</span> <span class='ocrx_word' id='word_1_368' title='bbox 1613 2348 1790 2413; x_wconf 85' lang='lat' dir='ltr'>densescere,</span> <span class='ocrx_word' id='word_1_369' title='bbox 1818 2349 1861 2403; x_wconf 92' lang='lat' dir='ltr'>in·</span> 
     </span>
     <span class='ocr_line' id='line_1_54' title="bbox 1012 2434 1861 2505; baseline 0.002 -17"><span class='ocrx_word' id='word_1_370' title='bbox 1012 2436 1242 2492; x_wconf 89' lang='lat' dir='ltr'>numerabilibus</span> <span class='ocrx_word' id='word_1_371' title='bbox 1267 2435 1434 2505; x_wconf 84' lang='lat' dir='ltr'>trequentiis</span> <span class='ocrx_word' id='word_1_372' title='bbox 1469 2434 1566 2489; x_wconf 91' lang='lat' dir='ltr'>omnia</span> <span class='ocrx_word' id='word_1_373' title='bbox 1602 2435 1708 2504; x_wconf 88' lang='lat' dir='ltr'>operiri</span> <span class='ocrx_word' id='word_1_374' title='bbox 1743 2447 1861 2504; x_wconf 90' lang='lat' dir='ltr'>campe-</span> 
     </span>
     <span class='ocr_line' id='line_1_55' title="bbox 1012 2522 1091 2577; baseline -0.051 0"><span class='ocrx_word' id='word_1_375' title='bbox 1012 2522 1091 2577; x_wconf 90' lang='lat' dir='ltr'>stria.</span> 
     </span>
    </p>

    <p class='ocr_par' dir='ltr' id='par_1_13' title="bbox 1012 2611 1861 2860">
     <span class='ocr_line' id='line_1_56' title="bbox 1048 2611 1861 2684; baseline 0.004 -16"><span class='ocrx_word' id='word_1_376' title='bbox 1048 2614 1118 2668; x_wconf 82' lang='lat' dir='ltr'>Suos</span> <span class='ocrx_word' id='word_1_377' title='bbox 1131 2611 1239 2667; x_wconf 84' lang='lat' dir='ltr'>milites</span> <span class='ocrx_word' id='word_1_378' title='bbox 1253 2612 1405 2667; x_wconf 84' lang='lat' dir='ltr'>borlnntnr</span> <span class='ocrx_word' id='word_1_379' title='bbox 1416 2611 1502 2666; x_wconf 84' lang='lat' dir='ltr'>duces</span> <span class='ocrx_word' id='word_1_380' title='bbox 1519 2611 1558 2666; x_wconf 83' lang='lat' dir='ltr'>cd</span> <span class='ocrx_word' id='word_1_381' title='bbox 1577 2628 1716 2684; x_wconf 78' lang='lat' dir='ltr'>pugnam.</span> <span class='ocrx_word' id='word_1_382' title='bbox 1741 2644 1775 2656; x_wconf 86' lang='lat'>-</span> <span class='ocrx_word' id='word_1_383' title='bbox 1805 2616 1861 2672; x_wconf 86' lang='lat' dir='ltr'>Pri-</span> 
     </span>
     <span class='ocr_line' id='line_1_57' title="bbox 1012 2700 1859 2771; baseline 0.007 -17"><span class='ocrx_word' id='word_1_384' title='bbox 1012 2715 1106 2755; x_wconf 88' lang='lat' dir='ltr'>mores</span> <span class='ocrx_word' id='word_1_385' title='bbox 1140 2700 1237 2771; x_wconf 89' lang='lat' dir='ltr'>itaque</span> <span class='ocrx_word' id='word_1_386' title='bbox 1272 2715 1339 2757; x_wconf 90' lang='lat' dir='ltr'>cum</span> <span class='ocrx_word' id='word_1_387' title='bbox 1362 2701 1415 2756; x_wconf 91' lang='lat' dir='ltr'>sibi</span> <span class='ocrx_word' id='word_1_388' title='bbox 1452 2700 1574 2756; x_wconf 86' lang='lat' dir='ltr'>subditis</span> <span class='ocrx_word' id='word_1_389' title='bbox 1604 2703 1859 2760; x_wconf 90' lang='lat' dir='ltr'>commonitorium</span> 
     </span>
     <span class='ocr_line' id='line_1_58' title="bbox 1012 2787 1860 2860; baseline 0.006 -19"><span class='ocrx_word' id='word_1_390' title='bbox 1012 2787 1139 2843; x_wconf 90' lang='lat' dir='ltr'>babuere</span> <span class='ocrx_word' id='word_1_391' title='bbox 1151 2801 1333 2844; x_wconf 89' lang='lat' dir='ltr'>sermonem:</span> <span class='ocrx_word' id='word_1_392' title='bbox 1352 2810 1363 2838; x_wconf 76' lang='lat' dir='ltr'>t</span> <span class='ocrx_word' id='word_1_393' title='bbox 1383 2789 1409 2844; x_wconf 86' lang='lat' dir='ltr'>Si</span> <span class='ocrx_word' id='word_1_394' title='bbox 1424 2789 1490 2854; x_wconf 85' lang='lat' dir='ltr'>Deo,</span> <span class='ocrx_word' id='word_1_395' title='bbox 1505 2788 1653 2858; x_wconf 89' lang='lat' dir='ltr'>inquiunt,</span> <span class='ocrx_word' id='word_1_396' title='bbox 1671 2789 1747 2846; x_wconf 87' lang='lat' dir='ltr'>banc</span> <span class='ocrx_word' id='word_1_397' title='bbox 1772 2805 1860 2860; x_wconf 89' lang='lat' dir='ltr'>quam</span> 
     </span>
    </p>
   </div>
   <div class='ocr_carea' id='block_1_11' title="bbox 110 2871 1858 2947">
    <p class='ocr_par' dir='ltr' id='par_1_14' title="bbox 110 2871 1858 2947">
     <span class='ocr_line' id='line_1_59' title="bbox 110 2871 1858 2947; baseline 0.005 -22"><span class='ocrx_word' id='word_1_398' title='bbox 110 2871 207 2938; x_wconf 90' lang='lat' dir='ltr'>nibus,</span> <span class='ocrx_word' id='word_1_399' title='bbox 244 2880 272 2927; x_wconf 92' lang='lat' dir='ltr'>et</span> <span class='ocrx_word' id='word_1_400' title='bbox 307 2874 502 2942; x_wconf 88' lang='lat' dir='ltr'>papilionibus</span> <span class='ocrx_word' id='word_1_401' title='bbox 540 2875 690 2944; x_wconf 88' lang='lat' dir='ltr'>devolutis,</span> <span class='ocrx_word' id='word_1_402' title='bbox 716 2877 802 2947; x_wconf 87' lang='lat' dir='ltr'>jussit</span> <span class='ocrx_word' id='word_1_403' title='bbox 829 2878 958 2935; x_wconf 86' lang='lat' dir='ltr'>celeriter</span> <span class='ocrx_word' id='word_1_404' title='bbox 976 2875 1150 2946; x_wconf 79' lang='lat' dir='ltr'>cexercetis</span> <span class='ocrx_word' id='word_1_405' title='bbox 1163 2875 1295 2932; x_wconf 88' lang='lat' dir='ltr'>militiam</span> <span class='ocrx_word' id='word_1_406' title='bbox 1315 2876 1486 2946; x_wconf 90' lang='lat' dir='ltr'>devovistis;</span> <span class='ocrx_word' id='word_1_407' title='bbox 1510 2878 1532 2932; x_wconf 93' lang='lat' dir='ltr'>si</span> <span class='ocrx_word' id='word_1_408' title='bbox 1563 2877 1679 2946; x_wconf 91' lang='lat' dir='ltr'>patrias,</span> <span class='ocrx_word' id='word_1_409' title='bbox 1702 2878 1726 2934; x_wconf 92' lang='lat' dir='ltr'>si</span> <span class='ocrx_word' id='word_1_410' title='bbox 1750 2878 1858 2946; x_wconf 89' lang='lat' dir='ltr'>domos,</span> 
     </span>
    </p>
   </div>
   <div class='ocr_carea' id='block_1_12' title="bbox 104 2962 957 4172">
    <p class='ocr_par' dir='ltr' id='par_1_15' title="bbox 104 2962 957 4172">
     <span class='ocr_line' id='line_1_60' title="bbox 110 2962 957 3035; baseline 0.012 -23"><span class='ocrx_word' id='word_1_411' title='bbox 110 2965 204 3013; x_wconf 90' lang='lat' dir='ltr'>castra</span> <span class='ocrx_word' id='word_1_412' title='bbox 234 2962 385 3015; x_wconf 88' lang='lat' dir='ltr'>consterni.</span> <span class='ocrx_word' id='word_1_413' title='bbox 411 2962 583 3033; x_wconf 87' lang='lat' dir='ltr'>Priusquam</span> <span class='ocrx_word' id='word_1_414' title='bbox 605 2977 675 3019; x_wconf 88' lang='lat' dir='ltr'>vero</span> <span class='ocrx_word' id='word_1_415' title='bbox 702 2977 736 3018; x_wconf 90' lang='lat' dir='ltr'>ea</span> <span class='ocrx_word' id='word_1_416' title='bbox 759 2979 825 3034; x_wconf 88' lang='lat' dir='ltr'>quae</span> <span class='ocrx_word' id='word_1_417' title='bbox 847 2979 957 3035; x_wconf 84' lang='lat' dir='ltr'>praece-</span> 
     </span>
     <span class='ocr_line' id='line_1_61' title="bbox 109 3048 955 3119; baseline 0.012 -19"><span class='ocrx_word' id='word_1_418' title='bbox 109 3054 191 3114; x_wconf 88' lang='lat' dir='ltr'>porat</span> <span class='ocrx_word' id='word_1_419' title='bbox 212 3048 437 3117; x_wconf 81' lang='lat' dir='ltr'>explicarentur,</span> <span class='ocrx_word' id='word_1_420' title='bbox 470 3051 592 3119; x_wconf 91' lang='lat' dir='ltr'>propriis</span> <span class='ocrx_word' id='word_1_421' title='bbox 618 3051 757 3109; x_wconf 89' lang='lat' dir='ltr'>militibus</span> <span class='ocrx_word' id='word_1_422' title='bbox 783 3053 869 3109; x_wconf 90' lang='lat' dir='ltr'>inlit:</span> <span class='ocrx_word' id='word_1_423' title='bbox 900 3055 955 3110; x_wconf 81' lang='lat' dir='ltr'>«Si</span> 
     </span>
     <span class='ocr_line' id='line_1_62' title="bbox 108 3136 954 3209; baseline 0.011 -21"><span class='ocrx_word' id='word_1_424' title='bbox 108 3146 161 3189; x_wconf 88' lang='lat' dir='ltr'>vos</span> <span class='ocrx_word' id='word_1_425' title='bbox 186 3136 356 3192; x_wconf 88' lang='lat' dir='ltr'>meministis</span> <span class='ocrx_word' id='word_1_426' title='bbox 372 3137 481 3194; x_wconf 86' lang='lat' dir='ltr'>militiae</span> <span class='ocrx_word' id='word_1_427' title='bbox 512 3153 601 3209; x_wconf 91' lang='lat' dir='ltr'>quam</span> <span class='ocrx_word' id='word_1_428' title='bbox 623 3139 738 3208; x_wconf 88' lang='lat' dir='ltr'>prolessi</span> <span class='ocrx_word' id='word_1_429' title='bbox 760 3141 836 3208; x_wconf 91' lang='lat' dir='ltr'>estis,</span> <span class='ocrx_word' id='word_1_430' title='bbox 860 3142 954 3197; x_wconf 91' lang='lat' dir='ltr'>consi·</span> 
     </span>
     <span class='ocr_line' id='line_1_63' title="bbox 109 3221 956 3298; baseline 0.012 -21"><span class='ocrx_word' id='word_1_431' title='bbox 109 3221 208 3278; x_wconf 89' lang='lat' dir='ltr'>derata</span> <span class='ocrx_word' id='word_1_432' title='bbox 222 3226 389 3281; x_wconf 90' lang='lat' dir='ltr'>necessitate</span> <span class='ocrx_word' id='word_1_433' title='bbox 413 3241 479 3297; x_wconf 80' lang='lat' dir='ltr'>qna</span> <span class='ocrx_word' id='word_1_434' title='bbox 506 3236 602 3298; x_wconf 86' lang='lat' dir='ltr'>urget,</span> <span class='ocrx_word' id='word_1_435' title='bbox 625 3229 684 3283; x_wconf 87' lang='lat' dir='ltr'>ite:</span> <span class='ocrx_word' id='word_1_436' title='bbox 709 3228 830 3285; x_wconf 88' lang='lat' dir='ltr'>viriliter</span> <span class='ocrx_word' id='word_1_437' title='bbox 851 3230 892 3286; x_wconf 91' lang='lat' dir='ltr'>eis</span> <span class='ocrx_word' id='word_1_438' title='bbox 912 3245 956 3287; x_wconf 83' lang='lat' dir='ltr'>oc</span> 
     </span>
     <span class='ocr_line' id='line_1_64' title="bbox 108 3309 953 3384; baseline 0.012 -21"><span class='ocrx_word' id='word_1_439' title='bbox 108 3309 226 3377; x_wconf 89' lang='lat' dir='ltr'>currite,</span> <span class='ocrx_word' id='word_1_440' title='bbox 242 3310 387 3379; x_wconf 89' lang='lat' dir='ltr'>bonorem,</span> <span class='ocrx_word' id='word_1_441' title='bbox 404 3314 570 3384; x_wconf 89' lang='lat' dir='ltr'>pariterque</span> <span class='ocrx_word' id='word_1_442' title='bbox 585 3315 666 3371; x_wconf 91' lang='lat' dir='ltr'>vobis</span> <span class='ocrx_word' id='word_1_443' title='bbox 689 3314 777 3370; x_wconf 90' lang='lat' dir='ltr'>vitam</span> <span class='ocrx_word' id='word_1_444' title='bbox 802 3315 953 3374; x_wconf 87' lang='lat' dir='ltr'>delendite.</span> 
     </span>
     <span class='ocr_line' id='line_1_65' title="bbox 108 3399 952 3471; baseline 0.013 -22"><span class='ocrx_word' id='word_1_445' title='bbox 108 3399 154 3462; x_wconf 79' lang='lat' dir='ltr'>At,</span> <span class='ocrx_word' id='word_1_446' title='bbox 185 3410 235 3453; x_wconf 90' lang='lat' dir='ltr'>vos</span> <span class='ocrx_word' id='word_1_447' title='bbox 278 3399 396 3468; x_wconf 89' lang='lat' dir='ltr'>pedites,</span> <span class='ocrx_word' id='word_1_448' title='bbox 428 3402 552 3457; x_wconf 89' lang='lat' dir='ltr'>tentoria</span> <span class='ocrx_word' id='word_1_449' title='bbox 582 3401 734 3471; x_wconf 87' lang='lat' dir='ltr'>diligenter</span> <span class='ocrx_word' id='word_1_450' title='bbox 769 3403 952 3460; x_wconf 85' lang='lat' dir='ltr'>extendite.»</span> 
     </span>
     <span class='ocr_line' id='line_1_66' title="bbox 108 3481 955 3558; baseline 0.014 -20"><span class='ocrx_word' id='word_1_451' title='bbox 108 3481 169 3550; x_wconf 84' lang='lat' dir='ltr'>Quo</span> <span class='ocrx_word' id='word_1_452' title='bbox 208 3484 282 3541; x_wconf 91' lang='lat' dir='ltr'>dicto</span> <span class='ocrx_word' id='word_1_453' title='bbox 319 3487 405 3544; x_wconf 92' lang='lat' dir='ltr'>citius</span> <span class='ocrx_word' id='word_1_454' title='bbox 432 3489 557 3558; x_wconf 88' lang='lat' dir='ltr'>expleto.</span> <span class='ocrx_word' id='word_1_455' title='bbox 589 3504 653 3545; x_wconf 91' lang='lat' dir='ltr'>ecce</span> <span class='ocrx_word' id='word_1_456' title='bbox 676 3504 723 3546; x_wconf 92' lang='lat' dir='ltr'>eos</span> <span class='ocrx_word' id='word_1_457' title='bbox 747 3492 830 3548; x_wconf 90' lang='lat' dir='ltr'>Turci</span> <span class='ocrx_word' id='word_1_458' title='bbox 858 3493 955 3550; x_wconf 89' lang='lat' dir='ltr'>subita</span> 
     </span>
     <span class='ocr_line' id='line_1_67' title="bbox 109 3570 953 3652; baseline 0.017 -28"><span class='ocrx_word' id='word_1_459' title='bbox 109 3570 310 3639; x_wconf 84' lang='lat' dir='ltr'>praevolaticne</span> <span class='ocrx_word' id='word_1_460' title='bbox 326 3574 506 3643; x_wconf 92' lang='lat' dir='ltr'>obambiunt,</span> <span class='ocrx_word' id='word_1_461' title='bbox 522 3577 633 3646; x_wconf 90' lang='lat' dir='ltr'>spicula</span> <span class='ocrx_word' id='word_1_462' title='bbox 644 3577 765 3648; x_wconf 76' lang='lat' dir='ltr'>iaciunt,</span> <span class='ocrx_word' id='word_1_463' title='bbox 787 3595 953 3652; x_wconf 90' lang='lat' dir='ltr'>pugnaque,</span> 
     </span>
     <span class='ocr_line' id='line_1_68' title="bbox 107 3661 954 3737; baseline 0.013 -24"><span class='ocrx_word' id='word_1_464' title='bbox 107 3671 159 3728; x_wconf 89' lang='lat' dir='ltr'>pro</span> <span class='ocrx_word' id='word_1_465' title='bbox 178 3672 267 3728; x_wconf 90' lang='lat' dir='ltr'>more,</span> <span class='ocrx_word' id='word_1_466' title='bbox 281 3661 388 3732; x_wconf 76' lang='lat' dir='ltr'>rugaret,</span> <span class='ocrx_word' id='word_1_467' title='bbox 415 3665 577 3734; x_wconf 90' lang='lat' dir='ltr'>pectoribus</span> <span class='ocrx_word' id='word_1_468' title='bbox 604 3667 724 3737; x_wconf 86' lang='lat' dir='ltr'>sagittas</span> <span class='ocrx_word' id='word_1_469' title='bbox 746 3668 890 3723; x_wconf 90' lang='lat' dir='ltr'>incussere</span> <span class='ocrx_word' id='word_1_470' title='bbox 910 3681 954 3724; x_wconf 92' lang='lat' dir='ltr'>se·</span> 
     </span>
     <span class='ocr_line' id='line_1_69' title="bbox 107 3745 952 3824; baseline 0.011 -25"><span class='ocrx_word' id='word_1_471' title='bbox 107 3745 270 3812; x_wconf 89' lang='lat' dir='ltr'>quentium.</span> <span class='ocrx_word' id='word_1_472' title='bbox 293 3748 396 3804; x_wconf 81' lang='lat' dir='ltr'>Franci</span> <span class='ocrx_word' id='word_1_473' title='bbox 427 3764 494 3806; x_wconf 90' lang='lat' dir='ltr'>vero</span> <span class='ocrx_word' id='word_1_474' title='bbox 520 3754 666 3824; x_wconf 87' lang='lat' dir='ltr'>proposito</span> <span class='ocrx_word' id='word_1_475' title='bbox 688 3754 778 3810; x_wconf 86' lang='lat' dir='ltr'>tidelis</span> <span class='ocrx_word' id='word_1_476' title='bbox 802 3767 952 3817; x_wconf 86' lang='lat' dir='ltr'>memores,</span> 
     </span>
     <span class='ocr_line' id='line_1_70' title="bbox 105 3837 954 3913; baseline 0.009 -25"><span class='ocrx_word' id='word_1_477' title='bbox 105 3845 160 3889; x_wconf 89' lang='lat' dir='ltr'>uec</span> <span class='ocrx_word' id='word_1_478' title='bbox 182 3847 295 3905; x_wconf 88' lang='lat' dir='ltr'>semper</span> <span class='ocrx_word' id='word_1_479' title='bbox 318 3837 437 3892; x_wconf 87' lang='lat' dir='ltr'>celebris</span> <span class='ocrx_word' id='word_1_480' title='bbox 456 3853 516 3895; x_wconf 83' lang='lat' dir='ltr'>snae</span> <span class='ocrx_word' id='word_1_481' title='bbox 539 3840 654 3898; x_wconf 91' lang='lat' dir='ltr'>virtutis</span> <span class='ocrx_word' id='word_1_482' title='bbox 676 3843 780 3913; x_wconf 91' lang='lat' dir='ltr'>ignari,</span> <span class='ocrx_word' id='word_1_483' title='bbox 804 3842 868 3899; x_wconf 90' lang='lat' dir='ltr'>licet</span> <span class='ocrx_word' id='word_1_484' title='bbox 890 3843 954 3898; x_wconf 89' lang='lat' dir='ltr'>evi-</span> 
     </span>
     <span class='ocr_line' id='line_1_71' title="bbox 105 3918 951 4000; baseline 0.013 -26"><span class='ocrx_word' id='word_1_485' title='bbox 105 3918 206 3976; x_wconf 90' lang='lat' dir='ltr'>denter</span> <span class='ocrx_word' id='word_1_486' title='bbox 226 3931 413 3993; x_wconf 86' lang='lat' dir='ltr'>agnoscerent</span> <span class='ocrx_word' id='word_1_487' title='bbox 437 3933 523 3982; x_wconf 85' lang='lat' dir='ltr'>tantae</span> <span class='ocrx_word' id='word_1_488' title='bbox 549 3929 747 3984; x_wconf 89' lang='lat' dir='ltr'>numerositati</span> <span class='ocrx_word' id='word_1_489' title='bbox 769 3945 798 3987; x_wconf 90' lang='lat' dir='ltr'>se</span> <span class='ocrx_word' id='word_1_490' title='bbox 817 3930 951 4000; x_wconf 90' lang='lat' dir='ltr'>impares,</span> 
     </span>
     <span class='ocr_line' id='line_1_72' title="bbox 105 4009 954 4074; baseline 0.011 -11"><span class='ocrx_word' id='word_1_491' title='bbox 105 4015 201 4065; x_wconf 75' lang='lat' dir='ltr'>mnren</span> <span class='ocrx_word' id='word_1_492' title='bbox 228 4009 346 4065; x_wconf 88' lang='lat' dir='ltr'>obviare</span> <span class='ocrx_word' id='word_1_493' title='bbox 371 4011 535 4070; x_wconf 76' lang='lat' dir='ltr'>furentibus</span> <span class='ocrx_word' id='word_1_494' title='bbox 560 4017 653 4073; x_wconf 88' lang='lat' dir='ltr'>vivaci</span> <span class='ocrx_word' id='word_1_495' title='bbox 681 4018 862 4074; x_wconf 90' lang='lat' dir='ltr'>animositate</span> <span class='ocrx_word' id='word_1_496' title='bbox 888 4031 954 4073; x_wconf 88' lang='lat' dir='ltr'>con·</span> 
     </span>
     <span class='ocr_line' id='line_1_73' title="bbox 104 4096 951 4172; baseline 0.011 -21"><span class='ocrx_word' id='word_1_497' title='bbox 104 4096 237 4152; x_wconf 91' lang='lat' dir='ltr'>tendunt.</span> <span class='ocrx_word' id='word_1_498' title='bbox 260 4098 321 4154; x_wconf 90' lang='lat' dir='ltr'>Illic</span> <span class='ocrx_word' id='word_1_499' title='bbox 345 4113 438 4157; x_wconf 90' lang='lat' dir='ltr'>comes</span> <span class='ocrx_word' id='word_1_500' title='bbox 458 4101 685 4172; x_wconf 87' lang='lat' dir='ltr'>Nortbmanniae,</span> <span class='ocrx_word' id='word_1_501' title='bbox 710 4106 885 4171; x_wconf 91' lang='lat' dir='ltr'>recordatus,</span> <span class='ocrx_word' id='word_1_502' title='bbox 910 4105 951 4161; x_wconf 92' lang='lat' dir='ltr'>uti</span> 
     </span>
    </p>
   </div>
   <div class='ocr_carea' id='block_1_13' title="bbox 1006 2959 1860 4179">
    <p class='ocr_par' dir='ltr' id='par_1_16' title="bbox 1006 2959 1860 4179">
     <span class='ocr_line' id='line_1_74' title="bbox 1009 2959 1860 3033; baseline 0.006 -18"><span class='ocrx_word' id='word_1_503' title='bbox 1009 2959 1031 3015; x_wconf 92' lang='lat' dir='ltr'>si</span> <span class='ocrx_word' id='word_1_504' title='bbox 1049 2960 1195 3031; x_wconf 80' lang='lat' dir='ltr'>coniuges,</span> <span class='ocrx_word' id='word_1_505' title='bbox 1212 2961 1235 3017; x_wconf 90' lang='lat' dir='ltr'>si</span> <span class='ocrx_word' id='word_1_506' title='bbox 1261 2960 1374 3030; x_wconf 88' lang='lat' dir='ltr'>liberos,</span> <span class='ocrx_word' id='word_1_507' title='bbox 1398 2963 1421 3017; x_wconf 90' lang='lat' dir='ltr'>si</span> <span class='ocrx_word' id='word_1_508' title='bbox 1444 2963 1569 3033; x_wconf 88' lang='lat' dir='ltr'>denique</span> <span class='ocrx_word' id='word_1_509' title='bbox 1590 2976 1712 3032; x_wconf 90' lang='lat' dir='ltr'>corpora</span> <span class='ocrx_word' id='word_1_510' title='bbox 1736 2973 1860 3020; x_wconf 88' lang='lat' dir='ltr'>contem·</span> 
     </span>
     <span class='ocr_line' id='line_1_75' title="bbox 1008 3048 1859 3122; baseline 0.007 -20"><span class='ocrx_word' id='word_1_511' title='bbox 1008 3048 1112 3116; x_wconf 92' lang='lat' dir='ltr'>psistis,</span> <span class='ocrx_word' id='word_1_512' title='bbox 1128 3058 1156 3104; x_wconf 91' lang='lat' dir='ltr'>et</span> <span class='ocrx_word' id='word_1_513' title='bbox 1179 3050 1241 3119; x_wconf 89' lang='lat' dir='ltr'>ipsa</span> <span class='ocrx_word' id='word_1_514' title='bbox 1267 3051 1425 3121; x_wconf 91' lang='lat' dir='ltr'>quinetiam</span> <span class='ocrx_word' id='word_1_515' title='bbox 1453 3051 1514 3107; x_wconf 92' lang='lat' dir='ltr'>sola</span> <span class='ocrx_word' id='word_1_516' title='bbox 1539 3051 1706 3108; x_wconf 88' lang='lat' dir='ltr'>resederunt</span> <span class='ocrx_word' id='word_1_517' title='bbox 1727 3051 1859 3122; x_wconf 87' lang='lat' dir='ltr'>gloriosis</span> 
     </span>
     <span class='ocr_line' id='line_1_76' title="bbox 1008 3138 1857 3209; baseline 0.008 -20"><span class='ocrx_word' id='word_1_518' title='bbox 1008 3138 1179 3205; x_wconf 87' lang='lat' dir='ltr'>exponenda</span> <span class='ocrx_word' id='word_1_519' title='bbox 1192 3138 1347 3208; x_wconf 83' lang='lat' dir='ltr'>martyriis,</span> <span class='ocrx_word' id='word_1_520' title='bbox 1368 3138 1438 3209; x_wconf 91' lang='lat' dir='ltr'>quid</span> <span class='ocrx_word' id='word_1_521' title='bbox 1453 3152 1504 3192; x_wconf 91' lang='lat' dir='ltr'>vos</span> <span class='ocrx_word' id='word_1_522' title='bbox 1530 3138 1565 3193; x_wconf 96' lang='lat' dir='ltr'>ad</span> <span class='ocrx_word' id='word_1_523' title='bbox 1589 3138 1709 3194; x_wconf 92' lang='lat' dir='ltr'>istorum</span> <span class='ocrx_word' id='word_1_524' title='bbox 1729 3140 1857 3196; x_wconf 91' lang='lat' dir='ltr'>conside·</span> 
     </span>
     <span class='ocr_line' id='line_1_77' title="bbox 1008 3225 1856 3294; baseline 0.007 -17"><span class='ocrx_word' id='word_1_525' title='bbox 1008 3225 1159 3292; x_wconf 91' lang='lat' dir='ltr'>rationem,</span> <span class='ocrx_word' id='word_1_526' title='bbox 1189 3238 1298 3294; x_wconf 90' lang='lat' dir='ltr'>precor,</span> <span class='ocrx_word' id='word_1_527' title='bbox 1325 3226 1492 3281; x_wconf 81' lang='lat' dir='ltr'>exterreat?</span> <span class='ocrx_word' id='word_1_528' title='bbox 1518 3240 1583 3281; x_wconf 90' lang='lat' dir='ltr'>cum</span> <span class='ocrx_word' id='word_1_529' title='bbox 1611 3226 1700 3281; x_wconf 90' lang='lat' dir='ltr'>unius</span> <span class='ocrx_word' id='word_1_530' title='bbox 1729 3235 1856 3283; x_wconf 87' lang='lat' dir='ltr'>vestrum</span> 
     </span>
     <span class='ocr_line' id='line_1_78' title="bbox 1008 3311 1855 3387; baseline 0.005 -22"><span class='ocrx_word' id='word_1_531' title='bbox 1008 3311 1115 3366; x_wconf 87' lang='lat' dir='ltr'>exDec</span> <span class='ocrx_word' id='word_1_532' title='bbox 1132 3311 1188 3366; x_wconf 93' lang='lat' dir='ltr'>lida</span> <span class='ocrx_word' id='word_1_533' title='bbox 1210 3313 1361 3384; x_wconf 86' lang='lat' dir='ltr'>sagacitas,</span> <span class='ocrx_word' id='word_1_534' title='bbox 1388 3313 1475 3369; x_wconf 91' lang='lat' dir='ltr'>totius</span> <span class='ocrx_word' id='word_1_535' title='bbox 1503 3314 1591 3385; x_wconf 88' lang='lat' dir='ltr'>hujus</span> <span class='ocrx_word' id='word_1_536' title='bbox 1617 3313 1751 3370; x_wconf 88' lang='lat' dir='ltr'>vilissimi</span> <span class='ocrx_word' id='word_1_537' title='bbox 1780 3316 1855 3387; x_wconf 87' lang='lat' dir='ltr'>vulgi</span> 
     </span>
     <span class='ocr_line' id='line_1_79' title="bbox 1008 3399 1856 3470; baseline 0.006 -15"><span class='ocrx_word' id='word_1_538' title='bbox 1008 3399 1207 3468; x_wconf 88' lang='lat' dir='ltr'>superstitione</span> <span class='ocrx_word' id='word_1_539' title='bbox 1221 3402 1383 3470; x_wconf 86' lang='lat' dir='ltr'>praevaleat.</span> <span class='ocrx_word' id='word_1_540' title='bbox 1406 3402 1434 3458; x_wconf 90' lang='lat' dir='ltr'>si</span> <span class='ocrx_word' id='word_1_541' title='bbox 1458 3402 1505 3457; x_wconf 90' lang='lat' dir='ltr'>bic</span> <span class='ocrx_word' id='word_1_542' title='bbox 1528 3402 1611 3458; x_wconf 91' lang='lat' dir='ltr'>vobis</span> <span class='ocrx_word' id='word_1_543' title='bbox 1635 3401 1723 3458; x_wconf 88' lang='lat' dir='ltr'>luerit</span> <span class='ocrx_word' id='word_1_544' title='bbox 1747 3404 1856 3460; x_wconf 90' lang='lat' dir='ltr'>obeun-</span> 
     </span>
     <span class='ocr_line' id='line_1_80' title="bbox 1008 3487 1856 3558; baseline 0.007 -17"><span class='ocrx_word' id='word_1_545' title='bbox 1008 3487 1088 3553; x_wconf 91' lang='lat' dir='ltr'>dum,</span> <span class='ocrx_word' id='word_1_546' title='bbox 1125 3501 1246 3558; x_wconf 90' lang='lat' dir='ltr'>regnum</span> <span class='ocrx_word' id='word_1_547' title='bbox 1279 3502 1327 3543; x_wconf 92' lang='lat' dir='ltr'>vos</span> <span class='ocrx_word' id='word_1_548' title='bbox 1359 3487 1471 3545; x_wconf 87' lang='lat' dir='ltr'>coelestc</span> <span class='ocrx_word' id='word_1_549' title='bbox 1495 3497 1600 3556; x_wconf 90' lang='lat' dir='ltr'>manet,</span> <span class='ocrx_word' id='word_1_550' title='bbox 1626 3489 1701 3545; x_wconf 80' lang='lat' dir='ltr'>felici</span> <span class='ocrx_word' id='word_1_551' title='bbox 1728 3490 1856 3547; x_wconf 88' lang='lat' dir='ltr'>obituros</span> 
     </span>
     <span class='ocr_line' id='line_1_81' title="bbox 1007 3574 1855 3649; baseline 0.005 -19"><span class='ocrx_word' id='word_1_552' title='bbox 1007 3574 1113 3643; x_wconf 89' lang='lat' dir='ltr'>exitio;</span> <span class='ocrx_word' id='word_1_553' title='bbox 1133 3576 1154 3631; x_wconf 92' lang='lat' dir='ltr'>si</span> <span class='ocrx_word' id='word_1_554' title='bbox 1170 3575 1338 3641; x_wconf 90' lang='lat' dir='ltr'>vivendum,</span> <span class='ocrx_word' id='word_1_555' title='bbox 1356 3584 1501 3646; x_wconf 89' lang='lat' dir='ltr'>exspectat</span> <span class='ocrx_word' id='word_1_556' title='bbox 1516 3591 1577 3644; x_wconf 91' lang='lat' dir='ltr'>vos,</span> <span class='ocrx_word' id='word_1_557' title='bbox 1604 3577 1625 3633; x_wconf 92' lang='lat' dir='ltr'>si</span> <span class='ocrx_word' id='word_1_558' title='bbox 1649 3577 1684 3633; x_wconf 92' lang='lat' dir='ltr'>de</span> <span class='ocrx_word' id='word_1_559' title='bbox 1705 3578 1762 3634; x_wconf 86' lang='lat' dir='ltr'>lrde</span> <span class='ocrx_word' id='word_1_560' title='bbox 1786 3593 1855 3649; x_wconf 83' lang='lat' dir='ltr'>prae·</span> 
     </span>
     <span class='ocr_line' id='line_1_82' title="bbox 1008 3663 1856 3738; baseline 0.005 -20"><span class='ocrx_word' id='word_1_561' title='bbox 1008 3663 1131 3730; x_wconf 91' lang='lat' dir='ltr'>sumitis,</span> <span class='ocrx_word' id='word_1_562' title='bbox 1145 3672 1223 3719; x_wconf 90' lang='lat' dir='ltr'>certa</span> <span class='ocrx_word' id='word_1_563' title='bbox 1236 3664 1376 3734; x_wconf 90' lang='lat' dir='ltr'>victoria;</span> <span class='ocrx_word' id='word_1_564' title='bbox 1390 3672 1452 3734; x_wconf 88' lang='lat' dir='ltr'>post</span> <span class='ocrx_word' id='word_1_565' title='bbox 1472 3665 1632 3732; x_wconf 90' lang='lat' dir='ltr'>victoriam,</span> <span class='ocrx_word' id='word_1_566' title='bbox 1657 3666 1772 3736; x_wconf 88' lang='lat' dir='ltr'>gloria;</span> <span class='ocrx_word' id='word_1_567' title='bbox 1799 3675 1856 3738; x_wconf 84' lang='lat' dir='ltr'>post</span> 
     </span>
     <span class='ocr_line' id='line_1_83' title="bbox 1006 3751 1856 3823; baseline 0.008 -17"><span class='ocrx_word' id='word_1_568' title='bbox 1006 3751 1139 3823; x_wconf 88' lang='lat' dir='ltr'>gloriam,</span> <span class='ocrx_word' id='word_1_569' title='bbox 1155 3754 1248 3823; x_wconf 88' lang='lat' dir='ltr'>major</span> <span class='ocrx_word' id='word_1_570' title='bbox 1262 3752 1393 3810; x_wconf 91' lang='lat' dir='ltr'>audacia.</span> <span class='ocrx_word' id='word_1_571' title='bbox 1410 3755 1452 3810; x_wconf 78' lang='lat' dir='ltr'>Ad</span> <span class='ocrx_word' id='word_1_572' title='bbox 1468 3755 1528 3809; x_wconf 76' lang='lat' dir='ltr'>brec</span> <span class='ocrx_word' id='word_1_573' title='bbox 1541 3769 1577 3810; x_wconf 90' lang='lat' dir='ltr'>ex</span> <span class='ocrx_word' id='word_1_574' title='bbox 1599 3755 1726 3812; x_wconf 91' lang='lat' dir='ltr'>bostium</span> <span class='ocrx_word' id='word_1_575' title='bbox 1749 3757 1856 3813; x_wconf 89' lang='lat' dir='ltr'>divitiis</span> 
     </span>
     <span class='ocr_line' id='line_1_84' title="bbox 1007 3838 1856 3913; baseline 0.006 -17"><span class='ocrx_word' id='word_1_576' title='bbox 1007 3838 1154 3909; x_wconf 90' lang='lat' dir='ltr'>opulentia</span> <span class='ocrx_word' id='word_1_577' title='bbox 1187 3840 1311 3911; x_wconf 83' lang='lat' dir='ltr'>copiosa.</span> <span class='ocrx_word' id='word_1_578' title='bbox 1341 3842 1512 3898; x_wconf 90' lang='lat' dir='ltr'>Utrumlibet</span> <span class='ocrx_word' id='word_1_579' title='bbox 1538 3856 1607 3913; x_wconf 91' lang='lat' dir='ltr'>ergo</span> <span class='ocrx_word' id='word_1_580' title='bbox 1636 3843 1760 3912; x_wconf 90' lang='lat' dir='ltr'>accidat,</span> <span class='ocrx_word' id='word_1_581' title='bbox 1787 3846 1856 3901; x_wconf 79' lang='lat' dir='ltr'>inest</span> 
     </span>
     <span class='ocr_line' id='line_1_85' title="bbox 1007 3928 1856 4005; baseline 0.009 -22"><span class='ocrx_word' id='word_1_582' title='bbox 1007 3928 1089 3985; x_wconf 92' lang='lat' dir='ltr'>vobis</span> <span class='ocrx_word' id='word_1_583' title='bbox 1122 3929 1277 4001; x_wconf 91' lang='lat' dir='ltr'>utrobique</span> <span class='ocrx_word' id='word_1_584' title='bbox 1301 3931 1463 3999; x_wconf 82' lang='lat' dir='ltr'>securitas3</span> <span class='ocrx_word' id='word_1_585' title='bbox 1486 3939 1513 3987; x_wconf 92' lang='lat' dir='ltr'>et</span> <span class='ocrx_word' id='word_1_586' title='bbox 1542 3932 1651 4001; x_wconf 91' lang='lat' dir='ltr'>ubique</span> <span class='ocrx_word' id='word_1_587' title='bbox 1683 3933 1856 4005; x_wconf 85' lang='lat' dir='ltr'>neutiquam</span> 
     </span>
     <span class='ocr_line' id='line_1_86' title="bbox 1006 4014 1855 4088; baseline 0.007 -17"><span class='ocrx_word' id='word_1_588' title='bbox 1006 4014 1077 4083; x_wconf 92' lang='lat' dir='ltr'>quid</span> <span class='ocrx_word' id='word_1_589' title='bbox 1102 4014 1224 4071; x_wconf 90' lang='lat' dir='ltr'>timeatis</span> <span class='ocrx_word' id='word_1_590' title='bbox 1253 4016 1386 4083; x_wconf 91' lang='lat' dir='ltr'>babetur,</span> <span class='ocrx_word' id='word_1_591' title='bbox 1416 4017 1497 4073; x_wconf 94' lang='lat' dir='ltr'>nulla</span> <span class='ocrx_word' id='word_1_592' title='bbox 1525 4032 1575 4073; x_wconf 90' lang='lat' dir='ltr'>vos</span> <span class='ocrx_word' id='word_1_593' title='bbox 1599 4018 1659 4088; x_wconf 87' lang='lat' dir='ltr'>jam</span> <span class='ocrx_word' id='word_1_594' title='bbox 1690 4021 1855 4077; x_wconf 88' lang='lat' dir='ltr'>retractatio</span> 
     </span>
     <span class='ocr_line' id='line_1_87' title="bbox 1007 4101 1855 4179; baseline 0.009 -23"><span class='ocrx_word' id='word_1_595' title='bbox 1007 4101 1051 4156; x_wconf 91' lang='lat' dir='ltr'>vel</span> <span class='ocrx_word' id='word_1_596' title='bbox 1088 4102 1219 4159; x_wconf 89' lang='lat' dir='ltr'>dubietas</span> <span class='ocrx_word' id='word_1_597' title='bbox 1253 4114 1422 4159; x_wconf 89' lang='lat' dir='ltr'>remoretur.</span> <span class='ocrx_word' id='word_1_598' title='bbox 1448 4105 1527 4176; x_wconf 86' lang='lat' dir='ltr'>Ergo</span> <span class='ocrx_word' id='word_1_599' title='bbox 1551 4114 1661 4162; x_wconf 90' lang='lat' dir='ltr'>mentes</span> <span class='ocrx_word' id='word_1_600' title='bbox 1685 4115 1714 4163; x_wconf 90' lang='lat' dir='ltr'>et</span> <span class='ocrx_word' id='word_1_601' title='bbox 1733 4122 1855 4179; x_wconf 88' lang='lat' dir='ltr'>corpora</span> 
     </span>
    </p>
   </div>
   <div class='ocr_carea' id='block_1_14' title="bbox 104 4182 1854 4269">
    <p class='ocr_par' dir='ltr' id='par_1_17' title="bbox 104 4182 1854 4269">
     <span class='ocr_line' id='line_1_88' title="bbox 104 4182 1854 4269; baseline 0.009 -32"><span class='ocrx_word' id='word_1_602' title='bbox 104 4182 209 4248; x_wconf 91' lang='lat' dir='ltr'>decuit,</span> <span class='ocrx_word' id='word_1_603' title='bbox 238 4192 365 4254; x_wconf 75' lang='lat' dir='ltr'>paternae</span> <span class='ocrx_word' id='word_1_604' title='bbox 389 4188 582 4248; x_wconf 89' lang='lat' dir='ltr'>bellicositatis</span> <span class='ocrx_word' id='word_1_605' title='bbox 614 4198 642 4248; x_wconf 91' lang='lat' dir='ltr'>et</span> <span class='ocrx_word' id='word_1_606' title='bbox 676 4193 834 4248; x_wconf 92' lang='lat' dir='ltr'>nobilitatis</span> <span class='ocrx_word' id='word_1_607' title='bbox 864 4192 950 4248; x_wconf 86' lang='lat' dir='ltr'>avitae</span> <span class='ocrx_word' id='word_1_608' title='bbox 968 4187 1068 4245; x_wconf 85' lang='lat' dir='ltr'>illidei</span> <span class='ocrx_word' id='word_1_609' title='bbox 1085 4191 1495 4261; x_wconf 85' lang='lat' dir='ltr'>Dominicaecrucisaddieite,</span> <span class='ocrx_word' id='word_1_610' title='bbox 1521 4202 1548 4250; x_wconf 95' lang='lat' dir='ltr'>et</span> <span class='ocrx_word' id='word_1_611' title='bbox 1573 4203 1673 4251; x_wconf 90' lang='lat' dir='ltr'>contra</span> <span class='ocrx_word' id='word_1_612' title='bbox 1698 4197 1780 4253; x_wconf 92' lang='lat' dir='ltr'>bunc</span> <span class='ocrx_word' id='word_1_613' title='bbox 1802 4211 1854 4269; x_wconf 87' lang='lat' dir='ltr'>ag-</span> 
     </span>
    </p>
   </div>
   <div class='ocr_carea' id='block_1_15' title="bbox 98 4271 950 5492">
    <p class='ocr_par' dir='ltr' id='par_1_18' title="bbox 104 4271 950 4524">
     <span class='ocr_line' id='line_1_89' title="bbox 104 4271 950 4350; baseline 0.012 -26"><span class='ocrx_word' id='word_1_614' title='bbox 104 4283 211 4341; x_wconf 90' lang='lat' dir='ltr'>magna</span> <span class='ocrx_word' id='word_1_615' title='bbox 238 4271 312 4329; x_wconf 92' lang='lat' dir='ltr'>illico</span> <span class='ocrx_word' id='word_1_616' title='bbox 339 4288 487 4333; x_wconf 89' lang='lat' dir='ltr'>armorum</span> <span class='ocrx_word' id='word_1_617' title='bbox 518 4278 731 4342; x_wconf 90' lang='lat' dir='ltr'>exercitatione,</span> <span class='ocrx_word' id='word_1_618' title='bbox 766 4278 950 4350; x_wconf 81' lang='lat' dir='ltr'>hostiumque</span> 
     </span>
     <span class='ocr_line' id='line_1_90' title="bbox 104 4355 947 4436; baseline 0.012 -22"><span class='ocrx_word' id='word_1_619' title='bbox 104 4355 275 4428; x_wconf 85' lang='lat' dir='ltr'>repulsione,</span> <span class='ocrx_word' id='word_1_620' title='bbox 312 4363 482 4421; x_wconf 82' lang='lat' dir='ltr'>detensionis</span> <span class='ocrx_word' id='word_1_621' title='bbox 519 4366 649 4436; x_wconf 91' lang='lat' dir='ltr'>exempla</span> <span class='ocrx_word' id='word_1_622' title='bbox 673 4366 813 4423; x_wconf 85' lang='lat' dir='ltr'>exercitui</span> <span class='ocrx_word' id='word_1_623' title='bbox 840 4375 947 4436; x_wconf 91' lang='lat' dir='ltr'>nostro,</span> 
     </span>
     <span class='ocr_line' id='line_1_91' title="bbox 104 4446 618 4524; baseline 0.014 -23"><span class='ocrx_word' id='word_1_624' title='bbox 104 4446 312 4519; x_wconf 88' lang='lat' dir='ltr'>aliquantisper</span> <span class='ocrx_word' id='word_1_625' title='bbox 325 4454 470 4522; x_wconf 91' lang='lat' dir='ltr'>exterrito,</span> <span class='ocrx_word' id='word_1_626' title='bbox 485 4454 618 4524; x_wconf 68' lang='lat' dir='ltr'>praebuit.</span> 
     </span>
    </p>

    <p class='ocr_par' dir='ltr' id='par_1_19' title="bbox 98 4535 948 5492">
     <span class='ocr_line' id='line_1_92' title="bbox 138 4535 948 4615; baseline 0.017 -25"><span class='ocrx_word' id='word_1_627' title='bbox 138 4535 237 4592; x_wconf 72' lang='lat' dir='ltr'>adluit</span> <span class='ocrx_word' id='word_1_628' title='bbox 251 4537 336 4595; x_wconf 91' lang='lat' dir='ltr'>ctiam</span> <span class='ocrx_word' id='word_1_629' title='bbox 351 4541 426 4596; x_wconf 87' lang='lat' dir='ltr'>Dens</span> <span class='ocrx_word' id='word_1_630' title='bbox 439 4548 471 4598; x_wconf 92' lang='lat' dir='ltr'>ut</span> <span class='ocrx_word' id='word_1_631' title='bbox 494 4543 665 4600; x_wconf 90' lang='lat' dir='ltr'>leminarnm</span> <span class='ocrx_word' id='word_1_632' title='bbox 686 4559 753 4615; x_wconf 81' lang='lat' dir='ltr'>quae</span> <span class='ocrx_word' id='word_1_633' title='bbox 771 4545 948 4603; x_wconf 89' lang='lat' dir='ltr'>comitaban-</span> 
     </span>
     <span class='ocr_line' id='line_1_93' title="bbox 102 4625 948 4705; baseline 0.018 -29"><span class='ocrx_word' id='word_1_634' title='bbox 102 4625 152 4677; x_wconf 89' lang='lat' dir='ltr'>tur</span> <span class='ocrx_word' id='word_1_635' title='bbox 178 4638 235 4680; x_wconf 92' lang='lat' dir='ltr'>non</span> <span class='ocrx_word' id='word_1_636' title='bbox 262 4625 319 4682; x_wconf 93' lang='lat' dir='ltr'>illic</span> <span class='ocrx_word' id='word_1_637' title='bbox 349 4643 467 4699; x_wconf 92' lang='lat' dir='ltr'>quoque</span> <span class='ocrx_word' id='word_1_638' title='bbox 495 4629 550 4686; x_wconf 88' lang='lat' dir='ltr'>illis</span> <span class='ocrx_word' id='word_1_639' title='bbox 573 4631 679 4688; x_wconf 90' lang='lat' dir='ltr'>deesset</span> <span class='ocrx_word' id='word_1_640' title='bbox 697 4633 851 4700; x_wconf 89' lang='lat' dir='ltr'>instantia;</span> <span class='ocrx_word' id='word_1_641' title='bbox 881 4635 948 4705; x_wconf 78' lang='lat' dir='ltr'>ipsae</span> 
     </span>
     <span class='ocr_line' id='line_1_94' title="bbox 103 4710 948 4790; baseline 0.019 -27"><span class='ocrx_word' id='word_1_642' title='bbox 103 4710 179 4764; x_wconf 91' lang='lat' dir='ltr'>enim</span> <span class='ocrx_word' id='word_1_643' title='bbox 194 4725 286 4781; x_wconf 92' lang='lat' dir='ltr'>aquas</span> <span class='ocrx_word' id='word_1_644' title='bbox 301 4718 464 4772; x_wconf 84' lang='lat' dir='ltr'>recreandis</span> <span class='ocrx_word' id='word_1_645' title='bbox 487 4717 636 4786; x_wconf 90' lang='lat' dir='ltr'>militibus,</span> <span class='ocrx_word' id='word_1_646' title='bbox 660 4735 748 4790; x_wconf 92' lang='lat' dir='ltr'>quam</span> <span class='ocrx_word' id='word_1_647' title='bbox 775 4722 873 4778; x_wconf 92' lang='lat' dir='ltr'>sedulo</span> <span class='ocrx_word' id='word_1_648' title='bbox 896 4723 948 4779; x_wconf 89' lang='lat' dir='ltr'>de·</span> 
     </span>
     <span class='ocr_line' id='line_1_95' title="bbox 101 4793 948 4879; baseline 0.015 -28"><span class='ocrx_word' id='word_1_649' title='bbox 101 4793 248 4867; x_wconf 81' lang='lat' dir='ltr'>terebant;</span> <span class='ocrx_word' id='word_1_650' title='bbox 280 4799 329 4855; x_wconf 89' lang='lat' dir='ltr'>sed</span> <span class='ocrx_word' id='word_1_651' title='bbox 365 4803 455 4858; x_wconf 90' lang='lat' dir='ltr'>multo</span> <span class='ocrx_word' id='word_1_652' title='bbox 487 4804 682 4875; x_wconf 87' lang='lat' dir='ltr'>vigilantiores</span> <span class='ocrx_word' id='word_1_653' title='bbox 715 4808 948 4879; x_wconf 88' lang='lat' dir='ltr'>instigationibus</span> 
     </span>
     <span class='ocr_line' id='line_1_96' title="bbox 100 4885 947 4967; baseline 0.018 -30"><span class='ocrx_word' id='word_1_654' title='bbox 100 4897 148 4938; x_wconf 91' lang='lat' dir='ltr'>eos</span> <span class='ocrx_word' id='word_1_655' title='bbox 162 4885 221 4940; x_wconf 90' lang='lat' dir='ltr'>suis</span> <span class='ocrx_word' id='word_1_656' title='bbox 235 4899 269 4940; x_wconf 90' lang='lat' dir='ltr'>ac</span> <span class='ocrx_word' id='word_1_657' title='bbox 289 4886 414 4953; x_wconf 90' lang='lat' dir='ltr'>monitis,</span> <span class='ocrx_word' id='word_1_658' title='bbox 438 4890 655 4964; x_wconf 91' lang='lat' dir='ltr'>solertioresque</span> <span class='ocrx_word' id='word_1_659' title='bbox 680 4897 838 4959; x_wconf 89' lang='lat' dir='ltr'>reddebant</span> <span class='ocrx_word' id='word_1_660' title='bbox 857 4909 947 4967; x_wconf 88' lang='lat' dir='ltr'>quam</span> 
     </span>
     <span class='ocr_line' id='line_1_97' title="bbox 100 4968 946 5039; baseline 0.018 -16"><span class='ocrx_word' id='word_1_661' title='bbox 100 4968 181 5025; x_wconf 91' lang='lat' dir='ltr'>illata</span> <span class='ocrx_word' id='word_1_662' title='bbox 208 4970 308 5028; x_wconf 90' lang='lat' dir='ltr'>lierent</span> <span class='ocrx_word' id='word_1_663' title='bbox 334 4974 414 5030; x_wconf 89' lang='lat' dir='ltr'>unda</span> <span class='ocrx_word' id='word_1_664' title='bbox 437 4987 576 5036; x_wconf 88' lang='lat' dir='ltr'>recentes.</span> <span class='ocrx_word' id='word_1_665' title='bbox 614 4983 650 5037; x_wconf 82' lang='lat' dir='ltr'>At</span> <span class='ocrx_word' id='word_1_666' title='bbox 686 4983 735 5039; x_wconf 92' lang='lat' dir='ltr'>ubi</span> <span class='ocrx_word' id='word_1_667' title='bbox 762 4983 946 5038; x_wconf 89' lang='lat' dir='ltr'>Boemundus</span> 
     </span>
     <span class='ocr_line' id='line_1_98' title="bbox 99 5059 946 5141; baseline 0.017 -29"><span class='ocrx_word' id='word_1_668' title='bbox 99 5059 210 5114; x_wconf 89' lang='lat' dir='ltr'>moneri</span> <span class='ocrx_word' id='word_1_669' title='bbox 229 5060 315 5131; x_wconf 87' lang='lat' dir='ltr'>coepit</span> <span class='ocrx_word' id='word_1_670' title='bbox 329 5063 401 5118; x_wconf 91' lang='lat' dir='ltr'>tanti</span> <span class='ocrx_word' id='word_1_671' title='bbox 420 5064 616 5136; x_wconf 72' lang='lat' dir='ltr'>inaequalitate</span> <span class='ocrx_word' id='word_1_672' title='bbox 639 5083 818 5141; x_wconf 88' lang='lat' dir='ltr'>congressus,</span> <span class='ocrx_word' id='word_1_673' title='bbox 845 5069 879 5126; x_wconf 91' lang='lat' dir='ltr'>iis</span> <span class='ocrx_word' id='word_1_674' title='bbox 894 5070 946 5140; x_wconf 92' lang='lat' dir='ltr'>qui</span> 
     </span>
     <span class='ocr_line' id='line_1_99' title="bbox 99 5143 946 5225; baseline 0.019 -26"><span class='ocrx_word' id='word_1_675' title='bbox 99 5143 182 5200; x_wconf 89' lang='lat' dir='ltr'>devia</span> <span class='ocrx_word' id='word_1_676' title='bbox 197 5150 402 5219; x_wconf 90' lang='lat' dir='ltr'>sequebantur,</span> <span class='ocrx_word' id='word_1_677' title='bbox 418 5152 492 5210; x_wconf 91' lang='lat' dir='ltr'>illico</span> <span class='ocrx_word' id='word_1_678' title='bbox 517 5157 619 5213; x_wconf 90' lang='lat' dir='ltr'>nuntio</span> <span class='ocrx_word' id='word_1_679' title='bbox 642 5158 794 5225; x_wconf 87' lang='lat' dir='ltr'>mediante,</span> <span class='ocrx_word' id='word_1_680' title='bbox 819 5159 946 5215; x_wconf 90' lang='lat' dir='ltr'>notilioat</span> 
     </span>
     <span class='ocr_line' id='line_1_100' title="bbox 99 5235 943 5314; baseline 0.018 -28"><span class='ocrx_word' id='word_1_681' title='bbox 99 5235 194 5289; x_wconf 88' lang='lat' dir='ltr'>comiti</span> <span class='ocrx_word' id='word_1_682' title='bbox 227 5236 323 5294; x_wconf 89' lang='lat' dir='ltr'>Sancti</span> <span class='ocrx_word' id='word_1_683' title='bbox 355 5240 449 5309; x_wconf 83' lang='lat' dir='ltr'>Egidii</span> <span class='ocrx_word' id='word_1_684' title='bbox 479 5243 652 5314; x_wconf 82' lang='lat' dir='ltr'>Raimundo,</span> <span class='ocrx_word' id='word_1_685' title='bbox 687 5246 753 5302; x_wconf 87' lang='lat' dir='ltr'>duci</span> <span class='ocrx_word' id='word_1_686' title='bbox 783 5245 943 5314; x_wconf 86' lang='lat' dir='ltr'>Godelrido,</span> 
     </span>
     <span class='ocr_line' id='line_1_101' title="bbox 99 5316 942 5402; baseline 0.019 -30"><span class='ocrx_word' id='word_1_687' title='bbox 99 5316 215 5389; x_wconf 85' lang='lat' dir='ltr'>Hugoni</span> <span class='ocrx_word' id='word_1_688' title='bbox 236 5321 349 5394; x_wconf 80' lang='lat' dir='ltr'>Magno,</span> <span class='ocrx_word' id='word_1_689' title='bbox 382 5327 513 5384; x_wconf 90' lang='lat' dir='ltr'>Podiensi</span> <span class='ocrx_word' id='word_1_690' title='bbox 531 5332 672 5402; x_wconf 87' lang='lat' dir='ltr'>episcopo,</span> <span class='ocrx_word' id='word_1_691' title='bbox 697 5331 818 5402; x_wconf 89' lang='lat' dir='ltr'>aliisque</span> <span class='ocrx_word' id='word_1_692' title='bbox 841 5345 942 5388; x_wconf 88' lang='lat' dir='ltr'>eorum</span> 
     </span>
     <span class='ocr_line' id='line_1_102' title="bbox 98 5406 943 5492; baseline 0.019 -31"><span class='ocrx_word' id='word_1_693' title='bbox 98 5406 221 5465; x_wconf 77' lang='lat' dir='ltr'>comitiae</span> <span class='ocrx_word' id='word_1_694' title='bbox 235 5417 268 5466; x_wconf 93' lang='lat' dir='ltr'>ut</span> <span class='ocrx_word' id='word_1_695' title='bbox 291 5413 413 5472; x_wconf 91' lang='lat' dir='ltr'>celerius</span> <span class='ocrx_word' id='word_1_696' title='bbox 433 5417 570 5476; x_wconf 89' lang='lat' dir='ltr'>advenire</span> <span class='ocrx_word' id='word_1_697' title='bbox 595 5429 820 5492; x_wconf 73' lang='lat' dir='ltr'>preponerent,</span> <span class='ocrx_word' id='word_1_698' title='bbox 833 5435 892 5479; x_wconf 90' lang='lat' dir='ltr'>non</span> <span class='ocrx_word' id='word_1_699' title='bbox 906 5421 943 5477; x_wconf 95' lang='lat' dir='ltr'>ob</span> 
     </span>
    </p>
   </div>
   <div class='ocr_carea' id='block_1_16' title="bbox 996 4276 1855 5499">
    <p class='ocr_par' dir='ltr' id='par_1_20' title="bbox 1003 4276 1855 4436">
     <span class='ocr_line' id='line_1_103' title="bbox 1004 4276 1855 4354; baseline 0.012 -22"><span class='ocrx_word' id='word_1_700' title='bbox 1004 4284 1113 4348; x_wconf 87' lang='lat' dir='ltr'>gestum</span> <span class='ocrx_word' id='word_1_701' title='bbox 1131 4276 1290 4346; x_wconf 90' lang='lat' dir='ltr'>palearum,</span> <span class='ocrx_word' id='word_1_702' title='bbox 1308 4279 1434 4336; x_wconf 89' lang='lat' dir='ltr'>tantillos</span> <span class='ocrx_word' id='word_1_703' title='bbox 1455 4281 1587 4339; x_wconf 86' lang='lat' dir='ltr'>videlicet</span> <span class='ocrx_word' id='word_1_704' title='bbox 1611 4296 1645 4339; x_wconf 92' lang='lat' dir='ltr'>ac</span> <span class='ocrx_word' id='word_1_705' title='bbox 1668 4297 1741 4354; x_wconf 88' lang='lat' dir='ltr'>pene</span> <span class='ocrx_word' id='word_1_706' title='bbox 1761 4285 1855 4342; x_wconf 91' lang='lat' dir='ltr'>nullos</span> 
     </span>
     <span class='ocr_line' id='line_1_104' title="bbox 1003 4364 1432 4436; baseline 0.009 -16"><span class='ocrx_word' id='word_1_707' title='bbox 1003 4364 1143 4431; x_wconf 88' lang='lat' dir='ltr'>homines,</span> <span class='ocrx_word' id='word_1_708' title='bbox 1157 4378 1239 4420; x_wconf 91' lang='lat' dir='ltr'>arma</span> <span class='ocrx_word' id='word_1_709' title='bbox 1254 4368 1401 4436; x_wconf 87' lang='lat' dir='ltr'>capessite.</span> <span class='ocrx_word' id='word_1_710' title='bbox 1421 4389 1432 4417; x_wconf 74' lang='grc' dir='ltr'><strong><em>ι</em></strong></span> 
     </span>
    </p>

    <p class='ocr_par' dir='ltr' id='par_1_21' title="bbox 996 4453 1853 5499">
     <span class='ocr_line' id='line_1_105' title="bbox 1038 4453 1853 4528; baseline 0.016 -23"><span class='ocrx_word' id='word_1_711' title='bbox 1038 4453 1187 4520; x_wconf 71' lang='lat' dir='ltr'>Praeterea,</span> <span class='ocrx_word' id='word_1_712' title='bbox 1227 4454 1381 4510; x_wconf 88' lang='lat' dir='ltr'>ordinatim</span> <span class='ocrx_word' id='word_1_713' title='bbox 1419 4456 1495 4513; x_wconf 89' lang='lat' dir='ltr'>acies</span> <span class='ocrx_word' id='word_1_714' title='bbox 1521 4457 1727 4528; x_wconf 88' lang='lat' dir='ltr'>disponuntur.</span> <span class='ocrx_word' id='word_1_715' title='bbox 1754 4461 1787 4517; x_wconf 87' lang='lat' dir='ltr'>In</span> <span class='ocrx_word' id='word_1_716' title='bbox 1813 4461 1853 4518; x_wconf 92' lang='lat' dir='ltr'>si-</span> 
     </span>
     <span class='ocr_line' id='line_1_106' title="bbox 1002 4534 1852 4621; baseline 0.016 -28"><span class='ocrx_word' id='word_1_717' title='bbox 1002 4540 1091 4595; x_wconf 91' lang='lat' dir='ltr'>nistro</span> <span class='ocrx_word' id='word_1_718' title='bbox 1119 4534 1222 4596; x_wconf 83' lang='lat' dir='ltr'>cornn&#39;</span> <span class='ocrx_word' id='word_1_719' title='bbox 1246 4543 1450 4612; x_wconf 88' lang='lat' dir='ltr'>magnanimus</span> <span class='ocrx_word' id='word_1_720' title='bbox 1474 4547 1667 4614; x_wconf 89' lang='lat' dir='ltr'>Boemundus,</span> <span class='ocrx_word' id='word_1_721' title='bbox 1696 4562 1852 4621; x_wconf 86' lang='lat' dir='ltr'>comesque</span> 
     </span>
     <span class='ocr_line' id='line_1_107' title="bbox 1001 4628 1853 4703; baseline 0.016 -20"><span class='ocrx_word' id='word_1_722' title='bbox 1001 4628 1277 4698; x_wconf 89' lang='lat' dir='ltr'>Nortbmannorum,</span> <span class='ocrx_word' id='word_1_723' title='bbox 1309 4632 1389 4687; x_wconf 89' lang='lat' dir='ltr'>miles</span> <span class='ocrx_word' id='word_1_724' title='bbox 1414 4634 1574 4691; x_wconf 88' lang='lat' dir='ltr'>acerrimus</span> <span class='ocrx_word' id='word_1_725' title='bbox 1607 4636 1786 4703; x_wconf 85' lang='lat' dir='ltr'>rancreons,</span> <span class='ocrx_word' id='word_1_726' title='bbox 1826 4651 1853 4700; x_wconf 92' lang='lat' dir='ltr'>et</span> 
     </span>
     <span class='ocr_line' id='line_1_108' title="bbox 1002 4717 1852 4788; baseline 0.014 -17"><span class='ocrx_word' id='word_1_727' title='bbox 1002 4717 1052 4787; x_wconf 89' lang='lat' dir='ltr'>qui</span> <span class='ocrx_word' id='word_1_728' title='bbox 1072 4717 1176 4772; x_wconf 91' lang='lat' dir='ltr'>dicitur</span> <span class='ocrx_word' id='word_1_729' title='bbox 1205 4718 1239 4773; x_wconf 94' lang='lat' dir='ltr'>de</span> <span class='ocrx_word' id='word_1_730' title='bbox 1267 4719 1361 4788; x_wconf 92' lang='lat' dir='ltr'>prima</span> <span class='ocrx_word' id='word_1_731' title='bbox 1385 4720 1500 4778; x_wconf 89' lang='lat' dir='ltr'>civitate</span> <span class='ocrx_word' id='word_1_732' title='bbox 1526 4723 1675 4781; x_wconf 86' lang='lat' dir='ltr'>Ricardns.</span> <span class='ocrx_word' id='word_1_733' title='bbox 1705 4726 1852 4784; x_wconf 84' lang='lat' dir='ltr'>Podiensis</span> 
     </span>
     <span class='ocr_line' id='line_1_109' title="bbox 1002 4803 1852 4884; baseline 0.013 -25"><span class='ocrx_word' id='word_1_734' title='bbox 1002 4811 1097 4860; x_wconf 90' lang='lat' dir='ltr'>autem</span> <span class='ocrx_word' id='word_1_735' title='bbox 1113 4803 1262 4874; x_wconf 89' lang='lat' dir='ltr'>episcopus</span> <span class='ocrx_word' id='word_1_736' title='bbox 1280 4805 1451 4862; x_wconf 91' lang='lat' dir='ltr'>altrinsecus</span> <span class='ocrx_word' id='word_1_737' title='bbox 1471 4822 1486 4862; x_wconf 92' lang='lat' dir='ltr'>e</span> <span class='ocrx_word' id='word_1_738' title='bbox 1507 4809 1623 4879; x_wconf 86' lang='lat' dir='ltr'>regione</span> <span class='ocrx_word' id='word_1_739' title='bbox 1647 4811 1775 4869; x_wconf 90' lang='lat' dir='ltr'>bostium</span> <span class='ocrx_word' id='word_1_740' title='bbox 1802 4827 1852 4884; x_wconf 88' lang='lat' dir='ltr'>per</span> 
     </span>
     <span class='ocr_line' id='line_1_110' title="bbox 1002 4895 1852 4965; baseline 0.011 -15"><span class='ocrx_word' id='word_1_741' title='bbox 1002 4900 1140 4950; x_wconf 86' lang='lat' dir='ltr'>montana</span> <span class='ocrx_word' id='word_1_742' title='bbox 1181 4895 1375 4965; x_wconf 89' lang='lat' dir='ltr'>progrediens,</span> <span class='ocrx_word' id='word_1_743' title='bbox 1417 4897 1578 4953; x_wconf 79' lang='lat' dir='ltr'>Turdorum</span> <span class='ocrx_word' id='word_1_744' title='bbox 1614 4901 1763 4957; x_wconf 90' lang='lat' dir='ltr'>exercitus</span> <span class='ocrx_word' id='word_1_745' title='bbox 1797 4916 1852 4959; x_wconf 82' lang='lat' dir='ltr'>am</span> 
     </span>
     <span class='ocr_line' id='line_1_111' title="bbox 1000 4981 1851 5054; baseline 0.008 -15"><span class='ocrx_word' id='word_1_746' title='bbox 1000 4982 1105 5039; x_wconf 90' lang='lat' dir='ltr'>biebat.</span> <span class='ocrx_word' id='word_1_747' title='bbox 1122 4981 1249 5039; x_wconf 85' lang='lat' dir='ltr'>Sinistrae</span> <span class='ocrx_word' id='word_1_748' title='bbox 1272 4982 1357 5038; x_wconf 86' lang='lat' dir='ltr'>etiam</span> <span class='ocrx_word' id='word_1_749' title='bbox 1381 4983 1423 5039; x_wconf 92' lang='lat' dir='ltr'>illi</span> <span class='ocrx_word' id='word_1_750' title='bbox 1447 4985 1520 5054; x_wconf 90' lang='lat' dir='ltr'>parti</span> <span class='ocrx_word' id='word_1_751' title='bbox 1550 4987 1732 5046; x_wconf 85' lang='lat' dir='ltr'>Raimnndus</span> <span class='ocrx_word' id='word_1_752' title='bbox 1758 5005 1851 5046; x_wconf 90' lang='lat' dir='ltr'>comes</span> 
     </span>
     <span class='ocr_line' id='line_1_112' title="bbox 999 5069 1849 5139; baseline 0.013 -16"><span class='ocrx_word' id='word_1_753' title='bbox 999 5069 1157 5139; x_wconf 86' lang='lat' dir='ltr'>adequitat.</span> <span class='ocrx_word' id='word_1_754' title='bbox 1173 5070 1205 5124; x_wconf 90' lang='lat' dir='ltr'>In</span> <span class='ocrx_word' id='word_1_755' title='bbox 1220 5070 1320 5125; x_wconf 90' lang='lat' dir='ltr'>dextro</span> <span class='ocrx_word' id='word_1_756' title='bbox 1343 5080 1439 5128; x_wconf 89' lang='lat' dir='ltr'>autem</span> <span class='ocrx_word' id='word_1_757' title='bbox 1468 5074 1528 5130; x_wconf 92' lang='lat' dir='ltr'>dux</span> <span class='ocrx_word' id='word_1_758' title='bbox 1555 5075 1735 5138; x_wconf 77' lang='lat' dir='ltr'>Godelridus</span> <span class='ocrx_word' id='word_1_759' title='bbox 1762 5078 1849 5134; x_wconf 82' lang='lat' dir='ltr'>Flan-</span> 
     </span>
     <span class='ocr_line' id='line_1_113' title="bbox 998 5156 1850 5236; baseline 0.013 -24"><span class='ocrx_word' id='word_1_760' title='bbox 998 5156 1167 5228; x_wconf 90' lang='lat' dir='ltr'>drensisque</span> <span class='ocrx_word' id='word_1_761' title='bbox 1180 5158 1328 5225; x_wconf 80' lang='lat' dir='ltr'>liebertus,</span> <span class='ocrx_word' id='word_1_762' title='bbox 1350 5160 1433 5231; x_wconf 85' lang='lat' dir='ltr'>Hugo</span> <span class='ocrx_word' id='word_1_763' title='bbox 1448 5161 1579 5233; x_wconf 78' lang='lat' dir='ltr'>Magnus,</span> <span class='ocrx_word' id='word_1_764' title='bbox 1595 5165 1751 5235; x_wconf 88' lang='lat' dir='ltr'>etreliqua</span> <span class='ocrx_word' id='word_1_765' title='bbox 1779 5180 1850 5236; x_wconf 66' lang='lat' dir='ltr'>pre</span> 
     </span>
     <span class='ocr_line' id='line_1_114' title="bbox 997 5246 1849 5320; baseline 0.014 -21"><span class='ocrx_word' id='word_1_766' title='bbox 997 5251 1104 5314; x_wconf 89' lang='lat' dir='ltr'>potens,</span> <span class='ocrx_word' id='word_1_767' title='bbox 1135 5253 1232 5314; x_wconf 90' lang='lat' dir='ltr'>utpote</span> <span class='ocrx_word' id='word_1_768' title='bbox 1253 5246 1365 5303; x_wconf 89' lang='lat' dir='ltr'>Cbristo</span> <span class='ocrx_word' id='word_1_769' title='bbox 1403 5258 1634 5320; x_wconf 88' lang='lat' dir='ltr'>pugnaturorum</span> <span class='ocrx_word' id='word_1_770' title='bbox 1668 5267 1784 5311; x_wconf 89' lang='lat' dir='ltr'>manus.</span> <span class='ocrx_word' id='word_1_771' title='bbox 1827 5254 1849 5310; x_wconf 91' lang='lat'>0</span> 
     </span>
     <span class='ocr_line' id='line_1_115' title="bbox 998 5333 1848 5410; baseline 0.011 -20"><span class='ocrx_word' id='word_1_772' title='bbox 998 5333 1080 5400; x_wconf 91' lang='lat' dir='ltr'>bone,</span> <span class='ocrx_word' id='word_1_773' title='bbox 1117 5333 1297 5390; x_wconf 91' lang='lat' dir='ltr'>internorum</span> <span class='ocrx_word' id='word_1_774' title='bbox 1327 5338 1466 5408; x_wconf 89' lang='lat' dir='ltr'>cognitor,</span> <span class='ocrx_word' id='word_1_775' title='bbox 1497 5340 1582 5407; x_wconf 85' lang='lat' dir='ltr'>Deus,</span> <span class='ocrx_word' id='word_1_776' title='bbox 1611 5342 1684 5410; x_wconf 90' lang='lat' dir='ltr'>quid</span> <span class='ocrx_word' id='word_1_777' title='bbox 1714 5343 1744 5399; x_wconf 93' lang='lat' dir='ltr'>iu</span> <span class='ocrx_word' id='word_1_778' title='bbox 1768 5352 1848 5399; x_wconf 88' lang='lat' dir='ltr'>tauto</span> 
     </span>
     <span class='ocr_line' id='line_1_116' title="bbox 996 5420 1847 5499; baseline 0.009 -21"><span class='ocrx_word' id='word_1_779' title='bbox 996 5420 1191 5494; x_wconf 85' lang='lat' dir='ltr'>lacrymarum</span> <span class='ocrx_word' id='word_1_780' title='bbox 1207 5422 1369 5483; x_wconf 89' lang='lat' dir='ltr'>tibilusum</span> <span class='ocrx_word' id='word_1_781' title='bbox 1393 5433 1435 5481; x_wconf 91' lang='lat' dir='ltr'>est</span> <span class='ocrx_word' id='word_1_782' title='bbox 1459 5428 1626 5499; x_wconf 83' lang='lat' dir='ltr'>apparatu?</span> <span class='ocrx_word' id='word_1_783' title='bbox 1647 5427 1723 5498; x_wconf 87' lang='lat' dir='ltr'>Quid</span> <span class='ocrx_word' id='word_1_784' title='bbox 1745 5430 1776 5489; x_wconf 92' lang='lat' dir='ltr'>in</span> <span class='ocrx_word' id='word_1_785' title='bbox 1800 5430 1847 5487; x_wconf 95' lang='lat' dir='ltr'>illo</span> 
     </span>
    </p>
   </div>
   <div class='ocr_carea' id='block_1_17' title="bbox 0 0 1914 6008">
    <p class='ocr_par' dir='ltr' id='par_1_22' title="bbox 0 0 1914 6008">
     <span class='ocr_line' id='line_1_117' title="bbox 0 0 1914 6008; baseline 0 6"><span class='ocrx_word' id='word_1_786' title='bbox 0 0 1914 6008; x_wconf 95' lang='lat' dir='ltr'> </span> 
     </span>
    </p>
   </div>
  </div>
 </body>
</html>
