<?xml version="1.0" encoding="UTF-8"?>
<!DOCTYPE html PUBLIC "-//W3C//DTD XHTML 1.0 Transitional//EN"
    "http://www.w3.org/TR/xhtml1/DTD/xhtml1-transitional.dtd">
<html xmlns="http://www.w3.org/1999/xhtml" xml:lang="en" lang="en">
 <head>
  <title>
</title>
<meta http-equiv="Content-Type" content="text/html;charset=utf-8" />
  <meta name='ocr-system' content='tesseract 3.04.00' />
  <meta name='ocr-capabilities' content='ocr_page ocr_carea ocr_par ocr_line ocrx_word'/>
</head>
<body>
  <div class='ocr_page' id='page_1' title='image "./patrologiaecurs05unkngoog_0104.png"; bbox 0 0 3818 6008; ppageno 0'>
   <div class='ocr_carea' id='block_1_1' title="bbox 82 102 1834 171">
    <p class='ocr_par' dir='ltr' id='par_1_1' title="bbox 82 102 1834 171">
     <span class='ocr_line' id='line_1_1' title="bbox 82 102 1834 171; baseline 0.006 -11"><span class='ocrx_word' id='word_1_1' title='bbox 82 102 131 160; x_wconf 77' lang='lat' dir='ltr'><strong>lii</strong></span> <span class='ocrx_word' id='word_1_2' title='bbox 668 104 851 165; x_wconf 82' lang='lat' dir='ltr'><strong>nnunnttni</strong></span> <span class='ocrx_word' id='word_1_3' title='bbox 870 106 906 164; x_wconf 87' lang='lat' dir='ltr'><strong>IN</strong></span> <span class='ocrx_word' id='word_1_4' title='bbox 925 105 1074 166; x_wconf 76' lang='lat' dir='ltr'><strong>danastri</strong></span> <span class='ocrx_word' id='word_1_5' title='bbox 1093 107 1159 166; x_wconf 81' lang='lat' dir='ltr'><strong>tin.</strong></span> <span class='ocrx_word' id='word_1_6' title='bbox 1175 104 1237 167; x_wconf 85' lang='lat' dir='ltr'><strong>till.</strong></span> <span class='ocrx_word' id='word_1_7' title='bbox 1785 109 1834 171; x_wconf 82' lang='lat' dir='ltr'><strong>tes</strong></span> 
     </span>
    </p>
   </div>
   <div class='ocr_carea' id='block_1_2' title="bbox 74 242 1834 4833">
    <p class='ocr_par' dir='ltr' id='par_1_2' title="bbox 74 242 1834 4833">
     <span class='ocr_line' id='line_1_2' title="bbox 78 242 1833 317; baseline 0.002 -16"><span class='ocrx_word' id='word_1_8' title='bbox 78 243 236 314; x_wconf 86' lang='lat' dir='ltr'><strong>spiritualis</strong></span> <span class='ocrx_word' id='word_1_9' title='bbox 264 242 454 315; x_wconf 77' lang='lat' dir='ltr'><strong>subsequitur</strong></span> <span class='ocrx_word' id='word_1_10' title='bbox 476 243 565 311; x_wconf 88' lang='lat' dir='ltr'><strong>aelus,</strong></span> <span class='ocrx_word' id='word_1_11' title='bbox 595 242 647 314; x_wconf 90' lang='lat' dir='ltr'><strong>qui</strong></span> <span class='ocrx_word' id='word_1_12' title='bbox 675 243 815 313; x_wconf 89' lang='lat' dir='ltr'><strong>plantam,</strong></span> <span class='ocrx_word' id='word_1_13' title='bbox 846 243 930 300; x_wconf 90' lang='lat' dir='ltr'><strong>idest</strong></span> <span class='ocrx_word' id='word_1_14' title='bbox 949 255 969 302; x_wconf 85' lang='lat' dir='ltr'><strong>n</strong></span> <span class='ocrx_word' id='word_1_15' title='bbox 985 244 1098 301; x_wconf 79' lang='lat' dir='ltr'><strong>duritiae</strong></span> <span class='ocrx_word' id='word_1_16' title='bbox 1121 245 1245 301; x_wconf 88' lang='lat' dir='ltr'><strong>carnalis</strong></span> <span class='ocrx_word' id='word_1_17' title='bbox 1267 245 1352 302; x_wconf 80' lang='lat' dir='ltr'><strong>sentit</strong></span> <span class='ocrx_word' id='word_1_18' title='bbox 1372 245 1482 302; x_wconf 85' lang='lat' dir='ltr'><strong>emollit</strong></span> <span class='ocrx_word' id='word_1_19' title='bbox 1507 244 1581 302; x_wconf 73' lang='lat' dir='ltr'><strong>Esau</strong></span> <span class='ocrx_word' id='word_1_20' title='bbox 1604 246 1637 301; x_wconf 88' lang='lat' dir='ltr'><strong>de</strong></span> <span class='ocrx_word' id='word_1_21' title='bbox 1661 264 1728 317; x_wconf 84' lang='lat' dir='ltr'><strong>agro</strong></span> <span class='ocrx_word' id='word_1_22' title='bbox 1746 251 1833 306; x_wconf 81' lang='lat' dir='ltr'><strong>lassus</strong></span> 
     </span>
     <span class='ocr_line' id='line_1_3' title="bbox 78 332 1833 407; baseline 0.004 -19"><span class='ocrx_word' id='word_1_23' title='bbox 78 333 267 389; x_wconf 88' lang='lat' dir='ltr'><strong>intentionem</strong></span> <span class='ocrx_word' id='word_1_24' title='bbox 282 334 365 404; x_wconf 91' lang='lat' dir='ltr'><strong>pravi</strong></span> <span class='ocrx_word' id='word_1_25' title='bbox 383 332 529 401; x_wconf 85' lang='lat' dir='ltr'><strong>desiderii,</strong></span> <span class='ocrx_word' id='word_1_26' title='bbox 544 348 610 403; x_wconf 85' lang='lat' dir='ltr'><strong>quae</strong></span> <span class='ocrx_word' id='word_1_27' title='bbox 626 333 708 403; x_wconf 88' lang='lat' dir='ltr'><strong>quasi</strong></span> <span class='ocrx_word' id='word_1_28' title='bbox 722 332 842 403; x_wconf 88' lang='lat' dir='ltr'><strong>qnidam</strong></span> <span class='ocrx_word' id='word_1_29' title='bbox 864 332 929 388; x_wconf 91' lang='lat' dir='ltr'><strong>linis</strong></span> <span class='ocrx_word' id='word_1_30' title='bbox 982 335 1071 403; x_wconf 90' lang='lat' dir='ltr'><strong>venit,</strong></span> <span class='ocrx_word' id='word_1_31' title='bbox 1097 349 1163 390; x_wconf 84' lang='lat' dir='ltr'><strong>curn</strong></span> <span class='ocrx_word' id='word_1_32' title='bbox 1184 334 1213 389; x_wconf 93' lang='lat' dir='ltr'><strong>in</strong></span> <span class='ocrx_word' id='word_1_33' title='bbox 1237 335 1358 390; x_wconf 89' lang='lat' dir='ltr'><strong>terrenis</strong></span> <span class='ocrx_word' id='word_1_34' title='bbox 1387 335 1507 406; x_wconf 84' lang='lat' dir='ltr'><strong>inligata</strong></span> <span class='ocrx_word' id='word_1_35' title='bbox 1534 336 1655 407; x_wconf 87' lang='lat' dir='ltr'><strong>negotiis</strong></span> <span class='ocrx_word' id='word_1_36' title='bbox 1669 336 1833 395; x_wconf 86' lang='lat' dir='ltr'><strong>animalitas</strong></span> 
     </span>
     <span class='ocr_line' id='line_1_4' title="bbox 76 420 1834 495; baseline 0.003 -18"><span class='ocrx_word' id='word_1_37' title='bbox 76 430 103 477; x_wconf 91' lang='lat' dir='ltr'><strong>et</strong></span> <span class='ocrx_word' id='word_1_38' title='bbox 118 422 273 493; x_wconf 85' lang='lat' dir='ltr'><strong>cogitatus.</strong></span> <span class='ocrx_word' id='word_1_39' title='bbox 294 431 321 478; x_wconf 91' lang='lat' dir='ltr'><strong>et</strong></span> <span class='ocrx_word' id='word_1_40' title='bbox 344 423 438 493; x_wconf 87' lang='lat' dir='ltr'><strong>operis</strong></span> <span class='ocrx_word' id='word_1_41' title='bbox 453 429 505 489; x_wconf 90' lang='lat' dir='ltr'><strong>est,</strong></span> <span class='ocrx_word' id='word_1_42' title='bbox 527 421 693 478; x_wconf 88' lang='lat' dir='ltr'><strong>tortitudine</strong></span> <span class='ocrx_word' id='word_1_43' title='bbox 710 420 830 477; x_wconf 86' lang='lat' dir='ltr'><strong>rationis</strong></span> <span class='ocrx_word' id='word_1_44' title='bbox 844 436 928 477; x_wconf 86' lang='lat' dir='ltr'><strong>ever·</strong></span> <span class='ocrx_word' id='word_1_45' title='bbox 982 431 1082 478; x_wconf 87' lang='lat' dir='ltr'><strong>nostra</strong></span> <span class='ocrx_word' id='word_1_46' title='bbox 1103 423 1139 478; x_wconf 90' lang='lat' dir='ltr'><strong>ad</strong></span> <span class='ocrx_word' id='word_1_47' title='bbox 1164 422 1366 479; x_wconf 80' lang='lat' dir='ltr'><strong>conscientiam</strong></span> <span class='ocrx_word' id='word_1_48' title='bbox 1394 424 1557 492; x_wconf 78' lang='lat' dir='ltr'><strong>spiritualia</strong></span> <span class='ocrx_word' id='word_1_49' title='bbox 1572 424 1782 495; x_wconf 82' lang='lat' dir='ltr'><strong>disquirentem</strong></span> <span class='ocrx_word' id='word_1_50' title='bbox 1804 441 1834 483; x_wconf 92' lang='lat' dir='ltr'><strong>se</strong></span> 
     </span>
     <span class='ocr_line' id='line_1_5' title="bbox 78 510 1834 586; baseline 0.003 -20"><span class='ocrx_word' id='word_1_51' title='bbox 78 518 128 568; x_wconf 88' lang='lat' dir='ltr'><strong>tat.</strong></span> <span class='ocrx_word' id='word_1_52' title='bbox 152 512 242 568; x_wconf 86' lang='lat' dir='ltr'><strong>iacob</strong></span> <span class='ocrx_word' id='word_1_53' title='bbox 264 511 373 582; x_wconf 85' lang='lat' dir='ltr'><strong>itaque,</strong></span> <span class='ocrx_word' id='word_1_54' title='bbox 403 511 431 566; x_wconf 87' lang='lat' dir='ltr'><strong>id</strong></span> <span class='ocrx_word' id='word_1_55' title='bbox 459 516 501 566; x_wconf 89' lang='lat' dir='ltr'><strong>est</strong></span> <span class='ocrx_word' id='word_1_56' title='bbox 529 511 763 580; x_wconf 76' lang='lat' dir='ltr'><strong>supplantatorem</strong></span> <span class='ocrx_word' id='word_1_57' title='bbox 792 511 929 580; x_wconf 88' lang='lat' dir='ltr'><strong>patientia</strong></span> <span class='ocrx_word' id='word_1_58' title='bbox 982 511 1098 582; x_wconf 88' lang='lat' dir='ltr'><strong>colligit.</strong></span> <span class='ocrx_word' id='word_1_59' title='bbox 1116 510 1211 568; x_wconf 85' lang='lat' dir='ltr'><strong>Coctia</strong></span> <span class='ocrx_word' id='word_1_60' title='bbox 1227 526 1294 567; x_wconf 89' lang='lat' dir='ltr'><strong>vere</strong></span> <span class='ocrx_word' id='word_1_61' title='bbox 1309 515 1437 579; x_wconf 79' lang='lat' dir='ltr'><strong>estrafa,</strong></span> <span class='ocrx_word' id='word_1_62' title='bbox 1453 512 1512 583; x_wconf 90' lang='lat' dir='ltr'><strong>ipse</strong></span> <span class='ocrx_word' id='word_1_63' title='bbox 1525 513 1834 586; x_wconf 88' lang='lat' dir='ltr'><strong>caruis,etsauguinis</strong></span> 
     </span>
     <span class='ocr_line' id='line_1_6' title="bbox 76 598 1832 673; baseline 0.003 -19"><span class='ocrx_word' id='word_1_64' title='bbox 76 599 156 655; x_wconf 91' lang='lat' dir='ltr'><strong>bunc</strong></span> <span class='ocrx_word' id='word_1_65' title='bbox 181 607 274 656; x_wconf 88' lang='lat' dir='ltr'><strong>mater</strong></span> <span class='ocrx_word' id='word_1_66' title='bbox 301 598 436 669; x_wconf 89' lang='lat' dir='ltr'><strong>appellat,</strong></span> <span class='ocrx_word' id='word_1_67' title='bbox 464 599 516 669; x_wconf 93' lang='lat' dir='ltr'><strong>qni</strong></span> <span class='ocrx_word' id='word_1_68' title='bbox 537 599 658 668; x_wconf 89' lang='lat' dir='ltr'><strong>proiecto</strong></span> <span class='ocrx_word' id='word_1_69' title='bbox 684 598 825 669; x_wconf 91' lang='lat' dir='ltr'><strong>quidquid</strong></span> <span class='ocrx_word' id='word_1_70' title='bbox 852 599 929 654; x_wconf 88' lang='lat' dir='ltr'><strong>mala</strong></span> <span class='ocrx_word' id='word_1_71' title='bbox 983 600 1288 668; x_wconf 89' lang='lat' dir='ltr'><strong>passienumcnercitio</strong></span> <span class='ocrx_word' id='word_1_72' title='bbox 1305 600 1627 668; x_wconf 77' lang='lat' dir='ltr'><strong>servida,ruberenim</strong></span> <span class='ocrx_word' id='word_1_73' title='bbox 1642 602 1832 673; x_wconf 90' lang='lat' dir='ltr'><strong>sanguineus,</strong></span> 
     </span>
     <span class='ocr_line' id='line_1_7' title="bbox 75 685 1831 760; baseline 0.001 -18"><span class='ocrx_word' id='word_1_74' title='bbox 75 687 280 758; x_wconf 76' lang='lat' dir='ltr'><strong>praestolamur</strong></span> <span class='ocrx_word' id='word_1_75' title='bbox 306 686 462 743; x_wconf 85' lang='lat' dir='ltr'><strong>intentione</strong></span> <span class='ocrx_word' id='word_1_76' title='bbox 486 685 639 742; x_wconf 90' lang='lat' dir='ltr'><strong>subducat.</strong></span> <span class='ocrx_word' id='word_1_77' title='bbox 662 687 721 743; x_wconf 89' lang='lat' dir='ltr'><strong>Hoc</strong></span> <span class='ocrx_word' id='word_1_78' title='bbox 734 694 777 743; x_wconf 90' lang='lat' dir='ltr'><strong>est</strong></span> <span class='ocrx_word' id='word_1_79' title='bbox 791 687 868 757; x_wconf 89' lang='lat' dir='ltr'><strong>quod</strong></span> <span class='ocrx_word' id='word_1_80' title='bbox 888 687 929 743; x_wconf 90' lang='lat' dir='ltr'><strong>le·</strong></span> <span class='ocrx_word' id='word_1_81' title='bbox 981 691 1032 742; x_wconf 89' lang='lat' dir='ltr'><strong>aul</strong></span> <span class='ocrx_word' id='word_1_82' title='bbox 1047 688 1286 756; x_wconf 81' lang='lat' dir='ltr'><strong>carnalesmstus‚</strong></span> <span class='ocrx_word' id='word_1_83' title='bbox 1303 695 1512 759; x_wconf 88' lang='lat' dir='ltr'><strong>autpeccatum</strong></span> <span class='ocrx_word' id='word_1_84' title='bbox 1528 689 1682 760; x_wconf 76' lang='lat' dir='ltr'><strong>significat.</strong></span> <span class='ocrx_word' id='word_1_85' title='bbox 1700 692 1738 744; x_wconf 88' lang='lat' dir='ltr'><strong>lta</strong></span> <span class='ocrx_word' id='word_1_86' title='bbox 1751 691 1831 760; x_wconf 86' lang='lat' dir='ltr'><strong>mibi,</strong></span> 
     </span>
     <span class='ocr_line' id='line_1_8' title="bbox 75 775 1833 850; baseline 0.003 -20"><span class='ocrx_word' id='word_1_87' title='bbox 75 777 165 847; x_wconf 83' lang='lat' dir='ltr'><strong>gitur,</strong></span> <span class='ocrx_word' id='word_1_88' title='bbox 182 777 252 832; x_wconf 81' lang='lat' dir='ltr'><strong>Care</strong></span> <span class='ocrx_word' id='word_1_89' title='bbox 266 777 432 845; x_wconf 74' lang='lat' dir='ltr'><strong>concupiscit</strong></span> <span class='ocrx_word' id='word_1_90' title='bbox 450 775 580 830; x_wconf 83' lang='lat' dir='ltr'><strong>aduersus</strong></span> <span class='ocrx_word' id='word_1_91' title='bbox 603 777 744 844; x_wconf 86' lang='lat' dir='ltr'><strong>spiritum,</strong></span> <span class='ocrx_word' id='word_1_92' title='bbox 766 781 792 830; x_wconf 89' lang='lat' dir='ltr'><strong>et</strong></span> <span class='ocrx_word' id='word_1_93' title='bbox 811 779 928 844; x_wconf 80' lang='lat' dir='ltr'><strong>spiritus</strong></span> <span class='ocrx_word' id='word_1_94' title='bbox 982 776 1086 847; x_wconf 89' lang='lat' dir='ltr'><strong>inquit,</strong></span> <span class='ocrx_word' id='word_1_95' title='bbox 1102 777 1135 831; x_wconf 88' lang='lat' dir='ltr'><strong>de</strong></span> <span class='ocrx_word' id='word_1_96' title='bbox 1153 780 1268 832; x_wconf 76' lang='lat' dir='ltr'><strong>coctione</strong></span> <span class='ocrx_word' id='word_1_97' title='bbox 1287 779 1368 844; x_wconf 79' lang='lat' dir='ltr'><strong>rasa,</strong></span> <span class='ocrx_word' id='word_1_98' title='bbox 1384 778 1469 833; x_wconf 89' lang='lat' dir='ltr'><strong>idest</strong></span> <span class='ocrx_word' id='word_1_99' title='bbox 1496 792 1586 832; x_wconf 87' lang='lat' dir='ltr'><strong>avara</strong></span> <span class='ocrx_word' id='word_1_100' title='bbox 1607 778 1677 833; x_wconf 90' lang='lat' dir='ltr'><strong>mibi</strong></span> <span class='ocrx_word' id='word_1_101' title='bbox 1701 793 1833 850; x_wconf 82' lang='lat' dir='ltr'><strong>excoque</strong></span> 
     </span>
     <span class='ocr_line' id='line_1_9' title="bbox 74 864 1831 936; baseline 0.002 -18"><span class='ocrx_word' id='word_1_102' title='bbox 74 865 208 919; x_wconf 68' lang='lat' dir='ltr'><strong>adamans</strong></span> <span class='ocrx_word' id='word_1_103' title='bbox 228 880 336 920; x_wconf 84' lang='lat' dir='ltr'><strong>carnem</strong></span> <span class='ocrx_word' id='word_1_104' title='bbox 351 864 427 935; x_wconf 85' lang='lat' dir='ltr'><strong>(Gal.</strong></span> <span class='ocrx_word' id='word_1_105' title='bbox 450 880 477 934; x_wconf 91' lang='lat' dir='ltr'><strong>v,</strong></span> <span class='ocrx_word' id='word_1_106' title='bbox 500 865 557 934; x_wconf 81' lang='lat' dir='ltr'><strong>lt).</strong></span> <span class='ocrx_word' id='word_1_107' title='bbox 582 867 695 933; x_wconf 81' lang='lat' dir='ltr'><strong>Tempus</strong></span> <span class='ocrx_word' id='word_1_108' title='bbox 716 872 826 934; x_wconf 88' lang='lat' dir='ltr'><strong>partus,</strong></span> <span class='ocrx_word' id='word_1_109' title='bbox 849 865 928 934; x_wconf 90' lang='lat' dir='ltr'><strong>qued</strong></span> <span class='ocrx_word' id='word_1_110' title='bbox 982 864 1131 932; x_wconf 91' lang='lat' dir='ltr'><strong>desideria,</strong></span> <span class='ocrx_word' id='word_1_111' title='bbox 1148 871 1177 921; x_wconf 89' lang='lat' dir='ltr'><strong>et</strong></span> <span class='ocrx_word' id='word_1_112' title='bbox 1196 865 1224 919; x_wconf 93' lang='lat' dir='ltr'><strong>in</strong></span> <span class='ocrx_word' id='word_1_113' title='bbox 1237 865 1305 921; x_wconf 92' lang='lat' dir='ltr'><strong>meis</strong></span> <span class='ocrx_word' id='word_1_114' title='bbox 1321 879 1364 920; x_wconf 91' lang='lat' dir='ltr'><strong>rne</strong></span> <span class='ocrx_word' id='word_1_115' title='bbox 1379 866 1586 936; x_wconf 80' lang='lat' dir='ltr'><strong>cupiditatibus</strong></span> <span class='ocrx_word' id='word_1_116' title='bbox 1609 865 1831 931; x_wconf 89' lang='lat' dir='ltr'><strong>lassabundum,</strong></span> 
     </span>
     <span class='ocr_line' id='line_1_10' title="bbox 75 951 1832 1025; baseline 0.002 -17"><span class='ocrx_word' id='word_1_117' title='bbox 75 954 212 1024; x_wconf 91' lang='lat' dir='ltr'><strong>superins</strong></span> <span class='ocrx_word' id='word_1_118' title='bbox 236 968 289 1011; x_wconf 90' lang='lat' dir='ltr'><strong>nos</strong></span> <span class='ocrx_word' id='word_1_119' title='bbox 307 955 493 1024; x_wconf 85' lang='lat' dir='ltr'><strong>praeterierat,</strong></span> <span class='ocrx_word' id='word_1_120' title='bbox 509 968 568 1025; x_wconf 88' lang='lat' dir='ltr'><strong>qno</strong></span> <span class='ocrx_word' id='word_1_121' title='bbox 589 956 691 1020; x_wconf 81' lang='lat' dir='ltr'><strong>gemini</strong></span> <span class='ocrx_word' id='word_1_122' title='bbox 709 957 739 1007; x_wconf 91' lang='lat' dir='ltr'><strong>in</strong></span> <span class='ocrx_word' id='word_1_123' title='bbox 758 958 833 1008; x_wconf 85' lang='lat' dir='ltr'><strong>utere</strong></span> <span class='ocrx_word' id='word_1_124' title='bbox 846 968 927 1024; x_wconf 90' lang='lat' dir='ltr'><strong>repe·</strong></span> <span class='ocrx_word' id='word_1_125' title='bbox 981 951 1026 1007; x_wconf 90' lang='lat' dir='ltr'><strong>vel</strong></span> <span class='ocrx_word' id='word_1_126' title='bbox 1041 952 1103 1022; x_wconf 90' lang='lat' dir='ltr'><strong>ipsa</strong></span> <span class='ocrx_word' id='word_1_127' title='bbox 1118 953 1201 1009; x_wconf 85' lang='lat' dir='ltr'><strong>lauris</strong></span> <span class='ocrx_word' id='word_1_128' title='bbox 1215 953 1354 1022; x_wconf 84' lang='lat' dir='ltr'><strong>pestilerae</strong></span> <span class='ocrx_word' id='word_1_129' title='bbox 1377 952 1543 1022; x_wconf 78' lang='lat' dir='ltr'><strong>depulsione</strong></span> <span class='ocrx_word' id='word_1_130' title='bbox 1558 962 1710 1024; x_wconf 81' lang='lat' dir='ltr'><strong>exsatura3</strong></span> <span class='ocrx_word' id='word_1_131' title='bbox 1726 954 1763 1010; x_wconf 90' lang='lat' dir='ltr'><strong>eb</strong></span> <span class='ocrx_word' id='word_1_132' title='bbox 1778 955 1832 1011; x_wconf 91' lang='lat' dir='ltr'><strong>bec</strong></span> 
     </span>
     <span class='ocr_line' id='line_1_11' title="bbox 75 1035 1832 1111; baseline 0.001 -14"><span class='ocrx_word' id='word_1_133' title='bbox 75 1042 206 1110; x_wconf 82' lang='lat' dir='ltr'><strong>ciuntur,</strong></span> <span class='ocrx_word' id='word_1_134' title='bbox 235 1042 276 1096; x_wconf 91' lang='lat' dir='ltr'><strong>nil</strong></span> <span class='ocrx_word' id='word_1_135' title='bbox 288 1041 368 1098; x_wconf 90' lang='lat' dir='ltr'><strong>aliud</strong></span> <span class='ocrx_word' id='word_1_136' title='bbox 391 1042 609 1098; x_wconf 88' lang='lat' dir='ltr'><strong>convenientius</strong></span> <span class='ocrx_word' id='word_1_137' title='bbox 622 1041 732 1097; x_wconf 80' lang='lat' dir='ltr'><strong>aestimo</strong></span> <span class='ocrx_word' id='word_1_138' title='bbox 748 1055 837 1111; x_wconf 76' lang='lat' dir='ltr'><strong>(quam</strong></span> <span class='ocrx_word' id='word_1_139' title='bbox 853 1043 929 1111; x_wconf 89' lang='lat' dir='ltr'><strong>ipsas</strong></span> <span class='ocrx_word' id='word_1_140' title='bbox 982 1054 1108 1110; x_wconf 78' lang='lat' dir='ltr'><strong>uanique</strong></span> <span class='ocrx_word' id='word_1_141' title='bbox 1123 1040 1212 1095; x_wconf 79' lang='lat' dir='ltr'><strong>Erlorn</strong></span> <span class='ocrx_word' id='word_1_142' title='bbox 1229 1048 1324 1096; x_wconf 89' lang='lat' dir='ltr'><strong>noster</strong></span> <span class='ocrx_word' id='word_1_143' title='bbox 1337 1048 1457 1096; x_wconf 87' lang='lat' dir='ltr'><strong>vocatur</strong></span> <span class='ocrx_word' id='word_1_144' title='bbox 1472 1040 1601 1106; x_wconf 80' lang='lat' dir='ltr'><strong>auectus,</strong></span> <span class='ocrx_word' id='word_1_145' title='bbox 1620 1041 1691 1111; x_wconf 90' lang='lat' dir='ltr'><strong>quia</strong></span> <span class='ocrx_word' id='word_1_146' title='bbox 1711 1035 1832 1099; x_wconf 85' lang='lat' dir='ltr'><strong>lerrenis</strong></span> 
     </span>
     <span class='ocr_line' id='line_1_12' title="bbox 77 1127 1831 1202; baseline 0 -16"><span class='ocrx_word' id='word_1_147' title='bbox 77 1131 245 1187; x_wconf 82' lang='lat' dir='ltr'><strong>tentationis</strong></span> <span class='ocrx_word' id='word_1_148' title='bbox 264 1130 418 1196; x_wconf 87' lang='lat' dir='ltr'><strong>molestias,</strong></span> <span class='ocrx_word' id='word_1_149' title='bbox 444 1145 509 1201; x_wconf 71' lang='lat' dir='ltr'><strong>quaa</strong></span> <span class='ocrx_word' id='word_1_150' title='bbox 532 1131 648 1201; x_wconf 91' lang='lat' dir='ltr'><strong>quidem</strong></span> <span class='ocrx_word' id='word_1_151' title='bbox 673 1130 803 1202; x_wconf 85' lang='lat' dir='ltr'><strong>geminos</strong></span> <span class='ocrx_word' id='word_1_152' title='bbox 827 1130 926 1197; x_wconf 90' lang='lat' dir='ltr'><strong>edunt,</strong></span> <span class='ocrx_word' id='word_1_153' title='bbox 981 1127 1174 1184; x_wconf 86' lang='lat' dir='ltr'><strong>indesinenter</strong></span> <span class='ocrx_word' id='word_1_154' title='bbox 1193 1135 1367 1199; x_wconf 87' lang='lat' dir='ltr'><strong>angustatur</strong></span> <span class='ocrx_word' id='word_1_155' title='bbox 1391 1129 1581 1197; x_wconf 83' lang='lat' dir='ltr'><strong>passionibus.</strong></span> <span class='ocrx_word' id='word_1_156' title='bbox 1612 1129 1702 1185; x_wconf 83' lang='lat' dir='ltr'><strong>Edem</strong></span> <span class='ocrx_word' id='word_1_157' title='bbox 1729 1143 1831 1200; x_wconf 87' lang='lat' dir='ltr'><strong>nempe</strong></span> 
     </span>
     <span class='ocr_line' id='line_1_13' title="bbox 76 1214 1833 1290; baseline -0.003 -15"><span class='ocrx_word' id='word_1_158' title='bbox 76 1220 145 1275; x_wconf 91' lang='lat' dir='ltr'><strong>dum</strong></span> <span class='ocrx_word' id='word_1_159' title='bbox 186 1220 314 1290; x_wconf 88' lang='lat' dir='ltr'><strong>primurn</strong></span> <span class='ocrx_word' id='word_1_160' title='bbox 343 1219 497 1276; x_wconf 87' lang='lat' dir='ltr'><strong>carnaliter</strong></span> <span class='ocrx_word' id='word_1_161' title='bbox 522 1219 647 1286; x_wconf 90' lang='lat' dir='ltr'><strong>titillant,</strong></span> <span class='ocrx_word' id='word_1_162' title='bbox 673 1219 853 1289; x_wconf 88' lang='lat' dir='ltr'><strong>postmodum</strong></span> <span class='ocrx_word' id='word_1_163' title='bbox 891 1218 928 1274; x_wconf 92' lang='lat' dir='ltr'><strong>ad</strong></span> <span class='ocrx_word' id='word_1_164' title='bbox 981 1214 1086 1271; x_wconf 87' lang='lat' dir='ltr'><strong>dicitur</strong></span> <span class='ocrx_word' id='word_1_165' title='bbox 1110 1221 1241 1281; x_wconf 68' lang='lat' dir='ltr'><strong>toranus,</strong></span> <span class='ocrx_word' id='word_1_166' title='bbox 1275 1215 1319 1271; x_wconf 91' lang='lat' dir='ltr'><strong>vel</strong></span> <span class='ocrx_word' id='word_1_167' title='bbox 1354 1218 1528 1282; x_wconf 83' lang='lat' dir='ltr'><strong>sanguineas.</strong></span> <span class='ocrx_word' id='word_1_168' title='bbox 1567 1216 1669 1284; x_wconf 84' lang='lat' dir='ltr'><strong>Vende,</strong></span> <span class='ocrx_word' id='word_1_169' title='bbox 1685 1216 1734 1284; x_wconf 89' lang='lat' dir='ltr'><strong>ait,</strong></span> <span class='ocrx_word' id='word_1_170' title='bbox 1763 1216 1833 1271; x_wconf 82' lang='lat' dir='ltr'><strong>miii</strong></span> 
     </span>
     <span class='ocr_line' id='line_1_14' title="bbox 76 1304 1829 1380; baseline -0.001 -18"><span class='ocrx_word' id='word_1_171' title='bbox 76 1308 294 1365; x_wconf 81' lang='lat' dir='ltr'><strong>subversionem</strong></span> <span class='ocrx_word' id='word_1_172' title='bbox 310 1309 446 1380; x_wconf 75' lang='lat' dir='ltr'><strong>nequitiae</strong></span> <span class='ocrx_word' id='word_1_173' title='bbox 461 1308 593 1378; x_wconf 91' lang='lat' dir='ltr'><strong>spiritum</strong></span> <span class='ocrx_word' id='word_1_174' title='bbox 610 1307 693 1378; x_wconf 88' lang='lat' dir='ltr'><strong>quasi</strong></span> <span class='ocrx_word' id='word_1_175' title='bbox 716 1307 843 1379; x_wconf 79' lang='lat' dir='ltr'><strong>pugilem</strong></span> <span class='ocrx_word' id='word_1_176' title='bbox 864 1307 926 1363; x_wconf 89' lang='lat' dir='ltr'><strong>vir·</strong></span> <span class='ocrx_word' id='word_1_177' title='bbox 980 1308 1170 1374; x_wconf 79' lang='lat' dir='ltr'><strong>primogenita,</strong></span> <span class='ocrx_word' id='word_1_178' title='bbox 1194 1319 1230 1361; x_wconf 90' lang='lat' dir='ltr'><strong>ne</strong></span> <span class='ocrx_word' id='word_1_179' title='bbox 1259 1305 1365 1361; x_wconf 90' lang='lat' dir='ltr'><strong>scilicet</strong></span> <span class='ocrx_word' id='word_1_180' title='bbox 1394 1305 1515 1361; x_wconf 89' lang='lat' dir='ltr'><strong>ulterius</strong></span> <span class='ocrx_word' id='word_1_181' title='bbox 1541 1304 1570 1359; x_wconf 93' lang='lat' dir='ltr'><strong>in</strong></span> <span class='ocrx_word' id='word_1_182' title='bbox 1598 1305 1669 1360; x_wconf 91' lang='lat' dir='ltr'><strong>meis</strong></span> <span class='ocrx_word' id='word_1_183' title='bbox 1704 1304 1829 1375; x_wconf 88' lang='lat' dir='ltr'><strong>aliquem</strong></span> 
     </span>
     <span class='ocr_line' id='line_1_15' title="bbox 76 1392 1831 1470; baseline -0.002 -18"><span class='ocrx_word' id='word_1_184' title='bbox 76 1397 143 1452; x_wconf 90' lang='lat' dir='ltr'><strong>tutis</strong></span> <span class='ocrx_word' id='word_1_185' title='bbox 161 1397 355 1453; x_wconf 85' lang='lat' dir='ltr'><strong>exsuscitant.</strong></span> <span class='ocrx_word' id='word_1_186' title='bbox 377 1398 482 1454; x_wconf 90' lang='lat' dir='ltr'><strong>Uterus</strong></span> <span class='ocrx_word' id='word_1_187' title='bbox 498 1405 604 1465; x_wconf 89' lang='lat' dir='ltr'><strong>autem,</strong></span> <span class='ocrx_word' id='word_1_188' title='bbox 624 1399 686 1470; x_wconf 89' lang='lat' dir='ltr'><strong>ipsa</strong></span> <span class='ocrx_word' id='word_1_189' title='bbox 702 1412 760 1468; x_wconf 92' lang='lat' dir='ltr'><strong>quo</strong></span> <span class='ocrx_word' id='word_1_190' title='bbox 776 1397 836 1453; x_wconf 79' lang='lat' dir='ltr'><strong>haee</strong></span> <span class='ocrx_word' id='word_1_191' title='bbox 851 1396 926 1452; x_wconf 84' lang='lat' dir='ltr'><strong>cele-</strong></span> <span class='ocrx_word' id='word_1_192' title='bbox 981 1394 1109 1450; x_wconf 92' lang='lat' dir='ltr'><strong>moribus</strong></span> <span class='ocrx_word' id='word_1_193' title='bbox 1137 1394 1294 1464; x_wconf 89' lang='lat' dir='ltr'><strong>primatum</strong></span> <span class='ocrx_word' id='word_1_194' title='bbox 1319 1394 1438 1464; x_wconf 80' lang='lat' dir='ltr'><strong>privatae</strong></span> <span class='ocrx_word' id='word_1_195' title='bbox 1459 1392 1605 1462; x_wconf 89' lang='lat' dir='ltr'><strong>potestatis</strong></span> <span class='ocrx_word' id='word_1_196' title='bbox 1629 1407 1750 1463; x_wconf 89' lang='lat' dir='ltr'><strong>usurpa,</strong></span> <span class='ocrx_word' id='word_1_197' title='bbox 1781 1392 1831 1448; x_wconf 89' lang='lat' dir='ltr'><strong>sed</strong></span> 
     </span>
     <span class='ocr_line' id='line_1_16' title="bbox 76 1481 1832 1553; baseline -0.002 -12"><span class='ocrx_word' id='word_1_198' title='bbox 76 1485 200 1541; x_wconf 91' lang='lat' dir='ltr'><strong>brantur</strong></span> <span class='ocrx_word' id='word_1_199' title='bbox 216 1487 399 1543; x_wconf 80' lang='lat' dir='ltr'><strong>conscientiae</strong></span> <span class='ocrx_word' id='word_1_200' title='bbox 412 1486 594 1542; x_wconf 88' lang='lat' dir='ltr'><strong>invisibilitas</strong></span> <span class='ocrx_word' id='word_1_201' title='bbox 608 1495 661 1542; x_wconf 90' lang='lat' dir='ltr'><strong>est.</strong></span> <span class='ocrx_word' id='word_1_202' title='bbox 982 1483 1068 1552; x_wconf 82' lang='lat' dir='ltr'><strong>regiae</strong></span> <span class='ocrx_word' id='word_1_203' title='bbox 1093 1482 1250 1553; x_wconf 80' lang='lat' dir='ltr'><strong>maiestatis</strong></span> <span class='ocrx_word' id='word_1_204' title='bbox 1273 1483 1393 1552; x_wconf 91' lang='lat' dir='ltr'><strong>imperio</strong></span> <span class='ocrx_word' id='word_1_205' title='bbox 1427 1483 1529 1538; x_wconf 91' lang='lat' dir='ltr'><strong>cedens</strong></span> <span class='ocrx_word' id='word_1_206' title='bbox 1562 1481 1773 1550; x_wconf 86' lang='lat' dir='ltr'><strong>spiritualitatis</strong></span> <span class='ocrx_word' id='word_1_207' title='bbox 1805 1489 1832 1537; x_wconf 90' lang='lat' dir='ltr'><strong>tc</strong></span> 
     </span>
     <span class='ocr_line' id='line_1_17' title="bbox 107 1553 1833 1642; baseline -0.003 -12"><span class='ocrx_word' id='word_1_208' title='bbox 107 1574 197 1630; x_wconf 74' lang='lat' dir='ltr'><strong>Vnus.</strong></span> <span class='ocrx_word' id='word_1_209' title='bbox 215 1575 259 1640; x_wconf 74' lang='lat'><strong>26,</strong></span> <span class='ocrx_word' id='word_1_210' title='bbox 272 1577 317 1641; x_wconf 76' lang='lat'><strong>27,</strong></span> <span class='ocrx_word' id='word_1_211' title='bbox 331 1577 375 1629; x_wconf 70' lang='lat'><strong>28.</strong></span> <span class='ocrx_word' id='word_1_212' title='bbox 386 1575 632 1642; x_wconf 83' lang='lat' dir='ltr'><strong>-Seuapenurius</strong></span> <span class='ocrx_word' id='word_1_213' title='bbox 646 1577 705 1628; x_wconf 88' lang='lat' dir='ltr'><strong>crat</strong></span> <span class='ocrx_word' id='word_1_214' title='bbox 718 1576 805 1639; x_wconf 88' lang='lat' dir='ltr'><strong>isaac,</strong></span> <span class='ocrx_word' id='word_1_215' title='bbox 818 1573 927 1642; x_wconf 82' lang='lat' dir='ltr'><strong>qnarrdo</strong></span> <span class='ocrx_word' id='word_1_216' title='bbox 947 1553 967 1606; x_wconf 74' lang='grc' dir='ltr'><strong>Β</strong></span> <span class='ocrx_word' id='word_1_217' title='bbox 981 1571 1062 1642; x_wconf 90' lang='lat' dir='ltr'><strong>sequi</strong></span> <span class='ocrx_word' id='word_1_218' title='bbox 1088 1573 1219 1641; x_wconf 84' lang='lat' dir='ltr'><strong>prolitare</strong></span> <span class='ocrx_word' id='word_1_219' title='bbox 1242 1571 1371 1641; x_wconf 84' lang='lat' dir='ltr'><strong>vestigia.</strong></span> <span class='ocrx_word' id='word_1_220' title='bbox 1387 1571 1459 1641; x_wconf 78' lang='lat' dir='ltr'><strong>Quid</strong></span> <span class='ocrx_word' id='word_1_221' title='bbox 1482 1571 1559 1636; x_wconf 82' lang='lat' dir='ltr'><strong>rnilri,</strong></span> <span class='ocrx_word' id='word_1_222' title='bbox 1584 1569 1689 1639; x_wconf 91' lang='lat' dir='ltr'><strong>inquit,</strong></span> <span class='ocrx_word' id='word_1_223' title='bbox 1707 1568 1833 1625; x_wconf 87' lang='lat' dir='ltr'><strong>carnalis</strong></span> 
     </span>
     <span class='ocr_line' id='line_1_18' title="bbox 74 1657 1834 1731; baseline -0.001 -17"><span class='ocrx_word' id='word_1_224' title='bbox 74 1663 132 1716; x_wconf 89' lang='lat' dir='ltr'><strong>nati</strong></span> <span class='ocrx_word' id='word_1_225' title='bbox 146 1664 255 1716; x_wconf 86' lang='lat' dir='ltr'><strong>eunici</strong></span> <span class='ocrx_word' id='word_1_226' title='bbox 265 1663 389 1731; x_wconf 84' lang='lat' dir='ltr'><strong>pernati.</strong></span> <span class='ocrx_word' id='word_1_227' title='bbox 411 1662 513 1728; x_wconf 81' lang='lat' dir='ltr'><strong>Quibus</strong></span> <span class='ocrx_word' id='word_1_228' title='bbox 525 1663 629 1716; x_wconf 88' lang='lat' dir='ltr'><strong>adultis</strong></span> <span class='ocrx_word' id='word_1_229' title='bbox 639 1664 730 1729; x_wconf 79' lang='lat' dir='ltr'><strong>sactus</strong></span> <span class='ocrx_word' id='word_1_230' title='bbox 741 1667 779 1717; x_wconf 88' lang='lat' dir='ltr'><strong>est</strong></span> <span class='ocrx_word' id='word_1_231' title='bbox 795 1665 870 1717; x_wconf 83' lang='lat' dir='ltr'><strong>Esca</strong></span> <span class='ocrx_word' id='word_1_232' title='bbox 883 1663 928 1716; x_wconf 87' lang='lat' dir='ltr'><strong>eir</strong></span> <span class='ocrx_word' id='word_1_233' title='bbox 982 1658 1110 1726; x_wconf 86' lang='lat' dir='ltr'><strong>allectus,</strong></span> <span class='ocrx_word' id='word_1_234' title='bbox 1138 1661 1231 1729; x_wconf 88' lang='lat' dir='ltr'><strong>prodit</strong></span> <span class='ocrx_word' id='word_1_235' title='bbox 1259 1668 1358 1715; x_wconf 89' lang='lat' dir='ltr'><strong>contra</strong></span> <span class='ocrx_word' id='word_1_236' title='bbox 1392 1659 1530 1714; x_wconf 88' lang='lat' dir='ltr'><strong>rationem</strong></span> <span class='ocrx_word' id='word_1_237' title='bbox 1565 1672 1655 1728; x_wconf 87' lang='lat' dir='ltr'><strong>prava</strong></span> <span class='ocrx_word' id='word_1_238' title='bbox 1677 1657 1771 1714; x_wconf 91' lang='lat' dir='ltr'><strong>meliri</strong></span> <span class='ocrx_word' id='word_1_239' title='bbox 1799 1671 1834 1712; x_wconf 90' lang='lat' dir='ltr'><strong>ac</strong></span> 
     </span>
     <span class='ocr_line' id='line_1_19' title="bbox 74 1746 1830 1818; baseline 0 -17"><span class='ocrx_word' id='word_1_240' title='bbox 74 1765 177 1816; x_wconf 79' lang='lat' dir='ltr'><strong>graccus</strong></span> <span class='ocrx_word' id='word_1_241' title='bbox 204 1751 475 1817; x_wconf 67' lang='lat' dir='ltr'><strong>renunciatione</strong></span> <span class='ocrx_word' id='word_1_242' title='bbox 498 1752 631 1818; x_wconf 83' lang='lat' dir='ltr'><strong>agricola.</strong></span> <span class='ocrx_word' id='word_1_243' title='bbox 660 1751 742 1806; x_wconf 83' lang='lat' dir='ltr'><strong>Jacob</strong></span> <span class='ocrx_word' id='word_1_244' title='bbox 766 1756 856 1806; x_wconf 86' lang='lat' dir='ltr'><strong>nutem</strong></span> <span class='ocrx_word' id='word_1_245' title='bbox 884 1752 928 1804; x_wconf 87' lang='lat' dir='ltr'><strong>eir</strong></span> <span class='ocrx_word' id='word_1_246' title='bbox 980 1746 1099 1817; x_wconf 84' lang='lat' dir='ltr'><strong>indigna</strong></span> <span class='ocrx_word' id='word_1_247' title='bbox 1120 1749 1255 1816; x_wconf 86' lang='lat' dir='ltr'><strong>dominia,</strong></span> <span class='ocrx_word' id='word_1_248' title='bbox 1280 1764 1346 1805; x_wconf 89' lang='lat' dir='ltr'><strong>curn</strong></span> <span class='ocrx_word' id='word_1_249' title='bbox 1375 1748 1415 1803; x_wconf 94' lang='lat' dir='ltr'><strong>nil</strong></span> <span class='ocrx_word' id='word_1_250' title='bbox 1441 1748 1510 1802; x_wconf 88' lang='lat' dir='ltr'><strong>milri</strong></span> <span class='ocrx_word' id='word_1_251' title='bbox 1530 1748 1644 1817; x_wconf 76' lang='lat' dir='ltr'><strong>exilior</strong></span> <span class='ocrx_word' id='word_1_252' title='bbox 1669 1746 1830 1818; x_wconf 86' lang='lat' dir='ltr'><strong>acquiram,</strong></span> 
     </span>
     <span class='ocr_line' id='line_1_20' title="bbox 75 1834 1833 1908; baseline -0.003 -15"><span class='ocrx_word' id='word_1_253' title='bbox 75 1839 349 1908; x_wconf 72' lang='lat' dir='ltr'><strong>simplexbabilnbul</strong></span> <span class='ocrx_word' id='word_1_254' title='bbox 363 1843 392 1892; x_wconf 86' lang='lat' dir='ltr'><strong>in</strong></span> <span class='ocrx_word' id='word_1_255' title='bbox 406 1839 600 1893; x_wconf 81' lang='lat' dir='ltr'><strong>tabernaculis.</strong></span> <span class='ocrx_word' id='word_1_256' title='bbox 982 1836 1037 1892; x_wconf 88' lang='lat' dir='ltr'><strong>nisi</strong></span> <span class='ocrx_word' id='word_1_257' title='bbox 1061 1837 1159 1892; x_wconf 89' lang='lat' dir='ltr'><strong>merlis</strong></span> <span class='ocrx_word' id='word_1_258' title='bbox 1186 1846 1300 1893; x_wconf 70' lang='lat' dir='ltr'><strong>{aterna}</strong></span> <span class='ocrx_word' id='word_1_259' title='bbox 1326 1836 1497 1907; x_wconf 81' lang='lat' dir='ltr'><strong>dispendia?</strong></span> <span class='ocrx_word' id='word_1_260' title='bbox 1521 1836 1618 1907; x_wconf 81' lang='lat' dir='ltr'><strong>(Vnus.</strong></span> <span class='ocrx_word' id='word_1_261' title='bbox 1640 1839 1684 1905; x_wconf 76' lang='lat'><strong>33,</strong></span> <span class='ocrx_word' id='word_1_262' title='bbox 1706 1834 1833 1906; x_wconf 67' lang='lat' dir='ltr'><strong>dictinii</strong></span> 
     </span>
     <span class='ocr_line' id='line_1_21' title="bbox 106 1924 1831 1997; baseline -0.002 -15"><span class='ocrx_word' id='word_1_263' title='bbox 106 1929 190 1983; x_wconf 84' lang='lat' dir='ltr'><strong>isaac</strong></span> <span class='ocrx_word' id='word_1_264' title='bbox 207 1927 320 1981; x_wconf 85' lang='lat' dir='ltr'><strong>amabat</strong></span> <span class='ocrx_word' id='word_1_265' title='bbox 338 1929 427 1994; x_wconf 82' lang='lat' dir='ltr'><strong>Esou,</strong></span> <span class='ocrx_word' id='word_1_266' title='bbox 452 1943 481 1982; x_wconf 90' lang='lat' dir='ltr'><strong>eo</strong></span> <span class='ocrx_word' id='word_1_267' title='bbox 502 1928 575 1996; x_wconf 87' lang='lat' dir='ltr'><strong>quod</strong></span> <span class='ocrx_word' id='word_1_268' title='bbox 593 1928 627 1981; x_wconf 89' lang='lat' dir='ltr'><strong>dc</strong></span> <span class='ocrx_word' id='word_1_269' title='bbox 650 1928 838 1982; x_wconf 86' lang='lat' dir='ltr'><strong>venationibus</strong></span> <span class='ocrx_word' id='word_1_270' title='bbox 869 1928 927 1997; x_wconf 76' lang='lat' dir='ltr'><strong>ejus</strong></span> <span class='ocrx_word' id='word_1_271' title='bbox 981 1926 1062 1980; x_wconf 83' lang='lat' dir='ltr'><strong>Jacob</strong></span> <span class='ocrx_word' id='word_1_272' title='bbox 1078 1929 1164 1981; x_wconf 86' lang='lat' dir='ltr'><strong>:lura</strong></span> <span class='ocrx_word' id='word_1_273' title='bbox 1176 1941 1238 1993; x_wconf 85' lang='lat' dir='ltr'><strong>ergo</strong></span> <span class='ocrx_word' id='word_1_274' title='bbox 1252 1928 1330 1979; x_wconf 87' lang='lat' dir='ltr'><strong>mibi.</strong></span> <span class='ocrx_word' id='word_1_275' title='bbox 1350 1928 1459 1980; x_wconf 84' lang='lat' dir='ltr'><strong>iurauit</strong></span> <span class='ocrx_word' id='word_1_276' title='bbox 1481 1928 1566 1993; x_wconf 78' lang='lat' dir='ltr'><strong>Esau,</strong></span> <span class='ocrx_word' id='word_1_277' title='bbox 1583 1927 1609 1978; x_wconf 89' lang='lat' dir='ltr'><strong>et</strong></span> <span class='ocrx_word' id='word_1_278' title='bbox 1623 1924 1748 1978; x_wconf 79' lang='lat' dir='ltr'><strong>vendidit</strong></span> <span class='ocrx_word' id='word_1_279' title='bbox 1772 1925 1831 1994; x_wconf 84' lang='lat' dir='ltr'><strong>pri·</strong></span> 
     </span>
     <span class='ocr_line' id='line_1_22' title="bbox 75 2014 1832 2084; baseline -0.001 -16"><span class='ocrx_word' id='word_1_280' title='bbox 75 2019 235 2081; x_wconf 77' lang='lat' dir='ltr'><strong>vesceretur,</strong></span> <span class='ocrx_word' id='word_1_281' title='bbox 267 2018 293 2068; x_wconf 88' lang='lat' dir='ltr'><strong>et</strong></span> <span class='ocrx_word' id='word_1_282' title='bbox 323 2015 436 2070; x_wconf 85' lang='lat' dir='ltr'><strong>Rebecca</strong></span> <span class='ocrx_word' id='word_1_283' title='bbox 466 2014 598 2081; x_wconf 84' lang='lat' dir='ltr'><strong>diligebat</strong></span> <span class='ocrx_word' id='word_1_284' title='bbox 635 2015 726 2069; x_wconf 84' lang='lat' dir='ltr'><strong>Jacob.</strong></span> <span class='ocrx_word' id='word_1_285' title='bbox 761 2014 928 2072; x_wconf 89' lang='lat' dir='ltr'><strong>Nascuntur</strong></span> <span class='ocrx_word' id='word_1_286' title='bbox 980 2019 1126 2083; x_wconf 79' lang='lat' dir='ltr'><strong>megentio.</strong></span> <span class='ocrx_word' id='word_1_287' title='bbox 1141 2018 1175 2070; x_wconf 84' lang='lat' dir='ltr'><strong>Et</strong></span> <span class='ocrx_word' id='word_1_288' title='bbox 1197 2016 1355 2084; x_wconf 87' lang='lat' dir='ltr'><strong>sicacccpto</strong></span> <span class='ocrx_word' id='word_1_289' title='bbox 1378 2031 1449 2084; x_wconf 89' lang='lat' dir='ltr'><strong>punc</strong></span> <span class='ocrx_word' id='word_1_290' title='bbox 1463 2020 1488 2069; x_wconf 91' lang='lat' dir='ltr'><strong>et</strong></span> <span class='ocrx_word' id='word_1_291' title='bbox 1508 2017 1586 2070; x_wconf 87' lang='lat' dir='ltr'><strong>lentis</strong></span> <span class='ocrx_word' id='word_1_292' title='bbox 1602 2015 1692 2068; x_wconf 86' lang='lat' dir='ltr'><strong>edulio</strong></span> <span class='ocrx_word' id='word_1_293' title='bbox 1707 2014 1832 2079; x_wconf 86' lang='lat' dir='ltr'><strong>comedit,</strong></span> 
     </span>
     <span class='ocr_line' id='line_1_23' title="bbox 76 2102 1830 2172; baseline -0.002 -14"><span class='ocrx_word' id='word_1_294' title='bbox 76 2103 157 2160; x_wconf 85' lang='lat' dir='ltr'><strong>nobis</strong></span> <span class='ocrx_word' id='word_1_295' title='bbox 171 2103 297 2172; x_wconf 81' lang='lat' dir='ltr'><strong>paranti,</strong></span> <span class='ocrx_word' id='word_1_296' title='bbox 324 2103 441 2159; x_wconf 83' lang='lat' dir='ltr'><strong>eumad</strong></span> <span class='ocrx_word' id='word_1_297' title='bbox 467 2104 585 2172; x_wconf 89' lang='lat' dir='ltr'><strong>plenum</strong></span> <span class='ocrx_word' id='word_1_298' title='bbox 607 2102 637 2158; x_wconf 90' lang='lat' dir='ltr'><strong>in</strong></span> <span class='ocrx_word' id='word_1_299' title='bbox 663 2103 769 2172; x_wconf 66' lang='lat' dir='ltr'><strong>praeliis</strong></span> <span class='ocrx_word' id='word_1_300' title='bbox 791 2103 926 2160; x_wconf 87' lang='lat' dir='ltr'><strong>vitiorum</strong></span> <span class='ocrx_word' id='word_1_301' title='bbox 981 2109 1006 2158; x_wconf 88' lang='lat' dir='ltr'><strong>et</strong></span> <span class='ocrx_word' id='word_1_302' title='bbox 1017 2105 1085 2158; x_wconf 90' lang='lat' dir='ltr'><strong>bibit</strong></span> <span class='ocrx_word' id='word_1_303' title='bbox 1099 2109 1125 2158; x_wconf 86' lang='lat' dir='ltr'><strong>et</strong></span> <span class='ocrx_word' id='word_1_304' title='bbox 1138 2104 1217 2167; x_wconf 83' lang='lat' dir='ltr'><strong>abiit,</strong></span> <span class='ocrx_word' id='word_1_305' title='bbox 1233 2103 1433 2172; x_wconf 80' lang='lat' dir='ltr'><strong>parvipendens</strong></span> <span class='ocrx_word' id='word_1_306' title='bbox 1449 2102 1522 2172; x_wconf 86' lang='lat' dir='ltr'><strong>quod</strong></span> <span class='ocrx_word' id='word_1_307' title='bbox 1534 2105 1719 2172; x_wconf 84' lang='lat' dir='ltr'><strong>primogenita</strong></span> <span class='ocrx_word' id='word_1_308' title='bbox 1736 2102 1830 2157; x_wconf 80' lang='lat' dir='ltr'><strong>ceradi-</strong></span> 
     </span>
     <span class='ocr_line' id='line_1_24' title="bbox 75 2189 1831 2262; baseline 0 -16"><span class='ocrx_word' id='word_1_309' title='bbox 75 2191 238 2248; x_wconf 82' lang='lat' dir='ltr'><strong>exercitatae</strong></span> <span class='ocrx_word' id='word_1_310' title='bbox 260 2190 391 2247; x_wconf 86' lang='lat' dir='ltr'><strong>carnalia</strong></span> <span class='ocrx_word' id='word_1_311' title='bbox 425 2204 459 2246; x_wconf 90' lang='lat' dir='ltr'><strong>ac</strong></span> <span class='ocrx_word' id='word_1_312' title='bbox 486 2190 649 2260; x_wconf 85' lang='lat' dir='ltr'><strong>spiritualia</strong></span> <span class='ocrx_word' id='word_1_313' title='bbox 670 2205 796 2261; x_wconf 81' lang='lat' dir='ltr'><strong>quaeque</strong></span> <span class='ocrx_word' id='word_1_314' title='bbox 830 2199 928 2262; x_wconf 89' lang='lat' dir='ltr'><strong>patent</strong></span> <span class='ocrx_word' id='word_1_315' title='bbox 981 2192 1061 2247; x_wconf 88' lang='lat' dir='ltr'><strong>derit.</strong></span> <span class='ocrx_word' id='word_1_316' title='bbox 1073 2193 1156 2248; x_wconf 86' lang='lat' dir='ltr'><strong>iurat</strong></span> <span class='ocrx_word' id='word_1_317' title='bbox 1169 2195 1244 2247; x_wconf 78' lang='lat' dir='ltr'><strong>Esau</strong></span> <span class='ocrx_word' id='word_1_318' title='bbox 1264 2192 1413 2248; x_wconf 89' lang='lat' dir='ltr'><strong>vendendo</strong></span> <span class='ocrx_word' id='word_1_319' title='bbox 1430 2194 1622 2261; x_wconf 83' lang='lat' dir='ltr'><strong>primogenita,</strong></span> <span class='ocrx_word' id='word_1_320' title='bbox 1640 2190 1710 2246; x_wconf 90' lang='lat' dir='ltr'><strong>dum</strong></span> <span class='ocrx_word' id='word_1_321' title='bbox 1725 2191 1762 2246; x_wconf 90' lang='lat' dir='ltr'><strong>ad</strong></span> <span class='ocrx_word' id='word_1_322' title='bbox 1781 2189 1831 2261; x_wconf 84' lang='lat' dir='ltr'><strong>J&#39;us</strong></span> 
     </span>
     <span class='ocr_line' id='line_1_25' title="bbox 76 2279 1832 2350; baseline -0.001 -15"><span class='ocrx_word' id='word_1_323' title='bbox 76 2280 239 2336; x_wconf 84' lang='lat' dir='ltr'><strong>discretioni</strong></span> <span class='ocrx_word' id='word_1_324' title='bbox 250 2287 363 2336; x_wconf 76' lang='lat' dir='ltr'><strong>nostrae.</strong></span> <span class='ocrx_word' id='word_1_325' title='bbox 381 2281 459 2335; x_wconf 90' lang='lat' dir='ltr'><strong>isaac</strong></span> <span class='ocrx_word' id='word_1_326' title='bbox 471 2279 661 2350; x_wconf 77' lang='lat' dir='ltr'><strong>sexagenario</strong></span> <span class='ocrx_word' id='word_1_327' title='bbox 678 2288 848 2348; x_wconf 80' lang='lat' dir='ltr'><strong>irascuntur,</strong></span> <span class='ocrx_word' id='word_1_328' title='bbox 861 2295 927 2336; x_wconf 87' lang='lat' dir='ltr'><strong>coru</strong></span> <span class='ocrx_word' id='word_1_329' title='bbox 981 2281 1239 2350; x_wconf 84' lang='lat' dir='ltr'><strong>rectitudinemque</strong></span> <span class='ocrx_word' id='word_1_330' title='bbox 1258 2295 1287 2336; x_wconf 88' lang='lat' dir='ltr'><strong>se</strong></span> <span class='ocrx_word' id='word_1_331' title='bbox 1301 2280 1409 2336; x_wconf 87' lang='lat' dir='ltr'><strong>conlert</strong></span> <span class='ocrx_word' id='word_1_332' title='bbox 1429 2279 1524 2336; x_wconf 92' lang='lat' dir='ltr'><strong>carnis</strong></span> <span class='ocrx_word' id='word_1_333' title='bbox 1539 2280 1694 2349; x_wconf 85' lang='lat' dir='ltr'><strong>appetitus,</strong></span> <span class='ocrx_word' id='word_1_334' title='bbox 1710 2286 1832 2350; x_wconf 79' lang='lat' dir='ltr'><strong>¹accepto</strong></span> 
     </span>
     <span class='ocr_line' id='line_1_26' title="bbox 75 2368 1831 2441; baseline -0.002 -16"><span class='ocrx_word' id='word_1_335' title='bbox 75 2370 130 2439; x_wconf 85' lang='lat' dir='ltr'><strong>spei</strong></span> <span class='ocrx_word' id='word_1_336' title='bbox 147 2377 255 2425; x_wconf 81' lang='lat' dir='ltr'><strong>nostrae</strong></span> <span class='ocrx_word' id='word_1_337' title='bbox 269 2383 318 2440; x_wconf 87' lang='lat' dir='ltr'><strong>per</strong></span> <span class='ocrx_word' id='word_1_338' title='bbox 332 2368 445 2441; x_wconf 90' lang='lat' dir='ltr'><strong>integra</strong></span> <span class='ocrx_word' id='word_1_339' title='bbox 461 2369 576 2439; x_wconf 87' lang='lat' dir='ltr'><strong>perlecti</strong></span> <span class='ocrx_word' id='word_1_340' title='bbox 594 2369 717 2425; x_wconf 90' lang='lat' dir='ltr'><strong>bominis</strong></span> <span class='ocrx_word' id='word_1_341' title='bbox 731 2384 827 2439; x_wconf 69' lang='lat' dir='ltr'><strong>oriere,</strong></span> <span class='ocrx_word' id='word_1_342' title='bbox 850 2370 928 2440; x_wconf 92' lang='lat' dir='ltr'><strong>qued</strong></span> <span class='ocrx_word' id='word_1_343' title='bbox 981 2369 1139 2439; x_wconf 86' lang='lat' dir='ltr'><strong>spiritualis</strong></span> <span class='ocrx_word' id='word_1_344' title='bbox 1154 2369 1293 2424; x_wconf 90' lang='lat' dir='ltr'><strong>libertatis</strong></span> <span class='ocrx_word' id='word_1_345' title='bbox 1308 2369 1408 2438; x_wconf 90' lang='lat' dir='ltr'><strong>pretio,</strong></span> <span class='ocrx_word' id='word_1_346' title='bbox 1424 2368 1523 2424; x_wconf 87' lang='lat' dir='ltr'><strong>subter</strong></span> <span class='ocrx_word' id='word_1_347' title='bbox 1537 2368 1657 2424; x_wconf 88' lang='lat' dir='ltr'><strong>rationis</strong></span> <span class='ocrx_word' id='word_1_348' title='bbox 1670 2381 1731 2424; x_wconf 88' lang='lat' dir='ltr'><strong>sese</strong></span> <span class='ocrx_word' id='word_1_349' title='bbox 1750 2380 1831 2423; x_wconf 88' lang='lat' dir='ltr'><strong>mau-</strong></span> 
     </span>
     <span class='ocr_line' id='line_1_27' title="bbox 74 2455 1832 2529; baseline 0.001 -18"><span class='ocrx_word' id='word_1_350' title='bbox 74 2457 266 2528; x_wconf 82' lang='lat' dir='ltr'><strong>scnagenarie</strong></span> <span class='ocrx_word' id='word_1_351' title='bbox 290 2455 435 2528; x_wconf 85' lang='lat' dir='ltr'><strong>signatur,</strong></span> <span class='ocrx_word' id='word_1_352' title='bbox 459 2457 594 2526; x_wconf 88' lang='lat' dir='ltr'><strong>supernis</strong></span> <span class='ocrx_word' id='word_1_353' title='bbox 608 2456 723 2522; x_wconf 78' lang='lat' dir='ltr'><strong>gaudiis</strong></span> <span class='ocrx_word' id='word_1_354' title='bbox 735 2457 795 2528; x_wconf 87' lang='lat' dir='ltr'><strong>jam</strong></span> <span class='ocrx_word' id='word_1_355' title='bbox 812 2457 928 2513; x_wconf 80' lang='lat' dir='ltr'><strong>intentae</strong></span> <span class='ocrx_word' id='word_1_356' title='bbox 981 2458 1104 2528; x_wconf 86' lang='lat' dir='ltr'><strong>cipando</strong></span> <span class='ocrx_word' id='word_1_357' title='bbox 1119 2458 1271 2529; x_wconf 85' lang='lat' dir='ltr'><strong>regimina.</strong></span> <span class='ocrx_word' id='word_1_358' title='bbox 1284 2459 1388 2513; x_wconf 90' lang='lat' dir='ltr'><strong>Panem</strong></span> <span class='ocrx_word' id='word_1_359' title='bbox 1403 2471 1472 2528; x_wconf 84' lang='lat' dir='ltr'><strong>ergo</strong></span> <span class='ocrx_word' id='word_1_360' title='bbox 1486 2464 1557 2513; x_wconf 92' lang='lat' dir='ltr'><strong>tunc</strong></span> <span class='ocrx_word' id='word_1_361' title='bbox 1571 2455 1683 2526; x_wconf 90' lang='lat' dir='ltr'><strong>accipit,</strong></span> <span class='ocrx_word' id='word_1_362' title='bbox 1699 2463 1728 2512; x_wconf 88' lang='lat' dir='ltr'><strong>et</strong></span> <span class='ocrx_word' id='word_1_363' title='bbox 1747 2455 1832 2512; x_wconf 88' lang='lat' dir='ltr'><strong>lentis</strong></span> 
     </span>
     <span class='ocr_line' id='line_1_28' title="bbox 74 2543 1832 2617; baseline -0.001 -16"><span class='ocrx_word' id='word_1_364' title='bbox 74 2544 184 2601; x_wconf 89' lang='lat' dir='ltr'><strong>utiliter</strong></span> <span class='ocrx_word' id='word_1_365' title='bbox 207 2545 269 2601; x_wconf 84' lang='lat' dir='ltr'><strong>baec</strong></span> <span class='ocrx_word' id='word_1_366' title='bbox 297 2552 524 2615; x_wconf 89' lang='lat' dir='ltr'><strong>temperamenta</strong></span> <span class='ocrx_word' id='word_1_367' title='bbox 553 2546 589 2600; x_wconf 89' lang='lat' dir='ltr'><strong>ad</strong></span> <span class='ocrx_word' id='word_1_368' title='bbox 612 2545 791 2617; x_wconf 87' lang='lat' dir='ltr'><strong>probationis</strong></span> <span class='ocrx_word' id='word_1_369' title='bbox 823 2544 929 2601; x_wconf 90' lang='lat' dir='ltr'><strong>scilicet</strong></span> <span class='ocrx_word' id='word_1_370' title='bbox 971 2545 1122 2614; x_wconf 84' lang='lat' dir='ltr'><strong>edulium,</strong></span> <span class='ocrx_word' id='word_1_371' title='bbox 1139 2562 1203 2603; x_wconf 92' lang='lat' dir='ltr'><strong>cum</strong></span> <span class='ocrx_word' id='word_1_372' title='bbox 1232 2555 1291 2615; x_wconf 88' lang='lat' dir='ltr'><strong>post</strong></span> <span class='ocrx_word' id='word_1_373' title='bbox 1313 2545 1441 2602; x_wconf 80' lang='lat' dir='ltr'><strong>avaritiae</strong></span> <span class='ocrx_word' id='word_1_374' title='bbox 1465 2545 1659 2615; x_wconf 89' lang='lat' dir='ltr'><strong>lamempane</strong></span> <span class='ocrx_word' id='word_1_375' title='bbox 1682 2543 1832 2600; x_wconf 86' lang='lat' dir='ltr'><strong>charitatis</strong></span> 
     </span>
     <span class='ocr_line' id='line_1_29' title="bbox 74 2632 1832 2706; baseline 0 -18"><span class='ocrx_word' id='word_1_376' title='bbox 74 2634 197 2704; x_wconf 80' lang='lat' dir='ltr'><strong>gloriam</strong></span> <span class='ocrx_word' id='word_1_377' title='bbox 209 2634 414 2690; x_wconf 87' lang='lat' dir='ltr'><strong>suboriuntur.</strong></span> <span class='ocrx_word' id='word_1_378' title='bbox 431 2634 549 2691; x_wconf 89' lang='lat' dir='ltr'><strong>Parvuli</strong></span> <span class='ocrx_word' id='word_1_379' title='bbox 562 2641 629 2689; x_wconf 85' lang='lat' dir='ltr'><strong>tttnc</strong></span> <span class='ocrx_word' id='word_1_380' title='bbox 640 2635 928 2704; x_wconf 90' lang='lat' dir='ltr'><strong>adolent,comtepor</strong></span> <span class='ocrx_word' id='word_1_381' title='bbox 982 2635 1118 2702; x_wconf 79' lang='lat' dir='ltr'><strong>relicitur,</strong></span> <span class='ocrx_word' id='word_1_382' title='bbox 1130 2643 1158 2691; x_wconf 92' lang='lat' dir='ltr'><strong>et</strong></span> <span class='ocrx_word' id='word_1_383' title='bbox 1169 2638 1334 2706; x_wconf 84' lang='lat' dir='ltr'><strong>passionum</strong></span> <span class='ocrx_word' id='word_1_384' title='bbox 1350 2634 1521 2702; x_wconf 86' lang='lat' dir='ltr'><strong>carnalium,</strong></span> <span class='ocrx_word' id='word_1_385' title='bbox 1538 2649 1604 2704; x_wconf 79' lang='lat' dir='ltr'><strong>quae</strong></span> <span class='ocrx_word' id='word_1_386' title='bbox 1622 2633 1705 2690; x_wconf 88' lang='lat' dir='ltr'><strong>lentis</strong></span> <span class='ocrx_word' id='word_1_387' title='bbox 1725 2632 1832 2690; x_wconf 89' lang='lat' dir='ltr'><strong>rubere</strong></span> 
     </span>
     <span class='ocr_line' id='line_1_30' title="bbox 74 2721 1829 2794; baseline 0 -17"><span class='ocrx_word' id='word_1_388' title='bbox 74 2722 269 2793; x_wconf 84' lang='lat' dir='ltr'><strong>suggestionis</strong></span> <span class='ocrx_word' id='word_1_389' title='bbox 280 2721 317 2777; x_wconf 90' lang='lat' dir='ltr'><strong>ad</strong></span> <span class='ocrx_word' id='word_1_390' title='bbox 327 2721 450 2779; x_wconf 90' lang='lat' dir='ltr'><strong>calorem</strong></span> <span class='ocrx_word' id='word_1_391' title='bbox 462 2723 557 2778; x_wconf 80' lang='lat' dir='ltr'><strong>nimiae</strong></span> <span class='ocrx_word' id='word_1_392' title='bbox 569 2722 732 2793; x_wconf 90' lang='lat' dir='ltr'><strong>prorumpit</strong></span> <span class='ocrx_word' id='word_1_393' title='bbox 742 2722 926 2779; x_wconf 88' lang='lat' dir='ltr'><strong>invectionis:</strong></span> <span class='ocrx_word' id='word_1_394' title='bbox 982 2726 1144 2794; x_wconf 86' lang='lat' dir='ltr'><strong>signantur,</strong></span> <span class='ocrx_word' id='word_1_395' title='bbox 1161 2724 1379 2794; x_wconf 87' lang='lat' dir='ltr'><strong>consumptione</strong></span> <span class='ocrx_word' id='word_1_396' title='bbox 1392 2723 1551 2794; x_wconf 89' lang='lat' dir='ltr'><strong>saginatur.</strong></span> <span class='ocrx_word' id='word_1_397' title='bbox 1572 2722 1698 2776; x_wconf 75' lang='lat' dir='ltr'><strong>comedit</strong></span> <span class='ocrx_word' id='word_1_398' title='bbox 1721 2721 1829 2792; x_wconf 89' lang='lat' dir='ltr'><strong>itaque,</strong></span> 
     </span>
     <span class='ocr_line' id='line_1_31' title="bbox 75 2808 1831 2908; baseline -0.001 -44"><span class='ocrx_word' id='word_1_399' title='bbox 75 2809 122 2865; x_wconf 87' lang='lat' dir='ltr'><strong>sed</strong></span> <span class='ocrx_word' id='word_1_400' title='bbox 148 2818 247 2867; x_wconf 89' lang='lat' dir='ltr'><strong>tamen</strong></span> <span class='ocrx_word' id='word_1_401' title='bbox 270 2810 294 2866; x_wconf 91' lang='lat' dir='ltr'><strong>si</strong></span> <span class='ocrx_word' id='word_1_402' title='bbox 317 2811 471 2867; x_wconf 87' lang='lat' dir='ltr'><strong>carnalitas</strong></span> <span class='ocrx_word' id='word_1_403' title='bbox 505 2813 602 2880; x_wconf 84' lang='lat' dir='ltr'><strong>terret,</strong></span> <span class='ocrx_word' id='word_1_404' title='bbox 630 2811 789 2880; x_wconf 86' lang='lat' dir='ltr'><strong>spiritualis</strong></span> <span class='ocrx_word' id='word_1_405' title='bbox 814 2825 928 2868; x_wconf 91' lang='lat' dir='ltr'><strong>necesse</strong></span> <span class='ocrx_word' id='word_1_406' title='bbox 948 2812 1011 2908; x_wconf 85' lang='lat' dir='ltr'><strong>Cid</strong></span> <span class='ocrx_word' id='word_1_407' title='bbox 1026 2819 1068 2867; x_wconf 90' lang='lat' dir='ltr'><strong>est</strong></span> <span class='ocrx_word' id='word_1_408' title='bbox 1082 2811 1146 2867; x_wconf 91' lang='lat' dir='ltr'><strong>lorti</strong></span> <span class='ocrx_word' id='word_1_409' title='bbox 1163 2811 1305 2881; x_wconf 89' lang='lat' dir='ltr'><strong>quidquid</strong></span> <span class='ocrx_word' id='word_1_410' title='bbox 1331 2811 1359 2865; x_wconf 92' lang='lat' dir='ltr'><strong>in</strong></span> <span class='ocrx_word' id='word_1_411' title='bbox 1382 2824 1412 2866; x_wconf 91' lang='lat' dir='ltr'><strong>se</strong></span> <span class='ocrx_word' id='word_1_412' title='bbox 1427 2810 1511 2866; x_wconf 81' lang='lat' dir='ltr'><strong>noxie</strong></span> <span class='ocrx_word' id='word_1_413' title='bbox 1536 2810 1644 2865; x_wconf 89' lang='lat' dir='ltr'><strong>durum</strong></span> <span class='ocrx_word' id='word_1_414' title='bbox 1663 2816 1705 2866; x_wconf 89' lang='lat' dir='ltr'><strong>est</strong></span> <span class='ocrx_word' id='word_1_415' title='bbox 1722 2808 1831 2864; x_wconf 63' lang='lat' dir='ltr'><strong>discre-</strong></span> 
     </span>
     <span class='ocr_line' id='line_1_32' title="bbox 75 2896 1833 2970; baseline -0.001 -17"><span class='ocrx_word' id='word_1_416' title='bbox 75 2906 116 2954; x_wconf 88' lang='lat' dir='ltr'><strong>est</strong></span> <span class='ocrx_word' id='word_1_417' title='bbox 142 2898 269 2968; x_wconf 89' lang='lat' dir='ltr'><strong>impetus</strong></span> <span class='ocrx_word' id='word_1_418' title='bbox 292 2907 324 2955; x_wconf 92' lang='lat' dir='ltr'><strong>ut</strong></span> <span class='ocrx_word' id='word_1_419' title='bbox 347 2906 447 2954; x_wconf 91' lang='lat' dir='ltr'><strong>contra</strong></span> <span class='ocrx_word' id='word_1_420' title='bbox 470 2899 618 2955; x_wconf 87' lang='lat' dir='ltr'><strong>ardentius</strong></span> <span class='ocrx_word' id='word_1_421' title='bbox 640 2900 739 2955; x_wconf 90' lang='lat' dir='ltr'><strong>ardere</strong></span> <span class='ocrx_word' id='word_1_422' title='bbox 775 2914 929 2970; x_wconf 90' lang='lat' dir='ltr'><strong>nunquam</strong></span> <span class='ocrx_word' id='word_1_423' title='bbox 983 2900 1069 2957; x_wconf 83' lang='lat' dir='ltr'><strong>tionis</strong></span> <span class='ocrx_word' id='word_1_424' title='bbox 1085 2901 1181 2956; x_wconf 87' lang='lat' dir='ltr'><strong>atterit</strong></span> <span class='ocrx_word' id='word_1_425' title='bbox 1205 2899 1307 2966; x_wconf 90' lang='lat' dir='ltr'><strong>dente;</strong></span> <span class='ocrx_word' id='word_1_426' title='bbox 1324 2900 1401 2963; x_wconf 85' lang='lat' dir='ltr'><strong>bibit,</strong></span> <span class='ocrx_word' id='word_1_427' title='bbox 1425 2898 1526 2968; x_wconf 90' lang='lat' dir='ltr'><strong>poculo</strong></span> <span class='ocrx_word' id='word_1_428' title='bbox 1540 2898 1646 2954; x_wconf 91' lang='lat' dir='ltr'><strong>scilicet</strong></span> <span class='ocrx_word' id='word_1_429' title='bbox 1672 2896 1833 2968; x_wconf 88' lang='lat' dir='ltr'><strong>spiritualis</strong></span> 
     </span>
     <span class='ocr_line' id='line_1_33' title="bbox 76 2986 1831 3060; baseline -0.001 -18"><span class='ocrx_word' id='word_1_430' title='bbox 76 2994 176 3042; x_wconf 87' lang='lat' dir='ltr'><strong>cesset.</strong></span> <span class='ocrx_word' id='word_1_431' title='bbox 202 2986 320 3043; x_wconf 84' lang='lat' dir='ltr'><strong>Parvuli</strong></span> <span class='ocrx_word' id='word_1_432' title='bbox 347 3001 416 3043; x_wconf 89' lang='lat' dir='ltr'><strong>sane</strong></span> <span class='ocrx_word' id='word_1_433' title='bbox 441 2986 512 3043; x_wconf 86' lang='lat' dir='ltr'><strong>alter</strong></span> <span class='ocrx_word' id='word_1_434' title='bbox 538 2987 642 3055; x_wconf 90' lang='lat' dir='ltr'><strong>benus,</strong></span> <span class='ocrx_word' id='word_1_435' title='bbox 667 2987 762 3043; x_wconf 89' lang='lat' dir='ltr'><strong>malus</strong></span> <span class='ocrx_word' id='word_1_436' title='bbox 796 2986 876 3055; x_wconf 90' lang='lat' dir='ltr'><strong>alter,</strong></span> <span class='ocrx_word' id='word_1_437' title='bbox 902 2994 930 3043; x_wconf 90' lang='lat' dir='ltr'><strong>et</strong></span> <span class='ocrx_word' id='word_1_438' title='bbox 984 2989 1187 3060; x_wconf 84' lang='lat' dir='ltr'><strong>gratiae3abit,</strong></span> <span class='ocrx_word' id='word_1_439' title='bbox 1211 2988 1318 3044; x_wconf 90' lang='lat' dir='ltr'><strong>virtute</strong></span> <span class='ocrx_word' id='word_1_440' title='bbox 1346 2988 1447 3058; x_wconf 90' lang='lat' dir='ltr'><strong>utique</strong></span> <span class='ocrx_word' id='word_1_441' title='bbox 1479 2987 1600 3058; x_wconf 79' lang='lat' dir='ltr'><strong>proiicit,</strong></span> <span class='ocrx_word' id='word_1_442' title='bbox 1622 2995 1650 3043; x_wconf 91' lang='lat' dir='ltr'><strong>et</strong></span> <span class='ocrx_word' id='word_1_443' title='bbox 1677 2986 1831 3057; x_wconf 85' lang='lat' dir='ltr'><strong>primatum</strong></span> 
     </span>
     <span class='ocr_line' id='line_1_34' title="bbox 75 3074 1582 3148; baseline -0.001 -17"><span class='ocrx_word' id='word_1_444' title='bbox 75 3085 212 3146; x_wconf 90' lang='lat' dir='ltr'><strong>uterque,</strong></span> <span class='ocrx_word' id='word_1_445' title='bbox 227 3076 252 3130; x_wconf 89' lang='lat' dir='ltr'><strong>si</strong></span> <span class='ocrx_word' id='word_1_446' title='bbox 267 3075 399 3143; x_wconf 89' lang='lat' dir='ltr'><strong>velimus,</strong></span> <span class='ocrx_word' id='word_1_447' title='bbox 416 3074 520 3131; x_wconf 89' lang='lat' dir='ltr'><strong>benus.</strong></span> <span class='ocrx_word' id='word_1_448' title='bbox 537 3076 618 3131; x_wconf 88' lang='lat' dir='ltr'><strong>Unde</strong></span> <span class='ocrx_word' id='word_1_449' title='bbox 640 3083 667 3131; x_wconf 90' lang='lat' dir='ltr'><strong>et</strong></span> <span class='ocrx_word' id='word_1_450' title='bbox 683 3076 770 3141; x_wconf 82' lang='lat' dir='ltr'><strong>Esau,</strong></span> <span class='ocrx_word' id='word_1_451' title='bbox 795 3078 839 3130; x_wconf 86' lang='lat' dir='ltr'><strong>eir</strong></span> <span class='ocrx_word' id='word_1_452' title='bbox 864 3076 929 3132; x_wconf 90' lang='lat' dir='ltr'><strong>licet</strong></span> <span class='ocrx_word' id='word_1_453' title='bbox 984 3078 1120 3148; x_wconf 82' lang='lat' dir='ltr'><strong>nequitie</strong></span> <span class='ocrx_word' id='word_1_454' title='bbox 1135 3076 1278 3147; x_wconf 88' lang='lat' dir='ltr'><strong>spirituali</strong></span> <span class='ocrx_word' id='word_1_455' title='bbox 1289 3075 1413 3148; x_wconf 71' lang='lat' dir='ltr'><strong>[servitia</strong></span> <span class='ocrx_word' id='word_1_456' title='bbox 1430 3076 1582 3147; x_wconf 89' lang='lat' dir='ltr'><strong>postponit.</strong></span> 
     </span>
     <span class='ocr_line' id='line_1_35' title="bbox 75 3163 930 3233; baseline 0.007 -18"><span class='ocrx_word' id='word_1_457' title='bbox 75 3177 181 3228; x_wconf 78' lang='lat' dir='ltr'><strong>gamus</strong></span> <span class='ocrx_word' id='word_1_458' title='bbox 196 3163 374 3230; x_wconf 69' lang='lat' dir='ltr'><strong>secundini,</strong></span> <span class='ocrx_word' id='word_1_459' title='bbox 389 3165 518 3233; x_wconf 77' lang='lat' dir='ltr'><strong>domoque</strong></span> <span class='ocrx_word' id='word_1_460' title='bbox 536 3165 667 3232; x_wconf 85' lang='lat' dir='ltr'><strong>agricolo,</strong></span> <span class='ocrx_word' id='word_1_461' title='bbox 686 3172 780 3220; x_wconf 89' lang='lat' dir='ltr'><strong>tarneu</strong></span> <span class='ocrx_word' id='word_1_462' title='bbox 797 3165 834 3220; x_wconf 91' lang='lat' dir='ltr'><strong>ab</strong></span> <span class='ocrx_word' id='word_1_463' title='bbox 850 3165 930 3221; x_wconf 89' lang='lat' dir='ltr'><strong>isaac</strong></span> 
     </span>
     <span class='ocr_line' id='line_1_36' title="bbox 76 3218 1577 3323; baseline 0.002 -18"><span class='ocrx_word' id='word_1_464' title='bbox 76 3249 221 3320; x_wconf 79' lang='lat' dir='ltr'><strong>diligitur,</strong></span> <span class='ocrx_word' id='word_1_465' title='bbox 249 3267 278 3306; x_wconf 87' lang='lat' dir='ltr'><strong>ea</strong></span> <span class='ocrx_word' id='word_1_466' title='bbox 307 3252 380 3320; x_wconf 89' lang='lat' dir='ltr'><strong>qued</strong></span> <span class='ocrx_word' id='word_1_467' title='bbox 407 3253 440 3306; x_wconf 92' lang='lat' dir='ltr'><strong>de</strong></span> <span class='ocrx_word' id='word_1_468' title='bbox 470 3252 528 3323; x_wconf 84' lang='lat' dir='ltr'><strong>ejus</strong></span> <span class='ocrx_word' id='word_1_469' title='bbox 548 3254 737 3309; x_wconf 81' lang='lat' dir='ltr'><strong>uacationibus</strong></span> <span class='ocrx_word' id='word_1_470' title='bbox 763 3259 928 3321; x_wconf 84' lang='lat' dir='ltr'><strong>vesceretnr;</strong></span> <span class='ocrx_word' id='word_1_471' title='bbox 1246 3223 1318 3273; x_wconf 73' lang='lat'><strong>¹⁰³</strong></span> <span class='ocrx_word' id='word_1_472' title='bbox 1337 3218 1453 3276; x_wconf 58' lang='lat' dir='ltr'><strong>CAPUT</strong></span> <span class='ocrx_word' id='word_1_473' title='bbox 1472 3218 1577 3276; x_wconf 58' lang='lat' dir='ltr'>XXVI&#39;</span> 
     </span>
     <span class='ocr_line' id='line_1_37' title="bbox 77 3339 1833 3413; baseline 0.003 -22"><span class='ocrx_word' id='word_1_474' title='bbox 77 3345 199 3393; x_wconf 79' lang='lat' dir='ltr'><strong>senator</strong></span> <span class='ocrx_word' id='word_1_475' title='bbox 211 3339 302 3395; x_wconf 91' lang='lat' dir='ltr'><strong>multo</strong></span> <span class='ocrx_word' id='word_1_476' title='bbox 318 3354 371 3395; x_wconf 93' lang='lat' dir='ltr'><strong>suo</strong></span> <span class='ocrx_word' id='word_1_477' title='bbox 386 3348 452 3396; x_wconf 89' lang='lat' dir='ltr'><strong>actu</strong></span> <span class='ocrx_word' id='word_1_478' title='bbox 467 3341 507 3396; x_wconf 92' lang='lat' dir='ltr'><strong>nil</strong></span> <span class='ocrx_word' id='word_1_479' title='bbox 519 3342 598 3397; x_wconf 88' lang='lat' dir='ltr'><strong>aliud</strong></span> <span class='ocrx_word' id='word_1_480' title='bbox 614 3355 703 3412; x_wconf 88' lang='lat' dir='ltr'><strong>quam</strong></span> <span class='ocrx_word' id='word_1_481' title='bbox 717 3356 834 3398; x_wconf 88' lang='lat' dir='ltr'><strong>carnem</strong></span> <span class='ocrx_word' id='word_1_482' title='bbox 845 3357 929 3413; x_wconf 78' lang='lat' dir='ltr'><strong>qnae·</strong></span> <span class='ocrx_word' id='word_1_483' title='bbox 1018 3344 1108 3402; x_wconf 85' lang='lat' dir='ltr'><strong>Vsus.</strong></span> <span class='ocrx_word' id='word_1_484' title='bbox 1135 3346 1160 3411; x_wconf 91' lang='lat' dir='ltr'><strong>i,</strong></span> <span class='ocrx_word' id='word_1_485' title='bbox 1180 3346 1206 3397; x_wconf 78' lang='lat' dir='ltr'><strong>i.</strong></span> <span class='ocrx_word' id='word_1_486' title='bbox 1224 3373 1256 3384; x_wconf 89' lang='lat'>-</span> <span class='ocrx_word' id='word_1_487' title='bbox 1272 3343 1339 3399; x_wconf 85' lang='lat' dir='ltr'><strong>Oria</strong></span> <span class='ocrx_word' id='word_1_488' title='bbox 1358 3348 1447 3397; x_wconf 87' lang='lat' dir='ltr'><strong>antem</strong></span> <span class='ocrx_word' id='word_1_489' title='bbox 1461 3345 1535 3409; x_wconf 73' lang='lat' dir='ltr'><strong>fame</strong></span> <span class='ocrx_word' id='word_1_490' title='bbox 1549 3358 1629 3412; x_wconf 86' lang='lat' dir='ltr'><strong>saper</strong></span> <span class='ocrx_word' id='word_1_491' title='bbox 1645 3347 1755 3410; x_wconf 88' lang='lat' dir='ltr'><strong>terram,</strong></span> <span class='ocrx_word' id='word_1_492' title='bbox 1770 3348 1833 3412; x_wconf 84' lang='lat' dir='ltr'><strong>pest</strong></span> 
     </span>
     <span class='ocr_line' id='line_1_38' title="bbox 77 3425 1833 3500; baseline 0.003 -20"><span class='ocrx_word' id='word_1_493' title='bbox 77 3426 126 3480; x_wconf 88' lang='lat' dir='ltr'><strong>rit.</strong></span> <span class='ocrx_word' id='word_1_494' title='bbox 147 3425 292 3498; x_wconf 75' lang='lat' dir='ltr'><strong>agricola,</strong></span> <span class='ocrx_word' id='word_1_495' title='bbox 318 3441 384 3483; x_wconf 91' lang='lat' dir='ltr'><strong>cum</strong></span> <span class='ocrx_word' id='word_1_496' title='bbox 406 3437 511 3485; x_wconf 91' lang='lat' dir='ltr'><strong>terram</strong></span> <span class='ocrx_word' id='word_1_497' title='bbox 538 3437 679 3497; x_wconf 82' lang='lat' dir='ltr'><strong>exerceat,</strong></span> <span class='ocrx_word' id='word_1_498' title='bbox 696 3431 808 3493; x_wconf 79' lang='lat' dir='ltr'><strong>trucem</strong></span> <span class='ocrx_word' id='word_1_499' title='bbox 833 3440 929 3486; x_wconf 88' lang='lat' dir='ltr'><strong>tamen</strong></span> <span class='ocrx_word' id='word_1_500' title='bbox 984 3449 1042 3488; x_wconf 89' lang='lat' dir='ltr'><strong>eam</strong></span> <span class='ocrx_word' id='word_1_501' title='bbox 1057 3434 1230 3487; x_wconf 82' lang='lat' dir='ltr'><strong>sterilitatem</strong></span> <span class='ocrx_word' id='word_1_502' title='bbox 1245 3448 1304 3500; x_wconf 87' lang='lat' dir='ltr'><strong>quae</strong></span> <span class='ocrx_word' id='word_1_503' title='bbox 1319 3433 1454 3486; x_wconf 84' lang='lat' dir='ltr'><strong>acciderat</strong></span> <span class='ocrx_word' id='word_1_504' title='bbox 1466 3434 1495 3485; x_wconf 88' lang='lat' dir='ltr'><strong>in</strong></span> <span class='ocrx_word' id='word_1_505' title='bbox 1509 3432 1602 3486; x_wconf 79' lang='lat' dir='ltr'><strong>dirim</strong></span> <span class='ocrx_word' id='word_1_506' title='bbox 1617 3432 1745 3499; x_wconf 79' lang='lat' dir='ltr'><strong>nirata,</strong></span> <span class='ocrx_word' id='word_1_507' title='bbox 1762 3432 1833 3486; x_wconf 87' lang='lat' dir='ltr'><strong>abiit</strong></span> 
     </span>
     <span class='ocr_line' id='line_1_39' title="bbox 76 3513 1831 3595; baseline 0.004 -28"><span class='ocrx_word' id='word_1_508' title='bbox 76 3513 180 3584; x_wconf 82' lang='lat' dir='ltr'><strong>exigit.</strong></span> <span class='ocrx_word' id='word_1_509' title='bbox 199 3514 279 3571; x_wconf 83' lang='lat' dir='ltr'><strong>Esau</strong></span> <span class='ocrx_word' id='word_1_510' title='bbox 301 3515 408 3586; x_wconf 83' lang='lat' dir='ltr'><strong>ltaque,</strong></span> <span class='ocrx_word' id='word_1_511' title='bbox 435 3517 463 3572; x_wconf 85' lang='lat' dir='ltr'><strong>td</strong></span> <span class='ocrx_word' id='word_1_512' title='bbox 478 3525 520 3572; x_wconf 87' lang='lat' dir='ltr'><strong>est</strong></span> <span class='ocrx_word' id='word_1_513' title='bbox 537 3517 632 3573; x_wconf 87' lang='lat' dir='ltr'><strong>earnis</strong></span> <span class='ocrx_word' id='word_1_514' title='bbox 647 3517 767 3574; x_wconf 85' lang='lat' dir='ltr'><strong>allectus</strong></span> <span class='ocrx_word' id='word_1_515' title='bbox 785 3518 844 3574; x_wconf 86' lang='lat' dir='ltr'><strong>sola</strong></span> <span class='ocrx_word' id='word_1_516' title='bbox 863 3533 929 3575; x_wconf 88' lang='lat' dir='ltr'><strong>nor·</strong></span> <span class='ocrx_word' id='word_1_517' title='bbox 984 3522 1288 3588; x_wconf 83' lang='lat' dir='ltr'><strong>adAbimclecbrepem</strong></span> <span class='ocrx_word' id='word_1_518' title='bbox 1312 3523 1515 3595; x_wconf 76' lang='lat' dir='ltr'><strong>Palestinorum</strong></span> <span class='ocrx_word' id='word_1_519' title='bbox 1536 3523 1564 3574; x_wconf 88' lang='lat' dir='ltr'><strong>in</strong></span> <span class='ocrx_word' id='word_1_520' title='bbox 1590 3522 1707 3576; x_wconf 88' lang='lat' dir='ltr'><strong>Gerurn.</strong></span> <span class='ocrx_word' id='word_1_521' title='bbox 1734 3521 1831 3591; x_wconf 84' lang='lat' dir='ltr'><strong>Appa-</strong></span> 
     </span>
     <span class='ocr_line' id='line_1_40' title="bbox 76 3602 1832 3679; baseline 0.004 -23"><span class='ocrx_word' id='word_1_522' title='bbox 76 3602 154 3672; x_wconf 84' lang='lat' dir='ltr'><strong>peris</strong></span> <span class='ocrx_word' id='word_1_523' title='bbox 179 3603 321 3660; x_wconf 83' lang='lat' dir='ltr'><strong>desideria</strong></span> <span class='ocrx_word' id='word_1_524' title='bbox 344 3605 460 3675; x_wconf 81' lang='lat' dir='ltr'><strong>quaerit,</strong></span> <span class='ocrx_word' id='word_1_525' title='bbox 495 3606 544 3661; x_wconf 87' lang='lat' dir='ltr'><strong>sed</strong></span> <span class='ocrx_word' id='word_1_526' title='bbox 567 3614 663 3663; x_wconf 87' lang='lat' dir='ltr'><strong>lamen</strong></span> <span class='ocrx_word' id='word_1_527' title='bbox 698 3605 788 3662; x_wconf 87' lang='lat' dir='ltr'><strong>instar</strong></span> <span class='ocrx_word' id='word_1_528' title='bbox 814 3614 841 3663; x_wconf 88' lang='lat' dir='ltr'><strong>ei</strong></span> <span class='ocrx_word' id='word_1_529' title='bbox 872 3608 929 3677; x_wconf 85' lang='lat' dir='ltr'><strong>ipse</strong></span> <span class='ocrx_word' id='word_1_530' title='bbox 982 3614 1092 3679; x_wconf 84' lang='lat' dir='ltr'><strong>ruitque</strong></span> <span class='ocrx_word' id='word_1_531' title='bbox 1116 3613 1141 3664; x_wconf 88' lang='lat' dir='ltr'><strong>ei</strong></span> <span class='ocrx_word' id='word_1_532' title='bbox 1166 3612 1308 3676; x_wconf 85' lang='lat' dir='ltr'><strong>Dominus,</strong></span> <span class='ocrx_word' id='word_1_533' title='bbox 1332 3616 1357 3663; x_wconf 92' lang='lat' dir='ltr'><strong>el</strong></span> <span class='ocrx_word' id='word_1_534' title='bbox 1380 3611 1439 3663; x_wconf 87' lang='lat' dir='ltr'><strong>aii:</strong></span> <span class='ocrx_word' id='word_1_535' title='bbox 1458 3609 1657 3666; x_wconf 86' lang='lat' dir='ltr'><strong>Nedescendas</strong></span> <span class='ocrx_word' id='word_1_536' title='bbox 1681 3612 1711 3663; x_wconf 88' lang='lat' dir='ltr'><strong>in</strong></span> <span class='ocrx_word' id='word_1_537' title='bbox 1739 3610 1832 3677; x_wconf 64' lang='grc' dir='ltr'><strong>Ερυ-</strong></span> 
     </span>
     <span class='ocr_line' id='line_1_41' title="bbox 76 3689 1833 3769; baseline 0.005 -25"><span class='ocrx_word' id='word_1_538' title='bbox 76 3689 293 3761; x_wconf 83' lang='lat' dir='ltr'><strong>agricolaecum</strong></span> <span class='ocrx_word' id='word_1_539' title='bbox 314 3693 410 3748; x_wconf 91' lang='lat' dir='ltr'><strong>carnis</strong></span> <span class='ocrx_word' id='word_1_540' title='bbox 436 3701 541 3750; x_wconf 90' lang='lat' dir='ltr'><strong>terram</strong></span> <span class='ocrx_word' id='word_1_541' title='bbox 564 3695 662 3750; x_wconf 87' lang='lat' dir='ltr'><strong>multis</strong></span> <span class='ocrx_word' id='word_1_542' title='bbox 682 3702 749 3767; x_wconf 84' lang='lat' dir='ltr'><strong>agat</strong></span> <span class='ocrx_word' id='word_1_543' title='bbox 770 3695 928 3763; x_wconf 72' lang='lat' dir='ltr'><strong>laboribus</strong></span> <span class='ocrx_word' id='word_1_544' title='bbox 981 3703 1067 3768; x_wconf 87' lang='lat' dir='ltr'><strong>ptam.</strong></span> <span class='ocrx_word' id='word_1_545' title='bbox 1095 3699 1196 3753; x_wconf 84' lang='lat' dir='ltr'><strong>Fames</strong></span> <span class='ocrx_word' id='word_1_546' title='bbox 1217 3713 1298 3767; x_wconf 82' lang='lat' dir='ltr'><strong>super</strong></span> <span class='ocrx_word' id='word_1_547' title='bbox 1323 3702 1423 3751; x_wconf 81' lang='lat' dir='ltr'><strong>terram</strong></span> <span class='ocrx_word' id='word_1_548' title='bbox 1442 3696 1509 3769; x_wconf 69' lang='lat' dir='ltr'><strong>[post</strong></span> <span class='ocrx_word' id='word_1_549' title='bbox 1539 3699 1711 3752; x_wconf 81' lang='lat' dir='ltr'><strong>sterilitatem</strong></span> <span class='ocrx_word' id='word_1_550' title='bbox 1738 3698 1833 3752; x_wconf 79' lang='lat' dir='ltr'><strong>dicim</strong></span> 
     </span>
     <span class='ocr_line' id='line_1_42' title="bbox 75 3773 1833 3856; baseline 0.003 -22"><span class='ocrx_word' id='word_1_551' title='bbox 75 3793 198 3850; x_wconf 88' lang='lat' dir='ltr'><strong>magnos</strong></span> <span class='ocrx_word' id='word_1_552' title='bbox 222 3781 342 3837; x_wconf 85' lang='lat' dir='ltr'><strong>rationis</strong></span> <span class='ocrx_word' id='word_1_553' title='bbox 354 3789 457 3838; x_wconf 77' lang='lat' dir='ltr'><strong>nestra</strong></span> <span class='ocrx_word' id='word_1_554' title='bbox 472 3782 507 3838; x_wconf 86' lang='lat' dir='ltr'><strong>ad</strong></span> <span class='ocrx_word' id='word_1_555' title='bbox 527 3796 654 3853; x_wconf 89' lang='lat' dir='ltr'><strong>superna</strong></span> <span class='ocrx_word' id='word_1_556' title='bbox 673 3784 841 3854; x_wconf 90' lang='lat' dir='ltr'><strong>respectanti</strong></span> <span class='ocrx_word' id='word_1_557' title='bbox 857 3793 883 3840; x_wconf 92' lang='lat' dir='ltr'><strong>et</strong></span> <span class='ocrx_word' id='word_1_558' title='bbox 894 3785 930 3840; x_wconf 93' lang='lat' dir='ltr'><strong>ad</strong></span> <span class='ocrx_word' id='word_1_559' title='bbox 955 3773 957 3776; x_wconf 40' lang='lat'><em>⁴</em></span> <span class='ocrx_word' id='word_1_560' title='bbox 984 3786 1106 3840; x_wconf 75' lang='lat' dir='ltr'><strong>Abrabae</strong></span> <span class='ocrx_word' id='word_1_561' title='bbox 1119 3784 1224 3841; x_wconf 89' lang='lat' dir='ltr'><strong>laetam</strong></span> <span class='ocrx_word' id='word_1_562' title='bbox 1240 3785 1341 3850; x_wconf 90' lang='lat' dir='ltr'><strong>oritur,</strong></span> <span class='ocrx_word' id='word_1_563' title='bbox 1365 3799 1431 3841; x_wconf 91' lang='lat' dir='ltr'><strong>cum</strong></span> <span class='ocrx_word' id='word_1_564' title='bbox 1451 3784 1557 3840; x_wconf 89' lang='lat' dir='ltr'><strong>divinae</strong></span> <span class='ocrx_word' id='word_1_565' title='bbox 1572 3799 1657 3856; x_wconf 90' lang='lat' dir='ltr'><strong>saper</strong></span> <span class='ocrx_word' id='word_1_566' title='bbox 1671 3784 1833 3842; x_wconf 89' lang='lat' dir='ltr'><strong>dulcedinis</strong></span> 
     </span>
     <span class='ocr_line' id='line_1_43' title="bbox 76 3865 1832 3944; baseline 0.005 -23"><span class='ocrx_word' id='word_1_567' title='bbox 76 3865 131 3922; x_wconf 85' lang='lat' dir='ltr'><strong>ista</strong></span> <span class='ocrx_word' id='word_1_568' title='bbox 157 3868 302 3940; x_wconf 86' lang='lat' dir='ltr'><strong>pugnanti</strong></span> <span class='ocrx_word' id='word_1_569' title='bbox 323 3883 436 3941; x_wconf 87' lang='lat' dir='ltr'><strong>magnae</strong></span> <span class='ocrx_word' id='word_1_570' title='bbox 460 3871 622 3927; x_wconf 85' lang='lat' dir='ltr'><strong>saturitatis</strong></span> <span class='ocrx_word' id='word_1_571' title='bbox 645 3872 749 3943; x_wconf 91' lang='lat' dir='ltr'><strong>ingerit</strong></span> <span class='ocrx_word' id='word_1_572' title='bbox 768 3879 872 3943; x_wconf 90' lang='lat' dir='ltr'><strong>gustus</strong></span> <span class='ocrx_word' id='word_1_573' title='bbox 894 3887 930 3929; x_wconf 83' lang='lat' dir='ltr'><strong>ex</strong></span> <span class='ocrx_word' id='word_1_574' title='bbox 984 3875 1020 3929; x_wconf 92' lang='lat' dir='ltr'><strong>ad</strong></span> <span class='ocrx_word' id='word_1_575' title='bbox 1045 3874 1259 3944; x_wconf 88' lang='lat' dir='ltr'><strong>deprimendam</strong></span> <span class='ocrx_word' id='word_1_576' title='bbox 1280 3873 1454 3929; x_wconf 87' lang='lat' dir='ltr'><strong>terrenitatis</strong></span> <span class='ocrx_word' id='word_1_577' title='bbox 1479 3881 1583 3929; x_wconf 83' lang='lat' dir='ltr'><strong>nestrae</strong></span> <span class='ocrx_word' id='word_1_578' title='bbox 1605 3873 1771 3943; x_wconf 91' lang='lat' dir='ltr'><strong>superbiam</strong></span> <span class='ocrx_word' id='word_1_579' title='bbox 1794 3888 1832 3931; x_wconf 86' lang='lat' dir='ltr'><strong>ex</strong></span> 
     </span>
     <span class='ocr_line' id='line_1_44' title="bbox 74 3955 1829 4032; baseline 0.006 -23"><span class='ocrx_word' id='word_1_580' title='bbox 74 3955 265 4013; x_wconf 86' lang='lat' dir='ltr'><strong>victoriarum</strong></span> <span class='ocrx_word' id='word_1_581' title='bbox 282 3960 479 4026; x_wconf 89' lang='lat' dir='ltr'><strong>proventibus.</strong></span> <span class='ocrx_word' id='word_1_582' title='bbox 495 3960 578 4016; x_wconf 85' lang='lat' dir='ltr'><strong>Jacob</strong></span> <span class='ocrx_word' id='word_1_583' title='bbox 592 3963 637 4015; x_wconf 85' lang='lat' dir='ltr'><strong>nir</strong></span> <span class='ocrx_word' id='word_1_584' title='bbox 650 3962 769 4030; x_wconf 83' lang='lat' dir='ltr'><strong>sinplea</strong></span> <span class='ocrx_word' id='word_1_585' title='bbox 782 3962 860 4018; x_wconf 82' lang='lat' dir='ltr'><strong>denti</strong></span> <span class='ocrx_word' id='word_1_586' title='bbox 875 3962 930 4017; x_wconf 91' lang='lat' dir='ltr'><strong>ba·</strong></span> <span class='ocrx_word' id='word_1_587' title='bbox 982 3963 1104 4018; x_wconf 89' lang='lat' dir='ltr'><strong>victoria</strong></span> <span class='ocrx_word' id='word_1_588' title='bbox 1125 3964 1340 4018; x_wconf 87' lang='lat' dir='ltr'><strong>intumescentis</strong></span> <span class='ocrx_word' id='word_1_589' title='bbox 1364 3961 1501 4018; x_wconf 88' lang='lat' dir='ltr'><strong>vitiorum</strong></span> <span class='ocrx_word' id='word_1_590' title='bbox 1526 3962 1612 4018; x_wconf 90' lang='lat' dir='ltr'><strong>menti</strong></span> <span class='ocrx_word' id='word_1_591' title='bbox 1635 3962 1829 4032; x_wconf 86' lang='lat' dir='ltr'><strong>subtrabitur,</strong></span> 
     </span>
     <span class='ocr_line' id='line_1_45' title="bbox 75 4043 1832 4122; baseline 0.006 -23"><span class='ocrx_word' id='word_1_592' title='bbox 75 4043 160 4114; x_wconf 88' lang='lat' dir='ltr'><strong>bitat,</strong></span> <span class='ocrx_word' id='word_1_593' title='bbox 187 4059 276 4116; x_wconf 90' lang='lat' dir='ltr'><strong>quem</strong></span> <span class='ocrx_word' id='word_1_594' title='bbox 299 4046 428 4103; x_wconf 81' lang='lat' dir='ltr'><strong>Rebecca</strong></span> <span class='ocrx_word' id='word_1_595' title='bbox 451 4049 496 4105; x_wconf 88' lang='lat' dir='ltr'><strong>vel</strong></span> <span class='ocrx_word' id='word_1_596' title='bbox 521 4048 582 4119; x_wconf 91' lang='lat' dir='ltr'><strong>ipsa</strong></span> <span class='ocrx_word' id='word_1_597' title='bbox 606 4056 695 4117; x_wconf 89' lang='lat' dir='ltr'><strong>amat,</strong></span> <span class='ocrx_word' id='word_1_598' title='bbox 721 4050 789 4105; x_wconf 92' lang='lat' dir='ltr'><strong>dum</strong></span> <span class='ocrx_word' id='word_1_599' title='bbox 812 4051 930 4106; x_wconf 91' lang='lat' dir='ltr'><strong>animus</strong></span> <span class='ocrx_word' id='word_1_600' title='bbox 985 4051 1134 4122; x_wconf 87' lang='lat' dir='ltr'><strong>postillam</strong></span> <span class='ocrx_word' id='word_1_601' title='bbox 1149 4051 1337 4118; x_wconf 90' lang='lat' dir='ltr'><strong>sterilitatem,</strong></span> <span class='ocrx_word' id='word_1_602' title='bbox 1355 4066 1443 4122; x_wconf 90' lang='lat' dir='ltr'><strong>quam</strong></span> <span class='ocrx_word' id='word_1_603' title='bbox 1465 4052 1591 4121; x_wconf 91' lang='lat' dir='ltr'><strong>primum</strong></span> <span class='ocrx_word' id='word_1_604' title='bbox 1614 4055 1679 4107; x_wconf 88' lang='lat' dir='ltr'><strong>ante</strong></span> <span class='ocrx_word' id='word_1_605' title='bbox 1707 4067 1832 4109; x_wconf 87' lang='lat' dir='ltr'><strong>concus-</strong></span> 
     </span>
     <span class='ocr_line' id='line_1_46' title="bbox 75 4132 1832 4209; baseline 0.005 -20"><span class='ocrx_word' id='word_1_606' title='bbox 75 4132 266 4204; x_wconf 87' lang='lat' dir='ltr'><strong>simplicitati,</strong></span> <span class='ocrx_word' id='word_1_607' title='bbox 282 4134 311 4190; x_wconf 92' lang='lat' dir='ltr'><strong>id</strong></span> <span class='ocrx_word' id='word_1_608' title='bbox 325 4142 368 4191; x_wconf 84' lang='lat' dir='ltr'><strong>est</strong></span> <span class='ocrx_word' id='word_1_609' title='bbox 392 4135 496 4191; x_wconf 91' lang='lat' dir='ltr'><strong>unitati</strong></span> <span class='ocrx_word' id='word_1_610' title='bbox 518 4137 622 4193; x_wconf 84' lang='lat' dir='ltr'><strong>meotis</strong></span> <span class='ocrx_word' id='word_1_611' title='bbox 638 4137 688 4192; x_wconf 93' lang='lat' dir='ltr'><strong>uni</strong></span> <span class='ocrx_word' id='word_1_612' title='bbox 704 4151 818 4207; x_wconf 86' lang='lat' dir='ltr'><strong>vacare,</strong></span> <span class='ocrx_word' id='word_1_613' title='bbox 835 4153 929 4194; x_wconf 92' lang='lat' dir='ltr'><strong>unum</strong></span> <span class='ocrx_word' id='word_1_614' title='bbox 949 4141 1094 4209; x_wconf 84' lang='lat' dir='ltr'><strong>psionem</strong></span> <span class='ocrx_word' id='word_1_615' title='bbox 1132 4140 1312 4196; x_wconf 75' lang='lat' dir='ltr'><strong>conscientiae</strong></span> <span class='ocrx_word' id='word_1_616' title='bbox 1342 4139 1475 4208; x_wconf 79' lang='lat' dir='ltr'><strong>Abrabae,</strong></span> <span class='ocrx_word' id='word_1_617' title='bbox 1512 4140 1566 4195; x_wconf 88' lang='lat' dir='ltr'><strong>boc</strong></span> <span class='ocrx_word' id='word_1_618' title='bbox 1592 4149 1635 4196; x_wconf 87' lang='lat' dir='ltr'><strong>est</strong></span> <span class='ocrx_word' id='word_1_619' title='bbox 1674 4140 1832 4198; x_wconf 89' lang='lat' dir='ltr'><strong>intellectui</strong></span> 
     </span>
     <span class='ocr_line' id='line_1_47' title="bbox 76 4222 1832 4300; baseline 0.005 -23"><span class='ocrx_word' id='word_1_620' title='bbox 76 4222 210 4293; x_wconf 87' lang='lat' dir='ltr'><strong>gaudens</strong></span> <span class='ocrx_word' id='word_1_621' title='bbox 232 4223 359 4294; x_wconf 89' lang='lat' dir='ltr'><strong>cogitare</strong></span> <span class='ocrx_word' id='word_1_622' title='bbox 384 4223 516 4292; x_wconf 89' lang='lat' dir='ltr'><strong>intendit,</strong></span> <span class='ocrx_word' id='word_1_623' title='bbox 541 4233 568 4281; x_wconf 88' lang='lat' dir='ltr'><strong>et</strong></span> <span class='ocrx_word' id='word_1_624' title='bbox 591 4225 667 4281; x_wconf 90' lang='lat' dir='ltr'><strong>demi</strong></span> <span class='ocrx_word' id='word_1_625' title='bbox 691 4226 833 4294; x_wconf 86' lang='lat' dir='ltr'><strong>babitans,</strong></span> <span class='ocrx_word' id='word_1_626' title='bbox 859 4241 925 4283; x_wconf 90' lang='lat' dir='ltr'><strong>cen·</strong></span> <span class='ocrx_word' id='word_1_627' title='bbox 980 4229 1115 4300; x_wconf 90' lang='lat' dir='ltr'><strong>privatim</strong></span> <span class='ocrx_word' id='word_1_628' title='bbox 1138 4228 1309 4284; x_wconf 90' lang='lat' dir='ltr'><strong>inleenndus</strong></span> <span class='ocrx_word' id='word_1_629' title='bbox 1333 4228 1425 4284; x_wconf 77' lang='lat' dir='ltr'><strong>iactans</strong></span> <span class='ocrx_word' id='word_1_630' title='bbox 1447 4237 1489 4285; x_wconf 87' lang='lat' dir='ltr'><strong>est</strong></span> <span class='ocrx_word' id='word_1_631' title='bbox 1514 4228 1714 4300; x_wconf 89' lang='lat' dir='ltr'><strong>iusipibusque</strong></span> <span class='ocrx_word' id='word_1_632' title='bbox 1746 4230 1832 4299; x_wconf 89' lang='lat' dir='ltr'><strong>panis</strong></span> 
     </span>
     <span class='ocr_line' id='line_1_48' title="bbox 75 4309 1830 4388; baseline 0.005 -23"><span class='ocrx_word' id='word_1_633' title='bbox 75 4309 204 4366; x_wconf 77' lang='lat' dir='ltr'><strong>scientim</strong></span> <span class='ocrx_word' id='word_1_634' title='bbox 226 4311 330 4380; x_wconf 91' lang='lat' dir='ltr'><strong>utique</strong></span> <span class='ocrx_word' id='word_1_635' title='bbox 360 4311 515 4382; x_wconf 72' lang='lat' dir='ltr'><strong>imperans</strong></span> <span class='ocrx_word' id='word_1_636' title='bbox 541 4327 558 4368; x_wconf 89' lang='lat' dir='ltr'><strong>a</strong></span> <span class='ocrx_word' id='word_1_637' title='bbox 590 4313 726 4384; x_wconf 88' lang='lat' dir='ltr'><strong>patientia</strong></span> <span class='ocrx_word' id='word_1_638' title='bbox 757 4314 928 4371; x_wconf 87' lang='lat' dir='ltr'><strong>humanitus</strong></span> <span class='ocrx_word' id='word_1_639' title='bbox 982 4319 1058 4374; x_wconf 83' lang='lat' dir='ltr'><strong>vitae.</strong></span> <span class='ocrx_word' id='word_1_640' title='bbox 1083 4317 1166 4373; x_wconf 90' lang='lat' dir='ltr'><strong>Prius</strong></span> <span class='ocrx_word' id='word_1_641' title='bbox 1198 4316 1274 4372; x_wconf 90' lang='lat' dir='ltr'><strong>enim</strong></span> <span class='ocrx_word' id='word_1_642' title='bbox 1303 4329 1318 4370; x_wconf 89' lang='lat' dir='ltr'><strong>a</strong></span> <span class='ocrx_word' id='word_1_643' title='bbox 1344 4317 1391 4372; x_wconf 89' lang='lat' dir='ltr'><strong>Dei</strong></span> <span class='ocrx_word' id='word_1_644' title='bbox 1413 4316 1493 4373; x_wconf 85' lang='lat' dir='ltr'><strong>verbi</strong></span> <span class='ocrx_word' id='word_1_645' title='bbox 1520 4326 1608 4388; x_wconf 89' lang='lat' dir='ltr'><strong>gustu</strong></span> <span class='ocrx_word' id='word_1_646' title='bbox 1628 4317 1702 4374; x_wconf 89' lang='lat' dir='ltr'><strong>ratio</strong></span> <span class='ocrx_word' id='word_1_647' title='bbox 1727 4325 1830 4388; x_wconf 90' lang='lat' dir='ltr'><strong>torpet,</strong></span> 
     </span>
     <span class='ocr_line' id='line_1_49' title="bbox 77 4398 1830 4477; baseline 0.005 -24"><span class='ocrx_word' id='word_1_648' title='bbox 77 4398 223 4470; x_wconf 87' lang='lat' dir='ltr'><strong>diligitur,</strong></span> <span class='ocrx_word' id='word_1_649' title='bbox 243 4414 309 4470; x_wconf 87' lang='lat' dir='ltr'><strong>quae</strong></span> <span class='ocrx_word' id='word_1_650' title='bbox 328 4401 412 4470; x_wconf 90' lang='lat' dir='ltr'><strong>quasi</strong></span> <span class='ocrx_word' id='word_1_651' title='bbox 430 4402 612 4458; x_wconf 90' lang='lat' dir='ltr'><strong>muliebriter</strong></span> <span class='ocrx_word' id='word_1_652' title='bbox 633 4403 668 4457; x_wconf 89' lang='lat' dir='ltr'><strong>de</strong></span> <span class='ocrx_word' id='word_1_653' title='bbox 688 4402 805 4474; x_wconf 88' lang='lat' dir='ltr'><strong>propria</strong></span> <span class='ocrx_word' id='word_1_654' title='bbox 831 4403 927 4473; x_wconf 91' lang='lat' dir='ltr'><strong>quiete</strong></span> <span class='ocrx_word' id='word_1_655' title='bbox 981 4406 1161 4477; x_wconf 84' lang='lat' dir='ltr'><strong>postmodum</strong></span> <span class='ocrx_word' id='word_1_656' title='bbox 1194 4418 1230 4461; x_wconf 83' lang='lat' dir='ltr'><strong>ex</strong></span> <span class='ocrx_word' id='word_1_657' title='bbox 1260 4405 1320 4475; x_wconf 87' lang='lat' dir='ltr'><strong>ipsa</strong></span> <span class='ocrx_word' id='word_1_658' title='bbox 1352 4405 1448 4461; x_wconf 89' lang='lat' dir='ltr'><strong>inedia</strong></span> <span class='ocrx_word' id='word_1_659' title='bbox 1489 4406 1617 4476; x_wconf 87' lang='lat' dir='ltr'><strong>graviter</strong></span> <span class='ocrx_word' id='word_1_660' title='bbox 1653 4405 1830 4463; x_wconf 89' lang='lat' dir='ltr'><strong>conscientia</strong></span> 
     </span>
     <span class='ocr_line' id='line_1_50' title="bbox 75 4486 1831 4566; baseline 0.006 -24"><span class='ocrx_word' id='word_1_661' title='bbox 75 4486 203 4557; x_wconf 71' lang='lat' dir='ltr'><strong>letatur,</strong></span> <span class='ocrx_word' id='word_1_662' title='bbox 227 4487 299 4545; x_wconf 90' lang='lat' dir='ltr'><strong>dum</strong></span> <span class='ocrx_word' id='word_1_663' title='bbox 319 4489 405 4546; x_wconf 88' lang='lat' dir='ltr'><strong>iacob</strong></span> <span class='ocrx_word' id='word_1_664' title='bbox 419 4489 588 4561; x_wconf 91' lang='lat' dir='ltr'><strong>simpliciter</strong></span> <span class='ocrx_word' id='word_1_665' title='bbox 601 4490 736 4559; x_wconf 87' lang='lat' dir='ltr'><strong>stabilito,</strong></span> <span class='ocrx_word' id='word_1_666' title='bbox 755 4491 836 4548; x_wconf 92' lang='lat' dir='ltr'><strong>nullo</strong></span> <span class='ocrx_word' id='word_1_667' title='bbox 862 4500 927 4548; x_wconf 84' lang='lat' dir='ltr'><strong>tur·</strong></span> <span class='ocrx_word' id='word_1_668' title='bbox 981 4496 1113 4566; x_wconf 90' lang='lat' dir='ltr'><strong>languet;</strong></span> <span class='ocrx_word' id='word_1_669' title='bbox 1138 4495 1241 4562; x_wconf 85' lang='lat' dir='ltr'><strong>dicias,</strong></span> <span class='ocrx_word' id='word_1_670' title='bbox 1261 4494 1344 4549; x_wconf 90' lang='lat' dir='ltr'><strong>idest</strong></span> <span class='ocrx_word' id='word_1_671' title='bbox 1360 4495 1551 4551; x_wconf 85' lang='lat' dir='ltr'><strong>intellectibus</strong></span> <span class='ocrx_word' id='word_1_672' title='bbox 1576 4497 1704 4562; x_wconf 75' lang='lat' dir='ltr'><strong>abraba,</strong></span> <span class='ocrx_word' id='word_1_673' title='bbox 1723 4494 1831 4552; x_wconf 89' lang='lat' dir='ltr'><strong>scilicet</strong></span> 
     </span>
     <span class='ocr_line' id='line_1_51' title="bbox 75 4575 1829 4650; baseline 0.006 -20"><span class='ocrx_word' id='word_1_674' title='bbox 75 4575 143 4631; x_wconf 86' lang='lat' dir='ltr'><strong>bine</strong></span> <span class='ocrx_word' id='word_1_675' title='bbox 162 4575 576 4648; x_wconf 89' lang='lat' dir='ltr'><strong>interiuspropulsatus‚dum</strong></span> <span class='ocrx_word' id='word_1_676' title='bbox 593 4579 928 4650; x_wconf 70' lang='lat' dir='ltr'><strong>minusproriletquar</strong></span> <span class='ocrx_word' id='word_1_677' title='bbox 980 4584 1099 4640; x_wconf 87' lang='lat' dir='ltr'><strong>rationis</strong></span> <span class='ocrx_word' id='word_1_678' title='bbox 1118 4584 1172 4639; x_wconf 92' lang='lat' dir='ltr'><strong>bac</strong></span> <span class='ocrx_word' id='word_1_679' title='bbox 1193 4590 1275 4639; x_wconf 89' lang='lat' dir='ltr'><strong>nocte</strong></span> <span class='ocrx_word' id='word_1_680' title='bbox 1306 4583 1479 4640; x_wconf 89' lang='lat' dir='ltr'><strong>tabentibus.</strong></span> <span class='ocrx_word' id='word_1_681' title='bbox 1507 4585 1585 4641; x_wconf 88' lang='lat' dir='ltr'><strong>isaac</strong></span> <span class='ocrx_word' id='word_1_682' title='bbox 1610 4585 1647 4638; x_wconf 89' lang='lat' dir='ltr'><strong>cd</strong></span> <span class='ocrx_word' id='word_1_683' title='bbox 1673 4584 1829 4640; x_wconf 73' lang='lat' dir='ltr'><strong>alimelech</strong></span> 
     </span>
     <span class='ocr_line' id='line_1_52' title="bbox 75 4664 1829 4743; baseline 0.006 -24"><span class='ocrx_word' id='word_1_684' title='bbox 75 4677 146 4721; x_wconf 87' lang='lat' dir='ltr'><strong>uam</strong></span> <span class='ocrx_word' id='word_1_685' title='bbox 158 4664 269 4721; x_wconf 88' lang='lat' dir='ltr'><strong>utilitas</strong></span> <span class='ocrx_word' id='word_1_686' title='bbox 282 4680 319 4722; x_wconf 81' lang='lat' dir='ltr'><strong>ex</strong></span> <span class='ocrx_word' id='word_1_687' title='bbox 333 4667 488 4724; x_wconf 88' lang='lat' dir='ltr'><strong>tentatione</strong></span> <span class='ocrx_word' id='word_1_688' title='bbox 503 4676 650 4725; x_wconf 87' lang='lat' dir='ltr'><strong>nascatur.</strong></span> <span class='ocrx_word' id='word_1_689' title='bbox 979 4689 1068 4740; x_wconf 80' lang='lat' dir='ltr'><strong>regem</strong></span> <span class='ocrx_word' id='word_1_690' title='bbox 1082 4675 1110 4726; x_wconf 87' lang='lat' dir='ltr'><strong>in</strong></span> <span class='ocrx_word' id='word_1_691' title='bbox 1128 4672 1233 4728; x_wconf 73' lang='lat' dir='ltr'><strong>duam</strong></span> <span class='ocrx_word' id='word_1_692' title='bbox 1258 4671 1347 4736; x_wconf 90' lang='lat' dir='ltr'><strong>vadit,</strong></span> <span class='ocrx_word' id='word_1_693' title='bbox 1367 4673 1437 4741; x_wconf 84' lang='lat' dir='ltr'><strong>quia</strong></span> <span class='ocrx_word' id='word_1_694' title='bbox 1453 4686 1541 4739; x_wconf 89' lang='lat' dir='ltr'><strong>mens,</strong></span> <span class='ocrx_word' id='word_1_695' title='bbox 1563 4686 1688 4742; x_wconf 91' lang='lat' dir='ltr'><strong>superno</strong></span> <span class='ocrx_word' id='word_1_696' title='bbox 1711 4671 1829 4743; x_wconf 91' lang='lat' dir='ltr'><strong>quidem</strong></span> 
     </span>
     <span class='ocr_line' id='line_1_53' title="bbox 110 4752 1829 4833; baseline 0.004 -22"><span class='ocrx_word' id='word_1_697' title='bbox 110 4752 201 4811; x_wconf 72' lang='lat' dir='ltr'><strong>Vnus.</strong></span> <span class='ocrx_word' id='word_1_698' title='bbox 219 4755 429 4824; x_wconf 78' lang='lat' dir='ltr'><strong>aa,ao,3t.-</strong></span> <span class='ocrx_word' id='word_1_699' title='bbox 446 4757 723 4813; x_wconf 75' lang='lat' dir='ltr'><strong>demtautemiaceb</strong></span> <span class='ocrx_word' id='word_1_700' title='bbox 742 4759 925 4827; x_wconf 63' lang='lat' dir='ltr'><strong>pulmentum</strong></span> <span class='ocrx_word' id='word_1_701' title='bbox 981 4762 1086 4833; x_wconf 89' lang='lat' dir='ltr'><strong>gaudio</strong></span> <span class='ocrx_word' id='word_1_702' title='bbox 1108 4761 1227 4829; x_wconf 91' lang='lat' dir='ltr'><strong>intenta,</strong></span> <span class='ocrx_word' id='word_1_703' title='bbox 1252 4760 1288 4816; x_wconf 89' lang='lat' dir='ltr'><strong>ad</strong></span> <span class='ocrx_word' id='word_1_704' title='bbox 1308 4761 1399 4816; x_wconf 91' lang='lat' dir='ltr'><strong>Patris</strong></span> <span class='ocrx_word' id='word_1_705' title='bbox 1432 4760 1475 4817; x_wconf 92' lang='lat' dir='ltr'><strong>sui</strong></span> <span class='ocrx_word' id='word_1_706' title='bbox 1503 4775 1636 4831; x_wconf 86' lang='lat' dir='ltr'><strong>regnum,</strong></span> <span class='ocrx_word' id='word_1_707' title='bbox 1667 4760 1745 4831; x_wconf 91' lang='lat' dir='ltr'><strong>qnod</strong></span> <span class='ocrx_word' id='word_1_708' title='bbox 1787 4768 1829 4818; x_wconf 89' lang='lat' dir='ltr'><strong>est</strong></span> 
     </span>
    </p>
   </div>
   <div class='ocr_carea' id='block_1_3' title="bbox 73 4841 1829 5453">
    <p class='ocr_par' dir='ltr' id='par_1_3' title="bbox 73 4841 1829 5453">
     <span class='ocr_line' id='line_1_54' title="bbox 76 4841 1828 4921; baseline 0.005 -24"><span class='ocrx_word' id='word_1_709' title='bbox 76 4841 115 4897; x_wconf 87' lang='lat' dir='ltr'><strong>ad</strong></span> <span class='ocrx_word' id='word_1_710' title='bbox 130 4859 212 4914; x_wconf 84' lang='lat' dir='ltr'><strong>quem</strong></span> <span class='ocrx_word' id='word_1_711' title='bbox 227 4858 288 4900; x_wconf 86' lang='lat' dir='ltr'><strong>cam</strong></span> <span class='ocrx_word' id='word_1_712' title='bbox 310 4847 427 4900; x_wconf 59' lang='lat' dir='ltr'><strong>semisses</strong></span> <span class='ocrx_word' id='word_1_713' title='bbox 446 4848 522 4901; x_wconf 81' lang='lat' dir='ltr'><strong>Esau</strong></span> <span class='ocrx_word' id='word_1_714' title='bbox 541 4846 575 4900; x_wconf 91' lang='lat' dir='ltr'><strong>de</strong></span> <span class='ocrx_word' id='word_1_715' title='bbox 588 4862 655 4914; x_wconf 85' lang='lat' dir='ltr'><strong>agro</strong></span> <span class='ocrx_word' id='word_1_716' title='bbox 681 4849 780 4915; x_wconf 84' lang='lat' dir='ltr'><strong>lassus,</strong></span> <span class='ocrx_word' id='word_1_717' title='bbox 802 4849 843 4902; x_wconf 88' lang='lat' dir='ltr'><strong>eil</strong></span> <span class='ocrx_word' id='word_1_718' title='bbox 859 4864 865 4901; x_wconf 92' lang='lat'>:</span> <span class='ocrx_word' id='word_1_719' title='bbox 886 4850 928 4902; x_wconf 83' lang='lat' dir='ltr'><strong>Da</strong></span> <span class='ocrx_word' id='word_1_720' title='bbox 980 4851 1118 4915; x_wconf 90' lang='lat' dir='ltr'><strong>mundns,</strong></span> <span class='ocrx_word' id='word_1_721' title='bbox 1130 4848 1253 4916; x_wconf 79' lang='lat' dir='ltr'><strong>excedit,</strong></span> <span class='ocrx_word' id='word_1_722' title='bbox 1267 4849 1318 4905; x_wconf 95' lang='lat' dir='ltr'><strong>ubi</strong></span> <span class='ocrx_word' id='word_1_723' title='bbox 1328 4850 1398 4906; x_wconf 91' lang='lat' dir='ltr'><strong>dum</strong></span> <span class='ocrx_word' id='word_1_724' title='bbox 1414 4850 1540 4921; x_wconf 89' lang='lat' dir='ltr'><strong>gaudere</strong></span> <span class='ocrx_word' id='word_1_725' title='bbox 1553 4849 1664 4916; x_wconf 88' lang='lat' dir='ltr'><strong>nititur,</strong></span> <span class='ocrx_word' id='word_1_726' title='bbox 1679 4848 1828 4906; x_wconf 87' lang='lat' dir='ltr'><strong>diabolum</strong></span> 
     </span>
     <span class='ocr_line' id='line_1_55' title="bbox 75 4931 1827 5011; baseline 0.005 -24"><span class='ocrx_word' id='word_1_727' title='bbox 75 4933 146 4988; x_wconf 79' lang='lat' dir='ltr'><strong>mini</strong></span> <span class='ocrx_word' id='word_1_728' title='bbox 165 4931 201 4987; x_wconf 89' lang='lat' dir='ltr'><strong>de</strong></span> <span class='ocrx_word' id='word_1_729' title='bbox 223 4935 340 4988; x_wconf 80' lang='lat' dir='ltr'><strong>emtione</strong></span> <span class='ocrx_word' id='word_1_730' title='bbox 357 4935 407 4989; x_wconf 83' lang='lat' dir='ltr'><strong>iac</strong></span> <span class='ocrx_word' id='word_1_731' title='bbox 425 4937 501 5002; x_wconf 76' lang='lat' dir='ltr'><strong>rusa,</strong></span> <span class='ocrx_word' id='word_1_732' title='bbox 531 4937 599 5004; x_wconf 84' lang='lat' dir='ltr'><strong>qaia</strong></span> <span class='ocrx_word' id='word_1_733' title='bbox 622 4936 722 5005; x_wconf 85' lang='lat' dir='ltr'><strong>oppido</strong></span> <span class='ocrx_word' id='word_1_734' title='bbox 742 4938 829 4991; x_wconf 86' lang='lat' dir='ltr'><strong>lassus</strong></span> <span class='ocrx_word' id='word_1_735' title='bbox 856 4952 924 4991; x_wconf 87' lang='lat' dir='ltr'><strong>snm.</strong></span> <span class='ocrx_word' id='word_1_736' title='bbox 980 4940 1031 5011; x_wconf 91' lang='lat' dir='ltr'><strong>qui</strong></span> <span class='ocrx_word' id='word_1_737' title='bbox 1051 4947 1131 5009; x_wconf 89' lang='lat' dir='ltr'><strong>pater</strong></span> <span class='ocrx_word' id='word_1_738' title='bbox 1159 4940 1260 4995; x_wconf 92' lang='lat' dir='ltr'><strong>mundi</strong></span> <span class='ocrx_word' id='word_1_739' title='bbox 1275 4945 1437 4994; x_wconf 89' lang='lat' dir='ltr'><strong>amatorum</strong></span> <span class='ocrx_word' id='word_1_740' title='bbox 1452 4946 1504 5005; x_wconf 90' lang='lat' dir='ltr'><strong>est,</strong></span> <span class='ocrx_word' id='word_1_741' title='bbox 1521 4951 1616 5009; x_wconf 90' lang='lat' dir='ltr'><strong>regem</strong></span> <span class='ocrx_word' id='word_1_742' title='bbox 1636 4938 1827 5008; x_wconf 86' lang='lat' dir='ltr'><strong>advenarum,</strong></span> 
     </span>
     <span class='ocr_line' id='line_1_56' title="bbox 75 5022 1829 5099; baseline 0.005 -23"><span class='ocrx_word' id='word_1_743' title='bbox 75 5023 163 5090; x_wconf 61' lang='lat' dir='ltr'><strong>mam</strong></span> <span class='ocrx_word' id='word_1_744' title='bbox 188 5022 221 5077; x_wconf 86' lang='lat' dir='ltr'><strong>ab</strong></span> <span class='ocrx_word' id='word_1_745' title='bbox 262 5037 374 5078; x_wconf 88' lang='lat' dir='ltr'><strong>causam</strong></span> <span class='ocrx_word' id='word_1_746' title='bbox 400 5027 525 5078; x_wconf 82' lang='lat' dir='ltr'><strong>amatam</strong></span> <span class='ocrx_word' id='word_1_747' title='bbox 556 5028 596 5079; x_wconf 83' lang='lat' dir='ltr'><strong>est</strong></span> <span class='ocrx_word' id='word_1_748' title='bbox 619 5040 714 5079; x_wconf 88' lang='lat' dir='ltr'><strong>nomen</strong></span> <span class='ocrx_word' id='word_1_749' title='bbox 737 5025 795 5096; x_wconf 85' lang='lat' dir='ltr'><strong>ejus</strong></span> <span class='ocrx_word' id='word_1_750' title='bbox 829 5026 925 5080; x_wconf 80' lang='lat' dir='ltr'><strong>Edem.</strong></span> <span class='ocrx_word' id='word_1_751' title='bbox 980 5028 1086 5084; x_wconf 90' lang='lat' dir='ltr'><strong>scilicet</strong></span> <span class='ocrx_word' id='word_1_752' title='bbox 1114 5028 1373 5099; x_wconf 85' lang='lat' dir='ltr'><strong>peregrinationem</strong></span> <span class='ocrx_word' id='word_1_753' title='bbox 1408 5026 1496 5097; x_wconf 85' lang='lat' dir='ltr'><strong>hujus</strong></span> <span class='ocrx_word' id='word_1_754' title='bbox 1527 5026 1624 5083; x_wconf 82' lang='lat' dir='ltr'><strong>saculi</strong></span> <span class='ocrx_word' id='word_1_755' title='bbox 1650 5040 1700 5097; x_wconf 93' lang='lat' dir='ltr'><strong>pro</strong></span> <span class='ocrx_word' id='word_1_756' title='bbox 1732 5027 1829 5098; x_wconf 87' lang='lat' dir='ltr'><strong>patria</strong></span> 
     </span>
     <span class='ocr_line' id='line_1_57' title="bbox 79 5110 1826 5188; baseline 0.005 -23"><span class='ocrx_word' id='word_1_757' title='bbox 79 5110 168 5166; x_wconf 78' lang='lat' dir='ltr'><strong>Vende</strong></span> <span class='ocrx_word' id='word_1_758' title='bbox 189 5111 261 5166; x_wconf 84' lang='lat' dir='ltr'><strong>mibi</strong></span> <span class='ocrx_word' id='word_1_759' title='bbox 274 5114 459 5184; x_wconf 76' lang='lat' dir='ltr'><strong>primogenita</strong></span> <span class='ocrx_word' id='word_1_760' title='bbox 483 5117 539 5180; x_wconf 88' lang='lat' dir='ltr'><strong>tna,</strong></span> <span class='ocrx_word' id='word_1_761' title='bbox 567 5116 667 5183; x_wconf 84' lang='lat' dir='ltr'><strong>inquit.</strong></span> <span class='ocrx_word' id='word_1_762' title='bbox 692 5115 742 5171; x_wconf 79' lang='lat' dir='ltr'><strong>Cui</strong></span> <span class='ocrx_word' id='word_1_763' title='bbox 766 5117 857 5170; x_wconf 80' lang='lat' dir='ltr'><strong>Esau:</strong></span> <span class='ocrx_word' id='word_1_764' title='bbox 886 5119 927 5170; x_wconf 75' lang='lat' dir='ltr'><strong>dn</strong></span> <span class='ocrx_word' id='word_1_765' title='bbox 980 5116 1152 5183; x_wconf 90' lang='lat' dir='ltr'><strong>amantium,</strong></span> <span class='ocrx_word' id='word_1_766' title='bbox 1174 5127 1202 5172; x_wconf 89' lang='lat' dir='ltr'><strong>et</strong></span> <span class='ocrx_word' id='word_1_767' title='bbox 1221 5117 1333 5187; x_wconf 90' lang='lat' dir='ltr'><strong>perboc</strong></span> <span class='ocrx_word' id='word_1_768' title='bbox 1343 5116 1418 5171; x_wconf 90' lang='lat' dir='ltr'><strong>adse</strong></span> <span class='ocrx_word' id='word_1_769' title='bbox 1433 5115 1693 5186; x_wconf 76' lang='lat' dir='ltr'><strong>propinquantium</strong></span> <span class='ocrx_word' id='word_1_770' title='bbox 1710 5117 1826 5188; x_wconf 89' lang='lat' dir='ltr'><strong>reperit.</strong></span> 
     </span>
     <span class='ocr_line' id='line_1_58' title="bbox 75 5201 1829 5278; baseline 0.003 -21"><span class='ocrx_word' id='word_1_771' title='bbox 75 5203 195 5272; x_wconf 57' lang='lat' dir='ltr'><strong>moriam</strong></span> <span class='ocrx_word' id='word_1_772' title='bbox 230 5201 302 5272; x_wconf 84' lang='lat' dir='ltr'><strong>qnid</strong></span> <span class='ocrx_word' id='word_1_773' title='bbox 333 5203 403 5257; x_wconf 85' lang='lat' dir='ltr'><strong>nini</strong></span> <span class='ocrx_word' id='word_1_774' title='bbox 429 5203 580 5272; x_wconf 83' lang='lat' dir='ltr'><strong>proderunt</strong></span> <span class='ocrx_word' id='word_1_775' title='bbox 615 5207 820 5273; x_wconf 84' lang='lat' dir='ltr'><strong>primogenita?</strong></span> <span class='ocrx_word' id='word_1_776' title='bbox 844 5205 925 5259; x_wconf 80' lang='lat' dir='ltr'><strong>taem</strong></span> <span class='ocrx_word' id='word_1_777' title='bbox 980 5205 1156 5274; x_wconf 68' lang='lat' dir='ltr'><strong>abimelech,</strong></span> <span class='ocrx_word' id='word_1_778' title='bbox 1181 5208 1273 5278; x_wconf 87' lang='lat' dir='ltr'><strong>patris</strong></span> <span class='ocrx_word' id='word_1_779' title='bbox 1292 5208 1345 5259; x_wconf 86' lang='lat' dir='ltr'><strong>mei</strong></span> <span class='ocrx_word' id='word_1_780' title='bbox 1368 5220 1495 5271; x_wconf 83' lang='lat' dir='ltr'><strong>regnum3</strong></span> <span class='ocrx_word' id='word_1_781' title='bbox 1523 5204 1629 5261; x_wconf 84' lang='lat' dir='ltr'><strong>Gerana</strong></span> <span class='ocrx_word' id='word_1_782' title='bbox 1644 5205 1751 5263; x_wconf 88' lang='lat' dir='ltr'><strong>dicitnr</strong></span> <span class='ocrx_word' id='word_1_783' title='bbox 1778 5207 1829 5262; x_wconf 88' lang='lat' dir='ltr'><strong>ad-</strong></span> 
     </span>
     <span class='ocr_line' id='line_1_59' title="bbox 73 5289 1826 5364; baseline 0.003 -18"><span class='ocrx_word' id='word_1_784' title='bbox 73 5292 242 5359; x_wconf 75' lang='lat' dir='ltr'><strong>putamina</strong></span> <span class='ocrx_word' id='word_1_785' title='bbox 272 5289 383 5360; x_wconf 91' lang='lat' dir='ltr'><strong>coquit,</strong></span> <span class='ocrx_word' id='word_1_786' title='bbox 407 5290 478 5348; x_wconf 90' lang='lat' dir='ltr'><strong>dum</strong></span> <span class='ocrx_word' id='word_1_787' title='bbox 501 5290 660 5362; x_wconf 86' lang='lat' dir='ltr'><strong>spiritualis</strong></span> <span class='ocrx_word' id='word_1_788' title='bbox 689 5293 776 5364; x_wconf 89' lang='lat' dir='ltr'><strong>vigor</strong></span> <span class='ocrx_word' id='word_1_789' title='bbox 802 5292 926 5350; x_wconf 82' lang='lat' dir='ltr'><strong>scientiae</strong></span> <span class='ocrx_word' id='word_1_790' title='bbox 979 5310 1046 5350; x_wconf 87' lang='lat' dir='ltr'><strong>oenc</strong></span> <span class='ocrx_word' id='word_1_791' title='bbox 1062 5298 1298 5364; x_wconf 83' lang='lat' dir='ltr'><strong>appropinquans.</strong></span> <span class='ocrx_word' id='word_1_792' title='bbox 1327 5295 1454 5363; x_wconf 82' lang='lat' dir='ltr'><strong>Apparet</strong></span> <span class='ocrx_word' id='word_1_793' title='bbox 1476 5296 1502 5348; x_wconf 89' lang='lat' dir='ltr'><strong>ei</strong></span> <span class='ocrx_word' id='word_1_794' title='bbox 1524 5297 1662 5364; x_wconf 85' lang='lat' dir='ltr'><strong>Dominus,</strong></span> <span class='ocrx_word' id='word_1_795' title='bbox 1687 5294 1758 5352; x_wconf 89' lang='lat' dir='ltr'><strong>dum</strong></span> <span class='ocrx_word' id='word_1_796' title='bbox 1776 5308 1826 5352; x_wconf 90' lang='lat' dir='ltr'><strong>er·</strong></span> 
     </span>
     <span class='ocr_line' id='line_1_60' title="bbox 75 5377 1826 5453; baseline 0.002 -17"><span class='ocrx_word' id='word_1_797' title='bbox 75 5378 190 5451; x_wconf 79' lang='lat' dir='ltr'><strong>aliquis,</strong></span> <span class='ocrx_word' id='word_1_798' title='bbox 214 5386 244 5437; x_wconf 91' lang='lat' dir='ltr'><strong>et</strong></span> <span class='ocrx_word' id='word_1_799' title='bbox 262 5377 372 5436; x_wconf 80' lang='lat' dir='ltr'><strong>(lirina</strong></span> <span class='ocrx_word' id='word_1_800' title='bbox 398 5378 459 5436; x_wconf 89' lang='lat' dir='ltr'><strong>leco</strong></span> <span class='ocrx_word' id='word_1_801' title='bbox 482 5380 632 5438; x_wconf 80' lang='lat' dir='ltr'><strong>charitatis</strong></span> <span class='ocrx_word' id='word_1_802' title='bbox 651 5381 793 5452; x_wconf 92' lang='lat' dir='ltr'><strong>quidquid</strong></span> <span class='ocrx_word' id='word_1_803' title='bbox 807 5383 926 5453; x_wconf 89' lang='lat' dir='ltr'><strong>apudse</strong></span> <span class='ocrx_word' id='word_1_804' title='bbox 980 5397 1074 5439; x_wconf 92' lang='lat' dir='ltr'><strong>rorem</strong></span> <span class='ocrx_word' id='word_1_805' title='bbox 1090 5383 1195 5440; x_wconf 79' lang='lat' dir='ltr'><strong>animae</strong></span> <span class='ocrx_word' id='word_1_806' title='bbox 1218 5382 1309 5439; x_wconf 91' lang='lat' dir='ltr'><strong>oculis</strong></span> <span class='ocrx_word' id='word_1_807' title='bbox 1334 5383 1439 5453; x_wconf 88' lang='lat' dir='ltr'><strong>detegit</strong></span> <span class='ocrx_word' id='word_1_808' title='bbox 1463 5382 1632 5441; x_wconf 85' lang='lat' dir='ltr'><strong>intellectus.</strong></span> <span class='ocrx_word' id='word_1_809' title='bbox 1662 5385 1698 5441; x_wconf 86' lang='lat' dir='ltr'><strong>lle</strong></span> <span class='ocrx_word' id='word_1_810' title='bbox 1721 5383 1826 5439; x_wconf 79' lang='lat' dir='ltr'><strong>dacin</strong></span> 
     </span>
    </p>
   </div>
   <div class='ocr_carea' id='block_1_4' title="bbox 0 0 1914 6008">
    <p class='ocr_par' dir='ltr' id='par_1_4' title="bbox 0 0 1914 6008">
     <span class='ocr_line' id='line_1_61' title="bbox 0 0 1914 6008; baseline 0 0"><span class='ocrx_word' id='word_1_811' title='bbox 0 0 1914 6008; x_wconf 95' lang='lat' dir='ltr'><strong> </strong></span> 
     </span>
    </p>
   </div>
  </div>
 </body>
</html>
