3794 6008
433 182 557 280 Αιιιιιι
576 203 648 268 ιιι
667 203 798 263 obuius
818 173 940 263 sceno
959 201 1056 262 atem
1075 203 1226 280 operar.
1678 209 1714 274 ce

70 337 170 394 omnia
197 337 314 408 pariter,
342 333 443 407 prima,
459 334 555 391 media
567 341 595 392 et
612 334 713 392 ultima
727 334 809 392 aule·
824 341 848 394 Δ
866 350 942 393 mur.
959 336 1045 393 Verbi
1059 335 1152 408 gratia
1171 335 1358 403 Hierusalem,
1375 336 1535 393 secuudum
1552 335 1714 401 historiam,

52 441 77 492 r,
103 434 132 483 et
157 442 223 496 quae
242 425 376 496 prodesse
404 423 498 494 pauca
521 431 661 494 poterant,
683 424 772 479 nimia
785 431 813 481 et
865 424 966 481 civitas
983 435 1025 481 est
1046 425 1198 495 quaedam;
1215 425 1376 482 secuudum
1389 424 1566 497 allegoriam,
1583 432 1712 482 sanctam

54 514 226 581 rotcellnsa,
243 515 272 570 in
291 513 438 570 lastidium
456 521 484 569 et
512 527 583 584 pene
600 512 811 583 quodammodo
865 514 1020 570 Ecclesiam
1036 514 1219 585 significans3
1237 515 1396 571 seeundum
1412 515 1611 586 tropologiam.
1629 514 1716 571 idest

54 618 105 660 um
119 611 279 660 vertantur.
866 601 1064 669 moralitatem,
1088 602 1185 658 anima
1206 603 1296 658 tidelis
1318 602 1473 673 cujuslibet
1497 603 1548 674 qul
1565 603 1601 659 ad
1626 602 1714 659 visio·

52 695 160 749 nsicut
171 693 307 747 victualia
321 690 416 747 sohrie
428 697 544 761 sumpta
567 690 603 746 ad
614 690 741 761 corporis
757 704 811 746 ιι·
865 704 931 746 nent
956 691 1033 760 pacis
1060 701 1173 746 eternae
1197 691 1331 762 anbelat3
1359 691 1519 747 secundum
1551 705 1713 762 anagogen,

52 785 131 836 atum
154 781 183 835 iu
206 792 324 849 corpore
350 786 527 848 permanent,
545 777 728 834 immoderate
745 790 811 833 vero
865 779 1021 836 coelestium
1053 779 1160 835 civium
1190 779 1358 850 vitam,qui
1388 779 1477 836 Deum
1503 780 1621 836 deorum
1645 779 1715 836 lacie

52 868 108 925 tin
119 868 324 924 detrimentum
341 873 476 938 vergunt,
499 876 526 922 et
546 866 685 923 vomitum
707 880 812 937 provo·
865 868 991 926 revelata
1013 868 1041 924 in
1057 868 1124 924 Sion
1149 867 1255 937 vident,
1274 870 1379 940 signat.
1398 870 1441 925 Ex
1463 868 1508 924 his
1528 869 1616 940 igitur
1637 880 1715 941 qua·

62 958 163 1027 etqui
193 956 301 1012 seunne
324 957 450 1026 legitimo
472 963 499 1011 et
521 968 606 1025 parce
630 955 813 1025 modesteque
867 963 932 1013 tuor
961 956 1060 1024 modis,
1075 957 1137 1013 lieet
1171 957 1264 1013 oninis
1291 958 1351 1014 lieri
1379 959 1476 1029 possit,
1501 964 1552 1014 aut
1576 964 1651 1014 certe
1678 970 1714 1012 ex

64 1045 182 1115 coniugi
211 1044 356 1110 miscetur,
378 1043 484 1113 prolem
505 1051 592 1110 creat,
609 1044 659 1114 qui
676 1058 745 1099 vcro
768 1058 813 1099 se-
866 1045 999 1115 siugulis,
1026 1044 1157 1101 tamensi
1174 1045 1245 1116 quid
1270 1045 1371 1102 utilius
1387 1047 1423 1102 ad
1447 1060 1547 1103 curam
1573 1045 1717 1102 interioris

52 1132 128 1199 ιιιιι,
144 1134 216 1188 nibil
233 1133 301 1188 utile
315 1132 412 1200 ellicit,
433 1133 481 1189 sed
510 1147 627 1188 carnem
650 1132 736 1188 laedat
753 1149 760 1186 :
776 1132 814 1187 ita
866 1135 991 1209 bortrinis
1013 1142 1159 1206 pensetur,
1186 1132 1277 1205 magis
1302 1134 1451 1190 commoda
1470 1148 1505 1191 ac
1527 1133 1716 1206 intelligibilis

52 1221 122 1277 imie
148 1222 268 1277 verbum
297 1220 414 1292 proiert,
440 1229 467 1277 et
494 1221 522 1278 id
543 1221 620 1291 quod
646 1222 813 1278 auditorum
867 1225 895 1280 in
913 1223 1062 1280 tractando
1073 1223 1294 1280 'moralitnsesse
1305 1223 1428 1279 videtur.

52 1323 98 1365 ius
114 1310 234 1365 insitum
252 1321 323 1377 erat,
339 1318 366 1365 et
393 1313 529 1381 prolicere
558 1317 676 1381 poterat,
702 1309 808 1366 aufert.
902 1313 1046 1384 allegoria
1068 1327 1136 1368 sane
1153 1312 1223 1369 dum
1248 1312 1276 1372 in
1291 1311 1464 1383 propheticis
1497 1310 1715 1383 apostolicisque

52 1407 155 1469 etergc
184 1398 404 1468 grandisanimi
434 1399 708 1470 lervorpraedicanti
726 1399 812 1465 adest
867 1402 947 1458 libris
967 1401 1147 1471 disquiritur.
1166 1415 1236 1472 pene
1261 1399 1331 1456 nihil
1354 1399 1632 1470 aliudquamtldem
1651 1399 1717 1471 ιιι-

52 1486 168 1556 iltiplex
195 1488 411 1544 tractandorum
441 1488 559 1544 materia
591 1489 813 1545 memoriaenon
866 1498 912 1547 cat
922 1491 1016 1562 ;quia
1040 1489 1155 1557 seilicet,
1169 1489 1239 1545 dum
1266 1489 1453 1546 multifariam
1482 1488 1638 1559 multisque
1652 1502 1716 1543 mo·

63 1574 209 1633 lacundiae
224 1590 341 1647 quoque
354 1576 527 1647 possibilitas
541 1584 569 1632 et
579 1584 700 1633 ornatus
712 1591 813 1633 neces·
867 1580 911 1636 dis
922 1578 990 1635 clim
1005 1579 1095 1635 Deum
1118 1578 1281 1648 loquentem
1297 1579 1325 1632 in
1342 1577 1488 1648 prophetis
1510 1583 1617 1633 attente
1642 1575 1715 1647 legi-

65 1673 209 1733 superest,
244 1671 341 1734 penset
368 1678 468 1720 eorum
496 1665 547 1735 qui
579 1666 662 1721 tacite
689 1645 849 1721 audiuntB
868 1682 943 1734 mus,
959 1667 1114 1726 Christiani
1142 1667 1278 1738 temporis
1300 1674 1480 1723 sacramenta
1500 1664 1617 1722 indubie
1641 1678 1717 1735 prae·

55 1751 123 1808 illas
152 1752 237 1817 vires,
260 1751 422 1823 meliusque
441 1753 499 1809 lore
526 1760 558 1810 ut
583 1760 717 1823 paucact
731 1762 812 1824 grate
866 1757 1000 1814 nuntiata
1024 1756 1128 1813 ibidem
1153 1756 1356 1826 comperimus.
1379 1755 1429 1810 Dei
1455 1769 1523 1811 vero
1543 1753 1636 1826 gratia
1653 1753 1715 1823 jam

52 1840 168 1906 dautur,
194 1854 282 1911 quam
308 1840 461 1897 innumera
473 1855 510 1898 ex
525 1843 634 1913 quihus
649 1842 729 1898 nulla
745 1843 812 1899 reti·
867 1846 937 1901 lides
951 1845 1081 1902 omnium
1095 1844 1229 1901 cordibus
1245 1843 1379 1910 innotuit,
1398 1855 1487 1914 quam
1502 1842 1554 1898 etsi
1571 1840 1716 1897 inculcare

52 1942 94 1996 tr,
127 1929 273 1999 finemque
296 1929 389 1986 lacere
412 1944 470 1985 nou
499 1929 621 1998 diderat,
639 1938 670 1987 ut
694 1944 811 1988 rursum
866 1932 971 2003 sepius
985 1947 1019 1989 ac
1045 1940 1200 1989 retractare
1222 1931 1404 1988 auditoribus
1426 1931 1563 2001 oportuit,
1593 1942 1650 1986 uon
1666 1927 1717 1983 mi-

52 2031 202 2075 ermonem
214 2018 344 2075 tacturus
363 2025 415 2086 est,
444 2018 553 2076 alacres
575 2034 623 2076 eos
645 2034 703 2076 uon
733 2021 811 2076 lasti·
866 2036 922 2077 niis
938 2028 1043 2088 tamen,
1059 2020 1116 2077 imo
1130 2021 1219 2077 multo
1233 2019 1363 2077 crebrius
1376 2033 1410 2075 ea
1430 2033 1495 2094 quae
1511 2031 1603 2074 mores
1616 2030 1717 2073 corum

70 2107 214 2162 inveniat.
866 2110 1014 2167 instituere
1035 2110 1153 2180 possint,
1176 2109 1269 2165 dicere
1294 2107 1438 2164 convenit.
1456 2107 1581 2163 Facilius
1595 2105 1674 2163 enim
1689 2111 1717 2160 et

52 2203 137 2250 terea
149 2203 177 2251 ιι
191 2195 271 2251 aliud
287 2195 480 2253 intimandum
503 2204 555 2266 est,
573 2206 604 2254 ut
622 2196 728 2255 seilicet
742 2198 811 2254 dum
866 2200 998 2257 securius
1017 2199 1053 2255 de
1081 2199 1222 2254 virtutum
1248 2205 1353 2253 natura
1390 2196 1557 2252 disserimus
1581 2191 1718 2264 quamde

52 2292 115 2338 atis
144 2283 220 2339 levia
246 2289 274 2340 et
298 2283 385 2354 plana
412 2286 558 2355 praedicat,
583 2285 811 2344 lilteratisetiam
867 2289 932 2345 ildei
947 2287 1182 2344 sacramentisde
1198 2286 1306 2358 quihus
1332 2284 1415 2340 valde
1443 2282 1586 2339 moderate
1609 2278 1715 2350 aliqui-

56 2371 94 2426 ihi
121 2371 295 2428 conveniant
319 2372 488 2430 sublimiora
507 2374 606 2444 aliqua
621 2375 813 2434 intermiscere
867 2379 921 2434 hus
948 2376 1124 2447 loquendum
1154 2383 1204 2441 est,
1239 2374 1431 2443 disputamus.
1466 2372 1555 2427 Error
1588 2381 1716 2440 namque

52 2469 84 2524 tt,
101 2467 131 2516 et
157 2461 228 2516 dum
248 2461 293 2516 his
316 2475 383 2531 quae
416 2463 568 2532 capacitati
596 2478 657 2520 suae
683 2464 813 2534 placeant
866 2467 963 2522 minus
974 2464 1201 2536 intelligentibus
1213 2462 1347 2519 exuimis
1363 2459 1505 2532 protunda
1516 2456 1718 2528 predicatione

52 2557 103 2616 ιιι,
122 2549 163 2604 ιιι
176 2549 309 2618 ιιιιιιιι,
333 2559 360 2607 ιι
385 2558 416 2605 ιι
432 2551 470 2606 ita
487 2551 581 2607 dicam
603 2553 729 2622 quadam
754 2553 812 2609 cir·
866 2556 998 2627 generari
1019 2560 1127 2624 potest:
1154 2567 1190 2610 ιι
1215 2551 1316 2608 morali
1343 2556 1440 2607 autem
1457 2547 1638 2604 institutione
1657 2558 1716 2602 ma·

52 2636 184 2692 cutionis
208 2636 285 2693 naola
309 2639 481 2695 conterendo
508 2648 643 2710 exponat,
677 2648 704 2697 et
734 2641 812 2712 quod
866 2645 943 2701 sime
955 2644 1024 2700 solet
1039 2643 1150 2713 acquiri
1166 2639 1346 2698 discretionis
1365 2638 1484 2694 utilitas.

52 2739 66 2780 ι
84 2739 120 2781 ιι
133 2724 248 2781 dilticile
273 2727 359 2782 etiam
380 2727 470 2783 doctis
485 2728 566 2798 prius
586 2728 748 2798 videbatur,
774 2722 812 2786 ιιι
901 2730 1039 2800 Quamvis
1060 2732 1157 2801 itaque
1179 2729 1351 2800 allegoricus
1379 2740 1490 2794 seusus,
1512 2723 1535 2780 si
1559 2720 1716 2795 aliquando

52 2827 90 2868 im
103 2823 132 2868 et
148 2821 281 2884 apertum
296 2814 406 2881 reddat,
424 2822 457 2871 ut
478 2816 574 2873 idiotis
588 2831 622 2873 ac
634 2818 813 2888 simplicibus
867 2821 992 2878 sermoni
1021 2819 1222 2884 admisceatur,
1242 2817 1400 2886 plurimum
1414 2828 1475 2871 esse
1493 2812 1581 2869 soleat
1608 2810 1716 2883 gratio·

56 2914 149 2955 cuum
176 2901 255 2971 quod
284 2901 391 2959 dicitur
419 2917 480 2960 esse
509 2913 605 2975 queat.
637 2906 715 2962 Sicut
734 2908 811 2964 enirn
828 2944 849 3000 C
867 2925 926 2976 sus,
946 2917 973 2966 et
997 2908 1020 2964 si
1036 2908 1184 2974 dicuntur,
1201 2913 1229 2962 et
1254 2918 1321 2961 vere
1349 2901 1504 2974 aliquoties
1527 2900 1582 2956 diei
1611 2899 1716 2956 dehent

56 2987 94 3042 lis
110 2988 193 3044 lactis
215 2989 384 3046 alimentum
408 2990 548 3049 familiare
562 3000 604 3050 est
620 3002 647 3050 ιι
663 2995 744 3052 valde
761 3010 809 3052 ιι·
868 2999 966 3069 aliqua
992 3012 1057 3069 quae
1081 2997 1115 3052 ad
1144 2995 1226 3051 iidem
1257 3001 1285 3049 et
1312 2991 1531 3062 intelligentiam
1560 2989 1716 3058 Scriptura

52 3075 130 3145 ium,
149 3084 180 3133 ut
196 3077 257 3134 sine
283 3077 428 3135 lactenon
448 3095 528 3151 posse
555 3083 652 3139 vivere
679 3084 814 3141 credatur
867 3101 956 3143 sacrm
985 3085 1192 3150 nosimhuant,
1221 3090 1316 3139 tannen
1339 3088 1397 3138 tota
1425 3078 1506 3136 verbi
1532 3077 1623 3134 nostri
1640 3075 1717 3147 vigi-

52 3177 94 3230 es,
120 3179 172 3220 uec
193 3165 245 3221 soli
275 3174 369 3223 tamen
396 3177 575 3227 coutantur
606 3170 737 3239 inientes,
765 3173 813 3228 sed
869 3173 958 3231 lautia
982 3174 1016 3231 de
1043 3179 1068 3228 ὅ
1093 3172 1218 3228 motibus
1238 3170 1383 3227 interioris
1406 3167 1539 3234 bominis,
1568 3166 1717 3222 idestco-

52 3251 90 3307 tis
107 3266 216 3321 panum
237 3255 343 3311 crustis
356 3255 443 3312 etiarn
461 3258 639 3328 quibuslibet
651 3261 814 3332 grandaevis
868 3261 1055 3334 gitationihus
1070 3261 1220 3322 habeatur.
1239 3272 1367 3330 quarum
1390 3257 1484 3328 passio
1500 3251 1556 3312 t'am
1584 3252 1719 3310 omnihus

52 3339 201 3406 ecloum,
225 3343 265 3398 sic
292 3343 463 3415 plerumque
489 3361 554 3403 cum
576 3349 664 3420 vulgo
691 3349 814 3419 simplex
868 3350 1029 3407 communis
1051 3357 1103 3416 est,
1131 3355 1162 3406 ut
1201 3354 1341 3404 tractatus
1375 3342 1543 3416 buiusmodi
1569 3341 1653 3410 nulli,
1687 3347 1719 3396 ut

52 3443 92 3484 na
105 3430 287 3499 proponitur,
307 3440 335 3488 et
354 3433 464 3503 aliquid
480 3441 575 3492 tannen
589 3445 703 3508 propter
729 3438 814 3494 intel·
868 3440 1001 3506 arbitror,
1016 3438 1104 3509 possit
1119 3451 1180 3493 esse
1206 3436 1357 3500 obscurus,
1373 3431 1530 3504 prasertim
1550 3444 1617 3487 cum
1633 3442 1720 3485 unus

53 3517 142 3585 iores,
160 3518 318 3576 uhieorum
333 3529 524 3578 exerceantur
551 3525 676 3595 ingente,
710 3526 813 3582 ibidem
867 3528 993 3600 quisque
1006 3527 1081 3583 lutra
1093 3526 1218 3597 scipsum
1240 3525 1324 3595 quasi
1340 3523 1368 3578 in
1384 3523 1457 3579 libro
1472 3520 1611 3591 scriptum
1626 3524 1718 3573 atten-

52 3607 145 3662 eritur
163 3606 202 3662 ita
218 3621 332 3677 pascere
351 3611 498 3668 consuevit
522 3611 645 3682 hebetes,
673 3622 705 3669 ut
727 3615 813 3671 etiam
867 3619 917 3674 dat
930 3615 1072 3688 quidquid
1099 3615 1133 3671 de
1148 3613 1269 3670 diversis
1292 3610 1498 3668 tentationibus
1523 3605 1718 3678 predicatoris

52 3693 105 3750 ›ris
118 3695 347 3752 additamentum
364 3697 466 3766 victus,
482 3699 508 3755 id
524 3700 726 3772 estiuterjecta
745 3717 814 3773 pou·
868 3706 969 3776 lingua
999 3710 1143 3760 retractat.
1565 3712 1574 3732 ·
1671 3775 1673 3778 y

52 3782 100 3839 ori
123 3784 264 3841 sententia
285 3786 424 3843 delectare
448 3788 536 3845 soleat
551 3791 702 3860 sapientes.
718 3790 814 3846 Solent
902 3794 965 3850 Non
981 3792 1072 3863 magis
1093 3798 1188 3848 autem
1209 3789 1244 3845 de
1265 3787 1376 3858 origine
1391 3794 1441 3843 aut
1466 3783 1596 3841 custodia
1621 3783 1717 3838 virtu-

52 3887 65 3927 n
96 3871 125 3927 in
155 3873 327 3930 tractatibus
356 3876 574 3947 evangeliorum
608 3879 755 3935 sententiae
779 3879 813 3934 de
868 3891 940 3947 tum,
957 3896 1046 3952 quem
1063 3880 1097 3936 de
1111 3877 1345 3935 concatenatione
1359 3884 1388 3933 et
1407 3876 1476 3946 luga
1491 3873 1626 3930 vitiorum
1657 3869 1718 3927 lleri

52 3959 252 4017 iTestamento
273 3963 408 4020 adbibitae
427 3964 573 4021 auditores
589 3966 706 4023 reddere
723 3967 814 4038 magis
867 3969 1023 4026 admonitio
1037 3968 1134 4035 dehet3
1161 3967 1211 4023 uhi
1239 3966 1337 4022 doctor
1351 3979 1417 4035 ιιι
1442 3963 1499 4019 sint
1527 3960 1674 4017 naturalia
1690 3966 1719 4015 et

52 4051 98 4112 hs,
124 4047 195 4117 quia
208 4049 278 4104 dum
295 4051 444 4121 quidpiam
459 4065 559 4107 eurum
577 4053 688 4109 auditui
705 4068 813 4110 novum
868 4074 934 4131 qnae
948 4066 1032 4116 extra
1047 4061 1181 4113 naturam
1197 4055 1277 4121 villa,
1295 4069 1361 4127 quae
1376 4052 1462 4109 etiam
1488 4065 1524 4108 ex
1550 4049 1614 4106 aliis
1629 4062 1719 4122 gene-

52 4143 91 4202 ιι,
105 4135 217 4191 animos
236 4136 319 4207 quasi
332 4152 367 4194 ex
387 4139 514 4209 quadam
532 4140 705 4209 voluptuosa
728 4157 813 4198 sono-
868 4155 979 4209 rentur,
995 4153 1022 4203 et
1038 4160 1126 4215 quam
1148 4144 1308 4215 perniciosa
1333 4157 1368 4198 ιι
1392 4141 1492 4211 seipsis
1505 4147 1533 4196 et
1547 4153 1583 4196 ex
1597 4138 1639 4195 cis
1653 4151 1719 4208 quae

62 4223 194 4278 ῑῦὓθιὸῑ·
211 4224 269 4279 Ηθθ
297 4224 341 4280 ¹15⁸
372 4226 537 4296 fflsslissgelss
567 4228 636 4283 8ΟΙθῑ
660 4228 710 4299 qui
736 4229 812 4286 Sitti·
828 4241 850 4295 l)
869 4237 904 4293 ab
926 4236 995 4306 ipsis
1011 4237 1224 4306 propagantur,
1240 4232 1306 4298 sint,
1323 4232 1392 4288 dum
1406 4230 1559 4300 diligenter
1575 4241 1609 4283 ac
1622 4225 1720 4283 distin·

52 4319 183 4366 isecreta
198 4311 320 4369 libenter
340 4313 494 4385 inquirunt
521 4322 548 4370 et
573 4330 685 4386 semper
707 4317 815 4373 discere

52 4407 113 4454 unt.
131 4399 244 4456 Placere
259 4402 346 4457 etiam
358 4401 505 4458 nonnullis
526 4404 719 4474 comperimus
744 4407 814 4462 sim-

52 4525 53 4530 η
69 4485 213 4554 historias,
228 4494 256 4543 et
276 4496 404 4545 veterum
422 4497 501 4560 gesta
527 4492 652 4547 sermoni
669 4492 813 4561 inducere,

65 4573 203 4630 omnihus
218 4575 302 4645 quasi
317 4590 353 4632 ex
363 4574 485 4632 diversis
500 4577 642 4647 picturam
671 4580 816 4638 coloribus

52 4675 117 4717 iare.

52 4749 162 4805 endum
186 4752 271 4807 etiarn
297 4752 380 4809 nohis
398 4759 440 4810 est
463 4754 530 4825 quis
545 4762 684 4812 tractatus
707 4757 815 4815 doctori

54 4853 111 4908 pue
126 4838 275 4896 habendus
290 4841 334 4898 sit.
362 4841 491 4909 Quatuor
509 4851 577 4900 sunt
606 4845 713 4916 regule
737 4847 815 4903 Scri-

52 4941 130 4993 rum,
149 4927 257 4997 quihus
280 4930 365 4999 quasi
392 4930 567 5001 quibusdam
592 4933 660 4989 rotis
688 4934 816 4992 volvitur

52 5029 58 5070 ι
72 5028 156 5070 sacra
171 5017 293 5088 pagina:
313 5018 365 5074 hoc
380 5026 422 5074 est
455 5019 583 5088 historia,
614 5036 680 5092 quae
705 5036 750 5080 res
764 5039 816 5095 ge·

52 5104 188 5174 oquitur;
203 5103 349 5176 allegoria,
363 5106 392 5161 in
409 5121 468 5178 qua
482 5122 519 5165 ex
540 5110 596 5165 alio
609 5110 688 5168 aliud
710 5112 815 5170 intelli-

57 5192 248 5264 ;tropolopia,
271 5192 300 5249 ld
323 5202 365 5250 est
390 5196 508 5253 moralis
531 5197 647 5261 locutio,
665 5201 693 5256 in
709 5203 817 5271 quade

52 5295 99 5338 ius
139 5283 343 5352 componendis
390 5284 620 5357 ordinandisque
654 5296 814 5360 tractatur3

52 5385 107 5442 ige,
133 5369 292 5439 spiritualis
307 5370 412 5428 scilicet
428 5373 598 5442 intellectus,
615 5390 766 5447 perquem
783 5378 817 5436 de

52 5459 89 5519 ris
102 5468 128 5515 et
148 5458 315 5515 coelostihus
329 5462 479 5520 tractaturi
500 5461 545 5545 ad
561 5465 711 5536 superiora
733 5467 816 5524 duci·

869 4333 912 4380 cte
927 4324 1017 4390 docet,
1030 4323 1156 4379 lructum
1177 4320 1336 4377 immodicae
1354 4315 1621 4377 utilitatisexbihet.
1645 4314 1718 4371 Cum

869 4412 946 4467 enim
974 4411 1188 4480 scripturarum
1224 4407 1320 4463 abdita
1354 4405 1533 4476 simplicibus
1560 4417 1594 4458 ac
1622 4401 1718 4459 idiotis

869 4508 1066 4570 exponuntur.
1087 4497 1142 4554 cito
1154 4497 1215 4553 suis
1236 4496 1393 4553 elabuntur
1408 4494 1562 4557 memoriis,
1579 4492 1649 4563 quia
1667 4489 1719 4561 qui

869 4588 975 4646 assueti
996 4592 1065 4644 sunt
1092 4586 1159 4642 solis
1188 4586 1274 4642 rebus
1295 4582 1449 4654 corporeis,
1474 4582 1578 4639 mirum
1607 4585 1719 4636 nonest

869 4678 893 4734 si
909 4679 937 4734 in
952 4675 1161 4747 spiritualibus,
1186 4689 1252 4747 quae
1276 4688 1333 4729 non
1348 4673 1457 4739 vident,
1484 4685 1551 4728 cum
1580 4669 1665 4726 etiarn
1689 4667 1719 4722 ιι

870 4765 1077 4836 corporalibus,
1095 4779 1160 4835 quae
1175 4762 1274 4819 sentiri
1291 4775 1308 4816 a
1323 4776 1352 4818 se
1367 4775 1400 4818 ac
1413 4760 1505 4817 videri
1521 4763 1650 4831 possunt,
1663 4769 1720 4811 non

870 4855 977 4910 bahent
992 4853 1066 4910 vires
1076 4850 1290 4909 recordationis.
1307 4850 1379 4907 Sunt
1393 4864 1462 4906 sane
1486 4847 1576 4919 aliqui
1601 4846 1640 4901 ita
1656 4845 1720 4901 ani·

871 4944 959 4999 males
987 4951 1019 4998 ut
1049 4941 1097 4997 vix
1125 4939 1292 5010 aliquanisi
1309 4937 1468 4996 ntaoerialia
1486 4945 1514 4994 et
1533 4951 1598 5006 quae
1622 4933 1721 4992 hestiis

870 5029 1033 5086 etiamsunt
1047 5028 1204 5097 conspicua
1213 5026 1466 5098 comprehendant,
1482 5032 1510 5081 et
1525 5029 1620 5079 motus
1633 5021 1719 5077 etiam

870 5131 923 5173 nec
941 5131 999 5174 non
1028 5125 1055 5174 et
1079 5117 1147 5173 vitia
1172 5130 1327 5187 corporum
1353 5130 1387 5170 ae
1405 5113 1570 5169 animorum
1586 5123 1717 5176 suorum,

870 5220 936 5277 quae
963 5205 1157 5262 indesinenter
1186 5206 1215 5261 in
1242 5203 1400 5274 semetipsis
1419 5201 1580 5272 patiuntur,
1602 5198 1721 5257 omnino

870 5293 1008 5359 nesciant,
1021 5294 1111 5351 donee
1125 5295 1162 5349 ab
1177 5294 1239 5349 aliis
1252 5292 1384 5357 audiant,
1401 5306 1467 5362 quae
1487 5305 1554 5371 cum
1576 5285 1721 5345 audierint

871 5382 983 5438 utinam
999 5383 1082 5439 firma
1094 5383 1246 5452 relectione
1261 5370 1435 5437 contineant.

907 5471 971 5527 Dixi
985 5484 1054 5528 saue
1077 5484 1238 5541 verumque
1252 5469 1314 5526 dixi
1336 5484 1395 5526 nou
1415 5469 1512 5527 minus
1522 5465 1653 5538 prodesse
1668 5461 1721 5521 ali·
