3818 6008
72 191 140 250 1015
529 185 679 242 derude.
700 185 746 239 111]
767 182 833 239 ute.
855 184 890 237 lll
909 179 1075 237 cursuum
1097 179 1142 236 bu
1162 179 1242 236 vtra
1262 177 1340 234 stit.
1757 179 1825 233 1016

69 328 123 389 111,
139 319 278 392 quoniam
292 320 410 376 timebat
422 331 458 374 ne
472 317 495 373 si
506 317 604 373 dilatio
620 317 664 372 vel
677 316 771 373 brevis
785 315 914 383 daretur,
935 313 1057 380 donini,
1081 311 1185 383 inquit,
1210 319 1403 382 compunctus
1426 325 1493 368 eum
1518 309 1677 375 reddidisti,
1703 309 1828 379 ideoque

71 408 128 466 illae
141 409 305 465 demonum
317 406 455 462 instinctu
470 405 541 474 fuga
555 403 710 460 laberetur.
721 405 784 461 lam
801 403 852 459 lux
865 403 919 459 diei
974 415 1033 457 non
1058 408 1137 470 potes
1162 399 1282 466 absolvi,
1311 399 1358 454 sed
1393 399 1488 455 adbuc
1520 397 1829 454 excommunicationis

40 549 51 573 ,
72 499 234 563 transierat,
265 508 383 564 noxque
411 493 561 549 tenebrosa
587 501 771 549 successerat.
798 493 920 548 lubente
975 503 1042 545 reus
1066 489 1189 557 teneris;
1213 489 1261 544 sed
1286 487 1310 543 si
1325 489 1477 558 pecuniam
1494 488 1575 542 istam
1601 486 1829 542 reddensrera-

71 592 167 642 tamen
187 583 320 653 episcopo
346 596 396 652 per
423 589 508 638 totam
535 581 636 637 urbem
662 581 735 637 faces
762 588 789 636 et
815 579 919 648 lychni,
975 592 1036 634 cem
1058 577 1263 633 confessionem
1290 576 1323 631 de
1341 576 1426 641 furto,
1444 576 1500 630 imo
1516 574 1550 629 de
1573 574 1728 643 sacrilegio
1749 572 1828 628 face-

71 681 231 741 ceteraque
242 669 396 725 luminaria
409 670 617 736 accenduntur,
629 676 661 725 ut
677 668 747 724 illud
763 666 920 723 Psalmistae
973 679 1031 731 res,
1048 673 1075 720 et
1099 664 1296 734 poenitentiam
1322 663 1425 718 11111111
1451 663 1620 732 susciperes,
1638 668 1709 716 tunc
1725 670 1754 716 et
1777 661 1828 716 ab·

70 759 260 817 laudunice
287 758 358 814 bora
384 755 575 827 compleretur
584 773 592 826 ;
616 779 626 805 ι
646 758 678 812 Et
700 769 757 811 nox
772 755 921 811 sicutdies
974 752 1059 819 solvi,
1081 763 1109 808 et
1136 751 1314 808 Hierusalem
1340 751 1479 821 proficisci
1503 764 1608 819 posses.
1633 749 1830 818 dcquiescens

70 845 286 904 illuminabitur
309 846 402 916 (Psoi.
428 860 566 912 cxxxviii,
596 844 649 912 10).
676 865 689 892 n
717 843 822 900 Nullus
842 843 919 899 domi
974 841 1019 896 ille
1044 840 1137 897 verbis
1162 839 1304 910 pontificis
1318 838 1464 910 prefatam
1488 838 1636 908 pecuniam
1659 843 1739 892 560
1767 853 1824 907 pu·

71 942 209 1002 remanet,
221 947 320 989 omnes
331 933 415 1003 quasi
427 933 461 988 ad
475 932 671 1003 spectaculum
683 931 918 1002 progrediuntur.
974 929 1045 985 blice
1059 942 1146 998 super
1163 929 1253 984 altare
1268 927 1372 998 posuit,
1397 927 1588 996 fideiussores,
1606 925 1658 996 qui
1681 940 1713 980 se
1729 926 1830 982 decem

106 1021 258 1077 anselmus
272 1021 363 1077 instar
384 1021 443 1076 ursi
460 1021 495 1076 de
510 1035 598 1075 cavea
622 1019 752 1090 producti
767 1018 920 1075 deducitur
973 1017 1149 1074 milliaribus
1175 1015 1274 1087 procul
1296 1031 1314 1071 a
1333 1015 1474 1071 Laudnno
1496 1028 1596 1070 secure
1621 1014 1830 1070 deducendum

71 1110 241 1168 custodibus
265 1117 293 1165 et
308 1107 410 1179 populo
435 1116 519 1164 caute
544 1123 579 1163 ne
600 1107 690 1178 lugiet
711 1106 917 1162 circumdatur.
973 1107 1198 1175 spoponderant,
1225 1105 1329 1161 liberos
1352 1119 1369 1160 a
1391 1103 1574 1173 fidejussione
1593 1116 1646 1158 sua
1671 1116 1736 1158 esse
1757 1116 1831 1158 con-

71 1200 143 1256 Petit
157 1198 303 1254 ecclesiam
319 1198 347 1253 S.
362 1196 475 1253 Martini
486 1205 569 1252 extra
580 1210 678 1252 muros
691 1195 772 1251 urbis
788 1195 918 1265 positam,
973 1195 1067 1258 cessit,
1086 1194 1186 1264 sicque
1208 1193 1391 1263 abepiscopo
1415 1190 1574 1258 absolutus,
1599 1198 1627 1245 et
1642 1204 1763 1246 crucem
1779 1204 1831 1246 su·

71 1289 239 1359 pervenitur
254 1286 289 1341 ed
305 1285 460 1356 quemdam
477 1285 570 1341 locum
588 1299 674 1354 prope
692 1284 800 1354 vineas,
816 1283 846 1339 in
861 1297 920 1353 quo
973 1283 1107 1352 scipiens.
1122 1295 1298 1353 quocunque
1316 1280 1428 1337 volebat
1446 1280 1534 1337 libere
1554 1288 1597 1334 est
1608 1279 1689 1334 abire
1702 1278 1832 1348 permis-

71 1375 259 1446 paxillorum,
276 1375 385 1444 quibus
400 1376 472 1430 vites
486 1380 696 1439 sustentantur,
713 1374 814 1444 ingens
837 1387 919 1428 acer-
973 1383 1033 1437 sus,
1047 1378 1074 1426 et
1087 1385 1153 1425 cum
1166 1369 1226 1440 ipso
1236 1370 1369 1440 episcopo
1386 1383 1435 1439 per
1445 1368 1556 1438 aliquot
1571 1367 1631 1424 dies
1646 1368 1830 1426 familiariter

71 1471 211 1521 vaserat
235 1471 399 1534 congestus,
428 1462 483 1522 sub
508 1461 601 1518 eisin
628 1462 732 1516 montis
764 1460 919 1531 praecipitio
974 1467 1016 1515 est
1031 1467 1229 1515 conversatus.

72 1551 155 1622 quasi
172 1551 359 1605 intactarum
376 1548 531 1616 descendit,
556 1562 736 1618 manumque
751 1549 786 1604 ad
803 1562 918 1604 sacrum
1010 1547 1189 1603 Conscientia
1213 1554 1309 1602 tamen
1332 1560 1361 1602 se
1375 1546 1496 1601 interius
1518 1545 1647 1614 graviter
1671 1551 1829 1614 torquente

72 1640 198 1705 mittens,
222 1638 347 1708 primurn
372 1651 489 1694 auream
512 1637 645 1692 tabellam
668 1637 702 1692 de
729 1644 811 1693 textu
827 1638 919 1692 Evan-
975 1637 1155 1706 perterritus,
1171 1635 1257 1705 coepit
1278 1635 1376 1706 fugam
1392 1633 1534 1700 meditari,
1552 1633 1732 1703 tandemque
1747 1633 1829 1688 clan-

72 1728 214 1800 geliorum
230 1726 400 1795 discerptam
417 1724 545 1794 protulit,
566 1723 777 1795 subridensque
793 1725 920 1781 circum·
974 1725 1039 1780 culo
1053 1738 1090 1780 ex
1106 1722 1179 1779 urbe
1202 1723 1303 1794 fugere
1324 1722 1425 1779 voluit.
1449 1721 1501 1777 Sed
1523 1737 1589 1778 cum
1606 1723 1642 1778 de
1665 1730 1767 1777 monte
1781 1722 1827 1776 de-

72 1815 225 1880 stantibus,
243 1814 362 1882 bonum,
379 1814 482 1883 inquit,
496 1821 655 1868 mercatum
672 1812 733 1880 feci,
744 1812 794 1882 qui
806 1820 919 1869 tantum
974 1811 1108 1868 scendere
1122 1811 1264 1881 coepisset,
1280 1812 1385 1867 mirum
1399 1810 1496 1866 dictul
1516 1810 1586 1866 vidit
1600 1810 1686 1880 quasi
1703 1809 1826 1867 fluvium

72 1904 240 1959 thesaurum
257 1914 307 1970 pro
327 1899 521 1971 quadraginta
536 1899 616 1955 libris
638 1898 758 1966 reddidi,
773 1900 843 1970 quia
858 1900 920 1956 lraec
973 1913 1114 1971 magnum
1131 1899 1221 1954 instar
1233 1898 1320 1954 maris
1334 1906 1434 1954 contra
1448 1912 1478 1953 se
1497 1898 1722 1967 redundantem,
1740 1913 1827 1969 seque

72 1990 133 2046 sola
164 1988 263 2044 tabula
291 1987 382 2043 multo
410 1987 474 2057 plus
499 1986 584 2042 valet.
601 1986 647 2043 Sic
671 2000 740 2058 ergo
766 1987 921 2043 thesaurus
974 1989 1004 2044 111
1018 1995 1143 2044 montem
1168 1987 1261 2044 redire
1276 1995 1433 2059 cogentem.
1458 1986 1538 2044 Unde
1553 1984 1738 2056 stupefactus
1761 2001 1823 2042 rur·

74 2077 203 2134 redditus
226 2076 262 2130 ad
286 2075 434 2131 ecclesiam
456 2075 483 2130 S.
509 2074 606 2132 blariae
629 2075 760 2144 protinus
785 2074 918 2144 refertur,
975 2093 1025 2136 sus
1048 2092 1098 2149 per
1112 2077 1198 2134 aliam
1224 2085 1335 2146 portam
1362 2075 1541 2141 descendere,
1564 2081 1592 2130 et
1607 2074 1712 2145 fugere
1737 2083 1825 2130 tenta·

74 2172 192 2235 totaque
222 2164 336 2221 civitate
370 2163 483 2220 laetante
512 2163 697 2232 clamoribus
730 2171 757 2219 et
794 2165 823 2220 in
852 2177 921 2220 voce
974 2167 1025 2234 vit,
1041 2166 1089 2223 sed
1103 2165 1235 2237 protinus
1246 2163 1367 2221 fluvium
1383 2163 1457 2219 sicut
1468 2164 1550 2234 prius
1565 2163 1826 2219 contruseredun-

73 2252 274 2309 exsultationis
295 2259 323 2308 et
341 2251 524 2309 confessionis
540 2253 641 2322 platee
668 2260 813 2320 resonant,
838 2251 922 2324 signa
975 2255 1070 2311 dando
1084 2255 1245 2311 venientem
1268 2253 1350 2310 vidit.
1366 2252 1498 2323 Cumque
1513 2253 1566 2308 boc
1586 2251 1610 2306 ei
1627 2251 1738 2321 saepius
1757 2267 1825 2307 con-

72 2341 158 2398 etiam
176 2355 234 2412 prm
247 2342 352 2413 gaudio
367 2355 418 2411 per
427 2355 526 2398 omnes
539 2341 671 2397 ecclesias
686 2340 849 2411 pulsantur.
976 2345 1109 2415 tingeret,
1135 2357 1188 2399 nec
1204 2343 1239 2399 de
1263 2349 1358 2399 monte
1388 2341 1558 2397 descendere
1577 2339 1697 2406 valeret,
1723 2349 1827 2397 secrete

110 2428 172 2485 Non
191 2437 233 2485 est
257 2429 435 2485 reticendum
461 2443 599 2500 magnum
625 2429 770 2499 quoddam
794 2429 922 2485 miracu·
976 2432 1029 2489 lroc
1051 2431 1186 2501 episcopo
1210 2429 1357 2486 confessus
1380 2436 1430 2484 est.
1456 2428 1647 2496 Quamobrem
1663 2429 1825 2499 episcopus,

74 2517 145 2573 lum.
169 2516 290 2585 Quidam
310 2517 387 2572 enim
413 2518 573 2574 monachus
598 2517 722 2583 aurifer,
750 2518 864 2574 nomine
883 2518 923 2573 Si·
975 2520 1121 2576 occasione
1138 2527 1263 2589 sumpta,
1279 2517 1401 2574 suadere
1420 2517 1444 2572 ei
1460 2518 1555 2587 coepit,
1574 2525 1604 2572 ut
1626 2519 1753 2587 priorem
1771 2519 1827 2573 tbe·

74 2622 169 2679 geres,
188 2607 216 2662 111
240 2606 369 2663 coenobio
389 2606 417 2661 S.
434 2606 577 2662 vincentii
605 2620 733 2672 araneos,
758 2606 827 2662 dum
843 2607 921 2677 operi
976 2621 1108 2675 saurum,
1122 2608 1207 2676 cnjus
1222 2614 1342 2677 partem,
1361 2605 1435 2661 sicut
1450 2604 1649 2675 supradictum
1668 2613 1721 2669 est,
1739 2604 1827 2660 Sues-

74 2708 128 2750 suo
151 2694 236 2749 etiam
268 2702 350 2749 nocte
383 2693 526 2761 insistens,
557 2693 681 2763 aperiret
708 2694 835 2751 aediculae
862 2709 922 2751 suae
976 2696 1064 2753 sionis
1077 2695 1301 2751 venundandam
1318 2693 1430 2750 aurifici
1451 2693 1615 2758 tradiderat,
1632 2695 1660 2748 S
1679 2694 1779 2749 blariae
1793 2708 1827 2750 cx

74 2781 238 2848 fenestram,
264 2793 323 2851 qua
348 2779 376 2835 S.
398 2778 510 2836 Martini
540 2781 767 2851 prospiciebatur
793 2782 920 2848 ecclesia,
977 2785 1090 2856 integro
1122 2784 1262 2851 redderet,
1296 2783 1395 2853 sicque
1421 2796 1542 2839 securus
1574 2782 1755 2838 Hierusalem
1789 2783 1827 2839 ire

75 2869 189 2926 videbat
204 2870 287 2939 quasi
303 2868 416 2925 radium
432 2869 697 2939 splendidissimum
717 2870 789 2927 lucis
803 2872 838 2928 de
852 2871 922 2927 coelo
942 2877 1078 2944 Gposset.
1105 2871 1156 2928 llle
1185 2880 1351 2929 consuetam
1380 2871 1563 2942 negationem
1597 2879 1740 2940 repetens,
1777 2873 1826 2936 sic,

75 2956 285 3027 procedentem,
301 2963 329 3012 et
344 2971 435 3027 usque
457 2957 492 3013 ad
507 2958 588 3015 illum
604 2960 709 3027 locum,
728 2975 786 3031 quo
806 2960 922 3016 tb'esau·
978 2961 1082 3032 inquit,
1107 2959 1243 3030 suspendi
1260 2973 1372 3015 merear
1386 2959 1461 3015 sicut
1478 2958 1577 3022 ludas,
1594 2959 1645 3029 qui
1664 2959 1757 3015 Deum
1772 2968 1827 3016 tra·

76 3059 126 3101 rus
141 3043 328 3100 absconditus
349 3053 420 3114 erat,
437 3048 643 3115 procedentem.
671 3049 751 3105 Unde
772 3049 858 3105 nimis
872 3048 924 3104 ad·
977 3050 1059 3117 didit,
1084 3051 1106 3105 si
1134 3047 1244 3119 aliquid
1264 3048 1369 3104 exinde
1391 3047 1490 3103 habui.
1515 3045 1595 3114 Quod
1626 3048 1647 3102 si
1673 3048 1745 3104 1111111
1772 3063 1827 3105 non

76 3133 198 3189 miratus
231 3132 379 3189 nonnullis
413 3136 620 3192 monachorum
654 3135 747 3191 Sancti
783 3135 923 3193 vincentii
977 3137 1092 3195 creditis
1112 3137 1214 3193 iterum
1232 3143 1430 3206 paratnssum
1448 3135 1693 3206 judiciumaquae
1711 3138 1827 3203 subire;

75 3220 209 3276 eumdem
235 3220 305 3277 lucis
337 3221 453 3278 radium
481 3223 613 3290 ostendit,
640 3224 690 3280 sed
720 3223 759 3279 illi
789 3225 923 3294 quamvis
977 3235 1004 3283 et
1020 3227 1044 3282 si
1067 3225 1220 3296 culpabilis
1240 3223 1377 3281 inventus
1401 3223 1491 3289 fuero,
1508 3223 1552 3279 vel
1575 3224 1598 3279 si
1615 3223 1764 3294 judicium
1788 3225 1829 3281 fa-

77 3309 203 3379 quotidie
227 3309 395 3366 thesaurum
425 3311 616 3382 reliquiarum
641 3312 667 3367 S.
694 3312 790 3369 blariae
814 3312 923 3383 requiri
977 3329 1041 3372 cere
1066 3315 1194 3382 noluero,
1222 3313 1306 3369 facite
1335 3327 1380 3369 me
1395 3312 1540 3383 suspendi.
1571 3313 1653 3369 Tunc
1674 3313 1828 3385 episcopus

77 3395 220 3464 audirent,
255 3396 354 3454 nullus
388 3405 482 3454 tamen
514 3413 580 3454 eum
615 3399 650 3455 ibi
685 3414 745 3456 esse
768 3401 920 3472 cogitabat.

76 3485 189 3542 'laudiu
203 3498 272 3557 ergo
287 3487 419 3543 monachi
442 3487 555 3542 radium
572 3487 644 3543 lucis
667 3497 748 3545 nocte
772 3503 923 3545 coruscare

76 3572 222 3640 viderunt,
247 3574 380 3644 quandiu
396 3589 497 3631 saccus
511 3575 548 3631 ibi
572 3590 637 3631 eum
664 3576 799 3633 thesauro
820 3579 921 3648 jacuit.

112 3661 197 3717 Aliud
214 3677 332 3732 quoque
357 3662 531 3719 miraculum
555 3678 612 3720 non
634 3663 777 3720 silendum
793 3666 921 3736 contigit,

76 3763 187 3819 exque
211 3749 287 3804 1111111
311 3750 465 3806 Anselmus
491 3750 536 3806 ilie
560 3765 625 3807 curo
652 3752 764 3822 reliquo
789 3753 923 3809 thesauro

76 3837 161 3892 etiam
186 3837 348 3895 columbam
365 3852 484 3894 auream
505 3839 655 3910 confregit,
677 3841 711 3896 de
733 3855 792 3911 qua
816 3854 922 3911 supra·

76 3925 214 3993 diximus,
241 3926 271 3981 in
291 3940 350 3996 qua
370 3927 406 3983 de
428 3927 499 3983 lacte
513 3926 541 3982 S.
559 3928 655 3984 blariae
678 3937 706 3984 et
730 3929 838 3999 capillis
860 3931 923 4000 ejus

978 3404 1099 3476 rogabat
1114 3410 1146 3460 ut
1163 3403 1264 3459 saltem
1279 3401 1389 3472 lapides
1411 3402 1560 3471 pretiosos,
1574 3401 1626 3472 qui
1642 3401 1672 3456 in
1696 3404 1830 3460 crucibus

977 3493 1075 3550 aureis
1088 3492 1187 3549 inserti
1201 3491 1326 3558 fuerant,
1341 3490 1481 3558 redderet,
1502 3492 1674 3559 promittens
1689 3493 1770 3562 quod
1783 3507 1830 3562 pro

977 3595 1049 3638 auro
1060 3580 1170 3649 nullam
1180 3580 1206 3636 ei
1217 3579 1374 3635 molestiam
1387 3578 1500 3634 feceret.
1512 3577 1562 3633 llle
1573 3592 1640 3634 vero
1650 3579 1724 3635 nibil
1739 3582 1830 3651 ponti-

978 3670 1023 3726 fici
1038 3668 1155 3726 reddere
1165 3667 1272 3737 voluit3
1283 3667 1331 3723 sed
1346 3681 1395 3722 eos
1409 3681 1439 3722 se
1450 3667 1554 3723 babere
1568 3668 1689 3723 omnino
1703 3672 1829 3741 negarit.

1014 3759 1112 3814 Postea
1139 3764 1233 3812 tamen
1262 3754 1378 3812 Nicolao
1405 3755 1561 3812 castellano
1585 3757 1672 3826 jussu
1705 3760 1831 3832 episcopi

978 3847 1075 3917 priora
1102 3845 1126 3902 ei
1149 3852 1291 3902 tormenta
1313 3843 1506 3900 comminante
1535 3843 1621 3899 nirnis
1647 3844 1830 3913 perterritus,

978 3935 1062 3991 duxit
1074 3933 1205 3991 eumdem
1223 3932 1371 3988 Nicolaum
1395 3932 1431 3987 ad
1447 3933 1547 3988 rineas
1561 3932 1616 3988 sub
1638 3939 1740 3988 monte
1755 3931 1833 4002 posi-

76 4013 215 4070 contineri
231 4015 387 4082 ferebatur,
400 4015 497 4072 divino
507 4017 616 4087 jndicio
633 4030 784 4087 nunquam
799 4016 923 4072 dormire
978 4032 1031 4088 tas,
1049 4035 1216 4094 ponensque
1242 4034 1361 4077 manum
1394 4020 1423 4075 in
1448 4028 1530 4076 terrae
1550 4033 1678 4075 caverna
1701 4020 1832 4076 extraxit

78 4100 686 4173 11011111,81011111131110511110111111101115001)0
709 4103 921 4159 ῢθῦἷθὸὃῡὸθῦῑ·
979 4113 1013 4168 de
1039 4111 1154 4168 sacculo
1181 4110 1242 4180 jam
1274 4108 1433 4179 putrefacto
1460 4107 1569 4177 lapides
1597 4108 1831 4178 pretiosissimos,

77 4187 129 4244 Sed
145 4189 379 4260 quandocunque
395 4191 492 4247 oculos
508 4205 558 4261 pro
572 4207 671 4248 somno
683 4192 845 4259 claudebat,
863 4206 925 4262 pro·
978 4198 1153 4268 tradiditque
1175 4211 1224 4254 eos
1249 4196 1302 4267 ipsi
1329 4197 1491 4253 castellano.
1530 4195 1592 4260 Quo
1617 4196 1692 4252 facto
1727 4198 1832 4254 iterum

78 4276 297 4334 tinuseamdem
323 4278 487 4335 columbam
508 4289 633 4336 rostrum
661 4280 752 4336 oculis
774 4281 834 4336 suis
858 4281 923 4336 infr·
977 4283 1152 4340 conscientia
1183 4283 1362 4340 remordente
1391 4283 1584 4352 tremefactus,
1613 4285 1758 4354 quoniam
1787 4299 1834 4342 eos

78 4371 202 4435 gentem,
226 4372 254 4420 et
268 4378 316 4421 eos
336 4366 510 4435 aperientem
536 4367 661 4424 videbat.
689 4366 806 4424 Diabolo
827 4375 923 4424 tamen
977 4373 1119 4429 celaverat
1140 4372 1283 4442 episcopo,
1298 4379 1326 4428 et
1344 4372 1505 4428 reddiderat
1520 4372 1686 4441 castellano,
1710 4387 1833 4430 rursum

77 4467 227 4510 corsuum
251 4454 411 4511 obdurante
437 4455 519 4512 nulla
541 4464 658 4527 propter
681 4457 733 4512 boc
757 4457 924 4527 penitentia
978 4458 1077 4544 fugere
1101 4458 1228 4515 tentavit.
1255 4457 1414 4528 Episcopus
1434 4466 1530 4514 autem
1546 4459 1669 4528 receptis
1693 4461 1833 4516 acastel·

76 4542 335 4612 compungebatur.
360 4541 517 4612 Postquam
541 4557 608 4599 vero
623 4541 762 4599 columbe
783 4543 924 4600 fracturas
978 4546 1043 4602 lano
1058 4545 1202 4616 lapidibus
1225 4546 1392 4602 recordatus
1407 4546 1508 4602 somnii
1531 4546 1703 4616 supradicti,
1728 4547 1834 4619 inquo

77 4643 143 4686 eum
173 4629 229 4686 alio
251 4631 386 4687 thesauro
411 4631 545 4700 reddidit,
569 4631 734 4688 facultatem
763 4633 924 4690 dormiendi
977 4634 1004 4690 S.
1021 4635 1112 4692 blaria
1125 4635 1150 4690 ei
1172 4641 1355 4704 praeceperat,
1373 4648 1408 4690 ne
1429 4633 1568 4691 latronem
1590 4649 1678 4691 suum
1701 4637 1833 4707 impuni-

78 4717 192 4787 recepit.

112 4806 144 4861 ln
157 4807 281 4863 crastino
301 4821 369 4879 ergo
385 4808 538 4865 Anselmns
554 4809 590 4864 ad
604 4811 769 4880 episcopum
794 4810 921 4879 veniens,

77 4901 109 4950 ut
136 4908 165 4950 se
194 4895 231 4950 ab
261 4895 560 4952 excommunicatione
588 4911 638 4967 pro
669 4898 762 4954 furato
787 4898 922 4954 thesauro

75 4983 150 5040 facta
175 4983 343 5050 absolveret,
368 4998 542 5057 crucemque
564 4988 619 5045 sibi
640 4989 731 5055 daret,
757 4995 785 5044 et
807 4988 922 5044 Jerusa-

74 5070 130 5128 lem
151 5071 188 5126 ad
212 5070 377 5142 sepulcrum
399 5074 511 5130 bomini
528 5077 606 5134 abire
622 5077 807 5147 permitteret,
830 5075 920 5145 petiit.

75 5159 230 5230 Respondit
245 5159 395 5230 episcopus
409 5176 439 5218 se
462 5162 532 5220 nibil
546 5165 650 5221 borum
667 5165 822 5228 facturum,
848 5177 921 5233 quo·

74 5249 153 5304 niam
176 5262 228 5303 uec
251 5247 401 5314 absolutio,
425 5266 478 5308 nec
503 5252 556 5309 iter
579 5253 869 5323 Hierosolymitanum
895 5253 921 5309 ei

74 5334 184 5405 aliquid
201 5334 353 5403 prodesset,
370 5339 502 5407 quandiu
518 5340 714 5412 quadraginta
734 5339 830 5408 libres,
847 5354 921 5410 quas

74 5438 125 5493 pro
157 5421 316 5478 redditione
347 5425 475 5482 thesauri
509 5421 666 5500 acceperat,
706 5435 823 5486 teneret.
857 5428 920 5485 Non

978 4729 1039 4780 tum
1062 4723 1142 4779 abire
1164 4721 1349 4793 permitteret,
1371 4722 1419 4778 sed
1441 4722 1584 4792 justitiam
1605 4722 1640 4778 de
1655 4736 1688 4778 1ο
1714 4723 1832 4791 faceret,

976 4814 1110 4882 protinus
1132 4810 1296 4867 convocatis
1310 4811 1450 4867 ministris
1469 4811 1538 4878 suis,
1562 4811 1697 4881 precepit
1724 4816 1833 4869 111111-

977 4898 1099 4956 selorum
1117 4898 1291 4970 quantocius
1305 4905 1477 4967 quaererent,
1493 4903 1521 4952 et
1537 4896 1591 4952 sibi
1607 4905 1832 4966 praesentarent.

976 4987 1100 5045 llinistri
1115 5001 1166 5057 per
1187 4986 1302 5042 diversa
1317 4985 1378 5042 loca
1401 4984 1603 5050 discurrentes,
1628 4987 1750 5043 tandem
1766 5003 1832 5044 eum

976 5076 1123 5146 reperiunt
1140 5075 1169 5130 in
1189 5075 1264 5131 valle
1278 5074 1334 5131 sub
1349 5072 1477 5130 coenobio
1491 5072 1519 5128 S.
1545 5072 1705 5139 vincentii,
1731 5074 1833 5147 fugere

975 5164 1128 5228 volentem,
1147 5162 1197 5218 sed
1213 5170 1327 5233 propter
1343 5162 1464 5218 fluvium
1481 5161 1693 5217 redundantem
1708 5177 1772 5220 non
1787 5177 1835 5219 ra·

976 5252 1091 5306 lentem.
1105 5249 1211 5306 iubent
1223 5250 1248 5304 ei
1265 5257 1296 5305 ut
1309 5263 1406 5306 secum
1424 5250 1459 5305 ad
1474 5249 1640 5318 episcopum
1655 5251 1768 5307 veniat.

1011 5340 1061 5396 llle
1077 5348 1200 5395 tremens
1224 5345 1251 5393 et
1266 5338 1424 5409 exsanguis
1448 5345 1541 5408 rogat,
1566 5345 1598 5393 nt
1612 5351 1643 5393 se
1659 5341 1833 5407 permittant

975 5428 1054 5499 loqui
1078 5427 1185 5483 domno
1206 5426 1340 5483 Alberoni
1358 5427 1386 5483 S.
1407 5425 1546 5483 vincentii
1565 5426 1677 5485 abbati.
1694 5428 1833 5486 Nolentes
