3818 6008
108 294 158 350 att
533 287 569 343 V.
600 285 767 342 adiuuari
794 283 941 341 ABBthS
964 282 992 338 S.
1021 281 1140 337 italum
1168 281 1214 337 bi:
1244 279 1438 338 uovtcuuro

107 445 167 485 aem
192 429 308 499 emulari
332 426 476 480 Abrabam
503 425 577 491 emit,
606 437 673 478 curn
696 422 815 492 spiritus
836 420 956 477 interic-
975 418 1106 475 hsaeculi
1118 418 1362 489 corruptionibus,
1387 418 1532 474 virtutum
1546 417 1677 476 videlicet
1695 434 1728 475 ac
1751 421 1862 478 oratio-

107 532 174 574 rum
189 517 317 588 gentium
332 516 415 570 Pater
427 513 463 568 ab
477 512 581 568 ellectu
592 511 712 578 carnali,
724 511 773 580 qui
798 510 954 579 pulverem,
1011 521 1081 564 num
1093 508 1252 563 condiendo
1266 508 1412 563 odoribus.

108 606 193 662 idest
208 618 293 660 curas
321 602 437 658 inutiles
465 601 638 657 etmoeroris
664 600 717 654 sihi
750 598 852 669 injicit,
877 605 903 652 et
920 595 956 651 ad
1047 597 1131 653 Vnus.
1155 600 1181 651 3.
1202 627 1235 637 -
1257 597 1358 663 ouibus
1377 596 1457 666 jussa
1480 597 1660 666 explentibus,
1690 601 1860 653 transierunt

108 692 221 763 reprobi
238 705 339 746 sensus
357 699 500 759 stuporem
519 688 694 759 quandoque
714 685 863 756 pertrahit,
889 699 956 740 sen·
1011 687 1198 754 quadraginta
1222 686 1293 753 elies;
1319 688 1370 740 iste
1397 689 1498 754 quippe
1529 702 1584 740 rnas
1609 692 1668 740 erat
1693 689 1861 743 cadauerum

107 796 192 838 suum
208 779 507 850 imaginationumque
533 777 746 842 continentiam,
769 775 824 831 sub
838 775 956 830 obtentu
1010 773 1190 828 conditorum.
1223 775 1362 844 Plautique
1389 791 1449 829 eum
1472 777 1606 843 AEppplus
1632 776 1727 829 diebus
1750 783 1860 846 sqitirn-

106 870 226 926 internae
261 867 366 939 quietis
394 865 472 921 onmi
502 865 633 922 laborum
672 863 815 933 impendio
853 863 954 932 exigit.
1009 864 1098 930 pinita.
1115 862 1305 930 Quadraginta
1325 862 1382 918 dies
1399 871 1459 932 post
1482 863 1675 918 conditionem
1699 872 1859 933 transeunt,

106 957 225 1027 Ephron
241 965 337 1012 autern
353 954 460 1010 dicitur
473 952 564 1023 puluis
584 956 700 1019 inutilis,
721 953 763 1008 vel
786 954 878 1021 pulvis
893 967 955 1005 nra·
1010 963 1075 1004 cum
1102 949 1275 1005 universitas
1296 951 1461 1020 temp-‚nelis
1490 951 1671 1021 properitatls
1697 951 1736 1008 uti
1764 962 1861 1008 trans-

105 1049 195 1110 eoris,·
220 1044 355 1100 Hetbaeus
383 1049 501 1113 stupeas.
534 1043 569 1096 ln
598 1049 671 1097 terra
702 1042 834 1097 Cinniana
863 1047 967 1094 aeterra⁴
1011 1037 1094 1092 itoria
1121 1038 1324 1103 contemnitur,
1369 1049 1520 1108 postquam
1562 1049 1686 1096 mentem
1699 1040 1861 1109 spiritualia

106 1133 227 1188 Mambre
240 1146 309 1202 ager
333 1139 385 1198 est,
410 1132 480 1201 quia
500 1135 528 1185 in
554 1130 729 1194 terrenitate,
756 1129 804 1184 uhi
833 1144 850 1184 a
879 1128 957 1184 vitiis
1010 1125 1184 1181 charismata
1195 1126 1340 1183 imbuunt.
1357 1127 1499 1183 [tortarius
1513 1127 1588 1183 enim
1599 1142 1648 1197 pro
1662 1129 1858 1198 universitate,

106 1230 231 1292 negatur
242 1221 343 1287 otium,
358 1220 435 1290 quod
457 1228 499 1274 est
522 1217 624 1273 virtuti
644 1216 823 1273 discretionis
840 1223 867 1272 et
892 1231 956 1286 per·
1010 1215 1214 1286 quaternarius
1232 1230 1283 1285 pro
1312 1215 1531 1286 temporalitate,
1548 1216 1609 1272 dies
1638 1231 1689 1286 pro
1719 1219 1860 1288 prosperi-

105 1309 265 1380 spicuitatis
301 1309 466 1376 adversum,
514 1307 690 1362 conscientia
736 1319 825 1375 quam
863 1305 956 1361 excoli
1010 1310 1066 1359 tate
1083 1304 1208 1373 ponitur.
1229 1305 1271 1359 lix
1294 1304 1338 1360 his
1362 1305 1495 1375 superins
1516 1313 1612 1361 aetum
1634 1314 1686 1362 est.
1714 1306 1759 1362 Sic
1782 1307 1859 1363 enim

106 1412 220 1455 necesse
233 1404 284 1465 est,
299 1397 389 1467 jacet;
408 1397 451 1452 vel
465 1410 571 1465 corpus
591 1403 734 1459 nostrum,
752 1394 801 1450 uhi
825 1393 916 1464 qviaeri
929 1401 956 1450 et
1009 1393 1167 1457 cadaveris,
1183 1392 1268 1449 idest
1295 1392 1437 1449 indmaeet
1464 1393 1588 1450 ruinosae
1618 1404 1723 1450 nostrae
1747 1402 1860 1452 naturae

105 1489 159 1544 emi
175 1487 309 1542 convenit
328 1484 451 1554 duplicis
465 1484 609 1552 spetunca
624 1483 801 1553 sepulcrum.
818 1481 955 1539 Chanaan
1009 1481 1109 1551 aliqua
1125 1480 1244 1537 tirmitas
1258 1482 1472 1552 comprobatur,
1487 1482 1509 1538 si
1526 1481 1598 1538 nihil
1614 1483 1727 1539 anobis
1751 1491 1859 1554 tempo·

106 1576 182 1631 enim
209 1577 427 1641 ttepalt'ttltonem,
453 1573 581 1629 blavnbre
614 1580 697 1629 sonat
718 1575 876 1642 perspicua,
910 1572 955 1628 vel
1010 1569 1108 1625 raliter
1123 1583 1293 1640 prosperum
1307 1570 1452 1639 cupiatur.
1473 1574 1524 1625 Per
1538 1570 1598 1626 dies
1617 1584 1721 1627 rursus
1744 1571 1860 1631 divino-

107 1664 276 1718 diuisionem.
1010 1670 1075 1712 rum
1110 1672 1263 1714 munerum
1292 1658 1457 1728 splendores
1486 1659 1650 1730 signantur.
1679 1659 1860 1729 Septuaginta

142 1753 223 1806 Vana.
246 1754 290 1805 31.
314 1780 349 1789 -
374 1751 417 1804 tbi
441 1751 603 1818 sepelierunt
623 1765 691 1816 eam,
716 1753 741 1803 el
764 1749 863 1804 Sarum
886 1764 955 1803 aaa·
975 1717 1077 1817 Bergo
1092 1745 1185 1801 diebus
1200 1749 1335 1818 AEpyplus
1349 1748 1429 1801 laceb
1443 1750 1527 1816 plauit,
1543 1748 1611 1803 dnm
1632 1762 1668 1804 ex
1698 1748 1859 1820 gratiarum

106 1857 162 1895 rem
176 1840 233 1908 ejns
251 1854 257 1892 :
273 1839 313 1893 ibi
326 1840 446 1908 sepultus
461 1843 500 1892 est
515 1840 591 1892 isaac
614 1854 673 1892 aum
695 1838 811 1893 Rebecca
831 1837 954 1906 conjuga.
1011 1834 1189 1905 plenitudine
1213 1836 1346 1905 spiritum
1374 1844 1502 1892 nostrum
1526 1837 1653 1892 mundus
1673 1836 1727 1892 sibi
1746 1838 1859 1893 exstin-

106 1930 195 1986 lliiet
223 1929 274 1982 bia
299 1927 409 1981 condita
431 1927 515 1994 jone.
540 1926 687 1982 Abraham
724 1940 790 1982 cum
821 1926 893 1981 Sara
917 1926 955 1982 ihi
1009 1931 1087 1978 ctum
1124 1923 1224 1979 doluit.
1257 1923 1363 1993 Septies
1397 1925 1461 1981 deni
1501 1926 1686 1995 septuaginta
1717 1935 1796 1987 sunt,
1832 1934 1859 1981 et

106 2016 251 2086 sepelitur,
264 2030 331 2070 cnm
347 2015 471 2070 ratiovel
485 2014 612 2084 spiritus
631 2015 706 2085 quod
724 2015 796 2069 idem
820 2021 871 2079 est,
888 2029 953 2070 cum
1009 2012 1187 2082 septenarius
1215 2012 1374 2082 plenarium
1403 2013 1473 2083 qitid
1501 2015 1630 2084 ligurans
1654 2015 1782 2081 denario,
1812 2031 1860 2072 cu-

106 2104 233 2172 subdita,
249 2103 302 2158 sibi
325 2102 472 2158 voluntate
493 2102 600 2158 bonaa
627 2104 748 2172 strepitu
774 2101 953 2170 interiorunt,
1009 2100 1100 2157 studia
1127 2101 1234 2157 scilicet
1254 2109 1360 2157 sanetae
1388 2101 1460 2172 legis
1488 2102 1647 2165 roboratur.
1679 2099 1750 2174 qnia
1771 2118 1858 2174 snper

105 2191 340 2261 exteriorumque
355 2205 504 2258 sensnum,
521 2190 597 2246 intra
620 2200 700 2260 septa
722 2191 833 2247 timoris
855 2190 955 2246 occul·
1010 2197 1177 2247 trementem
1202 2190 1252 2246 Dei
1275 2191 1364 2246 verba
1387 2189 1511 2260 Spiritus
1541 2191 1723 2262 requiescere
1752 2191 1858 2247 dicitur

106 2288 194 2336 tatur.
209 2281 287 2335 isaac
301 2286 328 2335 et
347 2279 474 2335 Rebecca
491 2279 597 2349 pariter
610 2279 785 2348 conduntur,
810 2293 877 2334 cnm
892 2292 955 2348 spes
1010 2275 1090 2348 (lsai.
1105 2293 1180 2345 axin,
1197 2280 1234 2346 2).

105 2368 205 2425 aetcrni
240 2367 350 2439 gaudii,
378 2382 445 2423 cuin
482 2368 565 2424 unice
601 2368 653 2424 sibi
677 2367 779 2438 jnncta
817 2367 954 2437 patientia
1045 2365 1174 2434 Vensh,
1199 2370 1225 2420 5.
1250 2397 1284 2406 —
1304 2369 1338 2422 bt
1359 2369 1465 2437 expleto
1484 2368 1609 2437 planctus
1633 2375 1759 2438 tempore,
1785 2369 1856 2423 laert·

106 2456 221 2512 illarum
251 2465 359 2513 secreto
395 2456 540 2512 miscetur.
573 2458 691 2513 Frustra
724 2457 799 2513 enim
830 2455 954 2526 palmam
1010 2459 1053 2509 tas
1080 2461 1119 2509 est
1145 2456 1242 2524 loseph
1272 2455 1309 2509 ad
1336 2457 1474 2521 familiam
1501 2455 1676 2510 Pharaonis:
1707 2457 1739 2512 Si
1766 2457 1859 2510 interni

105 2544 216 2614 praemii
238 2553 343 2614 sperat,
370 2546 420 2614 qui
444 2545 565 2600 advorsa
592 2545 731 2601 bellorum
757 2560 813 2601 uon
843 2545 952 2600 tolerat.
1008 2545 1129 2609 aratiam
1154 2546 1183 2596 in
1207 2549 1347 2612 conspecta
1376 2549 1474 2608 uestro,
1510 2545 1654 2613 loquimini
1680 2546 1709 2597 in
1743 2544 1856 2597 auribus

105 2632 146 2686 lln'
164 2633 336 2686 liaccndito
355 2633 440 2701 jacet,
463 2632 532 2703 quia
562 2640 618 2689 tota
643 2647 760 2702 opernm
790 2641 954 2688 nostrornm
1009 2633 1171 2697 Phaenonis,
1212 2647 1241 2685 ea
1274 2631 1347 2699 quod
1371 2636 1451 2700 proter
1487 2646 1560 2685 ineas
1599 2633 1771 2699 adjiirorerit
1804 2647 1855 2697 me,

104 2717 283 2775 laboriositas
305 2720 390 2776 sitnul
410 2721 586 2791 conquiescit
614 2725 642 2777 el
667 2722 784 2792 residel;
808 2722 848 2778 nil
877 2723 953 2778 enim
1009 2718 1124 2774 dicans:
1143 2721 1183 2774 En
1200 2722 1310 2786 morior,
1337 2722 1367 2772 ia
1387 2721 1509 2788 sepulcro
1533 2735 1590 2773 meo
1613 2719 1686 2789 qaod
1706 2720 1769 2786 sodi
1789 2722 1858 2773 mibi

104 2810 233 2863 exterius
245 2816 367 2878 usurpat
380 2815 430 2864 aut
445 2809 528 2864 volet.
1009 2811 1038 2864 ia
1067 2813 1141 2863 terra
1165 2809 1305 2873 clairaco,
1344 2810 1454 2877 sepelies
1488 2823 1538 2862 me.
1564 2809 1690 2878 Tettvpus
1728 2809 1857 2878 planatus

141 2895 227 2952 Vens.
245 2898 289 2950 32.
312 2925 348 2937 -
367 2897 521 2966 Finitisque
536 2897 675 2953 antidotis
689 2898 787 2967 quibus
810 2900 881 2968 filios
908 2902 955 2954 in-
1009 2898 1152 2967 expletur,
1190 2911 1256 2952 cum
1287 2897 1408 2968 quilibet
1435 2897 1480 2951 vir
1514 2905 1642 2962 sanctus,
1671 2897 1721 2967 qui
1752 2898 1857 2953 saeculo

1809 286 1861 339 332

103 2989 253 3052 struxerat,
284 2985 391 3052 callepio
421 2986 503 3055 peiles
541 3001 602 3040 suos
637 3002 719 3056 snper
752 2988 888 3054 lectulum,
930 2993 954 3042 el
973 3017 993 3072 C
1010 2984 1299 3052 idonensollmerat,
1329 2994 1357 3042 et
1381 2984 1444 3040 ideo
1470 2985 1587 3055 periisse
1615 2985 1717 3040 mundi
1739 2984 1856 3040 honori·

103 3073 184 3138 obiit3
224 3075 420 3143 appositusque
453 3078 492 3128 est
519 3074 557 3128 ad
595 3077 726 3144 populum
761 3091 849 3132 suam.
888 3077 953 3132 Post
1009 3073 1063 3129 hiis
1079 3074 1278 3144 plangebatur,
1294 3073 1331 3129 ad
1347 3075 1399 3129 hoc
1416 3087 1508 3142 usque
1525 3087 1574 3142 per
1588 3072 1718 3129 studium
1736 3073 1858 3143 discipli·

103 3158 240 3214 mandata
268 3159 375 3230 colligit
411 3160 492 3229 pedes
520 3176 601 3229 saper
623 3162 758 3221 lectulum,
787 3161 837 3237 qui
874 3170 951 3231 post·
1007 3176 1099 3217 nasse
1121 3161 1226 3232 dejicit,
1258 3169 1289 3217 ut
1310 3162 1395 3217 etiarn
1421 3175 1438 3216 a
1460 3162 1565 3217 saeculo
1591 3170 1802 3230 contemnatur,
1828 3170 1856 3217 ot

103 3256 192 3313 quam
212 3242 249 3298 ad
279 3242 395 3300 virtutis
425 3243 617 3301 instrumenta
646 3245 793 3316 pertigerit
823 3244 951 3313 allectus,
1003 3251 1063 3320 jain
1095 3265 1153 3306 non
1182 3251 1275 3306 soluvn
1305 3251 1359 3305 sibi
1389 3251 1515 3307 muudus
1544 3251 1702 3307 crucifixus
1734 3251 1781 3318 sit,
1806 3251 1854 3307 sed

103 3330 158 3386 hac
176 3331 299 3401 illaeque
323 3330 488 3388 dilllueutes
513 3333 590 3389 intra
621 3333 745 3389 luterum
772 3335 952 3391 eonscientiae
1006 3341 1091 3394 etiam
1106 3340 1165 3409 ipse
1187 3339 1294 3395 mundo
1318 3339 1515 3410 crucifigatur.
1541 3340 1635 3410 Hujus
1657 3353 1726 3410 ergo
1749 3339 1856 3395 intelle·

99 3417 161 3490 jam
177 3425 324 3487 pacataeet
339 3418 447 3475 silentis
471 3420 627 3477 constituit.
653 3420 727 3488 Obit,
752 3429 780 3477 et
803 3421 840 3475 nal
865 3437 950 3491 popit-

102 3505 158 3560 iun
172 3505 337 3575 apponitur,
351 3519 417 3562 cum
441 3520 459 3562 a
485 3508 672 3578 praesentium
700 3507 848 3565 desideriis
868 3510 951 3565 exei-

100 3592 181 3658 dens,
205 3593 242 3649 ad
265 3594 404 3664 populum
430 3595 612 3653 internarum
636 3597 809 3653 seditionum
832 3597 951 3654 sollicite

99 3687 128 3738 ct
150 3681 305 3754 vigilanter
323 3682 537 3741 observandum
566 3684 688 3757 diligens
714 3694 810 3742 custos
844 3685 949 3757 adjun-

102 3769 191 3841 gitur.

1006 3427 1138 3482 clualitas
1152 3426 1189 3480 ael
1209 3428 1348 3492 familiam
1370 3429 1519 3481 Paos-nonis
1547 3427 1687 3497 loquitur,
1711 3441 1779 3482 cum
1802 3441 1852 3483 co·

1005 3515 1157 3587 gitationes
1184 3513 1339 3571 allectnnm
1371 3515 1533 3571 carnalium
1563 3516 1668 3572 sentire
1704 3529 1771 3585 quae
1800 3529 1854 3571 sua

1004 3611 1072 3660 sunt
1098 3604 1277 3660 adhortatur.
1306 3604 1465 3660 Verborum
1490 3612 1586 3660 autem
1612 3607 1794 3660 sensusesl:
1826 3602 1856 3658 st

1003 3693 1117 3762 inipso
1153 3692 1390 3750 considerationis
1428 3701 1529 3748 vestrae
1557 3693 1700 3760 examine,
1731 3693 1855 3763 gratiam

1003 3780 1143 3844 divinam,
1159 3795 1216 3836 non
1231 3781 1388 3837 humanam
1407 3781 1528 3851 gloriam
1544 3779 1688 3852 prosequi,
1704 3790 1732 3837 et
1748 3793 1856 3851 cupere

1002 3867 1143 3931 invenior.
1173 3869 1249 3938 agite
1285 3881 1335 3923 vos
1362 3868 1549 3939 cogitationes
1568 3883 1634 3925 cum
1665 3869 1855 3940 intelligentia

1002 3955 1122 4013 allectus
1145 3957 1285 4021 carnatis:
1305 3963 1333 4012 et
1356 3957 1433 4026 apud
1451 3957 1546 4027 ipsum
1563 3965 1682 4014 tractate
1706 3966 1854 4029 quatenus

136 4032 233 4105 (Vens.
253 4039 278 4090 t.
303 4037 330 4090 l.
364 4067 399 4078 -
419 4038 496 4104 Quod
523 4053 632 4093 canens
655 4039 763 4108 loseph,
787 4041 845 4093 ruit
866 4054 949 4109 super
1000 4044 1357 4116 assentintjuripaterno,
1379 4044 1471 4101 idest
1492 4046 1604 4117 legibus
1626 4045 1756 4113 rationis,
1784 4044 1854 4116 qnia

98 4122 199 4188 faeiem
220 4128 309 4194 patris
332 4127 398 4193 penis
426 4132 452 4180 et
484 4127 642 4181 deosculans
667 4143 736 4181 eam.
765 4128 948 4199 Pracepilque
1000 4134 1090 4190 emori
1115 4134 1220 4189 saeculo
1249 4133 1363 4204 delegit,
1391 4141 1419 4189 et
1444 4133 1576 4191 seculari
1605 4133 1769 4191 terrenitate
1800 4134 1854 4191 die

97 4213 182 4265 sanis
210 4215 269 4266 suis
293 4213 404 4269 medicis
425 4219 456 4270 ut
480 4216 647 4270 aromatibus
670 4216 810 4271 condirent
828 4221 945 4286 patrem.
1000 4235 1092 4286 cussa,
1126 4222 1155 4277 in
1184 4235 1243 4293 qna
1271 4223 1420 4288 continua,
1446 4223 1533 4293 iuxta
1567 4236 1670 4279 nomen
1700 4224 1850 4290 Chanaan,

96 4295 168 4354 Cum
185 4299 415 4358 intellectualitas
429 4304 589 4360 secundum
610 4307 677 4358 aaa
704 4305 845 4361 humanas
864 4312 945 4362 astu·
964 4308 1154 4368 inmutatione
1168 4311 1299 4377 nutabat,
1317 4310 1354 4366 ab
1366 4309 1495 4367 externis
1514 4310 1689 4367 tumultibus
1713 4310 1852 4366 abscondi

441 3896 555 3954 CAPUT
572 3896 606 3952 L.

96 4385 161 4454 tias,
180 4396 209 4445 et
227 4389 325 4446 saeouli
355 4391 608 4461 concupiscentias,
638 4393 772 4463 spiritum
795 4394 945 4463 experitur

95 4474 253 4546 exstingui,
269 4486 378 4548 quanto
394 4481 538 4550 puriorem
563 4481 657 4550 sentit,
672 4490 751 4538 tanto
767 4481 887 4556 uberius
915 4481 944 4537 in

95 4560 196 4621 taciem
229 4579 325 4631 ruere,
367 4569 404 4624 ad
436 4569 500 4640 ejus
537 4569 644 4626 scilicet
682 4569 813 4626 notitiam
853 4570 945 4641 magis

93 4652 246 4724 magisque
259 4656 437 4724 sequendam
450 4655 591 4714 divinitus
614 4658 762 4715 consuevit
781 4657 870 4714 illabi.
888 4659 944 4713 Pa·

95 4741 167 4798 ciem
194 4757 246 4813 pro
268 4745 371 4801 notitia
390 4746 458 4815 poni
482 4746 638 4818 Scriptura
661 4747 879 4804 consuetudinis
890 4754 941 4803 est.

93 4827 301 4903 Pisaeumque
324 4823 518 4904 deosculatur,
541 4851 606 4892 oum
633 4837 781 4904 intentive,
810 4843 838 4892 et
865 4835 944 4892 omni

91 4918 279 4993 animositatis
297 4923 499 4991 teneritudine,
523 4938 592 4996 erga
608 4925 808 4982 rationalitatis
835 4923 941 4980 bonum

91 5004 226 5064 allicitur.
257 5011 351 5066 Sacis
384 5015 443 5067 suis
474 5013 585 5068 medicis
613 5014 742 5083 praecipit
774 5017 805 5066 ul
836 5018 944 5082 patrem

90 5094 236 5162 condiant,
252 5099 323 5168 quia
335 5100 459 5172 singulis
473 5101 640 5172 quibusque
656 5100 815 5157 luminibus
824 5101 944 5156 rationis

90 5177 182 5249 ipsius
213 5186 352 5254 veritatis,
394 5199 428 5243 ac
464 5188 487 5243 si
525 5188 690 5245 clarissimae
723 5187 803 5243 lactei
851 5189 943 5243 lornra

90 5268 221 5338 cognitae,
257 5279 285 5327 et
307 5272 416 5329 intimae
442 5274 635 5331 charitudinis
661 5274 766 5331 osculis
794 5273 942 5344 applicatae

87 5362 182 5411 status
228 5358 426 5418 infirmitatem
458 5364 565 5420 mederi
612 5364 786 5434 potentibus,
829 5363 941 5434 solique

88 5442 190 5500 divino
205 5445 363 5505 intellectui
379 5449 609 5519 inservientibus,
626 5452 661 5509 de
679 5464 750 5508 eura
774 5451 940 5507 indesinen-

88 5537 133 5589 ter
160 5531 328 5607 sollicitatis,
360 5541 480 5609 spiritus
504 5541 634 5609 mandat,
659 5555 696 5599 ne
719 5547 816 5612 patere
843 5541 940 5597 sinant

999 4397 1113 4468 quarti.

1035 4487 1120 4543 Vrsae.
1136 4488 1162 4540 b.
1184 4517 1220 4526 -
1235 4485 1385 4541 demadem
1406 4489 1503 4552 initur,
1530 4491 1557 4542 ei
1587 4487 1715 4556 sepeliam
1742 4492 1851 4557 patrem

998 4589 1095 4638 meam,
1110 4591 1142 4628 oc
1157 4580 1287 4628 revolar.
1304 4576 1434 4644 biniique
1458 4576 1483 4629 ei
1508 4575 1645 4629 Pharna:
1674 4574 1798 4629 Ascende
1823 4580 1850 4629 et

997 4663 1081 4732 sepeli
1096 4669 1205 4732 patrem
1231 4669 1316 4729 laam,
1346 4666 1417 4718 siout
1446 4663 1594 4732 adjuratus
1620 4677 1662 4717 es.
1700 4662 1744 4720 ab
1772 4662 1847 4731 imiS,

998 4749 1104 4819 inquit,
1133 4749 1281 4805 desideriis
1307 4751 1482 4821 progrediar,
1513 4759 1544 4807 ut
1571 4749 1690 4806 rationis
1717 4764 1784 4820 quae
1804 4763 1848 4805 me

997 4837 1306 4909 genuitauctaritatem
1326 4839 1488 4895 coelestibus
1517 4838 1683 4895 inhaerendo
1699 4846 1793 4905 tuear,
1820 4844 1848 4893 et

995 4925 1036 4980 sic
1056 4925 1093 4981 ad
1112 4926 1235 4996 patriam
1257 4926 1390 4983 velutad
1415 4928 1576 4985 naturalem
1600 4927 1783 4993 conditionis,
1810 4940 1845 4982 ac

997 5012 1144 5085 dignitatis
1161 5028 1230 5070 meae
1245 5015 1374 5071 ordinem
1398 5025 1535 5072 revertar.
1559 5015 1654 5072 Nutus
1676 5014 1845 5082 Pharaonis,

997 5099 1165 5170 impotentia
1200 5109 1251 5167 est,
1289 5110 1391 5158 contra
1430 5103 1684 5159 intellectualitatis
1708 5102 1847 5159 excellen-

996 5188 1076 5256 tiam,
1093 5190 1320 5260 repugnationis.
1337 5193 1445 5247 tlaetera
1459 5200 1490 5247 ut
1507 5190 1652 5261 superius.

1032 5275 1117 5332 Vens.
1144 5281 1170 5345 l,
1201 5280 1226 5332 8.
1260 5307 1294 5316 -
1325 5279 1381 5345 Qua
1405 5279 1573 5346 ascaridente,
1606 5281 1698 5333 inunt
1727 5294 1787 5334 euni
1815 5292 1844 5333 eo

995 5360 1086 5419 omnes
1113 5380 1188 5420 senes
1221 5365 1315 5420 domas
1345 5368 1507 5433 Pliurnonis,
1546 5368 1690 5436 cunctique
1727 5369 1843 5434 majores

994 5459 1062 5507 natu
1101 5459 1179 5508 terra
1204 5456 1328 5523 AEqppti,
1357 5454 1451 5509 denras
1478 5457 1576 5525 loseph
1604 5471 1664 5510 cum
1705 5456 1841 5522 tratribus

993 5543 1062 5609 suis,
1077 5541 1180 5610 alequa
1188 5541 1314 5611 paruulis
1324 5547 1350 5596 et
1363 5545 1501 5612 arnallus,
1520 5549 1603 5613 utque
1624 5545 1840 5615 amantisque
1897 5614 1899 5621 .
