<?xml version="1.0" encoding="UTF-8"?>
<!DOCTYPE html PUBLIC "-//W3C//DTD XHTML 1.0 Transitional//EN"
    "http://www.w3.org/TR/xhtml1/DTD/xhtml1-transitional.dtd">
<html xmlns="http://www.w3.org/1999/xhtml" xml:lang="en" lang="en">
 <head>
  <title>
</title>
<meta http-equiv="Content-Type" content="text/html;charset=utf-8" />
  <meta name='ocr-system' content='tesseract 3.04.00' />
  <meta name='ocr-capabilities' content='ocr_page ocr_carea ocr_par ocr_line ocrx_word'/>
</head>
<body>
  <div class='ocr_page' id='page_1' title='image "./patrologiaecurs05unkngoog_0386.png"; bbox 0 0 3818 6008; ppageno 0'>
   <div class='ocr_carea' id='block_1_1' title="bbox 74 220 1279 280">
    <p class='ocr_par' dir='ltr' id='par_1_1' title="bbox 74 220 1279 280">
     <span class='ocr_line' id='line_1_1' title="bbox 74 220 1279 280; baseline -0.002 -2"><span class='ocrx_word' id='word_1_1' title='bbox 74 222 124 278; x_wconf 80' lang='lat' dir='ltr'>lot</span> <span class='ocrx_word' id='word_1_2' title='bbox 634 220 748 279; x_wconf 75' lang='lat' dir='ltr'>desua</span> <span class='ocrx_word' id='word_1_3' title='bbox 767 221 826 278; x_wconf 83' lang='lat' dir='ltr'>DEI</span> <span class='ocrx_word' id='word_1_4' title='bbox 847 220 918 278; x_wconf 81' lang='lat' dir='ltr'>ruit</span> <span class='ocrx_word' id='word_1_5' title='bbox 938 220 1104 280; x_wconf 78' lang='lat' dir='ltr'><strong>FRANCOS.</strong></span> <span class='ocrx_word' id='word_1_6' title='bbox 1116 221 1226 278; x_wconf 78' lang='lat' dir='ltr'>-ttu</span> <span class='ocrx_word' id='word_1_7' title='bbox 1247 220 1279 277; x_wconf 87' lang='lat' dir='ltr'>V.</span> 
     </span>
    </p>
   </div>
   <div class='ocr_carea' id='block_1_2' title="bbox 1776 227 1830 281">
    <p class='ocr_par' dir='ltr' id='par_1_2' title="bbox 1776 227 1830 281">
     <span class='ocr_line' id='line_1_2' title="bbox 1776 227 1830 281; baseline 0.037 -2"><span class='ocrx_word' id='word_1_8' title='bbox 1776 227 1830 281; x_wconf 79' lang='lat' dir='ltr'>tot</span> 
     </span>
    </p>
   </div>
   <div class='ocr_carea' id='block_1_3' title="bbox 75 355 1828 429">
    <p class='ocr_par' dir='ltr' id='par_1_3' title="bbox 75 355 1828 429">
     <span class='ocr_line' id='line_1_3' title="bbox 75 355 1828 429; baseline -0.001 -15"><span class='ocrx_word' id='word_1_9' title='bbox 75 358 178 414; x_wconf 87' lang='lat' dir='ltr'>Petrus</span> <span class='ocrx_word' id='word_1_10' title='bbox 192 370 243 426; x_wconf 92' lang='lat' dir='ltr'>per</span> <span class='ocrx_word' id='word_1_11' title='bbox 257 370 286 413; x_wconf 89' lang='lat' dir='ltr'>se</span> <span class='ocrx_word' id='word_1_12' title='bbox 301 355 398 413; x_wconf 92' lang='lat' dir='ltr'>intulit</span> <span class='ocrx_word' id='word_1_13' title='bbox 414 371 420 411; x_wconf 94' lang='lat'><strong>:</strong></span> <span class='ocrx_word' id='word_1_14' title='bbox 443 377 453 406; x_wconf 75' lang='grc' dir='ltr'>ι</span> <span class='ocrx_word' id='word_1_15' title='bbox 486 357 624 424; x_wconf 80' lang='lat' dir='ltr'>Meminit,</span> <span class='ocrx_word' id='word_1_16' title='bbox 641 357 771 426; x_wconf 91' lang='lat' dir='ltr'>Domine,</span> <span class='ocrx_word' id='word_1_17' title='bbox 787 357 921 428; x_wconf 86' lang='lat' dir='ltr'>majestas</span> <span class='ocrx_word' id='word_1_18' title='bbox 939 360 963 413; x_wconf 81' lang='grc' dir='ltr'>ι</span> <span class='ocrx_word' id='word_1_19' title='bbox 978 358 1008 412; x_wconf 92' lang='lat' dir='ltr'>in</span> <span class='ocrx_word' id='word_1_20' title='bbox 1024 357 1085 415; x_wconf 91' lang='lat' dir='ltr'>loco</span> <span class='ocrx_word' id='word_1_21' title='bbox 1113 358 1252 421; x_wconf 80' lang='lat' dir='ltr'><strong>lanceam,</strong></span> <span class='ocrx_word' id='word_1_22' title='bbox 1275 371 1335 429; x_wconf 88' lang='lat' dir='ltr'>qua</span> <span class='ocrx_word' id='word_1_23' title='bbox 1360 357 1516 415; x_wconf 86' lang='lat' dir='ltr'>salvatoris</span> <span class='ocrx_word' id='word_1_24' title='bbox 1529 357 1620 415; x_wconf 90' lang='lat' dir='ltr'>nostri</span> <span class='ocrx_word' id='word_1_25' title='bbox 1642 359 1709 415; x_wconf 86' lang='lat' dir='ltr'>lesu</span> <span class='ocrx_word' id='word_1_26' title='bbox 1723 357 1828 415; x_wconf 82' lang='lat' dir='ltr'>Christi</span> 
     </span>
    </p>
   </div>
   <div class='ocr_carea' id='block_1_4' title="bbox 74 444 927 1659">
    <p class='ocr_par' dir='ltr' id='par_1_4' title="bbox 74 444 927 1130">
     <span class='ocr_line' id='line_1_4' title="bbox 76 444 927 516; baseline 0.001 -15"><span class='ocrx_word' id='word_1_27' title='bbox 76 453 135 512; x_wconf 93' lang='lat' dir='ltr'>tua,</span> <span class='ocrx_word' id='word_1_28' title='bbox 164 458 253 516; x_wconf 91' lang='lat' dir='ltr'>quam</span> <span class='ocrx_word' id='word_1_29' title='bbox 282 444 423 515; x_wconf 88' lang='lat' dir='ltr'>pudendis</span> <span class='ocrx_word' id='word_1_30' title='bbox 447 446 563 502; x_wconf 93' lang='lat' dir='ltr'>domum</span> <span class='ocrx_word' id='word_1_31' title='bbox 594 460 685 501; x_wconf 85' lang='lat' dir='ltr'>meam</span> <span class='ocrx_word' id='word_1_32' title='bbox 720 447 747 502; x_wconf 92' lang='lat' dir='ltr'>in</span> <span class='ocrx_word' id='word_1_33' title='bbox 772 446 828 501; x_wconf 92' lang='lat' dir='ltr'>hac</span> <span class='ocrx_word' id='word_1_34' title='bbox 855 447 927 502; x_wconf 91' lang='lat' dir='ltr'>urhe</span> 
     </span>
     <span class='ocr_line' id='line_1_5' title="bbox 76 533 927 603; baseline 0.004 -16"><span class='ocrx_word' id='word_1_35' title='bbox 76 535 287 589; x_wconf 76' lang='lat' dir='ltr'><strong>attaminarunt</strong></span> <span class='ocrx_word' id='word_1_36' title='bbox 317 533 423 603; x_wconf 84' lang='lat' dir='ltr'>pagani</span> <span class='ocrx_word' id='word_1_37' title='bbox 462 534 605 600; x_wconf 91' lang='lat' dir='ltr'>sordibus,</span> <span class='ocrx_word' id='word_1_38' title='bbox 638 534 781 591; x_wconf 82' lang='lat' dir='ltr'><strong>redundat</strong></span> <span class='ocrx_word' id='word_1_39' title='bbox 809 534 847 591; x_wconf 92' lang='lat' dir='ltr'>ad</span> <span class='ocrx_word' id='word_1_40' title='bbox 869 541 927 591; x_wconf 74' lang='lat' dir='ltr'>tuae</span> 
     </span>
     <span class='ocr_line' id='line_1_6' title="bbox 74 620 927 692; baseline 0.001 -17"><span class='ocrx_word' id='word_1_41' title='bbox 74 620 235 677; x_wconf 88' lang='lat' dir='ltr'>divinitatis</span> <span class='ocrx_word' id='word_1_42' title='bbox 267 620 415 689; x_wconf 85' lang='lat' dir='ltr'>injuriam,</span> <span class='ocrx_word' id='word_1_43' title='bbox 442 622 521 691; x_wconf 96' lang='lat' dir='ltr'>quod</span> <span class='ocrx_word' id='word_1_44' title='bbox 565 628 615 677; x_wconf 90' lang='lat' dir='ltr'>tua</span> <span class='ocrx_word' id='word_1_45' title='bbox 655 623 782 677; x_wconf 89' lang='lat' dir='ltr'>sacraria</span> <span class='ocrx_word' id='word_1_46' title='bbox 810 621 927 692; x_wconf 86' lang='lat' dir='ltr'>ilagitiis</span> 
     </span>
     <span class='ocr_line' id='line_1_7' title="bbox 74 708 925 779; baseline 0.001 -16"><span class='ocrx_word' id='word_1_47' title='bbox 74 709 254 778; x_wconf 84' lang='lat' dir='ltr'>complevere</span> <span class='ocrx_word' id='word_1_48' title='bbox 288 717 316 764; x_wconf 90' lang='lat' dir='ltr'>et</span> <span class='ocrx_word' id='word_1_49' title='bbox 346 708 483 765; x_wconf 85' lang='lat' dir='ltr'>caedibus.</span> <span class='ocrx_word' id='word_1_50' title='bbox 516 708 588 765; x_wconf 85' lang='lat' dir='ltr'>Cum</span> <span class='ocrx_word' id='word_1_51' title='bbox 619 723 687 779; x_wconf 89' lang='lat' dir='ltr'>ergo</span> <span class='ocrx_word' id='word_1_52' title='bbox 721 724 769 765; x_wconf 91' lang='lat' dir='ltr'>eos</span> <span class='ocrx_word' id='word_1_53' title='bbox 799 710 925 777; x_wconf 86' lang='lat' dir='ltr'>tandem,</span> 
     </span>
     <span class='ocr_line' id='line_1_8' title="bbox 77 795 927 867; baseline 0.001 -15"><span class='ocrx_word' id='word_1_54' title='bbox 77 797 242 863; x_wconf 89' lang='lat' dir='ltr'>miseratus,</span> <span class='ocrx_word' id='word_1_55' title='bbox 256 795 413 865; x_wconf 81' lang='lat' dir='ltr'>expuleris,</span> <span class='ocrx_word' id='word_1_56' title='bbox 432 797 630 867; x_wconf 81' lang='lat' dir='ltr'>gaudiumque</span> <span class='ocrx_word' id='word_1_57' title='bbox 643 810 730 866; x_wconf 89' lang='lat' dir='ltr'>super</span> <span class='ocrx_word' id='word_1_58' title='bbox 744 797 798 852; x_wconf 87' lang='lat' dir='ltr'>hac</span> <span class='ocrx_word' id='word_1_59' title='bbox 813 811 842 852; x_wconf 92' lang='lat' dir='ltr'>re</span> <span class='ocrx_word' id='word_1_60' title='bbox 856 797 927 853; x_wconf 86' lang='lat' dir='ltr'>coelo</span> 
     </span>
     <span class='ocr_line' id='line_1_9' title="bbox 75 883 926 954; baseline 0 -14"><span class='ocrx_word' id='word_1_61' title='bbox 75 884 219 950; x_wconf 83' lang='lat' dir='ltr'>intuleris,</span> <span class='ocrx_word' id='word_1_62' title='bbox 243 891 274 939; x_wconf 93' lang='lat' dir='ltr'>tu</span> <span class='ocrx_word' id='word_1_63' title='bbox 290 890 348 939; x_wconf 89' lang='lat' dir='ltr'>tam</span> <span class='ocrx_word' id='word_1_64' title='bbox 376 885 413 952; x_wconf 93' lang='lat' dir='ltr'>pii</span> <span class='ocrx_word' id='word_1_65' title='bbox 438 883 504 939; x_wconf 89' lang='lat' dir='ltr'>laeti</span> <span class='ocrx_word' id='word_1_66' title='bbox 533 884 684 953; x_wconf 81' lang='lat' dir='ltr'>poenitens,</span> <span class='ocrx_word' id='word_1_67' title='bbox 703 898 804 940; x_wconf 91' lang='lat' dir='ltr'>eorum</span> <span class='ocrx_word' id='word_1_68' title='bbox 822 899 926 954; x_wconf 89' lang='lat' dir='ltr'>super·</span> 
     </span>
     <span class='ocr_line' id='line_1_10' title="bbox 76 971 927 1042; baseline 0.001 -14"><span class='ocrx_word' id='word_1_69' title='bbox 76 972 153 1028; x_wconf 89' lang='lat' dir='ltr'>biam</span> <span class='ocrx_word' id='word_1_70' title='bbox 175 972 287 1042; x_wconf 82' lang='lat' dir='ltr'>regredi</span> <span class='ocrx_word' id='word_1_71' title='bbox 309 971 337 1028; x_wconf 92' lang='lat' dir='ltr'>in</span> <span class='ocrx_word' id='word_1_72' title='bbox 361 976 469 1027; x_wconf 91' lang='lat' dir='ltr'>statum</span> <span class='ocrx_word' id='word_1_73' title='bbox 496 971 649 1041; x_wconf 89' lang='lat' dir='ltr'>pristinum</span> <span class='ocrx_word' id='word_1_74' title='bbox 665 972 804 1029; x_wconf 89' lang='lat' dir='ltr'>adversus</span> <span class='ocrx_word' id='word_1_75' title='bbox 831 981 927 1030; x_wconf 85' lang='lat' dir='ltr'>tentet·</span> 
     </span>
     <span class='ocr_line' id='line_1_11' title="bbox 76 1059 322 1130; baseline -0.008 -14"><span class='ocrx_word' id='word_1_76' title='bbox 76 1059 171 1130; x_wconf 93' lang='lat' dir='ltr'>ipsum</span> <span class='ocrx_word' id='word_1_77' title='bbox 186 1059 322 1130; x_wconf 81' lang='lat' dir='ltr'>patieris?</span> 
     </span>
    </p>

    <p class='ocr_par' dir='ltr' id='par_1_5' title="bbox 75 1146 926 1659">
     <span class='ocr_line' id='line_1_12' title="bbox 114 1146 926 1218; baseline 0 -15"><span class='ocrx_word' id='word_1_78' title='bbox 114 1168 126 1196; x_wconf 78' lang='grc' dir='ltr'>ι</span> <span class='ocrx_word' id='word_1_79' title='bbox 142 1147 235 1203; x_wconf 85' lang='grc' dir='ltr'>ιιοιιιι</span> <span class='ocrx_word' id='word_1_80' title='bbox 246 1162 315 1218; x_wconf 88' lang='lat' dir='ltr'>ergo</span> <span class='ocrx_word' id='word_1_81' title='bbox 325 1147 369 1203; x_wconf 91' lang='lat' dir='ltr'>his</span> <span class='ocrx_word' id='word_1_82' title='bbox 383 1146 475 1212; x_wconf 90' lang='lat' dir='ltr'>dictis,</span> <span class='ocrx_word' id='word_1_83' title='bbox 487 1146 627 1203; x_wconf 85' lang='lat' dir='ltr'>Dominus</span> <span class='ocrx_word' id='word_1_84' title='bbox 640 1148 709 1203; x_wconf 89' lang='lat' dir='ltr'>mihi</span> <span class='ocrx_word' id='word_1_85' title='bbox 724 1148 818 1205; x_wconf 81' lang='lat' dir='ltr'>dixit:</span> <span class='ocrx_word' id='word_1_86' title='bbox 838 1170 848 1197; x_wconf 76' lang='grc' dir='ltr'>ι</span> <span class='ocrx_word' id='word_1_87' title='bbox 866 1149 926 1206; x_wconf 89' lang='lat' dir='ltr'>Va-</span> 
     </span>
     <span class='ocr_line' id='line_1_13' title="bbox 76 1234 926 1305; baseline -0.001 -14"><span class='ocrx_word' id='word_1_88' title='bbox 76 1234 121 1302; x_wconf 90' lang='lat' dir='ltr'>de,</span> <span class='ocrx_word' id='word_1_89' title='bbox 138 1243 167 1291; x_wconf 87' lang='lat' dir='ltr'>et</span> <span class='ocrx_word' id='word_1_90' title='bbox 181 1235 227 1291; x_wconf 89' lang='lat' dir='ltr'>dic</span> <span class='ocrx_word' id='word_1_91' title='bbox 242 1234 348 1305; x_wconf 92' lang='lat' dir='ltr'>populo</span> <span class='ocrx_word' id='word_1_92' title='bbox 365 1248 436 1300; x_wconf 90' lang='lat' dir='ltr'>meo,</span> <span class='ocrx_word' id='word_1_93' title='bbox 455 1243 486 1289; x_wconf 92' lang='lat' dir='ltr'>nt</span> <span class='ocrx_word' id='word_1_94' title='bbox 500 1234 536 1290; x_wconf 93' lang='lat' dir='ltr'>ad</span> <span class='ocrx_word' id='word_1_95' title='bbox 562 1250 606 1290; x_wconf 91' lang='lat' dir='ltr'>me</span> <span class='ocrx_word' id='word_1_96' title='bbox 618 1237 840 1304; x_wconf 81' lang='lat' dir='ltr'>praemrdialiter</span> <span class='ocrx_word' id='word_1_97' title='bbox 854 1250 926 1292; x_wconf 91' lang='lat' dir='ltr'>con-</span> 
     </span>
     <span class='ocr_line' id='line_1_14' title="bbox 75 1322 925 1396; baseline 0.001 -17"><span class='ocrx_word' id='word_1_98' title='bbox 75 1330 219 1388; x_wconf 82' lang='lat' dir='ltr'>vertatur,</span> <span class='ocrx_word' id='word_1_99' title='bbox 240 1333 269 1381; x_wconf 90' lang='lat' dir='ltr'>et</span> <span class='ocrx_word' id='word_1_100' title='bbox 289 1337 342 1396; x_wconf 86' lang='lat' dir='ltr'>ego</span> <span class='ocrx_word' id='word_1_101' title='bbox 366 1324 468 1378; x_wconf 87' lang='lat' dir='ltr'>moad</span> <span class='ocrx_word' id='word_1_102' title='bbox 492 1322 569 1391; x_wconf 90' lang='lat' dir='ltr'>ipsos</span> <span class='ocrx_word' id='word_1_103' title='bbox 596 1325 660 1380; x_wconf 91' lang='lat' dir='ltr'>totis</span> <span class='ocrx_word' id='word_1_104' title='bbox 683 1324 817 1394; x_wconf 92' lang='lat' dir='ltr'>polliceor</span> <span class='ocrx_word' id='word_1_105' title='bbox 835 1325 925 1380; x_wconf 91' lang='lat' dir='ltr'>visce-</span> 
     </span>
     <span class='ocr_line' id='line_1_15' title="bbox 77 1411 925 1482; baseline -0.001 -15"><span class='ocrx_word' id='word_1_106' title='bbox 77 1411 160 1468; x_wconf 87' lang='lat' dir='ltr'>ribus</span> <span class='ocrx_word' id='word_1_107' title='bbox 183 1425 379 1478; x_wconf 86' lang='lat' dir='ltr'>reversurum,</span> <span class='ocrx_word' id='word_1_108' title='bbox 404 1419 431 1468; x_wconf 93' lang='lat' dir='ltr'>et</span> <span class='ocrx_word' id='word_1_109' title='bbox 446 1411 523 1467; x_wconf 93' lang='lat' dir='ltr'>intra</span> <span class='ocrx_word' id='word_1_110' title='bbox 543 1412 673 1482; x_wconf 89' lang='lat' dir='ltr'>quinque</span> <span class='ocrx_word' id='word_1_111' title='bbox 689 1412 750 1468; x_wconf 90' lang='lat' dir='ltr'>dies</span> <span class='ocrx_word' id='word_1_112' title='bbox 765 1413 925 1469; x_wconf 87' lang='lat' dir='ltr'>maximum</span> 
     </span>
     <span class='ocr_line' id='line_1_16' title="bbox 76 1499 924 1571; baseline 0 -17"><span class='ocrx_word' id='word_1_113' title='bbox 76 1499 159 1556; x_wconf 89' lang='lat' dir='ltr'>robis</span> <span class='ocrx_word' id='word_1_114' title='bbox 194 1500 327 1570; x_wconf 78' lang='lat' dir='ltr'>praebebo</span> <span class='ocrx_word' id='word_1_115' title='bbox 359 1499 533 1559; x_wconf 86' lang='lat' dir='ltr'>subsidium.</span> <span class='ocrx_word' id='word_1_116' title='bbox 563 1500 690 1555; x_wconf 80' lang='lat' dir='ltr'>Limnias</span> <span class='ocrx_word' id='word_1_117' title='bbox 718 1501 816 1571; x_wconf 90' lang='lat' dir='ltr'>itaque</span> <span class='ocrx_word' id='word_1_118' title='bbox 845 1501 924 1557; x_wconf 89' lang='lat' dir='ltr'>insti·</span> 
     </span>
     <span class='ocr_line' id='line_1_17' title="bbox 76 1587 925 1659; baseline 0.002 -17"><span class='ocrx_word' id='word_1_119' title='bbox 76 1591 172 1656; x_wconf 88' lang='lat' dir='ltr'>tuant,</span> <span class='ocrx_word' id='word_1_120' title='bbox 197 1588 333 1658; x_wconf 92' lang='lat' dir='ltr'>istudque</span> <span class='ocrx_word' id='word_1_121' title='bbox 354 1588 578 1657; x_wconf 83' lang='lat' dir='ltr'>uesponsortum</span> <span class='ocrx_word' id='word_1_122' title='bbox 602 1587 791 1645; x_wconf 82' lang='lat' dir='ltr'>Ecclesiastici</span> <span class='ocrx_word' id='word_1_123' title='bbox 814 1589 925 1659; x_wconf 91' lang='lat' dir='ltr'>quique</span> 
     </span>
    </p>
   </div>
   <div class='ocr_carea' id='block_1_5' title="bbox 979 446 1829 1659">
    <p class='ocr_par' dir='ltr' id='par_1_6' title="bbox 979 446 1829 1572">
     <span class='ocr_line' id='line_1_18' title="bbox 982 446 1826 516; baseline 0.001 -15"><span class='ocrx_word' id='word_1_124' title='bbox 982 447 1154 515; x_wconf 75' lang='lat' dir='ltr'>periuratum</span> <span class='ocrx_word' id='word_1_125' title='bbox 1184 447 1290 516; x_wconf 85' lang='lat' dir='ltr'>legitur</span> <span class='ocrx_word' id='word_1_126' title='bbox 1314 446 1399 512; x_wconf 88' lang='lat' dir='ltr'>latus,</span> <span class='ocrx_word' id='word_1_127' title='bbox 1421 446 1550 502; x_wconf 90' lang='lat' dir='ltr'>invenire</span> <span class='ocrx_word' id='word_1_128' title='bbox 1579 447 1693 516; x_wconf 91' lang='lat' dir='ltr'>poteris.</span> <span class='ocrx_word' id='word_1_129' title='bbox 1708 468 1722 496; x_wconf 90' lang='lat'>»</span> <span class='ocrx_word' id='word_1_130' title='bbox 1737 447 1826 515; x_wconf 83' lang='lat' dir='ltr'>Dixit,</span> 
     </span>
     <span class='ocr_line' id='line_1_19' title="bbox 982 534 1827 605; baseline 0 -15"><span class='ocrx_word' id='word_1_131' title='bbox 982 549 1034 590; x_wconf 93' lang='lat' dir='ltr'>uec</span> <span class='ocrx_word' id='word_1_132' title='bbox 1047 535 1155 591; x_wconf 91' lang='lat' dir='ltr'>addens</span> <span class='ocrx_word' id='word_1_133' title='bbox 1170 535 1265 605; x_wconf 91' lang='lat' dir='ltr'>plura,</span> <span class='ocrx_word' id='word_1_134' title='bbox 1282 534 1406 590; x_wconf 86' lang='lat' dir='ltr'>recessit.</span> <span class='ocrx_word' id='word_1_135' title='bbox 1423 534 1513 604; x_wconf 84' lang='lat' dir='ltr'>Cujus</span> <span class='ocrx_word' id='word_1_136' title='bbox 1536 534 1660 589; x_wconf 84' lang='lat' dir='ltr'>visiones</span> <span class='ocrx_word' id='word_1_137' title='bbox 1680 534 1827 590; x_wconf 90' lang='lat' dir='ltr'>conscium</span> 
     </span>
     <span class='ocr_line' id='line_1_20' title="bbox 982 621 1828 690; baseline 0.001 -13"><span class='ocrx_word' id='word_1_138' title='bbox 982 622 1125 679; x_wconf 90' lang='lat' dir='ltr'>neminem</span> <span class='ocrx_word' id='word_1_139' title='bbox 1142 622 1226 679; x_wconf 89' lang='lat' dir='ltr'>homo</span> <span class='ocrx_word' id='word_1_140' title='bbox 1253 622 1340 678; x_wconf 90' lang='lat' dir='ltr'>isdem</span> <span class='ocrx_word' id='word_1_141' title='bbox 1364 622 1457 679; x_wconf 86' lang='lat' dir='ltr'>iacere</span> <span class='ocrx_word' id='word_1_142' title='bbox 1480 630 1551 677; x_wconf 90' lang='lat' dir='ltr'>tunc</span> <span class='ocrx_word' id='word_1_143' title='bbox 1567 621 1673 690; x_wconf 84' lang='lat' dir='ltr'>voluit3</span> <span class='ocrx_word' id='word_1_144' title='bbox 1693 635 1828 678; x_wconf 87' lang='lat' dir='ltr'>neceam</span> 
     </span>
     <span class='ocr_line' id='line_1_21' title="bbox 980 709 1829 781; baseline 0 -16"><span class='ocrx_word' id='word_1_145' title='bbox 980 711 1058 781; x_wconf 90' lang='lat' dir='ltr'>apud</span> <span class='ocrx_word' id='word_1_146' title='bbox 1074 725 1104 767; x_wconf 89' lang='lat' dir='ltr'>se</span> <span class='ocrx_word' id='word_1_147' title='bbox 1120 711 1191 767; x_wconf 93' lang='lat' dir='ltr'>tanti</span> <span class='ocrx_word' id='word_1_148' title='bbox 1207 710 1305 780; x_wconf 88' lang='lat' dir='ltr'>pendit</span> <span class='ocrx_word' id='word_1_149' title='bbox 1321 718 1351 766; x_wconf 93' lang='lat' dir='ltr'>ut</span> <span class='ocrx_word' id='word_1_150' title='bbox 1365 710 1498 766; x_wconf 77' lang='lat' dir='ltr'>ludibriis</span> <span class='ocrx_word' id='word_1_151' title='bbox 1519 709 1709 775; x_wconf 89' lang='lat' dir='ltr'>somniorum,</span> <span class='ocrx_word' id='word_1_152' title='bbox 1720 709 1829 779; x_wconf 87' lang='lat' dir='ltr'>quibus</span> 
     </span>
     <span class='ocr_line' id='line_1_22' title="bbox 981 796 1829 868; baseline 0 -15"><span class='ocrx_word' id='word_1_153' title='bbox 981 813 1051 867; x_wconf 89' lang='lat' dir='ltr'>pene</span> <span class='ocrx_word' id='word_1_154' title='bbox 1066 798 1260 855; x_wconf 88' lang='lat' dir='ltr'>indesinenter</span> <span class='ocrx_word' id='word_1_155' title='bbox 1274 797 1427 862; x_wconf 84' lang='lat' dir='ltr'>allicimur,</span> <span class='ocrx_word' id='word_1_156' title='bbox 1443 798 1539 868; x_wconf 86' lang='lat' dir='ltr'>majus</span> <span class='ocrx_word' id='word_1_157' title='bbox 1555 797 1583 852; x_wconf 90' lang='lat' dir='ltr'>in</span> <span class='ocrx_word' id='word_1_158' title='bbox 1600 797 1660 853; x_wconf 93' lang='lat' dir='ltr'>ullo</span> <span class='ocrx_word' id='word_1_159' title='bbox 1674 796 1829 853; x_wconf 86' lang='lat' dir='ltr'>aestimaret</span> 
     </span>
     <span class='ocr_line' id='line_1_23' title="bbox 980 884 1828 956; baseline 0 -16"><span class='ocrx_word' id='word_1_160' title='bbox 980 886 1076 941; x_wconf 86' lang='lat' dir='ltr'>valere</span> <span class='ocrx_word' id='word_1_161' title='bbox 1089 886 1210 956; x_wconf 90' lang='lat' dir='ltr'>aliquid.</span> <span class='ocrx_word' id='word_1_162' title='bbox 1229 887 1262 941; x_wconf 80' lang='lat' dir='ltr'>lit</span> <span class='ocrx_word' id='word_1_163' title='bbox 1279 892 1374 941; x_wconf 89' lang='lat' dir='ltr'>tamen</span> <span class='ocrx_word' id='word_1_164' title='bbox 1391 898 1448 941; x_wconf 92' lang='lat' dir='ltr'>non</span> <span class='ocrx_word' id='word_1_165' title='bbox 1463 884 1518 950; x_wconf 90' lang='lat' dir='ltr'>sui,</span> <span class='ocrx_word' id='word_1_166' title='bbox 1537 884 1607 940; x_wconf 92' lang='lat' dir='ltr'>dum</span> <span class='ocrx_word' id='word_1_167' title='bbox 1618 897 1685 940; x_wconf 93' lang='lat' dir='ltr'>cum</span> <span class='ocrx_word' id='word_1_168' title='bbox 1701 884 1828 955; x_wconf 91' lang='lat' dir='ltr'>apostolo</span> 
     </span>
     <span class='ocr_line' id='line_1_24' title="bbox 980 971 1828 1043; baseline -0.001 -14"><span class='ocrx_word' id='word_1_169' title='bbox 980 973 1156 1043; x_wconf 91' lang='lat' dir='ltr'>loqueretur,</span> <span class='ocrx_word' id='word_1_170' title='bbox 1181 973 1295 1043; x_wconf 84' lang='lat' dir='ltr'>penitus</span> <span class='ocrx_word' id='word_1_171' title='bbox 1314 974 1464 1028; x_wconf 91' lang='lat' dir='ltr'>immemor</span> <span class='ocrx_word' id='word_1_172' title='bbox 1476 973 1501 1029; x_wconf 91' lang='lat' dir='ltr'>ei</span> <span class='ocrx_word' id='word_1_173' title='bbox 1524 971 1661 1028; x_wconf 89' lang='lat' dir='ltr'>intulerat</span> <span class='ocrx_word' id='word_1_174' title='bbox 1678 987 1684 1026; x_wconf 94' lang='lat'>:</span> <span class='ocrx_word' id='word_1_175' title='bbox 1701 994 1715 1020; x_wconf 76' lang='grc' dir='ltr'>α</span> <span class='ocrx_word' id='word_1_176' title='bbox 1733 971 1828 1028; x_wconf 90' lang='lat' dir='ltr'>Domi·</span> 
     </span>
     <span class='ocr_line' id='line_1_25' title="bbox 980 1061 1829 1131; baseline -0.001 -14"><span class='ocrx_word' id='word_1_177' title='bbox 980 1076 1025 1129; x_wconf 91' lang='lat' dir='ltr'>ne,</span> <span class='ocrx_word' id='word_1_178' title='bbox 1043 1061 1147 1131; x_wconf 94' lang='lat' dir='ltr'>inquit,</span> <span class='ocrx_word' id='word_1_179' title='bbox 1162 1062 1184 1117; x_wconf 91' lang='lat' dir='ltr'>si</span> <span class='ocrx_word' id='word_1_180' title='bbox 1209 1061 1263 1116; x_wconf 92' lang='lat' dir='ltr'>hoc</span> <span class='ocrx_word' id='word_1_181' title='bbox 1286 1062 1363 1131; x_wconf 93' lang='lat' dir='ltr'>quod</span> <span class='ocrx_word' id='word_1_182' title='bbox 1385 1075 1402 1116; x_wconf 95' lang='lat' dir='ltr'>a</span> <span class='ocrx_word' id='word_1_183' title='bbox 1426 1069 1452 1117; x_wconf 93' lang='lat' dir='ltr'>te</span> <span class='ocrx_word' id='word_1_184' title='bbox 1469 1061 1634 1131; x_wconf 76' lang='lat' dir='ltr'>precipitur</span> <span class='ocrx_word' id='word_1_185' title='bbox 1649 1061 1752 1116; x_wconf 88' lang='lat' dir='ltr'>nostris</span> <span class='ocrx_word' id='word_1_186' title='bbox 1765 1061 1829 1117; x_wconf 89' lang='lat' dir='ltr'>edi-</span> 
     </span>
     <span class='ocr_line' id='line_1_26' title="bbox 980 1147 1829 1219; baseline -0.001 -14"><span class='ocrx_word' id='word_1_187' title='bbox 980 1163 1071 1206; x_wconf 82' lang='lat' dir='ltr'>cerem</span> <span class='ocrx_word' id='word_1_188' title='bbox 1087 1149 1163 1219; x_wconf 94' lang='lat' dir='ltr'>quod</span> <span class='ocrx_word' id='word_1_189' title='bbox 1188 1149 1252 1204; x_wconf 90' lang='lat' dir='ltr'>lidci</span> <span class='ocrx_word' id='word_1_190' title='bbox 1273 1148 1411 1205; x_wconf 93' lang='lat' dir='ltr'>indicium</span> <span class='ocrx_word' id='word_1_191' title='bbox 1428 1149 1523 1206; x_wconf 92' lang='lat' dir='ltr'>dubiis</span> <span class='ocrx_word' id='word_1_192' title='bbox 1551 1148 1728 1213; x_wconf 85' lang='lat' dir='ltr'>adhiberem,</span> <span class='ocrx_word' id='word_1_193' title='bbox 1751 1147 1829 1205; x_wconf 90' lang='lat' dir='ltr'>unde</span> 
     </span>
     <span class='ocr_line' id='line_1_27' title="bbox 980 1235 1828 1307; baseline -0.002 -14"><span class='ocrx_word' id='word_1_194' title='bbox 980 1238 1014 1293; x_wconf 92' lang='lat' dir='ltr'>ad</span> <span class='ocrx_word' id='word_1_195' title='bbox 1031 1238 1205 1294; x_wconf 91' lang='lat' dir='ltr'>credendum</span> <span class='ocrx_word' id='word_1_196' title='bbox 1229 1237 1289 1307; x_wconf 89' lang='lat' dir='ltr'>rogi</span> <span class='ocrx_word' id='word_1_197' title='bbox 1313 1236 1442 1306; x_wconf 82' lang='lat' dir='ltr'>possent?</span> <span class='ocrx_word' id='word_1_198' title='bbox 1468 1258 1483 1286; x_wconf 77' lang='lat' dir='ltr'>o</span> <span class='ocrx_word' id='word_1_199' title='bbox 1507 1237 1549 1292; x_wconf 83' lang='lat' dir='ltr'>Ad</span> <span class='ocrx_word' id='word_1_200' title='bbox 1567 1237 1627 1293; x_wconf 82' lang='lat' dir='ltr'>haec</span> <span class='ocrx_word' id='word_1_201' title='bbox 1651 1237 1740 1292; x_wconf 89' lang='lat' dir='ltr'>verba</span> <span class='ocrx_word' id='word_1_202' title='bbox 1767 1235 1828 1305; x_wconf 89' lang='lat' dir='ltr'>glo-</span> 
     </span>
     <span class='ocr_line' id='line_1_28' title="bbox 980 1320 1828 1394; baseline -0.005 -13"><span class='ocrx_word' id='word_1_203' title='bbox 980 1326 1074 1381; x_wconf 89' lang='lat' dir='ltr'>riosus</span> <span class='ocrx_word' id='word_1_204' title='bbox 1100 1324 1247 1394; x_wconf 89' lang='lat' dir='ltr'>apostolus</span> <span class='ocrx_word' id='word_1_205' title='bbox 1281 1324 1427 1379; x_wconf 91' lang='lat' dir='ltr'>hominem</span> <span class='ocrx_word' id='word_1_206' title='bbox 1454 1323 1602 1392; x_wconf 86' lang='lat' dir='ltr'>corripuit,</span> <span class='ocrx_word' id='word_1_207' title='bbox 1629 1330 1657 1379; x_wconf 91' lang='lat' dir='ltr'>et</span> <span class='ocrx_word' id='word_1_208' title='bbox 1685 1322 1721 1378; x_wconf 89' lang='lat' dir='ltr'>ad</span> <span class='ocrx_word' id='word_1_209' title='bbox 1752 1320 1828 1378; x_wconf 89' lang='lat' dir='ltr'>beati</span> 
     </span>
     <span class='ocr_line' id='line_1_29' title="bbox 980 1410 1829 1482; baseline -0.001 -14"><span class='ocrx_word' id='word_1_210' title='bbox 980 1413 1078 1470; x_wconf 88' lang='lat' dir='ltr'>iratris</span> <span class='ocrx_word' id='word_1_211' title='bbox 1102 1411 1304 1480; x_wconf 72' lang='lat' dir='ltr'>basilicarum</span> <span class='ocrx_word' id='word_1_212' title='bbox 1322 1426 1389 1469; x_wconf 93' lang='lat' dir='ltr'>eum</span> <span class='ocrx_word' id='word_1_213' title='bbox 1412 1427 1470 1482; x_wconf 94' lang='lat' dir='ltr'>quo</span> <span class='ocrx_word' id='word_1_214' title='bbox 1498 1419 1561 1467; x_wconf 90' lang='lat' dir='ltr'>erat</span> <span class='ocrx_word' id='word_1_215' title='bbox 1585 1412 1710 1480; x_wconf 88' lang='lat' dir='ltr'>reposita</span> <span class='ocrx_word' id='word_1_216' title='bbox 1728 1410 1829 1467; x_wconf 90' lang='lat' dir='ltr'>lancea</span> 
     </span>
     <span class='ocr_line' id='line_1_30' title="bbox 979 1500 1430 1572; baseline -0.007 -15"><span class='ocrx_word' id='word_1_217' title='bbox 979 1501 1072 1557; x_wconf 93' lang='lat' dir='ltr'>locum</span> <span class='ocrx_word' id='word_1_218' title='bbox 1084 1501 1251 1572; x_wconf 80' lang='lat' dir='ltr'>spiritaliter</span> <span class='ocrx_word' id='word_1_219' title='bbox 1263 1500 1430 1571; x_wconf 89' lang='lat' dir='ltr'>asportavit.</span> 
     </span>
    </p>

    <p class='ocr_par' dir='ltr' id='par_1_7' title="bbox 1014 1584 1828 1659">
     <span class='ocr_line' id='line_1_31' title="bbox 1014 1584 1828 1659; baseline -0.004 -14"><span class='ocrx_word' id='word_1_220' title='bbox 1014 1586 1103 1658; x_wconf 86' lang='lat' dir='ltr'>Capta</span> <span class='ocrx_word' id='word_1_221' title='bbox 1129 1587 1311 1659; x_wconf 88' lang='lat' dir='ltr'>postmodum</span> <span class='ocrx_word' id='word_1_222' title='bbox 1332 1587 1457 1655; x_wconf 87' lang='lat' dir='ltr'>civitate,</span> <span class='ocrx_word' id='word_1_223' title='bbox 1473 1600 1539 1641; x_wconf 92' lang='lat' dir='ltr'>cum</span> <span class='ocrx_word' id='word_1_224' title='bbox 1561 1586 1612 1642; x_wconf 90' lang='lat' dir='ltr'>Dei</span> <span class='ocrx_word' id='word_1_225' title='bbox 1633 1584 1757 1656; x_wconf 93' lang='lat' dir='ltr'>populus</span> <span class='ocrx_word' id='word_1_226' title='bbox 1771 1585 1828 1653; x_wconf 85' lang='lat' dir='ltr'>his,</span> 
     </span>
    </p>
   </div>
   <div class='ocr_carea' id='block_1_6' title="bbox 69 1642 1832 4468">
    <p class='ocr_par' dir='ltr' id='par_1_8' title="bbox 69 1642 1832 4468">
     <span class='ocr_line' id='line_1_32' title="bbox 75 1642 1830 1745; baseline -0.001 -15"><span class='ocrx_word' id='word_1_227' title='bbox 75 1673 246 1731; x_wconf 77' lang='lat' dir='ltr'>decantent:</span> <span class='ocrx_word' id='word_1_228' title='bbox 278 1697 289 1725; x_wconf 80' lang='grc' dir='ltr'>ι</span> <span class='ocrx_word' id='word_1_229' title='bbox 321 1674 492 1745; x_wconf 75' lang='lat' dir='ltr'>congregati</span> <span class='ocrx_word' id='word_1_230' title='bbox 528 1681 597 1731; x_wconf 92' lang='lat' dir='ltr'>sunt</span> <span class='ocrx_word' id='word_1_231' title='bbox 627 1675 735 1731; x_wconf 91' lang='lat' dir='ltr'>inimici</span> <span class='ocrx_word' id='word_1_232' title='bbox 763 1677 865 1743; x_wconf 90' lang='lat' dir='ltr'>nostri,</span> <span class='ocrx_word' id='word_1_233' title='bbox 897 1642 965 1732; x_wconf 79' lang='lat' dir='ltr'>etB</span> <span class='ocrx_word' id='word_1_234' title='bbox 980 1689 1055 1745; x_wconf 92' lang='lat' dir='ltr'>quas</span> <span class='ocrx_word' id='word_1_235' title='bbox 1081 1675 1307 1745; x_wconf 71' lang='lat' dir='ltr'>prelibavimus,</span> <span class='ocrx_word' id='word_1_236' title='bbox 1336 1673 1529 1744; x_wconf 83' lang='lat' dir='ltr'>subjiceretur</span> <span class='ocrx_word' id='word_1_237' title='bbox 1554 1673 1660 1740; x_wconf 91' lang='lat' dir='ltr'>exitiis,</span> <span class='ocrx_word' id='word_1_238' title='bbox 1682 1673 1756 1730; x_wconf 91' lang='lat' dir='ltr'>idem</span> <span class='ocrx_word' id='word_1_239' title='bbox 1779 1673 1830 1729; x_wconf 91' lang='lat' dir='ltr'>ite-</span> 
     </span>
     <span class='ocr_line' id='line_1_33' title="bbox 76 1760 1830 1834; baseline -0.001 -15"><span class='ocrx_word' id='word_1_240' title='bbox 76 1762 242 1834; x_wconf 90' lang='lat' dir='ltr'>gloriantur</span> <span class='ocrx_word' id='word_1_241' title='bbox 256 1765 286 1820; x_wconf 94' lang='lat' dir='ltr'>in</span> <span class='ocrx_word' id='word_1_242' title='bbox 302 1763 408 1820; x_wconf 89' lang='lat' dir='ltr'>virtute</span> <span class='ocrx_word' id='word_1_243' title='bbox 422 1777 485 1818; x_wconf 91' lang='lat' dir='ltr'>sua.</span> <span class='ocrx_word' id='word_1_244' title='bbox 514 1762 634 1820; x_wconf 85' lang='lat' dir='ltr'>Contere</span> <span class='ocrx_word' id='word_1_245' title='bbox 650 1762 846 1820; x_wconf 83' lang='lat' dir='ltr'>tortitudinem</span> <span class='ocrx_word' id='word_1_246' title='bbox 863 1762 925 1819; x_wconf 90' lang='lat' dir='ltr'>ilio·</span> <span class='ocrx_word' id='word_1_247' title='bbox 979 1777 1045 1820; x_wconf 92' lang='lat' dir='ltr'>rum</span> <span class='ocrx_word' id='word_1_248' title='bbox 1071 1762 1265 1820; x_wconf 91' lang='lat' dir='ltr'>memorabilis</span> <span class='ocrx_word' id='word_1_249' title='bbox 1301 1761 1456 1832; x_wconf 90' lang='lat' dir='ltr'>apostolus,</span> <span class='ocrx_word' id='word_1_250' title='bbox 1489 1761 1539 1832; x_wconf 92' lang='lat' dir='ltr'>qui</span> <span class='ocrx_word' id='word_1_251' title='bbox 1559 1762 1636 1832; x_wconf 84' lang='lat' dir='ltr'>juste</span> <span class='ocrx_word' id='word_1_252' title='bbox 1658 1760 1830 1818; x_wconf 90' lang='lat' dir='ltr'>omnimodis</span> 
     </span>
     <span class='ocr_line' id='line_1_34' title="bbox 75 1847 1830 1920; baseline -0.002 -13"><span class='ocrx_word' id='word_1_253' title='bbox 75 1861 154 1916; x_wconf 91' lang='lat' dir='ltr'>rum,</span> <span class='ocrx_word' id='word_1_254' title='bbox 170 1847 298 1916; x_wconf 90' lang='lat' dir='ltr'>Domine,</span> <span class='ocrx_word' id='word_1_255' title='bbox 324 1858 351 1904; x_wconf 91' lang='lat' dir='ltr'>et</span> <span class='ocrx_word' id='word_1_256' title='bbox 372 1848 505 1919; x_wconf 83' lang='lat' dir='ltr'>disperge</span> <span class='ocrx_word' id='word_1_257' title='bbox 521 1849 594 1917; x_wconf 91' lang='lat' dir='ltr'>ilios,</span> <span class='ocrx_word' id='word_1_258' title='bbox 611 1856 644 1905; x_wconf 96' lang='lat' dir='ltr'>ut</span> <span class='ocrx_word' id='word_1_259' title='bbox 655 1858 839 1920; x_wconf 87' lang='lat' dir='ltr'>cognoscant,</span> <span class='ocrx_word' id='word_1_260' title='bbox 856 1849 926 1919; x_wconf 91' lang='lat' dir='ltr'>quia</span> <span class='ocrx_word' id='word_1_261' title='bbox 978 1864 1079 1907; x_wconf 91' lang='lat' dir='ltr'>earum</span> <span class='ocrx_word' id='word_1_262' title='bbox 1110 1863 1209 1907; x_wconf 90' lang='lat' dir='ltr'>rerum</span> <span class='ocrx_word' id='word_1_263' title='bbox 1237 1857 1408 1920; x_wconf 92' lang='lat' dir='ltr'>procurator</span> <span class='ocrx_word' id='word_1_264' title='bbox 1433 1849 1493 1905; x_wconf 86' lang='lat' dir='ltr'>heri</span> <span class='ocrx_word' id='word_1_265' title='bbox 1522 1857 1658 1920; x_wconf 89' lang='lat' dir='ltr'>coeperat,</span> <span class='ocrx_word' id='word_1_266' title='bbox 1685 1863 1760 1920; x_wconf 92' lang='lat' dir='ltr'>quas</span> <span class='ocrx_word' id='word_1_267' title='bbox 1791 1849 1830 1905; x_wconf 92' lang='lat' dir='ltr'>ad</span> 
     </span>
     <span class='ocr_line' id='line_1_35' title="bbox 75 1935 1831 2008; baseline -0.001 -15"><span class='ocrx_word' id='word_1_268' title='bbox 75 1944 198 1994; x_wconf 93' lang='lat' dir='ltr'>nonest</span> <span class='ocrx_word' id='word_1_269' title='bbox 223 1936 299 1992; x_wconf 90' lang='lat' dir='ltr'>alius</span> <span class='ocrx_word' id='word_1_270' title='bbox 313 1939 364 2006; x_wconf 90' lang='lat' dir='ltr'>qui</span> <span class='ocrx_word' id='word_1_271' title='bbox 382 1944 489 2006; x_wconf 84' lang='lat' dir='ltr'>pugnet</span> <span class='ocrx_word' id='word_1_272' title='bbox 518 1935 683 2007; x_wconf 86' lang='lat' dir='ltr'>pronubis,</span> <span class='ocrx_word' id='word_1_273' title='bbox 706 1937 762 1992; x_wconf 92' lang='lat' dir='ltr'>nisi</span> <span class='ocrx_word' id='word_1_274' title='bbox 788 1944 820 1993; x_wconf 92' lang='lat' dir='ltr'>tu</span> <span class='ocrx_word' id='word_1_275' title='bbox 851 1937 925 1993; x_wconf 90' lang='lat' dir='ltr'>Deus</span> <span class='ocrx_word' id='word_1_276' title='bbox 977 1938 1140 1995; x_wconf 84' lang='lat' dir='ltr'>charissimi</span> <span class='ocrx_word' id='word_1_277' title='bbox 1160 1938 1256 1995; x_wconf 87' lang='lat' dir='ltr'>tratris</span> <span class='ocrx_word' id='word_1_278' title='bbox 1276 1945 1412 1995; x_wconf 93' lang='lat' dir='ltr'>ornatum</span> <span class='ocrx_word' id='word_1_279' title='bbox 1436 1936 1539 1993; x_wconf 92' lang='lat' dir='ltr'>domus</span> <span class='ocrx_word' id='word_1_280' title='bbox 1564 1938 1707 2006; x_wconf 91' lang='lat' dir='ltr'>pertinere</span> <span class='ocrx_word' id='word_1_281' title='bbox 1725 1950 1831 2008; x_wconf 92' lang='lat' dir='ltr'>cogno·</span> 
     </span>
     <span class='ocr_line' id='line_1_36' title="bbox 75 2023 1828 2095; baseline 0.001 -15"><span class='ocrx_word' id='word_1_282' title='bbox 75 2032 185 2081; x_wconf 88' lang='lat' dir='ltr'>noster.</span> <span class='ocrx_word' id='word_1_283' title='bbox 213 2023 348 2093; x_wconf 74' lang='lat' dir='ltr'>Disperge</span> <span class='ocrx_word' id='word_1_284' title='bbox 375 2023 436 2079; x_wconf 93' lang='lat' dir='ltr'>illos</span> <span class='ocrx_word' id='word_1_285' title='bbox 450 2023 481 2079; x_wconf 94' lang='lat' dir='ltr'>in</span> <span class='ocrx_word' id='word_1_286' title='bbox 495 2023 602 2081; x_wconf 88' lang='lat' dir='ltr'>virtute</span> <span class='ocrx_word' id='word_1_287' title='bbox 617 2032 675 2087; x_wconf 88' lang='lat' dir='ltr'>tua.</span> <span class='ocrx_word' id='word_1_288' title='bbox 690 2031 718 2080; x_wconf 91' lang='lat' dir='ltr'>et</span> <span class='ocrx_word' id='word_1_289' title='bbox 732 2025 847 2081; x_wconf 92' lang='lat' dir='ltr'>destrue</span> <span class='ocrx_word' id='word_1_290' title='bbox 865 2039 923 2092; x_wconf 88' lang='lat' dir='ltr'>eos,</span> <span class='ocrx_word' id='word_1_291' title='bbox 978 2035 1068 2095; x_wconf 82' lang='lat' dir='ltr'>verat,</span> <span class='ocrx_word' id='word_1_292' title='bbox 1100 2027 1206 2083; x_wconf 92' lang='lat' dir='ltr'>homini</span> <span class='ocrx_word' id='word_1_293' title='bbox 1233 2025 1273 2081; x_wconf 92' lang='lat' dir='ltr'>ilii</span> <span class='ocrx_word' id='word_1_294' title='bbox 1297 2025 1380 2081; x_wconf 87' lang='lat' dir='ltr'>Petro</span> <span class='ocrx_word' id='word_1_295' title='bbox 1399 2038 1503 2081; x_wconf 89' lang='lat' dir='ltr'>rursus</span> <span class='ocrx_word' id='word_1_296' title='bbox 1513 2025 1648 2094; x_wconf 88' lang='lat' dir='ltr'>apparuit</span> <span class='ocrx_word' id='word_1_297' title='bbox 1665 2039 1672 2078; x_wconf 90' lang='lat'>:</span> <span class='ocrx_word' id='word_1_298' title='bbox 1699 2023 1828 2093; x_wconf 82' lang='lat' dir='ltr'>«Quare,</span> 
     </span>
     <span class='ocr_line' id='line_1_37' title="bbox 75 2110 1829 2185; baseline -0.002 -16"><span class='ocrx_word' id='word_1_299' title='bbox 75 2120 219 2182; x_wconf 90' lang='lat' dir='ltr'>protector</span> <span class='ocrx_word' id='word_1_300' title='bbox 247 2119 344 2168; x_wconf 88' lang='lat' dir='ltr'>noster</span> <span class='ocrx_word' id='word_1_301' title='bbox 357 2112 516 2169; x_wconf 86' lang='lat' dir='ltr'>Domine.»</span> <span class='ocrx_word' id='word_1_302' title='bbox 542 2112 651 2178; x_wconf 86' lang='lat' dir='ltr'>Quibus</span> <span class='ocrx_word' id='word_1_303' title='bbox 666 2114 803 2182; x_wconf 91' lang='lat' dir='ltr'>peroratis</span> <span class='ocrx_word' id='word_1_304' title='bbox 822 2113 925 2184; x_wconf 88' lang='lat' dir='ltr'>adjecit</span> <span class='ocrx_word' id='word_1_305' title='bbox 980 2115 1084 2185; x_wconf 92' lang='lat' dir='ltr'>inquit,</span> <span class='ocrx_word' id='word_1_306' title='bbox 1114 2113 1248 2171; x_wconf 91' lang='lat' dir='ltr'>distulisti</span> <span class='ocrx_word' id='word_1_307' title='bbox 1270 2112 1453 2169; x_wconf 74' lang='lat' dir='ltr'>manifestare</span> <span class='ocrx_word' id='word_1_308' title='bbox 1474 2111 1552 2182; x_wconf 94' lang='lat' dir='ltr'>quod</span> <span class='ocrx_word' id='word_1_309' title='bbox 1578 2111 1742 2182; x_wconf 74' lang='lat' dir='ltr'>jusseram?</span> <span class='ocrx_word' id='word_1_310' title='bbox 1755 2110 1829 2167; x_wconf 80' lang='lat' dir='ltr'>cnm</span> 
     </span>
     <span class='ocr_line' id='line_1_38' title="bbox 76 2199 1828 2271; baseline -0.001 -14"><span class='ocrx_word' id='word_1_311' title='bbox 76 2200 246 2271; x_wconf 89' lang='lat' dir='ltr'>presbyter:</span> <span class='ocrx_word' id='word_1_312' title='bbox 262 2221 276 2249; x_wconf 77' lang='grc' dir='ltr'>ι</span> <span class='ocrx_word' id='word_1_313' title='bbox 293 2199 321 2256; x_wconf 91' lang='lat' dir='ltr'>Si</span> <span class='ocrx_word' id='word_1_314' title='bbox 335 2199 370 2256; x_wconf 92' lang='lat' dir='ltr'>de</span> <span class='ocrx_word' id='word_1_315' title='bbox 387 2201 431 2256; x_wconf 92' lang='lat' dir='ltr'>his</span> <span class='ocrx_word' id='word_1_316' title='bbox 444 2214 510 2270; x_wconf 82' lang='lat' dir='ltr'>quae</span> <span class='ocrx_word' id='word_1_317' title='bbox 525 2201 688 2268; x_wconf 90' lang='lat' dir='ltr'>dictasunt,</span> <span class='ocrx_word' id='word_1_318' title='bbox 705 2200 804 2270; x_wconf 90' lang='lat' dir='ltr'>aliqua</span> <span class='ocrx_word' id='word_1_319' title='bbox 824 2202 925 2257; x_wconf 87' lang='lat' dir='ltr'>restris</span> <span class='ocrx_word' id='word_1_320' title='bbox 978 2201 1077 2259; x_wconf 88' lang='lat' dir='ltr'>videas</span> <span class='ocrx_word' id='word_1_321' title='bbox 1093 2209 1158 2258; x_wconf 93' lang='lat' dir='ltr'>tnos</span> <span class='ocrx_word' id='word_1_322' title='bbox 1173 2202 1241 2257; x_wconf 92' lang='lat' dir='ltr'>hinc</span> <span class='ocrx_word' id='word_1_323' title='bbox 1268 2201 1430 2256; x_wconf 90' lang='lat' dir='ltr'>inediarum</span> <span class='ocrx_word' id='word_1_324' title='bbox 1453 2199 1608 2270; x_wconf 91' lang='lat' dir='ltr'>periclitari</span> <span class='ocrx_word' id='word_1_325' title='bbox 1638 2199 1828 2268; x_wconf 90' lang='lat' dir='ltr'>incommodo,</span> 
     </span>
     <span class='ocr_line' id='line_1_39' title="bbox 75 2287 1829 2359; baseline -0.001 -13"><span class='ocrx_word' id='word_1_326' title='bbox 75 2287 182 2346; x_wconf 86' lang='lat' dir='ltr'>animis</span> <span class='ocrx_word' id='word_1_327' title='bbox 195 2288 294 2357; x_wconf 90' lang='lat' dir='ltr'>irrepit</span> <span class='ocrx_word' id='word_1_328' title='bbox 304 2288 489 2359; x_wconf 87' lang='lat' dir='ltr'>ambiguitas,</span> <span class='ocrx_word' id='word_1_329' title='bbox 503 2302 573 2359; x_wconf 89' lang='lat' dir='ltr'>ergo</span> <span class='ocrx_word' id='word_1_330' title='bbox 581 2289 610 2344; x_wconf 95' lang='lat' dir='ltr'>in</span> <span class='ocrx_word' id='word_1_331' title='bbox 625 2289 712 2359; x_wconf 77' lang='lat' dir='ltr'>huius</span> <span class='ocrx_word' id='word_1_332' title='bbox 723 2289 837 2345; x_wconf 91' lang='lat' dir='ltr'>nomine</span> <span class='ocrx_word' id='word_1_333' title='bbox 851 2290 924 2346; x_wconf 87' lang='lat' dir='ltr'>veri·</span> <span class='ocrx_word' id='word_1_334' title='bbox 979 2289 1058 2346; x_wconf 90' lang='lat' dir='ltr'>illinc</span> <span class='ocrx_word' id='word_1_335' title='bbox 1072 2290 1173 2347; x_wconf 84' lang='lat' dir='ltr'>ancis</span> <span class='ocrx_word' id='word_1_336' title='bbox 1199 2288 1407 2357; x_wconf 89' lang='lat' dir='ltr'>insistentibus,</span> <span class='ocrx_word' id='word_1_337' title='bbox 1433 2287 1521 2344; x_wconf 76' lang='lat' dir='ltr'>lovere</span> <span class='ocrx_word' id='word_1_338' title='bbox 1541 2287 1601 2357; x_wconf 88' lang='lat' dir='ltr'>jam</span> <span class='ocrx_word' id='word_1_339' title='bbox 1621 2287 1829 2357; x_wconf 91' lang='lat' dir='ltr'>propemodum</span> 
     </span>
     <span class='ocr_line' id='line_1_40' title="bbox 75 2375 1828 2447; baseline -0.001 -15"><span class='ocrx_word' id='word_1_340' title='bbox 75 2376 154 2443; x_wconf 90' lang='lat' dir='ltr'>tatis,</span> <span class='ocrx_word' id='word_1_341' title='bbox 176 2375 342 2445; x_wconf 88' lang='lat' dir='ltr'>cuicunque</span> <span class='ocrx_word' id='word_1_342' title='bbox 371 2375 518 2431; x_wconf 86' lang='lat' dir='ltr'>volueritis</span> <span class='ocrx_word' id='word_1_343' title='bbox 545 2389 589 2431; x_wconf 88' lang='lat' dir='ltr'>me</span> <span class='ocrx_word' id='word_1_344' title='bbox 603 2375 730 2431; x_wconf 85' lang='lat' dir='ltr'>examini</span> <span class='ocrx_word' id='word_1_345' title='bbox 746 2375 792 2431; x_wconf 86' lang='lat' dir='ltr'>rel</span> <span class='ocrx_word' id='word_1_346' title='bbox 805 2375 924 2446; x_wconf 83' lang='lat' dir='ltr'>judicio,</span> <span class='ocrx_word' id='word_1_347' title='bbox 979 2377 1184 2447; x_wconf 74' lang='lat' dir='ltr'>desperationis</span> <span class='ocrx_word' id='word_1_348' title='bbox 1208 2377 1295 2444; x_wconf 90' lang='lat' dir='ltr'>illabi,</span> <span class='ocrx_word' id='word_1_349' title='bbox 1320 2390 1435 2446; x_wconf 80' lang='lat' dir='ltr'>eaquae</span> <span class='ocrx_word' id='word_1_350' title='bbox 1450 2390 1495 2432; x_wconf 91' lang='lat' dir='ltr'>me</span> <span class='ocrx_word' id='word_1_351' title='bbox 1522 2375 1734 2446; x_wconf 78' lang='lat' dir='ltr'>prenuntianto</span> <span class='ocrx_word' id='word_1_352' title='bbox 1755 2375 1828 2432; x_wconf 90' lang='lat' dir='ltr'>didi·</span> 
     </span>
     <span class='ocr_line' id='line_1_41' title="bbox 76 2462 1829 2536; baseline -0.001 -14"><span class='ocrx_word' id='word_1_353' title='bbox 76 2479 129 2522; x_wconf 89' lang='lat' dir='ltr'>seu</span> <span class='ocrx_word' id='word_1_354' title='bbox 144 2464 219 2536; x_wconf 90' lang='lat' dir='ltr'>ignis</span> <span class='ocrx_word' id='word_1_355' title='bbox 233 2477 284 2520; x_wconf 90' lang='lat' dir='ltr'>seu</span> <span class='ocrx_word' id='word_1_356' title='bbox 308 2462 469 2533; x_wconf 81' lang='lat' dir='ltr'>praecipitii,</span> <span class='ocrx_word' id='word_1_357' title='bbox 494 2462 577 2532; x_wconf 91' lang='lat' dir='ltr'>plena</span> <span class='ocrx_word' id='word_1_358' title='bbox 593 2462 647 2518; x_wconf 88' lang='lat' dir='ltr'>lide</span> <span class='ocrx_word' id='word_1_359' title='bbox 666 2462 846 2529; x_wconf 90' lang='lat' dir='ltr'>submittam,</span> <span class='ocrx_word' id='word_1_360' title='bbox 860 2471 887 2519; x_wconf 90' lang='lat' dir='ltr'>et</span> <span class='ocrx_word' id='word_1_361' title='bbox 901 2463 925 2518; x_wconf 92' lang='lat' dir='ltr'>si</span> <span class='ocrx_word' id='word_1_362' title='bbox 978 2478 1069 2530; x_wconf 88' lang='lat' dir='ltr'>ceras,</span> <span class='ocrx_word' id='word_1_363' title='bbox 1093 2465 1161 2535; x_wconf 91' lang='lat' dir='ltr'>ipsis</span> <span class='ocrx_word' id='word_1_364' title='bbox 1181 2464 1328 2521; x_wconf 85' lang='lat' dir='ltr'>notiuoaro</span> <span class='ocrx_word' id='word_1_365' title='bbox 1353 2463 1502 2532; x_wconf 86' lang='lat' dir='ltr'>debueras,</span> <span class='ocrx_word' id='word_1_366' title='bbox 1522 2478 1587 2519; x_wconf 89' lang='lat' dir='ltr'>eum</span> <span class='ocrx_word' id='word_1_367' title='bbox 1614 2462 1715 2532; x_wconf 90' lang='lat' dir='ltr'>procul</span> <span class='ocrx_word' id='word_1_368' title='bbox 1740 2463 1829 2520; x_wconf 92' lang='lat' dir='ltr'>dubio</span> 
     </span>
     <span class='ocr_line' id='line_1_42' title="bbox 75 2551 1829 2623; baseline -0.002 -13"><span class='ocrx_word' id='word_1_369' title='bbox 75 2552 142 2610; x_wconf 76' lang='lat' dir='ltr'>laedi</span> <span class='ocrx_word' id='word_1_370' title='bbox 170 2566 215 2608; x_wconf 90' lang='lat' dir='ltr'>me</span> <span class='ocrx_word' id='word_1_371' title='bbox 239 2553 401 2622; x_wconf 88' lang='lat' dir='ltr'>eontigerit,</span> <span class='ocrx_word' id='word_1_372' title='bbox 422 2551 536 2607; x_wconf 81' lang='lat' dir='ltr'>lesione</span> <span class='ocrx_word' id='word_1_373' title='bbox 566 2564 636 2606; x_wconf 85' lang='lat' dir='ltr'>meae</span> <span class='ocrx_word' id='word_1_374' title='bbox 651 2551 820 2606; x_wconf 88' lang='lat' dir='ltr'>atrociorem</span> <span class='ocrx_word' id='word_1_375' title='bbox 836 2564 925 2621; x_wconf 91' lang='lat' dir='ltr'>quam</span> <span class='ocrx_word' id='word_1_376' title='bbox 978 2567 1026 2610; x_wconf 91' lang='lat' dir='ltr'>eos</span> <span class='ocrx_word' id='word_1_377' title='bbox 1040 2553 1113 2609; x_wconf 90' lang='lat' dir='ltr'>scire</span> <span class='ocrx_word' id='word_1_378' title='bbox 1136 2552 1298 2616; x_wconf 90' lang='lat' dir='ltr'>conveniat,</span> <span class='ocrx_word' id='word_1_379' title='bbox 1317 2552 1387 2623; x_wconf 92' lang='lat' dir='ltr'>quia</span> <span class='ocrx_word' id='word_1_380' title='bbox 1414 2565 1591 2623; x_wconf 91' lang='lat' dir='ltr'>quocunque</span> <span class='ocrx_word' id='word_1_381' title='bbox 1603 2551 1731 2608; x_wconf 87' lang='lat' dir='ltr'>lanceam</span> <span class='ocrx_word' id='word_1_382' title='bbox 1745 2564 1829 2608; x_wconf 91' lang='lat' dir='ltr'>eam-</span> 
     </span>
     <span class='ocr_line' id='line_1_43' title="bbox 76 2639 1823 2711; baseline -0.001 -14"><span class='ocrx_word' id='word_1_383' title='bbox 76 2642 192 2710; x_wconf 90' lang='lat' dir='ltr'>potestis</span> <span class='ocrx_word' id='word_1_384' title='bbox 206 2640 302 2696; x_wconf 89' lang='lat' dir='ltr'>addite</span> <span class='ocrx_word' id='word_1_385' title='bbox 313 2653 466 2710; x_wconf 76' lang='lat' dir='ltr'>pinnam.»</span> <span class='ocrx_word' id='word_1_386' title='bbox 489 2641 526 2695; x_wconf 85' lang='lat' dir='ltr'>At</span> <span class='ocrx_word' id='word_1_387' title='bbox 541 2639 587 2694; x_wconf 90' lang='lat' dir='ltr'>vir</span> <span class='ocrx_word' id='word_1_388' title='bbox 603 2639 797 2710; x_wconf 89' lang='lat' dir='ltr'>undecunque</span> <span class='ocrx_word' id='word_1_389' title='bbox 811 2639 926 2695; x_wconf 90' lang='lat' dir='ltr'>canoni·</span> <span class='ocrx_word' id='word_1_390' title='bbox 979 2642 1043 2698; x_wconf 92' lang='lat' dir='ltr'>dem</span> <span class='ocrx_word' id='word_1_391' title='bbox 1071 2640 1250 2711; x_wconf 89' lang='lat' dir='ltr'>pertulerint,</span> <span class='ocrx_word' id='word_1_392' title='bbox 1282 2641 1403 2697; x_wconf 90' lang='lat' dir='ltr'>victoria</span> <span class='ocrx_word' id='word_1_393' title='bbox 1432 2641 1487 2697; x_wconf 90' lang='lat' dir='ltr'>sibi</span> <span class='ocrx_word' id='word_1_394' title='bbox 1514 2648 1592 2696; x_wconf 91' lang='lat' dir='ltr'>certa</span> <span class='ocrx_word' id='word_1_395' title='bbox 1623 2640 1784 2710; x_wconf 86' lang='lat' dir='ltr'>proveniat.</span> <span class='ocrx_word' id='word_1_396' title='bbox 1811 2660 1823 2689; x_wconf 82' lang='grc' dir='ltr'>ι</span> 
     </span>
     <span class='ocr_line' id='line_1_44' title="bbox 74 2727 1828 2800; baseline -0.001 -15"><span class='ocrx_word' id='word_1_397' title='bbox 74 2743 129 2786; x_wconf 92' lang='lat' dir='ltr'>cus</span> <span class='ocrx_word' id='word_1_398' title='bbox 143 2729 288 2785; x_wconf 87' lang='lat' dir='ltr'>Podiensis</span> <span class='ocrx_word' id='word_1_399' title='bbox 308 2728 465 2797; x_wconf 91' lang='lat' dir='ltr'>episcopus,</span> <span class='ocrx_word' id='word_1_400' title='bbox 482 2727 639 2800; x_wconf 81' lang='lat' dir='ltr'>Evangelia</span> <span class='ocrx_word' id='word_1_401' title='bbox 651 2728 733 2798; x_wconf 81' lang='lat' dir='ltr'>jubet</span> <span class='ocrx_word' id='word_1_402' title='bbox 752 2741 927 2798; x_wconf 82' lang='lat' dir='ltr'>crucemque</span> <span class='ocrx_word' id='word_1_403' title='bbox 979 2729 1042 2797; x_wconf 85' lang='lat' dir='ltr'>Qua</span> <span class='ocrx_word' id='word_1_404' title='bbox 1064 2729 1182 2798; x_wconf 92' lang='lat' dir='ltr'>apostoli</span> <span class='ocrx_word' id='word_1_405' title='bbox 1212 2729 1407 2785; x_wconf 89' lang='lat' dir='ltr'>admonitione</span> <span class='ocrx_word' id='word_1_406' title='bbox 1436 2728 1561 2785; x_wconf 93' lang='lat' dir='ltr'>secundo</span> <span class='ocrx_word' id='word_1_407' title='bbox 1594 2729 1705 2796; x_wconf 91' lang='lat' dir='ltr'>habita,</span> <span class='ocrx_word' id='word_1_408' title='bbox 1722 2727 1828 2784; x_wconf 89' lang='lat' dir='ltr'>nostris</span> 
     </span>
     <span class='ocr_line' id='line_1_45' title="bbox 76 2815 1827 2886; baseline -0.001 -13"><span class='ocrx_word' id='word_1_409' title='bbox 76 2815 924 2886; x_wconf 81' lang='lat' dir='ltr'>deterri,quatenusverbajejnshdosastrneretsanramenti.</span> <span class='ocrx_word' id='word_1_410' title='bbox 979 2817 1065 2886; x_wconf 84' lang='lat' dir='ltr'>ompit</span> <span class='ocrx_word' id='word_1_411' title='bbox 1088 2817 1243 2873; x_wconf 90' lang='lat' dir='ltr'>verborum</span> <span class='ocrx_word' id='word_1_412' title='bbox 1268 2831 1334 2886; x_wconf 85' lang='lat' dir='ltr'>quae</span> <span class='ocrx_word' id='word_1_413' title='bbox 1367 2816 1396 2872; x_wconf 93' lang='lat' dir='ltr'>in</span> <span class='ocrx_word' id='word_1_414' title='bbox 1424 2816 1534 2872; x_wconf 90' lang='lat' dir='ltr'>risione</span> <span class='ocrx_word' id='word_1_415' title='bbox 1563 2815 1696 2872; x_wconf 90' lang='lat' dir='ltr'>andierat</span> <span class='ocrx_word' id='word_1_416' title='bbox 1724 2815 1827 2872; x_wconf 89' lang='lat' dir='ltr'>seriem</span> 
     </span>
     <span class='ocr_line' id='line_1_46' title="bbox 114 2901 1826 2980; baseline -0.001 -21"><span class='ocrx_word' id='word_1_417' title='bbox 114 2905 231 2975; x_wconf 81' lang='lat' dir='ltr'>[livill]</span> <span class='ocrx_word' id='word_1_418' title='bbox 246 2904 412 2959; x_wconf 76' lang='lat' dir='ltr'>obsessione</span> <span class='ocrx_word' id='word_1_419' title='bbox 426 2902 515 2958; x_wconf 82' lang='lat' dir='ltr'>cincti</span> <span class='ocrx_word' id='word_1_420' title='bbox 529 2903 601 2965; x_wconf 82' lang='lat' dir='ltr'>forti</span> <span class='ocrx_word' id='word_1_421' title='bbox 626 2903 924 2974; x_wconf 75' lang='lat' dir='ltr'>onimojrttmoame-</span> <span class='ocrx_word' id='word_1_422' title='bbox 944 2905 1147 2980; x_wconf 73' lang='lat' dir='ltr'>gpraedicare.</span> <span class='ocrx_word' id='word_1_423' title='bbox 1175 2904 1303 2974; x_wconf 88' lang='lat' dir='ltr'>Populus</span> <span class='ocrx_word' id='word_1_424' title='bbox 1330 2912 1427 2961; x_wconf 92' lang='lat' dir='ltr'>autem</span> <span class='ocrx_word' id='word_1_425' title='bbox 1455 2903 1580 2959; x_wconf 89' lang='lat' dir='ltr'>hominis</span> <span class='ocrx_word' id='word_1_426' title='bbox 1601 2903 1678 2958; x_wconf 92' lang='lat' dir='ltr'>dicta</span> <span class='ocrx_word' id='word_1_427' title='bbox 1692 2901 1826 2958; x_wconf 88' lang='lat' dir='ltr'>reverbe-</span> 
     </span>
     <span class='ocr_line' id='line_1_47' title="bbox 76 2988 1829 3064; baseline -0.001 -17"><span class='ocrx_word' id='word_1_428' title='bbox 76 2993 241 3062; x_wconf 81' lang='lat' dir='ltr'>tuojaront</span> <span class='ocrx_word' id='word_1_429' title='bbox 255 2993 350 3047; x_wconf 82' lang='lat' dir='ltr'>dacer.</span> <span class='ocrx_word' id='word_1_430' title='bbox 371 3020 402 3032; x_wconf 92' lang='lat'><em>-</em></span> <span class='ocrx_word' id='word_1_431' title='bbox 428 2992 479 3046; x_wconf 89' lang='lat' dir='ltr'>ilis</span> <span class='ocrx_word' id='word_1_432' title='bbox 501 2992 622 3061; x_wconf 91' lang='lat' dir='ltr'>peractis</span> <span class='ocrx_word' id='word_1_433' title='bbox 648 2993 791 3061; x_wconf 90' lang='lat' dir='ltr'>extemplo</span> <span class='ocrx_word' id='word_1_434' title='bbox 817 2992 923 3063; x_wconf 89' lang='lat' dir='ltr'>princi·</span> <span class='ocrx_word' id='word_1_435' title='bbox 978 3007 1055 3060; x_wconf 89' lang='lat' dir='ltr'>rans,</span> <span class='ocrx_word' id='word_1_436' title='bbox 1068 2992 1207 3049; x_wconf 90' lang='lat' dir='ltr'>mendacii</span> <span class='ocrx_word' id='word_1_437' title='bbox 1232 2991 1325 3048; x_wconf 92' lang='lat' dir='ltr'>simile</span> <span class='ocrx_word' id='word_1_438' title='bbox 1348 2992 1418 3064; x_wconf 93' lang='lat' dir='ltr'>quid</span> <span class='ocrx_word' id='word_1_439' title='bbox 1436 2990 1587 3060; x_wconf 91' lang='lat' dir='ltr'>putabant,</span> <span class='ocrx_word' id='word_1_440' title='bbox 1605 2989 1735 3060; x_wconf 89' lang='lat' dir='ltr'>undiquc</span> <span class='ocrx_word' id='word_1_441' title='bbox 1750 2988 1829 3046; x_wconf 91' lang='lat' dir='ltr'>enim</span> 
     </span>
     <span class='ocr_line' id='line_1_48' title="bbox 75 3078 1830 3153; baseline -0.001 -16"><span class='ocrx_word' id='word_1_442' title='bbox 75 3094 138 3152; x_wconf 89' lang='lat' dir='ltr'>pes,</span> <span class='ocrx_word' id='word_1_443' title='bbox 163 3081 374 3137; x_wconf 90' lang='lat' dir='ltr'>communicato</span> <span class='ocrx_word' id='word_1_444' title='bbox 395 3079 523 3147; x_wconf 91' lang='lat' dir='ltr'>consilio,</span> <span class='ocrx_word' id='word_1_445' title='bbox 549 3087 650 3136; x_wconf 91' lang='lat' dir='ltr'>mutuo</span> <span class='ocrx_word' id='word_1_446' title='bbox 673 3079 726 3136; x_wconf 92' lang='lat' dir='ltr'>sihi</span> <span class='ocrx_word' id='word_1_447' title='bbox 745 3088 925 3137; x_wconf 91' lang='lat' dir='ltr'>sacramenta</span> <span class='ocrx_word' id='word_1_448' title='bbox 978 3097 1026 3139; x_wconf 92' lang='lat' dir='ltr'>eos</span> <span class='ocrx_word' id='word_1_449' title='bbox 1054 3081 1353 3153; x_wconf 83' lang='lat' dir='ltr'>circumcingentibus</span> <span class='ocrx_word' id='word_1_450' title='bbox 1374 3080 1466 3144; x_wconf 90' lang='lat' dir='ltr'>maiis,</span> <span class='ocrx_word' id='word_1_451' title='bbox 1494 3093 1574 3149; x_wconf 89' lang='lat' dir='ltr'>spem</span> <span class='ocrx_word' id='word_1_452' title='bbox 1604 3078 1734 3149; x_wconf 92' lang='lat' dir='ltr'>aliquam</span> <span class='ocrx_word' id='word_1_453' title='bbox 1765 3078 1830 3148; x_wconf 87' lang='lat' dir='ltr'>ejus</span> 
     </span>
     <span class='ocr_line' id='line_1_49' title="bbox 74 3164 1828 3239; baseline -0.002 -14"><span class='ocrx_word' id='word_1_454' title='bbox 74 3169 227 3233; x_wconf 87' lang='lat' dir='ltr'>dederunt,</span> <span class='ocrx_word' id='word_1_455' title='bbox 243 3169 322 3239; x_wconf 92' lang='lat' dir='ltr'>qnod</span> <span class='ocrx_word' id='word_1_456' title='bbox 342 3168 473 3225; x_wconf 89' lang='lat' dir='ltr'>scilicet:</span> <span class='ocrx_word' id='word_1_457' title='bbox 497 3189 511 3218; x_wconf 79' lang='grc' dir='ltr'>ι</span> <span class='ocrx_word' id='word_1_458' title='bbox 527 3168 627 3239; x_wconf 89' lang='lat' dir='ltr'>Neque</span> <span class='ocrx_word' id='word_1_459' title='bbox 643 3182 728 3235; x_wconf 92' lang='lat' dir='ltr'>mors,</span> <span class='ocrx_word' id='word_1_460' title='bbox 749 3183 843 3239; x_wconf 91' lang='lat' dir='ltr'>neque</span> <span class='ocrx_word' id='word_1_461' title='bbox 865 3170 926 3226; x_wconf 92' lang='lat' dir='ltr'>vita</span> <span class='ocrx_word' id='word_1_462' title='bbox 978 3171 1128 3239; x_wconf 91' lang='lat' dir='ltr'>concipere</span> <span class='ocrx_word' id='word_1_463' title='bbox 1143 3170 1184 3227; x_wconf 89' lang='lat' dir='ltr'>rei</span> <span class='ocrx_word' id='word_1_464' title='bbox 1209 3168 1376 3225; x_wconf 89' lang='lat' dir='ltr'>nullatenus</span> <span class='ocrx_word' id='word_1_465' title='bbox 1399 3174 1540 3238; x_wconf 92' lang='lat' dir='ltr'>poterant.</span> <span class='ocrx_word' id='word_1_466' title='bbox 1557 3167 1595 3224; x_wconf 78' lang='lat' dir='ltr'>At</span> <span class='ocrx_word' id='word_1_467' title='bbox 1621 3165 1667 3222; x_wconf 91' lang='lat' dir='ltr'>ille</span> <span class='ocrx_word' id='word_1_468' title='bbox 1682 3164 1828 3237; x_wconf 88' lang='lat' dir='ltr'>pertinax,</span> 
     </span>
     <span class='ocr_line' id='line_1_50' title="bbox 74 3252 1828 3329; baseline -0.002 -17"><span class='ocrx_word' id='word_1_469' title='bbox 74 3265 201 3327; x_wconf 86' lang='lat' dir='ltr'>acmpta</span> <span class='ocrx_word' id='word_1_470' title='bbox 224 3271 272 3312; x_wconf 90' lang='lat' dir='ltr'>eos</span> <span class='ocrx_word' id='word_1_471' title='bbox 289 3256 453 3312; x_wconf 82' lang='lat' dir='ltr'>detonsione</span> <span class='ocrx_word' id='word_1_472' title='bbox 475 3255 621 3326; x_wconf 86' lang='lat' dir='ltr'>sulingere</span> <span class='ocrx_word' id='word_1_473' title='bbox 642 3264 765 3329; x_wconf 87' lang='lat' dir='ltr'>cogeret,</span> <span class='ocrx_word' id='word_1_474' title='bbox 796 3264 925 3328; x_wconf 91' lang='lat' dir='ltr'>quanta·</span> <span class='ocrx_word' id='word_1_475' title='bbox 980 3266 1008 3314; x_wconf 89' lang='lat' dir='ltr'>ct</span> <span class='ocrx_word' id='word_1_476' title='bbox 1049 3272 1086 3315; x_wconf 90' lang='lat' dir='ltr'>ex</span> <span class='ocrx_word' id='word_1_477' title='bbox 1131 3257 1277 3328; x_wconf 92' lang='lat' dir='ltr'>apostolici</span> <span class='ocrx_word' id='word_1_478' title='bbox 1319 3255 1459 3312; x_wconf 89' lang='lat' dir='ltr'>sermonis</span> <span class='ocrx_word' id='word_1_479' title='bbox 1496 3254 1667 3311; x_wconf 87' lang='lat' dir='ltr'>auctoritate</span> <span class='ocrx_word' id='word_1_480' title='bbox 1702 3252 1828 3322; x_wconf 89' lang='lat' dir='ltr'>solidior,</span> 
     </span>
     <span class='ocr_line' id='line_1_51' title="bbox 74 3340 1829 3417; baseline -0.003 -16"><span class='ocrx_word' id='word_1_481' title='bbox 74 3359 193 3416; x_wconf 89' lang='lat' dir='ltr'>cunque</span> <span class='ocrx_word' id='word_1_482' title='bbox 217 3345 261 3401; x_wconf 88' lang='lat' dir='ltr'>vel</span> <span class='ocrx_word' id='word_1_483' title='bbox 286 3346 362 3414; x_wconf 92' lang='lat' dir='ltr'>ipsos</span> <span class='ocrx_word' id='word_1_484' title='bbox 392 3344 490 3415; x_wconf 91' lang='lat' dir='ltr'>urgeri</span> <span class='ocrx_word' id='word_1_485' title='bbox 513 3344 680 3401; x_wconf 90' lang='lat' dir='ltr'>necessitate</span> <span class='ocrx_word' id='word_1_486' title='bbox 705 3345 922 3417; x_wconf 77' lang='lat' dir='ltr'>contingeret.»</span> <span class='ocrx_word' id='word_1_487' title='bbox 978 3346 1160 3402; x_wconf 85' lang='lat' dir='ltr'>asseverabat</span> <span class='ocrx_word' id='word_1_488' title='bbox 1199 3344 1253 3402; x_wconf 87' lang='lat' dir='ltr'>sihi</span> <span class='ocrx_word' id='word_1_489' title='bbox 1287 3345 1457 3414; x_wconf 88' lang='lat' dir='ltr'>apparuisse</span> <span class='ocrx_word' id='word_1_490' title='bbox 1492 3340 1653 3413; x_wconf 89' lang='lat' dir='ltr'>apostolum</span> <span class='ocrx_word' id='word_1_491' title='bbox 1678 3341 1774 3398; x_wconf 91' lang='lat' dir='ltr'>ethis</span> <span class='ocrx_word' id='word_1_492' title='bbox 1800 3340 1829 3395; x_wconf 91' lang='lat' dir='ltr'>in</span> 
     </span>
     <span class='ocr_line' id='line_1_52' title="bbox 73 3427 1831 3505; baseline -0.005 -15"><span class='ocrx_word' id='word_1_493' title='bbox 73 3431 171 3490; x_wconf 87' lang='lat' dir='ltr'>Primo</span> <span class='ocrx_word' id='word_1_494' title='bbox 196 3432 287 3505; x_wconf 89' lang='lat' dir='ltr'>igitur</span> <span class='ocrx_word' id='word_1_495' title='bbox 321 3432 514 3499; x_wconf 87' lang='lat' dir='ltr'>Boemundus,</span> <span class='ocrx_word' id='word_1_496' title='bbox 541 3433 667 3489; x_wconf 90' lang='lat' dir='ltr'>secundo</span> <span class='ocrx_word' id='word_1_497' title='bbox 694 3433 789 3489; x_wconf 84' lang='lat' dir='ltr'>Sancti</span> <span class='ocrx_word' id='word_1_498' title='bbox 829 3433 924 3504; x_wconf 82' lang='lat' dir='ltr'>Egidii</span> <span class='ocrx_word' id='word_1_499' title='bbox 978 3433 1088 3490; x_wconf 90' lang='lat' dir='ltr'>visione</span> <span class='ocrx_word' id='word_1_500' title='bbox 1115 3433 1250 3488; x_wconf 88' lang='lat' dir='ltr'>dixisse:</span> <span class='ocrx_word' id='word_1_501' title='bbox 1277 3432 1448 3501; x_wconf 85' lang='lat' dir='ltr'>«Propera,</span> <span class='ocrx_word' id='word_1_502' title='bbox 1477 3437 1506 3486; x_wconf 91' lang='lat' dir='ltr'>et</span> <span class='ocrx_word' id='word_1_503' title='bbox 1534 3429 1628 3485; x_wconf 89' lang='lat' dir='ltr'>dicere</span> <span class='ocrx_word' id='word_1_504' title='bbox 1654 3427 1831 3498; x_wconf 90' lang='lat' dir='ltr'>quantocius</span> 
     </span>
     <span class='ocr_line' id='line_1_53' title="bbox 73 3516 1832 3593; baseline -0.003 -16"><span class='ocrx_word' id='word_1_505' title='bbox 73 3534 182 3588; x_wconf 85' lang='lat' dir='ltr'>contos,</span> <span class='ocrx_word' id='word_1_506' title='bbox 211 3523 293 3593; x_wconf 88' lang='lat' dir='ltr'>Dugo</span> <span class='ocrx_word' id='word_1_507' title='bbox 319 3521 452 3593; x_wconf 82' lang='lat' dir='ltr'>Magnus,</span> <span class='ocrx_word' id='word_1_508' title='bbox 490 3520 631 3576; x_wconf 82' lang='lat' dir='ltr'>Dobertus</span> <span class='ocrx_word' id='word_1_509' title='bbox 667 3520 924 3591; x_wconf 89' lang='lat' dir='ltr'>Nortbmannicus,</span> <span class='ocrx_word' id='word_1_510' title='bbox 979 3521 1090 3578; x_wconf 82' lang='lat' dir='ltr'>militiae</span> <span class='ocrx_word' id='word_1_511' title='bbox 1123 3520 1236 3577; x_wconf 91' lang='lat' dir='ltr'>Domini</span> <span class='ocrx_word' id='word_1_512' title='bbox 1263 3519 1434 3590; x_wconf 90' lang='lat' dir='ltr'>periclitanti</span> <span class='ocrx_word' id='word_1_513' title='bbox 1460 3532 1496 3574; x_wconf 92' lang='lat' dir='ltr'>ne</span> <span class='ocrx_word' id='word_1_514' title='bbox 1530 3516 1655 3583; x_wconf 80' lang='lat' dir='ltr'>differas,</span> <span class='ocrx_word' id='word_1_515' title='bbox 1685 3522 1832 3586; x_wconf 89' lang='lat' dir='ltr'>quatenus</span> 
     </span>
     <span class='ocr_line' id='line_1_54' title="bbox 72 3602 1832 3678; baseline -0.004 -12"><span class='ocrx_word' id='word_1_516' title='bbox 72 3609 138 3666; x_wconf 86' lang='lat' dir='ltr'>dux</span> <span class='ocrx_word' id='word_1_517' title='bbox 171 3608 351 3674; x_wconf 84' lang='lat' dir='ltr'>Godeiridus,</span> <span class='ocrx_word' id='word_1_518' title='bbox 386 3621 539 3678; x_wconf 90' lang='lat' dir='ltr'>comesque</span> <span class='ocrx_word' id='word_1_519' title='bbox 569 3606 762 3674; x_wconf 75' lang='lat' dir='ltr'>Flandronsis,</span> <span class='ocrx_word' id='word_1_520' title='bbox 792 3608 853 3678; x_wconf 91' lang='lat' dir='ltr'>pari</span> <span class='ocrx_word' id='word_1_521' title='bbox 895 3622 925 3664; x_wconf 90' lang='lat' dir='ltr'>se</span> <span class='ocrx_word' id='word_1_522' title='bbox 979 3609 1080 3666; x_wconf 93' lang='lat' dir='ltr'>timore</span> <span class='ocrx_word' id='word_1_523' title='bbox 1106 3621 1222 3665; x_wconf 88' lang='lat' dir='ltr'>recusso</span> <span class='ocrx_word' id='word_1_524' title='bbox 1254 3608 1311 3663; x_wconf 91' lang='lat' dir='ltr'>Deo</span> <span class='ocrx_word' id='word_1_525' title='bbox 1334 3606 1513 3676; x_wconf 87' lang='lat' dir='ltr'>adjutorium</span> <span class='ocrx_word' id='word_1_526' title='bbox 1537 3603 1681 3675; x_wconf 82' lang='lat' dir='ltr'>pollicenti</span> <span class='ocrx_word' id='word_1_527' title='bbox 1708 3602 1832 3659; x_wconf 92' lang='lat' dir='ltr'>indubia</span> 
     </span>
     <span class='ocr_line' id='line_1_55' title="bbox 72 3690 1830 3768; baseline -0.004 -16"><span class='ocrx_word' id='word_1_528' title='bbox 72 3711 229 3768; x_wconf 87' lang='lat' dir='ltr'>nunquam</span> <span class='ocrx_word' id='word_1_529' title='bbox 255 3696 334 3768; x_wconf 93' lang='lat' dir='ltr'>quod</span> <span class='ocrx_word' id='word_1_530' title='bbox 363 3703 509 3766; x_wconf 79' lang='lat' dir='ltr'>cuperant</span> <span class='ocrx_word' id='word_1_531' title='bbox 536 3695 710 3761; x_wconf 90' lang='lat' dir='ltr'>deserturos,</span> <span class='ocrx_word' id='word_1_532' title='bbox 743 3697 925 3753; x_wconf 88' lang='lat' dir='ltr'>animositate</span> <span class='ocrx_word' id='word_1_533' title='bbox 979 3696 1034 3752; x_wconf 89' lang='lat' dir='ltr'>ilde</span> <span class='ocrx_word' id='word_1_534' title='bbox 1056 3696 1214 3762; x_wconf 56' lang='lat' dir='ltr'>cohaeream</span> <span class='ocrx_word' id='word_1_535' title='bbox 1241 3694 1404 3750; x_wconf 90' lang='lat' dir='ltr'>citraenim</span> <span class='ocrx_word' id='word_1_536' title='bbox 1428 3693 1559 3763; x_wconf 91' lang='lat' dir='ltr'>quinque</span> <span class='ocrx_word' id='word_1_537' title='bbox 1574 3692 1687 3747; x_wconf 91' lang='lat' dir='ltr'>dierum</span> <span class='ocrx_word' id='word_1_538' title='bbox 1702 3690 1830 3760; x_wconf 90' lang='lat' dir='ltr'>spatium</span> 
     </span>
     <span class='ocr_line' id='line_1_56' title="bbox 69 3777 1830 3857; baseline -0.005 -15"><span class='ocrx_word' id='word_1_539' title='bbox 69 3786 223 3857; x_wconf 81' lang='lat' dir='ltr'>jurarunt.</span> <span class='ocrx_word' id='word_1_540' title='bbox 254 3787 291 3841; x_wconf 82' lang='lat' dir='ltr'>at</span> <span class='ocrx_word' id='word_1_541' title='bbox 314 3784 480 3840; x_wconf 83' lang='lat' dir='ltr'>Tancredus</span> <span class='ocrx_word' id='word_1_542' title='bbox 492 3797 526 3839; x_wconf 92' lang='lat' dir='ltr'>ea</span> <span class='ocrx_word' id='word_1_543' title='bbox 545 3783 707 3839; x_wconf 92' lang='lat' dir='ltr'>conditione</span> <span class='ocrx_word' id='word_1_544' title='bbox 718 3784 829 3854; x_wconf 86' lang='lat' dir='ltr'>juravit</span> <span class='ocrx_word' id='word_1_545' title='bbox 844 3785 923 3855; x_wconf 88' lang='lat' dir='ltr'>quia,</span> <span class='ocrx_word' id='word_1_546' title='bbox 977 3784 1035 3840; x_wconf 89' lang='lat' dir='ltr'>tale</span> <span class='ocrx_word' id='word_1_547' title='bbox 1050 3784 1121 3854; x_wconf 94' lang='lat' dir='ltr'>quid</span> <span class='ocrx_word' id='word_1_548' title='bbox 1137 3782 1276 3839; x_wconf 91' lang='lat' dir='ltr'>Dominus</span> <span class='ocrx_word' id='word_1_549' title='bbox 1291 3781 1437 3848; x_wconf 89' lang='lat' dir='ltr'>revelabit,</span> <span class='ocrx_word' id='word_1_550' title='bbox 1460 3794 1511 3850; x_wconf 93' lang='lat' dir='ltr'>per</span> <span class='ocrx_word' id='word_1_551' title='bbox 1525 3780 1602 3850; x_wconf 93' lang='lat' dir='ltr'>quod</span> <span class='ocrx_word' id='word_1_552' title='bbox 1619 3779 1710 3835; x_wconf 92' lang='lat' dir='ltr'>multo</span> <span class='ocrx_word' id='word_1_553' title='bbox 1723 3777 1830 3849; x_wconf 89' lang='lat' dir='ltr'>gaudio</span> 
     </span>
     <span class='ocr_line' id='line_1_57' title="bbox 73 3866 1829 3946; baseline -0.005 -15"><span class='ocrx_word' id='word_1_554' title='bbox 73 3873 210 3946; x_wconf 89' lang='lat' dir='ltr'>quandiu</span> <span class='ocrx_word' id='word_1_555' title='bbox 229 3873 426 3945; x_wconf 85' lang='lat' dir='ltr'>quadraginta</span> <span class='ocrx_word' id='word_1_556' title='bbox 452 3872 575 3927; x_wconf 90' lang='lat' dir='ltr'>militum</span> <span class='ocrx_word' id='word_1_557' title='bbox 596 3870 735 3943; x_wconf 86' lang='lat' dir='ltr'>suliragio</span> <span class='ocrx_word' id='word_1_558' title='bbox 751 3872 803 3928; x_wconf 92' lang='lat' dir='ltr'>niti</span> <span class='ocrx_word' id='word_1_559' title='bbox 821 3879 923 3943; x_wconf 88' lang='lat' dir='ltr'>posset,</span> <span class='ocrx_word' id='word_1_560' title='bbox 979 3886 1032 3928; x_wconf 90' lang='lat' dir='ltr'>sua</span> <span class='ocrx_word' id='word_1_561' title='bbox 1055 3879 1169 3941; x_wconf 90' lang='lat' dir='ltr'>pectora</span> <span class='ocrx_word' id='word_1_562' title='bbox 1198 3870 1353 3940; x_wconf 83' lang='lat' dir='ltr'>revelabit3</span> <span class='ocrx_word' id='word_1_563' title='bbox 1375 3876 1403 3926; x_wconf 92' lang='lat' dir='ltr'>et</span> <span class='ocrx_word' id='word_1_564' title='bbox 1417 3870 1439 3925; x_wconf 93' lang='lat' dir='ltr'>si</span> <span class='ocrx_word' id='word_1_565' title='bbox 1456 3867 1589 3939; x_wconf 80' lang='lat' dir='ltr'>praelium</span> <span class='ocrx_word' id='word_1_566' title='bbox 1605 3868 1646 3923; x_wconf 93' lang='lat' dir='ltr'>eis</span> <span class='ocrx_word' id='word_1_567' title='bbox 1675 3866 1829 3938; x_wconf 88' lang='lat' dir='ltr'>ingruerit,</span> 
     </span>
     <span class='ocr_line' id='line_1_58' title="bbox 72 3954 1832 4031; baseline -0.006 -10"><span class='ocrx_word' id='word_1_568' title='bbox 72 3976 133 4021; x_wconf 92' lang='lat' dir='ltr'>non</span> <span class='ocrx_word' id='word_1_569' title='bbox 146 3961 239 4018; x_wconf 91' lang='lat' dir='ltr'>solum</span> <span class='ocrx_word' id='word_1_570' title='bbox 264 3974 301 4017; x_wconf 88' lang='lat' dir='ltr'>ex</span> <span class='ocrx_word' id='word_1_571' title='bbox 316 3974 351 4016; x_wconf 92' lang='lat' dir='ltr'>ea</span> <span class='ocrx_word' id='word_1_572' title='bbox 366 3973 456 4031; x_wconf 91' lang='lat' dir='ltr'>quam</span> <span class='ocrx_word' id='word_1_573' title='bbox 482 3961 668 4030; x_wconf 89' lang='lat' dir='ltr'>patiebantur</span> <span class='ocrx_word' id='word_1_574' title='bbox 682 3968 763 4029; x_wconf 92' lang='lat' dir='ltr'>tunc,</span> <span class='ocrx_word' id='word_1_575' title='bbox 779 3959 930 4017; x_wconf 88' lang='lat' dir='ltr'>obsidione</span> <span class='ocrx_word' id='word_1_576' title='bbox 979 3960 1034 4016; x_wconf 90' lang='lat' dir='ltr'>hoe</span> <span class='ocrx_word' id='word_1_577' title='bbox 1053 3973 1135 4015; x_wconf 90' lang='lat' dir='ltr'>sacro</span> <span class='ocrx_word' id='word_1_578' title='bbox 1160 3966 1307 4030; x_wconf 83' lang='lat' dir='ltr'>praeeunte</span> <span class='ocrx_word' id='word_1_579' title='bbox 1342 3957 1435 4028; x_wconf 87' lang='lat' dir='ltr'>signo,</span> <span class='ocrx_word' id='word_1_580' title='bbox 1464 3956 1559 4014; x_wconf 90' lang='lat' dir='ltr'>omnis</span> <span class='ocrx_word' id='word_1_581' title='bbox 1601 3955 1654 4013; x_wconf 90' lang='lat' dir='ltr'>sibi</span> <span class='ocrx_word' id='word_1_582' title='bbox 1690 3954 1832 4011; x_wconf 87' lang='lat' dir='ltr'>hostilitas</span> 
     </span>
     <span class='ocr_line' id='line_1_59' title="bbox 73 4043 1829 4119; baseline -0.005 -13"><span class='ocrx_word' id='word_1_583' title='bbox 73 4053 153 4106; x_wconf 79' lang='lat' dir='ltr'>m</span> <span class='ocrx_word' id='word_1_584' title='bbox 167 4063 227 4105; x_wconf 89' lang='lat' dir='ltr'>sese</span> <span class='ocrx_word' id='word_1_585' title='bbox 246 4061 433 4119; x_wconf 90' lang='lat' dir='ltr'>nequaquam</span> <span class='ocrx_word' id='word_1_586' title='bbox 448 4048 633 4117; x_wconf 90' lang='lat' dir='ltr'>subduceret,</span> <span class='ocrx_word' id='word_1_587' title='bbox 657 4048 706 4104; x_wconf 89' lang='lat' dir='ltr'>sed</span> <span class='ocrx_word' id='word_1_588' title='bbox 721 4062 773 4104; x_wconf 88' lang='lat' dir='ltr'>neo</span> <span class='ocrx_word' id='word_1_589' title='bbox 801 4047 838 4103; x_wconf 93' lang='lat' dir='ltr'>ab</span> <span class='ocrx_word' id='word_1_590' title='bbox 861 4047 926 4105; x_wconf 84' lang='lat' dir='ltr'>ilie·</span> <span class='ocrx_word' id='word_1_591' title='bbox 980 4047 1093 4103; x_wconf 85' lang='lat' dir='ltr'>devicta</span> <span class='ocrx_word' id='word_1_592' title='bbox 1113 4061 1181 4103; x_wconf 90' lang='lat' dir='ltr'>mox</span> <span class='ocrx_word' id='word_1_593' title='bbox 1195 4047 1313 4103; x_wconf 88' lang='lat' dir='ltr'>suberit.</span> <span class='ocrx_word' id='word_1_594' title='bbox 1332 4068 1346 4095; x_wconf 75' lang='grc' dir='ltr'>ι</span> <span class='ocrx_word' id='word_1_595' title='bbox 1371 4047 1485 4116; x_wconf 76' lang='lat' dir='ltr'>(impero</span> <span class='ocrx_word' id='word_1_596' title='bbox 1499 4045 1609 4101; x_wconf 91' lang='lat' dir='ltr'>interea</span> <span class='ocrx_word' id='word_1_597' title='bbox 1624 4045 1660 4100; x_wconf 91' lang='lat' dir='ltr'>ad</span> <span class='ocrx_word' id='word_1_598' title='bbox 1684 4043 1829 4101; x_wconf 90' lang='lat' dir='ltr'>dictorum</span> 
     </span>
     <span class='ocr_line' id='line_1_60' title="bbox 74 4132 1832 4207; baseline -0.004 -12"><span class='ocrx_word' id='word_1_599' title='bbox 74 4137 284 4207; x_wconf 79' lang='lat' dir='ltr'>roootymomm</span> <span class='ocrx_word' id='word_1_600' title='bbox 305 4137 406 4194; x_wconf 88' lang='lat' dir='ltr'>itinere</span> <span class='ocrx_word' id='word_1_601' title='bbox 427 4136 543 4202; x_wconf 92' lang='lat' dir='ltr'>abduci,</span> <span class='ocrx_word' id='word_1_602' title='bbox 568 4136 624 4192; x_wconf 91' lang='lat' dir='ltr'>nisi</span> <span class='ocrx_word' id='word_1_603' title='bbox 639 4137 828 4193; x_wconf 88' lang='lat' dir='ltr'>obriamorte</span> <span class='ocrx_word' id='word_1_604' title='bbox 847 4135 925 4193; x_wconf 90' lang='lat' dir='ltr'>vale·</span> <span class='ocrx_word' id='word_1_605' title='bbox 980 4135 1058 4192; x_wconf 91' lang='lat' dir='ltr'>iilius</span> <span class='ocrx_word' id='word_1_606' title='bbox 1085 4135 1287 4192; x_wconf 89' lang='lat' dir='ltr'>credulitatem</span> <span class='ocrx_word' id='word_1_607' title='bbox 1317 4134 1418 4191; x_wconf 91' lang='lat' dir='ltr'>sedula</span> <span class='ocrx_word' id='word_1_608' title='bbox 1445 4133 1570 4190; x_wconf 92' lang='lat' dir='ltr'>hominis</span> <span class='ocrx_word' id='word_1_609' title='bbox 1599 4133 1677 4189; x_wconf 90' lang='lat' dir='ltr'>illius</span> <span class='ocrx_word' id='word_1_610' title='bbox 1696 4132 1832 4188; x_wconf 88' lang='lat' dir='ltr'>suasione</span> 
     </span>
     <span class='ocr_line' id='line_1_61' title="bbox 75 4218 1831 4294; baseline -0.004 -12"><span class='ocrx_word' id='word_1_611' title='bbox 75 4234 128 4282; x_wconf 85' lang='lat' dir='ltr'>ret</span> <span class='ocrx_word' id='word_1_612' title='bbox 143 4224 213 4292; x_wconf 76' lang='lat' dir='ltr'>Qua</span> <span class='ocrx_word' id='word_1_613' title='bbox 228 4239 273 4281; x_wconf 91' lang='lat' dir='ltr'>res</span> <span class='ocrx_word' id='word_1_614' title='bbox 288 4225 387 4281; x_wconf 88' lang='lat' dir='ltr'>audita</span> <span class='ocrx_word' id='word_1_615' title='bbox 400 4224 560 4280; x_wconf 88' lang='lat' dir='ltr'>minorihus</span> <span class='ocrx_word' id='word_1_616' title='bbox 571 4237 706 4294; x_wconf 87' lang='lat' dir='ltr'>magnam</span> <span class='ocrx_word' id='word_1_617' title='bbox 719 4224 748 4279; x_wconf 93' lang='lat' dir='ltr'>in</span> <span class='ocrx_word' id='word_1_618' title='bbox 760 4224 925 4281; x_wconf 91' lang='lat' dir='ltr'>totiussub·</span> <span class='ocrx_word' id='word_1_619' title='bbox 944 4218 968 4273; x_wconf 92' lang='lat' dir='ltr'>D</span> <span class='ocrx_word' id='word_1_620' title='bbox 982 4224 1077 4280; x_wconf 91' lang='lat' dir='ltr'>vocari</span> <span class='ocrx_word' id='word_1_621' title='bbox 1096 4230 1123 4280; x_wconf 91' lang='lat' dir='ltr'>et</span> <span class='ocrx_word' id='word_1_622' title='bbox 1141 4222 1249 4280; x_wconf 89' lang='lat' dir='ltr'>vicaria</span> <span class='ocrx_word' id='word_1_623' title='bbox 1264 4223 1324 4292; x_wconf 86' lang='lat' dir='ltr'>jam</span> <span class='ocrx_word' id='word_1_624' title='bbox 1339 4221 1570 4288; x_wconf 89' lang='lat' dir='ltr'>commonitione,</span> <span class='ocrx_word' id='word_1_625' title='bbox 1587 4221 1648 4292; x_wconf 89' lang='lat' dir='ltr'>spei</span> <span class='ocrx_word' id='word_1_626' title='bbox 1662 4219 1831 4291; x_wconf 91' lang='lat' dir='ltr'>qualiscun-</span> 
     </span>
     <span class='ocr_line' id='line_1_62' title="bbox 74 4306 1832 4385; baseline -0.005 -15"><span class='ocrx_word' id='word_1_627' title='bbox 74 4314 158 4385; x_wconf 84' lang='lat' dir='ltr'>jecttn</span> <span class='ocrx_word' id='word_1_628' title='bbox 167 4312 361 4370; x_wconf 87' lang='lat' dir='ltr'>multitudinis</span> <span class='ocrx_word' id='word_1_629' title='bbox 371 4312 543 4383; x_wconf 91' lang='lat' dir='ltr'>pectoribus,</span> <span class='ocrx_word' id='word_1_630' title='bbox 557 4312 751 4370; x_wconf 84' lang='lat' dir='ltr'>tortitudinem</span> <span class='ocrx_word' id='word_1_631' title='bbox 759 4312 924 4382; x_wconf 91' lang='lat' dir='ltr'>parturivit.</span> <span class='ocrx_word' id='word_1_632' title='bbox 980 4325 1038 4381; x_wconf 90' lang='lat' dir='ltr'>que</span> <span class='ocrx_word' id='word_1_633' title='bbox 1052 4311 1343 4381; x_wconf 85' lang='lat' dir='ltr'>respirationejuvari</span> <span class='ocrx_word' id='word_1_634' title='bbox 1362 4325 1368 4364; x_wconf 91' lang='lat'>:</span> <span class='ocrx_word' id='word_1_635' title='bbox 1387 4331 1400 4359; x_wconf 73' lang='lat' dir='ltr'>o</span> <span class='ocrx_word' id='word_1_636' title='bbox 1417 4309 1479 4366; x_wconf 86' lang='lat' dir='ltr'>Non</span> <span class='ocrx_word' id='word_1_637' title='bbox 1506 4309 1555 4375; x_wconf 89' lang='lat' dir='ltr'>ita,</span> <span class='ocrx_word' id='word_1_638' title='bbox 1581 4308 1727 4379; x_wconf 89' lang='lat' dir='ltr'>inquiunt,</span> <span class='ocrx_word' id='word_1_639' title='bbox 1748 4306 1832 4364; x_wconf 92' lang='lat' dir='ltr'>nobis</span> 
     </span>
     <span class='ocr_line' id='line_1_63' title="bbox 410 4393 1832 4468; baseline -0.004 -11"><span class='ocrx_word' id='word_1_640' title='bbox 410 4400 525 4458; x_wconf 75' lang='lat' dir='ltr'>CAPUT</span> <span class='ocrx_word' id='word_1_641' title='bbox 545 4400 591 4458; x_wconf 88' lang='lat' dir='ltr'>tv.</span> <span class='ocrx_word' id='word_1_642' title='bbox 979 4408 1020 4455; x_wconf 92' lang='lat' dir='ltr'>est</span> <span class='ocrx_word' id='word_1_643' title='bbox 1031 4399 1231 4468; x_wconf 91' lang='lat' dir='ltr'>desipiendum</span> <span class='ocrx_word' id='word_1_644' title='bbox 1255 4406 1287 4454; x_wconf 92' lang='lat' dir='ltr'>ut</span> <span class='ocrx_word' id='word_1_645' title='bbox 1310 4413 1362 4454; x_wconf 93' lang='lat' dir='ltr'>nos</span> <span class='ocrx_word' id='word_1_646' title='bbox 1378 4412 1431 4467; x_wconf 93' lang='lat' dir='ltr'>pro</span> <span class='ocrx_word' id='word_1_647' title='bbox 1453 4397 1518 4453; x_wconf 91' lang='lat' dir='ltr'>ildei</span> <span class='ocrx_word' id='word_1_648' title='bbox 1538 4394 1701 4452; x_wconf 84' lang='lat' dir='ltr'>defensione</span> <span class='ocrx_word' id='word_1_649' title='bbox 1716 4393 1832 4451; x_wconf 89' lang='lat' dir='ltr'>conclu·</span> 
     </span>
    </p>
   </div>
   <div class='ocr_carea' id='block_1_7' title="bbox 39 4486 927 5438">
    <p class='ocr_par' dir='ltr' id='par_1_9' title="bbox 39 4486 927 5438">
     <span class='ocr_line' id='line_1_64' title="bbox 115 4486 926 4561; baseline -0.004 -16"><span class='ocrx_word' id='word_1_650' title='bbox 115 4486 221 4561; x_wconf 62' lang='lat' dir='ltr'>[xlx]</span> <span class='ocrx_word' id='word_1_651' title='bbox 238 4487 357 4545; x_wconf 78' lang='lat' dir='ltr'>Gnidum</span> <span class='ocrx_word' id='word_1_652' title='bbox 371 4489 523 4560; x_wconf 65' lang='lat' dir='ltr'>persuum</span> <span class='ocrx_word' id='word_1_653' title='bbox 540 4489 682 4553; x_wconf 84' lang='lat' dir='ltr'>lanceam,</span> <span class='ocrx_word' id='word_1_654' title='bbox 694 4505 752 4559; x_wconf 85' lang='lat' dir='ltr'>quo</span> <span class='ocrx_word' id='word_1_655' title='bbox 763 4487 926 4544; x_wconf 62' lang='lat' dir='ltr'>cumcito-</span> 
     </span>
     <span class='ocr_line' id='line_1_65' title="bbox 39 4575 925 4648; baseline -0.001 -15"><span class='ocrx_word' id='word_1_656' title='bbox 39 4614 45 4625; x_wconf 83' lang='lat'><strong>·</strong></span> <span class='ocrx_word' id='word_1_657' title='bbox 75 4580 124 4633; x_wconf 81' lang='lat' dir='ltr'>tur</span> <span class='ocrx_word' id='word_1_658' title='bbox 134 4578 316 4648; x_wconf 58' lang='lat' dir='ltr'>pasorolum</span> <span class='ocrx_word' id='word_1_659' title='bbox 330 4579 383 4644; x_wconf 83' lang='lat' dir='ltr'>esi,</span> <span class='ocrx_word' id='word_1_660' title='bbox 394 4575 425 4631; x_wconf 82' lang='lat' dir='ltr'>in</span> <span class='ocrx_word' id='word_1_661' title='bbox 436 4577 616 4632; x_wconf 79' lang='lat' dir='ltr'>Antiocheno</span> <span class='ocrx_word' id='word_1_662' title='bbox 625 4575 744 4631; x_wconf 71' lang='lat' dir='ltr'>occhein</span> <span class='ocrx_word' id='word_1_663' title='bbox 756 4577 925 4632; x_wconf 81' lang='lat' dir='ltr'>absconsam</span> 
     </span>
     <span class='ocr_line' id='line_1_66' title="bbox 75 4665 927 4736; baseline 0.001 -15"><span class='ocrx_word' id='word_1_664' title='bbox 75 4666 199 4722; x_wconf 79' lang='lat' dir='ltr'>ostendit</span> <span class='ocrx_word' id='word_1_665' title='bbox 208 4668 238 4722; x_wconf 87' lang='lat' dir='ltr'>D.</span> <span class='ocrx_word' id='word_1_666' title='bbox 250 4665 386 4720; x_wconf 79' lang='lat' dir='ltr'>Andreae</span> <span class='ocrx_word' id='word_1_667' title='bbox 399 4665 467 4736; x_wconf 66' lang='lat' dir='ltr'>(aa).</span> <span class='ocrx_word' id='word_1_668' title='bbox 482 4694 516 4706; x_wconf 95' lang='lat'>-</span> <span class='ocrx_word' id='word_1_669' title='bbox 532 4667 695 4734; x_wconf 85' lang='lat' dir='ltr'>Antequam</span> <span class='ocrx_word' id='word_1_670' title='bbox 707 4666 927 4735; x_wconf 80' lang='lat' dir='ltr'>quoquehntio</span> 
     </span>
     <span class='ocr_line' id='line_1_67' title="bbox 74 4752 925 4822; baseline 0.001 -14"><span class='ocrx_word' id='word_1_671' title='bbox 74 4752 169 4808; x_wconf 90' lang='lat' dir='ltr'>chena</span> <span class='ocrx_word' id='word_1_672' title='bbox 183 4752 286 4808; x_wconf 86' lang='lat' dir='ltr'>civitas</span> <span class='ocrx_word' id='word_1_673' title='bbox 307 4760 468 4822; x_wconf 89' lang='lat' dir='ltr'>caperetur,</span> <span class='ocrx_word' id='word_1_674' title='bbox 487 4753 602 4809; x_wconf 90' lang='lat' dir='ltr'>cuidam</span> <span class='ocrx_word' id='word_1_675' title='bbox 622 4752 657 4808; x_wconf 90' lang='lat' dir='ltr'>de</span> <span class='ocrx_word' id='word_1_676' title='bbox 679 4753 818 4820; x_wconf 87' lang='lat' dir='ltr'>exercitu,</span> <span class='ocrx_word' id='word_1_677' title='bbox 842 4753 925 4809; x_wconf 86' lang='lat' dir='ltr'>Petro</span> 
     </span>
     <span class='ocr_line' id='line_1_68' title="bbox 75 4838 922 4910; baseline 0.002 -15"><span class='ocrx_word' id='word_1_678' title='bbox 75 4838 204 4905; x_wconf 91' lang='lat' dir='ltr'>nomine,</span> <span class='ocrx_word' id='word_1_679' title='bbox 232 4839 308 4896; x_wconf 88' lang='lat' dir='ltr'>beati</span> <span class='ocrx_word' id='word_1_680' title='bbox 344 4840 465 4896; x_wconf 80' lang='lat' dir='ltr'>Andreas</span> <span class='ocrx_word' id='word_1_681' title='bbox 493 4840 612 4910; x_wconf 91' lang='lat' dir='ltr'>apostoli</span> <span class='ocrx_word' id='word_1_682' title='bbox 642 4839 750 4910; x_wconf 88' lang='lat' dir='ltr'>species</span> <span class='ocrx_word' id='word_1_683' title='bbox 777 4841 922 4910; x_wconf 89' lang='lat' dir='ltr'>apparuit,</span> 
     </span>
     <span class='ocr_line' id='line_1_69' title="bbox 73 4926 926 4999; baseline 0.002 -15"><span class='ocrx_word' id='word_1_684' title='bbox 73 4927 197 4984; x_wconf 89' lang='lat' dir='ltr'>dicens:</span> <span class='ocrx_word' id='word_1_685' title='bbox 221 4945 235 4979; x_wconf 81' lang='grc' dir='ltr'>ι</span> <span class='ocrx_word' id='word_1_686' title='bbox 264 4927 337 4995; x_wconf 82' lang='lat' dir='ltr'>Quid</span> <span class='ocrx_word' id='word_1_687' title='bbox 367 4935 461 4983; x_wconf 68' lang='lat' dir='ltr'>mcum</span> <span class='ocrx_word' id='word_1_688' title='bbox 486 4928 603 4999; x_wconf 83' lang='lat' dir='ltr'>agituri</span> <span class='ocrx_word' id='word_1_689' title='bbox 627 4927 708 4983; x_wconf 84' lang='lat' dir='ltr'>»cut</span> <span class='ocrx_word' id='word_1_690' title='bbox 725 4926 772 4983; x_wconf 91' lang='lat' dir='ltr'>ilie</span> <span class='ocrx_word' id='word_1_691' title='bbox 792 4928 926 4998; x_wconf 91' lang='lat' dir='ltr'>stupidus</span> 
     </span>
     <span class='ocr_line' id='line_1_70' title="bbox 75 5015 925 5086; baseline 0.002 -15"><span class='ocrx_word' id='word_1_692' title='bbox 75 5028 136 5071; x_wconf 93' lang='lat' dir='ltr'>non</span> <span class='ocrx_word' id='word_1_693' title='bbox 149 5015 183 5070; x_wconf 91' lang='lat' dir='ltr'>ad</span> <span class='ocrx_word' id='word_1_694' title='bbox 215 5015 391 5086; x_wconf 90' lang='lat' dir='ltr'>interrogata</span> <span class='ocrx_word' id='word_1_695' title='bbox 414 5015 571 5086; x_wconf 90' lang='lat' dir='ltr'>respondit,</span> <span class='ocrx_word' id='word_1_696' title='bbox 587 5015 646 5080; x_wconf 92' lang='lat' dir='ltr'>sed,</span> <span class='ocrx_word' id='word_1_697' title='bbox 663 5015 730 5085; x_wconf 91' lang='lat' dir='ltr'>quis</span> <span class='ocrx_word' id='word_1_698' title='bbox 744 5022 827 5083; x_wconf 86' lang='lat' dir='ltr'>esset,</span> <span class='ocrx_word' id='word_1_699' title='bbox 844 5030 925 5086; x_wconf 76' lang='lat' dir='ltr'>qure-</span> 
     </span>
     <span class='ocr_line' id='line_1_71' title="bbox 73 5102 922 5172; baseline 0.001 -14"><span class='ocrx_word' id='word_1_700' title='bbox 73 5102 220 5158; x_wconf 87' lang='lat' dir='ltr'>sirit.1ilo</span> <span class='ocrx_word' id='word_1_701' title='bbox 247 5102 391 5159; x_wconf 71' lang='lat' dir='ltr'>andream</span> <span class='ocrx_word' id='word_1_702' title='bbox 420 5103 579 5172; x_wconf 87' lang='lat' dir='ltr'>apostolum</span> <span class='ocrx_word' id='word_1_703' title='bbox 606 5117 636 5160; x_wconf 91' lang='lat' dir='ltr'>se</span> <span class='ocrx_word' id='word_1_704' title='bbox 656 5116 717 5158; x_wconf 89' lang='lat' dir='ltr'>esse</span> <span class='ocrx_word' id='word_1_705' title='bbox 743 5117 801 5158; x_wconf 94' lang='lat' dir='ltr'>non</span> <span class='ocrx_word' id='word_1_706' title='bbox 823 5105 922 5161; x_wconf 89' lang='lat' dir='ltr'>tacuit.</span> 
     </span>
     <span class='ocr_line' id='line_1_72' title="bbox 74 5189 925 5263; baseline 0.001 -17"><span class='ocrx_word' id='word_1_707' title='bbox 74 5210 91 5237; x_wconf 74' lang='grc' dir='ltr'>α</span> <span class='ocrx_word' id='word_1_708' title='bbox 106 5189 294 5261; x_wconf 84' lang='lat' dir='ltr'>Noverisqne,</span> <span class='ocrx_word' id='word_1_709' title='bbox 309 5189 360 5257; x_wconf 84' lang='lat' dir='ltr'>ait,</span> <span class='ocrx_word' id='word_1_710' title='bbox 377 5191 426 5249; x_wconf 85' lang='grc' dir='ltr'>ιιιι.</span> <span class='ocrx_word' id='word_1_711' title='bbox 438 5191 509 5263; x_wconf 88' lang='lat' dir='ltr'>quia</span> <span class='ocrx_word' id='word_1_712' title='bbox 521 5205 587 5247; x_wconf 95' lang='lat' dir='ltr'>cum</span> <span class='ocrx_word' id='word_1_713' title='bbox 598 5191 700 5248; x_wconf 90' lang='lat' dir='ltr'>urbem</span> <span class='ocrx_word' id='word_1_714' title='bbox 730 5191 787 5248; x_wconf 89' lang='lat' dir='ltr'>Deo</span> <span class='ocrx_word' id='word_1_715' title='bbox 801 5190 925 5261; x_wconf 88' lang='lat' dir='ltr'>aperien-</span> 
     </span>
     <span class='ocr_line' id='line_1_73' title="bbox 74 5279 923 5345; baseline 0.002 -11"><span class='ocrx_word' id='word_1_716' title='bbox 74 5287 114 5344; x_wconf 90' lang='lat' dir='ltr'>te,</span> <span class='ocrx_word' id='word_1_717' title='bbox 141 5279 320 5335; x_wconf 84' lang='lat' dir='ltr'>Francorum</span> <span class='ocrx_word' id='word_1_718' title='bbox 359 5280 454 5337; x_wconf 92' lang='lat' dir='ltr'>virtus</span> <span class='ocrx_word' id='word_1_719' title='bbox 491 5279 653 5345; x_wconf 85' lang='lat' dir='ltr'>intraverit,</span> <span class='ocrx_word' id='word_1_720' title='bbox 683 5280 719 5335; x_wconf 87' lang='lat' dir='ltr'>ad</span> <span class='ocrx_word' id='word_1_721' title='bbox 745 5280 820 5336; x_wconf 90' lang='lat' dir='ltr'>beati</span> <span class='ocrx_word' id='word_1_722' title='bbox 848 5279 923 5336; x_wconf 87' lang='lat' dir='ltr'>Petri</span> 
     </span>
     <span class='ocr_line' id='line_1_74' title="bbox 74 5367 923 5438; baseline 0 -16"><span class='ocrx_word' id='word_1_723' title='bbox 74 5367 233 5437; x_wconf 82' lang='lat' dir='ltr'>utapostoii</span> <span class='ocrx_word' id='word_1_724' title='bbox 260 5369 314 5424; x_wconf 92' lang='lat' dir='ltr'>mei</span> <span class='ocrx_word' id='word_1_725' title='bbox 340 5382 374 5424; x_wconf 92' lang='lat' dir='ltr'>ac</span> <span class='ocrx_word' id='word_1_726' title='bbox 393 5367 490 5424; x_wconf 88' lang='lat' dir='ltr'>iratris</span> <span class='ocrx_word' id='word_1_727' title='bbox 512 5368 667 5424; x_wconf 85' lang='lat' dir='ltr'>Ecclesiam</span> <span class='ocrx_word' id='word_1_728' title='bbox 682 5369 745 5436; x_wconf 90' lang='lat' dir='ltr'>ibis,</span> <span class='ocrx_word' id='word_1_729' title='bbox 764 5368 862 5438; x_wconf 90' lang='lat' dir='ltr'>ibique</span> <span class='ocrx_word' id='word_1_730' title='bbox 874 5367 923 5423; x_wconf 91' lang='lat' dir='ltr'>tali</span> 
     </span>
    </p>
   </div>
   <div class='ocr_carea' id='block_1_8' title="bbox 112 5490 558 5563">
    <p class='ocr_par' dir='ltr' id='par_1_10' title="bbox 112 5490 558 5563">
     <span class='ocr_line' id='line_1_75' title="bbox 112 5490 558 5563; baseline -0.009 -15"><span class='ocrx_word' id='word_1_731' title='bbox 112 5490 215 5563; x_wconf 71' lang='lat' dir='ltr'>(atili.</span> <span class='ocrx_word' id='word_1_732' title='bbox 235 5490 311 5548; x_wconf 90' lang='lat' dir='ltr'>inira</span> <span class='ocrx_word' id='word_1_733' title='bbox 326 5490 374 5548; x_wconf 93' lang='lat' dir='ltr'>lib.</span> <span class='ocrx_word' id='word_1_734' title='bbox 391 5506 430 5555; x_wconf 83' lang='lat' dir='ltr'>vr,</span> <span class='ocrx_word' id='word_1_735' title='bbox 450 5504 513 5562; x_wconf 90' lang='lat' dir='ltr'>cap.</span> <span class='ocrx_word' id='word_1_736' title='bbox 533 5494 558 5545; x_wconf 92' lang='grc' dir='ltr'>ι.</span> 
     </span>
    </p>
   </div>
   <div class='ocr_carea' id='block_1_9' title="bbox 977 4481 1831 5424">
    <p class='ocr_par' dir='ltr' id='par_1_11' title="bbox 980 4481 1831 4554">
     <span class='ocr_line' id='line_1_76' title="bbox 980 4481 1831 4554; baseline -0.008 -11"><span class='ocrx_word' id='word_1_737' title='bbox 980 4501 1035 4554; x_wconf 90' lang='lat' dir='ltr'>sos,</span> <span class='ocrx_word' id='word_1_738' title='bbox 1057 4488 1134 4544; x_wconf 89' lang='lat' dir='ltr'>Deus</span> <span class='ocrx_word' id='word_1_739' title='bbox 1151 4496 1192 4545; x_wconf 91' lang='lat' dir='ltr'>tot</span> <span class='ocrx_word' id='word_1_740' title='bbox 1218 4487 1358 4543; x_wconf 77' lang='lat' dir='ltr'>hacunus</span> <span class='ocrx_word' id='word_1_741' title='bbox 1371 4485 1558 4542; x_wconf 90' lang='lat' dir='ltr'>victoriarum</span> <span class='ocrx_word' id='word_1_742' title='bbox 1574 4483 1726 4553; x_wconf 79' lang='lat' dir='ltr'>praestitor,</span> <span class='ocrx_word' id='word_1_743' title='bbox 1742 4481 1777 4537; x_wconf 88' lang='lat' dir='ltr'>de</span> <span class='ocrx_word' id='word_1_744' title='bbox 1800 4493 1831 4536; x_wconf 89' lang='lat' dir='ltr'>se</span> 
     </span>
    </p>

    <p class='ocr_par' dir='ltr' id='par_1_12' title="bbox 979 4567 1830 4645">
     <span class='ocr_line' id='line_1_77' title="bbox 979 4567 1830 4645; baseline -0.012 -13"><span class='ocrx_word' id='word_1_745' title='bbox 979 4584 1136 4643; x_wconf 89' lang='lat' dir='ltr'>sperantes,</span> <span class='ocrx_word' id='word_1_746' title='bbox 1158 4583 1186 4632; x_wconf 91' lang='lat' dir='ltr'>et</span> <span class='ocrx_word' id='word_1_747' title='bbox 1216 4575 1251 4631; x_wconf 90' lang='lat' dir='ltr'>ad</span> <span class='ocrx_word' id='word_1_748' title='bbox 1278 4588 1308 4630; x_wconf 89' lang='lat' dir='ltr'>so</span> <span class='ocrx_word' id='word_1_749' title='bbox 1340 4572 1530 4645; x_wconf 81' lang='lat' dir='ltr'>gemebundis</span> <span class='ocrx_word' id='word_1_750' title='bbox 1556 4569 1661 4625; x_wconf 91' lang='lat' dir='ltr'>animis</span> <span class='ocrx_word' id='word_1_751' title='bbox 1675 4567 1830 4635; x_wconf 86' lang='lat' dir='ltr'>inhiantes,</span> 
     </span>
    </p>

    <p class='ocr_par' dir='ltr' id='par_1_13' title="bbox 981 4656 1829 4736">
     <span class='ocr_line' id='line_1_78' title="bbox 981 4656 1829 4736; baseline -0.008 -17"><span class='ocrx_word' id='word_1_752' title='bbox 981 4664 1144 4720; x_wconf 81' lang='lat' dir='ltr'>&#39;lurcorum</span> <span class='ocrx_word' id='word_1_753' title='bbox 1171 4664 1275 4736; x_wconf 86' lang='lat' dir='ltr'>gladiis</span> <span class='ocrx_word' id='word_1_754' title='bbox 1309 4661 1499 4719; x_wconf 89' lang='lat' dir='ltr'>concidendos</span> <span class='ocrx_word' id='word_1_755' title='bbox 1535 4665 1678 4728; x_wconf 87' lang='lat' dir='ltr'>exponat;</span> <span class='ocrx_word' id='word_1_756' title='bbox 1702 4656 1751 4713; x_wconf 88' lang='lat' dir='ltr'>sed</span> <span class='ocrx_word' id='word_1_757' title='bbox 1777 4669 1829 4726; x_wconf 93' lang='lat' dir='ltr'>pro</span> 
     </span>
    </p>

    <p class='ocr_par' dir='ltr' id='par_1_14' title="bbox 979 4743 1828 4822">
     <span class='ocr_line' id='line_1_79' title="bbox 979 4743 1828 4822; baseline -0.009 -14"><span class='ocrx_word' id='word_1_758' title='bbox 979 4758 1057 4808; x_wconf 90' lang='lat' dir='ltr'>certo</span> <span class='ocrx_word' id='word_1_759' title='bbox 1080 4752 1157 4808; x_wconf 89' lang='lat' dir='ltr'>credi</span> <span class='ocrx_word' id='word_1_760' title='bbox 1181 4752 1265 4808; x_wconf 84' lang='lat' dir='ltr'>debet</span> <span class='ocrx_word' id='word_1_761' title='bbox 1280 4750 1350 4822; x_wconf 91' lang='lat' dir='ltr'>qnia</span> <span class='ocrx_word' id='word_1_762' title='bbox 1370 4757 1433 4819; x_wconf 91' lang='lat' dir='ltr'>post</span> <span class='ocrx_word' id='word_1_763' title='bbox 1454 4747 1547 4803; x_wconf 92' lang='lat' dir='ltr'>tristia</span> <span class='ocrx_word' id='word_1_764' title='bbox 1562 4754 1702 4815; x_wconf 91' lang='lat' dir='ltr'>tempora,</span> <span class='ocrx_word' id='word_1_765' title='bbox 1732 4743 1828 4801; x_wconf 90' lang='lat' dir='ltr'>lucem</span> 
     </span>
    </p>

    <p class='ocr_par' dir='ltr' id='par_1_15' title="bbox 979 4834 1829 4905">
     <span class='ocr_line' id='line_1_80' title="bbox 979 4834 1829 4905; baseline -0.008 -10"><span class='ocrx_word' id='word_1_766' title='bbox 979 4839 1063 4896; x_wconf 91' lang='lat' dir='ltr'>nohis</span> <span class='ocrx_word' id='word_1_767' title='bbox 1077 4854 1136 4896; x_wconf 82' lang='lat' dir='ltr'>suae</span> <span class='ocrx_word' id='word_1_768' title='bbox 1152 4837 1340 4896; x_wconf 87' lang='lat' dir='ltr'>miserationis</span> <span class='ocrx_word' id='word_1_769' title='bbox 1356 4836 1502 4904; x_wconf 89' lang='lat' dir='ltr'>ostendat;</span> <span class='ocrx_word' id='word_1_770' title='bbox 1527 4834 1718 4905; x_wconf 90' lang='lat' dir='ltr'>timoremque</span> <span class='ocrx_word' id='word_1_771' title='bbox 1742 4846 1829 4889; x_wconf 93' lang='lat' dir='ltr'>suum</span> 
     </span>
    </p>

    <p class='ocr_par' dir='ltr' id='par_1_16' title="bbox 978 4921 1824 5070">
     <span class='ocr_line' id='line_1_81' title="bbox 978 4921 1824 4999; baseline -0.011 -14"><span class='ocrx_word' id='word_1_772' title='bbox 978 4941 1198 4999; x_wconf 83' lang='lat' dir='ltr'>supereasquae</span> <span class='ocrx_word' id='word_1_773' title='bbox 1211 4943 1240 4984; x_wconf 89' lang='lat' dir='ltr'>se</span> <span class='ocrx_word' id='word_1_774' title='bbox 1251 4941 1307 4984; x_wconf 93' lang='lat' dir='ltr'>non</span> <span class='ocrx_word' id='word_1_775' title='bbox 1323 4924 1526 4995; x_wconf 86' lang='lat' dir='ltr'>exquisierunt</span> <span class='ocrx_word' id='word_1_776' title='bbox 1541 4929 1639 4993; x_wconf 87' lang='lat' dir='ltr'>gentes</span> <span class='ocrx_word' id='word_1_777' title='bbox 1653 4921 1799 4978; x_wconf 86' lang='lat' dir='ltr'>immittat.</span> <span class='ocrx_word' id='word_1_778' title='bbox 1813 4942 1824 4969; x_wconf 81' lang='grc' dir='ltr'>ι</span> 
     </span>
     <span class='ocr_line' id='line_1_82' title="bbox 1320 5011 1489 5070; baseline -0.018 0"><span class='ocrx_word' id='word_1_779' title='bbox 1320 5013 1434 5070; x_wconf 81' lang='lat' dir='ltr'>CAPUT</span> <span class='ocrx_word' id='word_1_780' title='bbox 1454 5011 1489 5068; x_wconf 86' lang='lat' dir='ltr'>ll.</span> 
     </span>
    </p>

    <p class='ocr_par' dir='ltr' id='par_1_17' title="bbox 977 5096 1830 5424">
     <span class='ocr_line' id='line_1_83' title="bbox 1015 5096 1827 5176; baseline -0.007 -17"><span class='ocrx_word' id='word_1_781' title='bbox 1015 5102 1100 5176; x_wconf 64' lang='lat' dir='ltr'>[xib]</span> <span class='ocrx_word' id='word_1_782' title='bbox 1116 5103 1208 5173; x_wconf 89' lang='lat' dir='ltr'>igitur</span> <span class='ocrx_word' id='word_1_783' title='bbox 1228 5101 1279 5172; x_wconf 94' lang='lat' dir='ltr'>qni</span> <span class='ocrx_word' id='word_1_784' title='bbox 1303 5100 1460 5157; x_wconf 89' lang='lat' dir='ltr'>tuebantur</span> <span class='ocrx_word' id='word_1_785' title='bbox 1483 5107 1609 5155; x_wconf 82' lang='lat' dir='ltr'>castrum</span> <span class='ocrx_word' id='word_1_786' title='bbox 1636 5096 1732 5164; x_wconf 85' lang='lat' dir='ltr'>Turci,</span> <span class='ocrx_word' id='word_1_787' title='bbox 1759 5103 1827 5154; x_wconf 90' lang='lat' dir='ltr'>tan-</span> 
     </span>
     <span class='ocr_line' id='line_1_84' title="bbox 977 5186 1829 5257; baseline -0.006 -10"><span class='ocrx_word' id='word_1_788' title='bbox 977 5198 1008 5247; x_wconf 89' lang='lat' dir='ltr'>ta</span> <span class='ocrx_word' id='word_1_789' title='bbox 1023 5190 1269 5248; x_wconf 73' lang='lat' dir='ltr'>circumfuderant</span> <span class='ocrx_word' id='word_1_790' title='bbox 1283 5197 1396 5246; x_wconf 90' lang='lat' dir='ltr'>nostms</span> <span class='ocrx_word' id='word_1_791' title='bbox 1410 5188 1548 5244; x_wconf 87' lang='lat' dir='ltr'>instantia</span> <span class='ocrx_word' id='word_1_792' title='bbox 1568 5193 1600 5243; x_wconf 92' lang='lat' dir='ltr'>ut</span> <span class='ocrx_word' id='word_1_793' title='bbox 1625 5186 1702 5242; x_wconf 92' lang='lat' dir='ltr'>intra</span> <span class='ocrx_word' id='word_1_794' title='bbox 1725 5199 1829 5257; x_wconf 92' lang='lat' dir='ltr'>quam-</span> 
     </span>
     <span class='ocr_line' id='line_1_85' title="bbox 979 5276 1830 5349; baseline -0.006 -14"><span class='ocrx_word' id='word_1_795' title='bbox 979 5279 1057 5341; x_wconf 91' lang='lat' dir='ltr'>dam,</span> <span class='ocrx_word' id='word_1_796' title='bbox 1086 5293 1153 5349; x_wconf 86' lang='lat' dir='ltr'>quae</span> <span class='ocrx_word' id='word_1_797' title='bbox 1182 5279 1210 5333; x_wconf 93' lang='lat' dir='ltr'>in</span> <span class='ocrx_word' id='word_1_798' title='bbox 1235 5285 1387 5347; x_wconf 89' lang='lat' dir='ltr'>prospectu</span> <span class='ocrx_word' id='word_1_799' title='bbox 1409 5276 1518 5332; x_wconf 89' lang='lat' dir='ltr'>castelli</span> <span class='ocrx_word' id='word_1_800' title='bbox 1548 5282 1609 5331; x_wconf 88' lang='lat' dir='ltr'>erat</span> <span class='ocrx_word' id='word_1_801' title='bbox 1636 5288 1743 5342; x_wconf 88' lang='lat' dir='ltr'>arcem,</span> <span class='ocrx_word' id='word_1_802' title='bbox 1771 5282 1830 5332; x_wconf 89' lang='lat' dir='ltr'>tres</span> 
     </span>
     <span class='ocr_line' id='line_1_86' title="bbox 978 5363 1829 5424; baseline -0.005 0"><span class='ocrx_word' id='word_1_803' title='bbox 978 5381 1079 5424; x_wconf 89' lang='lat' dir='ltr'>eorum</span> <span class='ocrx_word' id='word_1_804' title='bbox 1108 5367 1211 5423; x_wconf 88' lang='lat' dir='ltr'>milites</span> <span class='ocrx_word' id='word_1_805' title='bbox 1237 5366 1439 5422; x_wconf 86' lang='lat' dir='ltr'>obstruserint.</span> <span class='ocrx_word' id='word_1_806' title='bbox 1479 5365 1657 5420; x_wconf 85' lang='lat' dir='ltr'>Prodeuutes</span> <span class='ocrx_word' id='word_1_807' title='bbox 1683 5363 1787 5420; x_wconf 89' lang='lat' dir='ltr'>etenim</span> <span class='ocrx_word' id='word_1_808' title='bbox 1813 5378 1829 5420; x_wconf 89' lang='lat' dir='ltr'>e</span> 
     </span>
    </p>
   </div>
   <div class='ocr_carea' id='block_1_10' title="bbox 0 0 1914 6008">
    <p class='ocr_par' dir='ltr' id='par_1_18' title="bbox 0 0 1914 6008">
     <span class='ocr_line' id='line_1_87' title="bbox 0 0 1914 6008; baseline 0 0"><span class='ocrx_word' id='word_1_809' title='bbox 0 0 1914 6008; x_wconf 95' lang='lat' dir='ltr'> </span> 
     </span>
    </p>
   </div>
  </div>
 </body>
</html>
