3818 6008
77 54 147 157 liet

712 109 822 165 DOlle
843 110 873 166 l..
896 110 1068 171 h’actttcttt
1088 115 1197 173 NOTAE.
1760 133 1829 189 1130

75 237 190 306 pietatis
204 244 271 294 snut
295 245 323 295 et
348 238 557 308 misericordiae,
583 240 705 298 invicem
721 243 823 300 sectari
837 244 925 300 dehe—
944 247 1065 303 ddomo
1088 250 1282 320 adjacentium
1306 252 1452 322 villarum,
1481 269 1534 327 pro
1556 257 1708 317 reficiendo
1730 273 1826 332 ponte,

75 339 153 381 mus.
180 325 322 382 Omnibus
345 328 486 398 siquidem
507 335 608 385 uotum
629 332 848 400 essevolumus
869 340 925 388 tam
980 335 1076 392 abbati
1100 346 1127 394 ot
1150 340 1298 398 monachis
1324 343 1352 396 in
1381 353 1552 413 perpetuum
1582 346 1730 406 habendos
1760 366 1828 408 cou-

74 413 184 470 iuturis
205 429 293 484 quam
316 416 516 485 presentibus,
533 419 611 488 quod
633 420 824 490 ingelrannus
851 420 927 477 iilius
980 426 1072 481 cessit.

74 501 192 558 Thome
222 501 370 559 ecclesiam
412 505 441 559 iu
475 514 568 562 castro
604 507 795 564 codiciacensi
829 510 925 579 sitam,
1016 514 1090 571 «Ut
1112 522 1208 572 autem
1231 517 1292 574 hec
1310 519 1406 574 omnia
1431 519 1460 574 iu
1487 530 1630 591 posterum
1656 524 1828 585 inconeussa

74 604 164 660 quam
188 591 328 647 hactenus
352 602 452 649 contra
469 594 518 664 jus
541 594 764 652 ecclesiasticum
785 605 925 666 tenuerat,
981 613 1176 672 permaneant,
1212 608 1404 663 anathematis
1440 608 1655 680 interpositione
1678 615 1829 671 confirma·

75 693 128 750 per
144 694 197 747 me,
221 689 248 736 et
265 694 315 750 per
330 683 522 739 venerabilem
537 683 653 740 tratrem
670 693 801 741 nostrum
817 685 926 743 Goislc-
980 706 1054 757 mus,
1081 692 1166 763 sigilli
1195 695 1280 751 etiam
1316 697 1403 752 nostri
1445 698 1629 768 impressione
1655 709 1683 758 et
1712 704 1827 760 testium

74 782 146 824 num
174 767 406 826 Suessioueusem
430 771 605 842 episcopum,
633 773 733 829 crebro
761 787 846 844 super
874 774 928 831 hoc
980 779 1173 848 suppositione
1186 783 1416 839 corroboramus.

76 857 279 923 commonitus,
299 858 415 914 laudern
440 859 540 915 diviua
572 861 757 931 inspiratione
787 877 926 933 eompun-
1016 885 1030 917 c
1064 866 1185 939 Signum
1224 870 1419 926 bartholomei
1455 871 1655 931 Lauduuensis
1693 878 1827 949 episcopi.

76 953 151 1013 ctus,
169 945 298 1002 absolute
314 946 343 1002 in
359 962 450 1004 manu
474 956 571 1005 nostra
588 950 719 1018 reddidit,
737 950 765 1007 id
780 951 886 1008 obnixe
900 957 929 1008 et
980 954 1101 1025 Signum
1127 956 1241 1013 Etualdi
1275 959 1477 1015 archidiaconi.
1504 960 1532 1016 S.
1563 962 1761 1022 bartholomei
1785 981 1830 1023 ar·

78 1034 208 1090 devotea
230 1035 313 1091 nohis
336 1044 482 1105 expetens,
509 1045 540 1095 ut
555 1039 685 1102 eamdem
700 1039 848 1096 ecclesiam
864 1055 927 1096 nio·
979 1043 1139 1100 chidiaconi
1179 1054 1207 1102 et
1252 1046 1434 1103 thesaurarii.
1478 1047 1504 1104 S.
1544 1048 1682 1107 Gnidonis
1716 1054 1827 1111 decani.

76 1123 202 1178 mosterio
223 1123 313 1180 beate
328 1125 423 1180 llarie
448 1124 483 1180 de
496 1125 654 1197 Novigento
676 1127 924 1184 contraderemus.
980 1135 1007 1189 S.
1035 1132 1144 1189 llilouis
1171 1135 1364 1203 precentoris.
1389 1136 1415 1191 S.
1442 1138 1568 1193 anselmi
1591 1140 1703 1198 abbatis
1732 1142 1829 1202 Sancti

78 1218 106 1266 et
122 1211 257 1268 canonice
269 1212 462 1269 firmaremus.
980 1221 1133 1277 vincentii.
1160 1222 1187 1277 S.
1221 1222 1355 1279 Balduini
1393 1224 1507 1280 ahhatis
1532 1225 1627 1282 Sancti
1651 1230 1778 1287 loannis.
1801 1232 1828 1288 S.

118 1298 211 1355 «Nos
235 1299 325 1371 igitur
356 1301 483 1370 petitioni
510 1302 574 1373 eJus
609 1311 756 1374 gratanter
778 1318 927 1361 assensum
982 1309 1075 1364 Leonii
1092 1309 1203 1366 abbatis
1215 1310 1310 1366 Sancti
1336 1311 1491 1368 Michaelis.
1508 1313 1535 1370 S.
1559 1314 1696 1373 Gualterii
1719 1318 1831 1375 abbatis

79 1385 248 1456 prebentes,
267 1386 327 1455 tibi,
351 1388 561 1456 traterBruno,
584 1391 741 1460 supradicti
763 1392 928 1448 monasterii
981 1398 1075 1454 Sancti
1098 1399 1221 1455 hiartini.
1250 1399 1277 1455 S.
1303 1399 1450 1457 Gisleherti
1477 1402 1589 1460 abbatis
1609 1404 1705 1463 Sancti
1721 1406 1831 1464 Nicolai

80 1474 250 1531 venerabilis
272 1475 346 1531 abba
370 1477 487 1547 tuisque
506 1479 730 1547 successorihus,
746 1488 774 1536 et
789 1481 928 1537 iratribus
982 1486 1016 1541 de
1031 1485 1120 1542 Saltu.

80 1562 152 1618 inihi
167 1564 224 1619 Deo
243 1564 436 1621 servientibus
461 1565 606 1635 prefatam
626 1566 772 1623 ecclesiam
790 1575 927 1639 perpetuo
946 1547 969 1604 Β
1020 1573 1830 1639 «ActumLaudunianuoDominicaelncarnationisll38.

80 1651 279 1720 possidendam
306 1653 499 1720 concedimus,
525 1654 562 1710 ita
589 1653 720 1711 videlicet
741 1663 773 1711 ut
792 1656 928 1713 deceden·
1020 1661 1122 1716 «Data
1136 1675 1185 1730 per
1199 1675 1320 1718 manum
1336 1662 1455 1718 Ernaldi
1469 1664 1643 1720 cancellarii.
1662 1686 1675 1719 ι

80 1742 158 1798 tibus
180 1742 327 1799 eunoicis
349 1743 517 1813 prehendas
542 1746 671 1816 ipsorum
695 1747 810 1812 habeas,
833 1756 860 1805 et
878 1762 929 1818 pro
1018 1746 1087 1814 Que
1120 1747 1298 1804 Norhertiue
1336 1748 1451 1804 lamilie
1489 1749 1616 1807 alumnis
1655 1762 1832 1813 concesserat

79 1829 214 1886 laenitate
230 1830 282 1886 loci
295 1840 504 1903 consequenter
520 1834 728 1891 monachorum
742 1834 813 1892 inibi
828 1850 928 1893 uume-

79 1932 145 1976 rnm
160 1919 329 1975 substituas.

119 2006 287 2064 ‹Pietatus
306 2007 403 2065 itidem
419 2010 613 2081 ingelrannus
631 2011 687 2069 suh
710 2013 782 2070 turri
806 2015 930 2071 ecclesie

80 2095 219 2165 capellam
244 2097 372 2154 construi
397 2098 471 2165 iecit,
492 2099 521 2156 iu
544 2115 613 2171 qua,
637 2109 669 2159 ut
692 2103 820 2173 quotidie
844 2104 931 2160 missa

80 2183 282 2240 detunctorum
306 2199 356 2255 pro
379 2187 477 2242 anima
501 2189 591 2258 patris
614 2190 659 2246 sui
682 2191 805 2259 Thome,
830 2199 857 2248 et
879 2205 930 2262 pro

79 2272 235 2329 animabus
248 2275 378 2330 omnium
396 2274 524 2332 lidelium
543 2276 755 2346 detunctorum,
772 2279 931 2336 celebrare·

81 2365 140 2426 tur,
158 2359 274 2417 hortatu
288 2360 499 2432 religiosorum,
523 2372 626 2434 rogatu
649 2366 734 2422 etiam
756 2370 930 2424 matrissuae
946 2412 952 2422 .

83 2448 253 2515 milesendis,
276 2457 304 2506 et
335 2449 460 2507 Rotberti
488 2451 585 2509 [ratris
606 2453 661 2521 sui,
687 2461 714 2510 et
737 2455 843 2512 sororis
870 2470 930 2512 sue

80 2535 254 2605 hiileseudis,
275 2545 303 2593 et
327 2551 445 2595 assensu
471 2552 620 2609 procerum
653 2554 785 2608 suorum,
815 2541 930 2598 vineam

79 2624 238 2695 quamdam
269 2625 306 2681 ab
337 2626 416 2682 omni
451 2628 659 2685 consuetudine
692 2629 821 2698 liberam,
858 2630 931 2686 duos

79 2712 192 2769 modios
221 2712 356 2771 humenti
381 2715 417 2770 ad
441 2714 566 2786 terragia
586 2714 712 2773 Cocciaci
743 2715 828 2785 ville,
852 2717 931 2773 etad

983 1848 1055 1891 suus
1069 1835 1208 1899 decessor,
1224 1838 1374 1892 conlirmat
1390 1838 1495 1893 bruno.

1018 1927 1053 1979 nt
1083 1924 1278 1981 controversia
1310 1925 1476 1981 Bruuonem
1514 1927 1588 1984 inter
1619 1935 1647 1984 et
1681 1929 1831 2002 lingonem

985 2011 1198 2067 Praemonstrati
1233 2010 1377 2076 abbatem,
1410 2013 1502 2082 sopita
1536 2014 1650 2071 taudem
1677 2024 1718 2072 est
1741 2016 1833 2073 isthac

983 2097 1203 2153 Barthbolomei
1221 2098 1420 2155 Lauduneusis
1435 2100 1575 2156 sententia
1592 2102 1759 2159 decretoria.

1022 2207 1032 2234 ‹
1060 2186 1227 2242 innomine
1254 2187 1356 2253 Patris,
1380 2195 1407 2242 et
1431 2187 1505 2256 Filii,
1529 2195 1557 2245 et
1584 2189 1709 2260 Spiritus
1729 2193 1830 2249 sancti.

983 2275 1084 2330 Amen.
1118 2274 1341 2331 Bartholomaeus
1368 2275 1417 2331 Dei
1451 2277 1545 2346 gratia
1572 2277 1600 2333 S.
1633 2279 1832 2338 laudunensis

984 2359 1115 2416 Ecclesiae
1131 2360 1249 2416 humilis
1264 2361 1402 2427 minister,
1425 2362 1529 2419 dilecto
1552 2364 1610 2421 lilio
1632 2381 1685 2422 suo
1705 2368 1832 2424 Bruuoui

984 2447 1082 2504 abbati
1104 2447 1132 2502 S.
1158 2447 1254 2504 biarie
1277 2448 1311 2503 de
1334 2448 1505 2520 Novigentm
1530 2451 1648 2522 suisque
1664 2455 1834 2511 successori·

984 2534 1040 2591 hus
1063 2535 1092 2591 iu
1116 2541 1296 2605 perpetuum.
1321 2534 1391 2602 Que
1416 2536 1452 2592 ad
1477 2551 1575 2607 pacem
1598 2539 1791 2598 Ecclesiarum
1816 2554 1833 2596 a

985 2622 1132 2680 catholicis
1158 2622 1298 2694 episcopis
1318 2623 1391 2680 inter
1412 2624 1559 2696 religiosas
1583 2629 1710 2685 maxime
1733 2643 1833 2699 perso·

984 2725 1038 2768 nas
1059 2713 1136 2784 juste
1162 2712 1305 2780 ordinata,
1328 2713 1466 2769 canonice
1489 2715 1617 2772 stabilita
1644 2725 1722 2786 suut,
1748 2718 1832 2775 ilrma

79 2809 280 2859 transversum
313 2803 346 2860 de
379 2803 565 2862 Blareucurte
597 2805 725 2876 triginta,
757 2807 792 2863 ad
816 2806 932 2864 Casuels
950 2800 1087 2881 cdeheut
1101 2808 1128 2856 et
1143 2809 1282 2870 perpetua
1296 2816 1365 2871 pace
1379 2802 1496 2858 muniri.

78 2904 151 2946 vcro
172 2892 269 2948 decem
292 2891 397 2948 solidos
421 2892 449 2947 in
465 2890 534 2949 iesto
549 2893 622 2950 beati
637 2893 758 2966 Remigii
774 2895 932 2965 quotannis

79 2978 287 3049 persolvendos
321 2979 505 3037 contradidit.
542 2980 624 3038 Dedit
656 2983 692 3037 ad
733 2990 932 3040 transversum

79 3065 312 3124 codiciacensem
327 3068 431 3139 viginti
446 3068 550 3126 solidos
572 3070 608 3125 ad
631 3070 787 3126 luminaria
807 3070 932 3128 ecclesie

79 3154 299 3226 concinnanda3
318 3163 345 3213 et
364 3155 546 3213 consumavit
567 3158 675 3214 donum
691 3157 815 3215 duorum
838 3157 934 3215 videli-

79 3251 128 3301 cet
152 3243 319 3312 solidorum,
342 3244 420 3316 quod
446 3253 527 3315 pater
553 3252 581 3301 et
605 3254 697 3303 mater
720 3253 786 3303 autc
807 3245 934 3304 fecerant

79 3332 164 3390 omui
180 3333 301 3402 septima
314 3332 351 3389 ad
369 3332 549 3390 reiectionem
569 3333 702 3390 fratrum.

122 3442 136 3472 κ
157 3420 345 3477 contulerunt
367 3421 455 3477 etiam
476 3434 561 3492 pares
585 3421 742 3492 supradicti
767 3421 874 3479 castelli
897 3420 934 3478 ei-

79 3511 149 3567 dem
174 3508 345 3566 monasterio
360 3523 411 3581 pro
435 3510 588 3566 animabus
610 3510 680 3578 suis,
705 3517 732 3565 et
753 3509 935 3580 predecesse

78 3612 151 3656 rum
173 3610 313 3654 snorum:
343 3596 486 3654 Rohertus
519 3597 554 3653 de
578 3595 652 3662 cais,
678 3609 697 3651 v
721 3595 826 3653 solidos
853 3595 934 3652 hone

79 3692 206 3743 monetae
228 3685 352 3757 singulis
376 3687 461 3742 annis
482 3684 519 3740 ad
535 3691 733 3741 transversum
758 3684 951 3761 codiciacen-¹

79 3787 161 3844 sem3
186 3773 345 3831 Raiualdus
368 3772 510 3840 Belebere,
536 3787 564 3828 ιι
586 3772 691 3829 solidos
706 3772 850 3829 censualis
874 3786 935 3828 mo·

81 3868 161 3919 nete
173 3861 208 3919 ad
230 3874 348 3917 censum
363 3873 450 3915 snum
465 3859 500 3915 de
523 3858 726 3917 liorilencurte
740 3857 934 3930 accipiendos3

1022 2911 1036 2937 «
1053 2890 1093 2944 Ea
1109 2897 1231 2959 propter,
1248 2890 1348 2947 dilecte
1368 2891 1418 2958 illi,
1435 2892 1703 2965 quaestionemque
1719 2894 1834 2952 intorte

985 2984 1012 3034 et
1026 2977 1161 3033 dilectum
1187 2977 1278 3033 tilium
1303 2977 1454 3049 ilugouem
1479 2980 1610 3038 abbatem
1635 2983 1669 3038 de
1685 2984 1834 3041 Premen-

986 3072 1085 3131 strato,
1110 3063 1214 3119 nostris
1237 3065 1413 3134 temporibus
1436 3081 1546 3125 emersa
1570 3078 1623 3140 est,
1645 3071 1834 3143 pergratiam

989 3153 1035 3209 hei
1058 3160 1228 3222 cooperante
1256 3153 1400 3211 confratre
1430 3166 1527 3214 nostro
1561 3157 1691 3216 Goisleuo
1712 3173 1833 3217 venera-

987 3240 1037 3297 bili
1067 3241 1236 3298 Suessorum
1269 3241 1413 3313 episcopo,
1443 3244 1480 3299 ad
1509 3245 1626 3315 plenum
1655 3246 1784 3316 delinire,
1807 3257 1835 3307 et

988 3328 1122 3400 presenti
1141 3328 1322 3399 paginatam
1347 3331 1453 3388 iuturis
1472 3347 1562 3404 quam
1577 3335 1766 3403 praesentibus
1779 3351 1835 3393 uo-

987 3422 1050 3472 tum
1064 3414 1157 3472 iacere
1171 3429 1319 3474 curamus.

1025 3526 1039 3554 «
1070 3505 1145 3561 Sane
1176 3512 1287 3561 constat
1319 3506 1467 3563 ecclesiam
1495 3507 1530 3564 de
1561 3507 1774 3579 Cocoiacorilla,
1808 3519 1836 3569 et

988 3592 1165 3664 parochiales
1186 3593 1305 3662 reditus,
1333 3595 1370 3651 ad
1390 3595 1539 3652 ecelesiam
1560 3597 1590 3652 B.
1615 3597 1712 3655 liarie
1726 3599 1761 3657 de
1774 3599 1835 3656 No-

988 3682 1104 3750 vigento
1136 3681 1286 3749 pertinere.
1321 3681 1409 3738 Porro
1432 3685 1508 3739 iutra
1540 3685 1669 3754 ejusdem
1694 3687 1836 3756 parochie

989 3770 1124 3828 terminos
1140 3769 1169 3824 in
1187 3765 1249 3825 loco
1266 3769 1317 3840 qui
1333 3770 1464 3828 Roserias
1486 3774 1658 3843 appellatur,
1674 3775 1837 3832 Mileseudis

990 3858 1145 3932 ingelrami
1167 3866 1268 3922 mater,
1291 3861 1497 3917 monasterium
1524 3863 1698 3930 construxit,
1719 3871 1747 3920 et
1767 3878 1837 3934 pre·

82 3949 150 4006 Ado
166 3949 200 4005 de
214 3947 297 4016 Luni,
325 3962 355 4003 xi
380 3946 485 4004 solidos
500 3947 652 4004 cursabilis
679 3955 814 4019 mouete3
836 3947 937 4004 iterius
990 3949 1065 4006 dicto
1081 3947 1179 4005 abbati
1194 3950 1228 4004 de
1254 3948 1475 4005 Premonstrato
1498 3949 1534 4005 ad
1549 3951 1676 4007 ordinem
1693 3951 1848 4024 religionisv

49 4088 61 4097 .
84 4036 176 4094 irater
190 4037 262 4108 ejus,
278 4051 306 4092 ιιι
330 4035 449 4106 solidos3
474 4035 616 4093 liebertus
638 4035 765 4104 vitulus,
782 4050 825 4091 xit
847 4036 937 4092 dena·
990 4035 1136 4095 concessit.
1158 4035 1248 4107 Cujus
1264 4036 1428 4093 monasterii
1451 4037 1670 4109 dedicationem,
1695 4048 1721 4097 te
1740 4047 1768 4097 et
1785 4041 1837 4097 Ec·

83 4125 160 4191 rios;
184 4124 280 4181 Simon
296 4127 426 4190 crassus,
449 4139 494 4180 ιιιι
517 4123 663 4192 denarios;
687 4124 789 4181 Petrus
812 4124 847 4180 de
863 4125 933 4181 Fre·
953 4118 1075 4182 Dclesia
1100 4132 1150 4181 tua
1175 4124 1395 4194 contradicente,
1419 4126 1543 4196 taudem,
1568 4136 1707 4197 presente
1732 4137 1760 4186 et
1787 4143 1837 4186 co·

83 4219 232 4280 seoncurt,
248 4227 286 4268 ιιιι
301 4212 448 4280 denarios3
472 4210 565 4268 Guido
587 4211 662 4269 tilius
677 4212 812 4281 elberici,
828 4228 874 4268 ιιιι
888 4213 937 4269 de·
990 4221 1124 4285 operante
1137 4213 1303 4284 supradicto
1325 4214 1491 4287 coepiscopo
1513 4224 1611 4273 nostro
1627 4216 1769 4286 Goisleno,
1793 4230 1838 4273 res

85 4298 200 4363 uarice
219 4298 391 4367 Bonilacius,
415 4313 453 4354 ιιι
476 4297 625 4369 denarios3
649 4299 809 4357 ltainaldus
832 4300 935 4368 liuius,
991 4302 1030 4359 ita
1044 4300 1162 4358 delinita
1175 4308 1234 4358 est:

85 4404 119 4445 ιιι
143 4387 373 4458 sextariosvini3
395 4386 566 4443 [rambertus
583 4386 727 4450 Gruellus,
746 4403 776 4444 ιιι
798 4387 938 4444 sextarios
1029 4412 1039 4439 ι
1066 4389 1212 4457 Videlicet,
1245 4397 1277 4445 ut
1309 4390 1423 4448 nullam
1451 4392 1569 4448 omniuo
1592 4391 1710 4448 ecclesia
1732 4393 1840 4450 luade

86 4475 161 4544 vini,
178 4489 251 4546 quos
270 4474 393 4532 habehat
409 4475 438 4530 iu
463 4473 599 4545 predicta
614 4475 715 4546 vinea3
738 4475 879 4532 Rohertus
903 4474 938 4530 de
991 4476 1218 4548 possessionibus
1239 4476 1296 4533 tuis
1321 4479 1449 4548 patiatur
1472 4469 1703 4544 diminutionem,
1729 4478 1778 4535 sed
1804 4478 1839 4535 ad

87 4564 196 4623 Curval
217 4565 391 4621 condonavit
420 4563 642 4621 consuetudines
663 4577 737 4634 quas
762 4563 885 4620 hahebat
907 4562 938 4619 in
963 4570 966 4575 “
992 4565 1137 4636 integrum
1160 4565 1295 4634 decimas,
1319 4567 1477 4623 oblationes
1499 4566 1618 4633 debitas,
1652 4567 1785 4624 vivorum
1813 4573 1841 4625 et

87 4652 188 4710 eadem
203 4652 298 4723 vinea.
992 4659 1173 4708 mortuorum
1197 4666 1311 4722 curam,
1335 4661 1363 4710 et
1386 4654 1409 4709 si
1434 4652 1504 4724 quid
1530 4653 1606 4709 ultra
1630 4661 1672 4709 est
1703 4654 1780 4725 quod
1807 4654 1842 4710 de

129 4763 140 4789 ι
173 4740 290 4798 Noverit
318 4739 403 4797 etiam
441 4739 592 4810 posteritas
624 4737 761 4806 bdelium,
789 4738 867 4809 quod
902 4737 938 4794 ad
992 4739 1148 4809 parochiali
1169 4740 1236 4810 lure
1264 4740 1429 4810 descendat,
1456 4747 1564 4796 eterna
1590 4741 1686 4811 quiete
1713 4741 1841 4812 posside-

89 4839 288 4887 transversum
305 4829 399 4901 pontis
420 4829 454 4885 de
468 4827 623 4898 cuiaperit,
643 4842 728 4898 quem
746 4827 840 4899 Drogo
853 4841 940 4897 nepos
993 4825 1067 4881 bitis.
1086 4826 1141 4896 lpsi
1162 4840 1229 4883 vero
1252 4827 1538 4884 Premonstratcuses
1562 4827 1634 4883 nihil
1656 4827 1691 4884 de
1706 4828 1842 4886 omnihus

90 4917 237 4976 hiathildis
256 4917 376 4986 Grosse,
399 4917 490 4973 Beate
514 4916 610 4974 liarie
632 4914 785 4987 Novigenti
808 4915 845 4971 ad
869 4929 940 4972 cou-
993 4913 1038 4969 his
1052 4928 1118 4984 que
1132 4914 1305 4985 vestrijnris
1319 4923 1415 4984 eruut,
1435 4923 1568 4985 poterunt
1583 4929 1735 4986 usurpare.
1749 4917 1840 4985 Quod,

90 5005 251 5063 versionem
278 5006 395 5063 veniens
424 5005 555 5073 contulit,
585 5004 659 5060 idom
691 5003 883 5075 ingelrannus
905 5003 941 5061 de
994 5003 1075 5058 utin
1098 5008 1243 5072 posterum
1268 5009 1363 5059 ratum
1385 5011 1413 5059 et
1434 5003 1637 5061 inconvulsum
1664 5012 1840 5074 permaneat,

90 5095 210 5152 Carreta
232 5094 384 5151 denarium
410 5108 500 5151 uuum
529 5093 613 5150 boue
644 5099 776 5159 monete,
801 5091 837 5148 de
859 5105 941 5147 carro
993 5103 1057 5160 ego,
1090 5097 1118 5146 et
1144 5090 1365 5158 suessionensis,
1391 5091 1540 5162 presentis
1565 5091 1749 5163 chirographi
1774 5107 1843 5163 pace

91 5197 161 5240 vero
176 5183 247 5240 duos
258 5183 401 5253 denarios,
424 5183 499 5241 etde
513 5180 657 5239 'irnssello
680 5181 709 5237 iu
731 5179 940 5252 Sellajaconte,
995 5178 1155 5246 firmamus,
1170 5185 1198 5235 et
1212 5177 1314 5249 sigillis
1328 5179 1433 5235 nostris
1447 5180 1663 5251 consignamus.

92 5271 244 5330 denarium
268 5287 371 5340 nuum,
395 5279 423 5330 et
445 5286 464 5329 r
487 5270 592 5328 solidos
613 5269 690 5341 apud
706 5269 888 5337 Puislerium,
915 5274 943 5325 et
1032 5288 1044 5317 ι
1067 5267 1172 5324 Actum
1197 5264 1331 5322 handuni
1357 5281 1433 5324 auno
1457 5267 1614 5324 Dominice
1638 5267 1845 5326 incarnationis

91 5361 210 5420 obolum
233 5375 326 5419 uuum
350 5361 433 5418 boue
456 5367 577 5418 monete
608 5357 644 5415 de
665 5364 742 5414 οπο
764 5369 944 5429 unaquaque
997 5355 1147 5413 millesimo
1162 5354 1314 5411 centesimo
1329 5357 1552 5427 quadragesimo
1567 5354 1672 5428 primo.

272 5459 410 5526 Parnon.
436 5459 538 5527 cult.
1628 5460 1670 5520 36
