3794 6008
511 331 622 389 GESTA
642 331 699 386 bet
718 332 787 387 rsit
808 329 977 388 FRANCOS.
994 361 1029 370 -
1042 329 1107 385 cle.
1127 331 1163 385 ll.

1662 335 1714 387 710

52 467 188 540 fugientes
222 467 360 523 inierunt.
396 466 483 535 Alios,
523 482 597 537 quos
631 466 705 523 tueri
740 465 1294 537 lugallGuisecundnmdivinum,a
1322 481 1380 536 qno
1406 467 1582 534 intuebatur,
1607 468 1714 525 instin-

52 554 134 623 aluit,
167 555 357 627 praecipitium
381 555 469 611 maris
493 554 651 620 absorbuit,
672 554 742 610 dum
760 568 807 610 sa-

52 659 70 701 s
82 652 124 701 est
138 652 258 700 mortem
275 643 388 714 eligere,
405 657 495 713 qnam
516 643 649 699 inierenti
671 657 809 699 succum-

52 725 258 784 Aliimontana
281 732 406 795 petentes
421 725 593 781 fovebantur
615 724 644 780 in
668 725 790 794 rupibus
798 740 807 795 ;

52 815 158 872 lituere
179 829 230 884 per
246 814 344 870 siivas.
365 812 422 870 Nec
442 828 532 881 mora,
553 813 649 880 Turci,
671 812 809 882 correptis

52 911 79 960 ut
102 903 211 973 punitis
237 917 310 973 quos
332 912 415 958 extra
437 910 611 973 repererant,
636 917 683 958 cos
702 916 807 973 aggre-

52 1003 88 1059 rr,
108 999 136 1046 ct
160 990 307 1047 obsidione
337 990 514 1046 mineludunt
543 990 593 1060 qui
622 990 651 1045 in
681 997 808 1046 castrum

52 1085 158 1151 gerant,
180 1078 210 1134 in
239 1086 361 1145 tantum,
378 1085 409 1134 nt
432 1078 469 1133 ad
484 1078 717 1135 succendendum
734 1077 809 1134 idern

52 1181 105 1223 ,um
133 1166 213 1238 ligna
238 1165 441 1222 conveherent.
470 1165 581 1232 Quibus
609 1166 742 1236 deinceps
769 1164 808 1221 hii

52 1253 240 1312 hsidebantur
262 1254 357 1324 ignem
382 1252 541 1323 subjiciunt
560 1261 598 1320 et,
624 1254 679 1308 lieo
699 1252 806 1324 judice,

52 1357 90 1400 us
104 1343 157 1414 qui
171 1343 251 1399 intus
265 1350 347 1398 eraut
359 1342 445 1398 Turci
460 1344 602 1398 aestimant
618 1355 808 1397 concreman-

52 1439 94 1488 tta
115 1431 294 1502 vis-ignium
317 1429 454 1485 concessit
477 1430 506 1484 in
522 1430 639 1495 ancos,
663 1437 743 1485 etex
768 1429 808 1485 eis

52 1518 134 1587 mpsit
160 1518 287 1589 aliqu0s3
317 1517 482 1573 nuliatenus
513 1525 609 1573 antem
643 1525 806 1573 nostrorum

52 1648 53 1656 .
88 1607 168 1663 ullos.
198 1606 376 1663 instantibus
404 1606 505 1662 deiude
535 1606 598 1672 illis,
615 1605 806 1675 municipium

864 561 954 622 etum,
970 553 1110 611 mirabilis
1135 569 1221 624 super
1243 554 1296 611 hoc
1317 555 1498 626 postmodnm
1514 557 1714 626 opportunitas

865 643 970 699 arrisit.

899 731 967 788 Tres
992 731 1089 802 itaque
1115 731 1145 797 ii,
1171 731 1306 786 maximis
1340 745 1413 800 qnos
1440 731 1584 788 habebant
1618 731 1713 789 oblitis

864 819 1033 887 honoribus,
1070 833 1229 890 perrexere.
1265 819 1318 875 Sed
1351 833 1409 890 quo
1437 819 1547 876 caeteris
1577 820 1714 878 iratribus

863 905 1043 974 prudentior,
1058 920 1100 974 geo
1126 903 1296 963 Godeiridus
1326 907 1387 963 dux
1413 907 1522 964 exstitit
1538 907 1639 965 militia
1653 924 1713 965 nu-

863 994 1015 1049 merosiore
1054 995 1203 1064 potentior.
1243 994 1317 1051 Huic
1348 995 1518 1067 adjungitur
1555 996 1713 1054 Balduinns

863 1094 958 1137 comes
981 1082 1015 1137 de
1039 1082 1192 1147 Montibus,
1222 1082 1367 1139 liothberti
1398 1084 1582 1140 Flandrensis
1601 1085 1713 1141 comitis

860 1168 985 1238 junioris
1000 1170 1096 1239 patrui
1111 1169 1197 1226 lilius.
1214 1170 1286 1228 Cum
1302 1171 1390 1227 nobili
1407 1172 1495 1242 igilur
1511 1186 1608 1228 rerum
1623 1186 1711 1244 eque·

863 1257 966 1313 strium
988 1272 1092 1328 pompa
1113 1266 1141 1315 et
1165 1259 1311 1328 spectabili
1332 1260 1549 1316 lortissimorum
1569 1261 1712 1331 juvenum

862 1346 1034 1417 frequentia,
1055 1347 1261 1418 hungarorum
1286 1348 1489 1418 ingrediuntur
1509 1356 1637 1416 terram3
1656 1349 1712 1406 ha·

863 1434 961 1490 hentes
975 1443 1072 1491 tamen
1097 1449 1171 1497 eam,
1193 1449 1281 1506 quam
1307 1435 1408 1491 Petrus
1427 1443 1520 1492 tenere
1535 1452 1593 1492 non
1608 1437 1710 1507 valuit,

863 1537 934 1592 erga
950 1537 1017 1579 suos
1039 1523 1142 1580 milites
1165 1523 1360 1593 disciplinam3
1378 1532 1405 1579 et
1424 1524 1538 1580 duobus
1562 1533 1628 1581 nrrte
1653 1526 1712 1589 [loe

863 1611 933 1665 mini
961 1610 1062 1667 Natale
1093 1611 1204 1679 dicbus,
1245 1611 1329 1681 primi
1354 1619 1421 1667 ante
1455 1626 1554 1667 ornnes
1583 1613 1712 1669 Francia

52 1709 88 1759 r:
118 1696 187 1764 vivi,
219 1695 482 1766 quosquaerehant,
503 1695 805 1764 comprehenduntur3
863 1698 1016 1770 principes,
1062 1701 1163 1756 urbem
1199 1699 1319 1771 attigere
1358 1697 1711 1770 constantinopolitanam,

57 1798 101 1852 ue,
122 1783 163 1840 nti
188 1783 299 1853 pridem
327 1783 363 1838 de
386 1783 449 1838 aliis
474 1791 602 1854 egerant,
632 1783 805 1852 dispertiun·
861 1790 935 1841 884
952 1786 1000 1843 sed
1016 1787 1147 1857 hospitati
1162 1795 1230 1843 sunt
1244 1795 1325 1843 extra
1337 1787 1438 1856 ipsam.

52 1879 69 1928 tt
89 1871 126 1928 ad
151 1886 209 1938 eas,
236 1871 312 1927 unde
337 1871 431 1926 hostes
455 1880 605 1938 venerant,
632 1871 805 1940 provincias,
896 1877 932 1929 At
957 1874 1084 1944 perudus
1111 1875 1266 1944 imperator
1290 1876 1417 1943 territus,
1438 1874 1536 1931 audito
1559 1875 1710 1932 clarissimi

52 1975 95 2016 :uo
118 1960 209 2016 lutnri
228 1961 351 2026 exsules,
379 1960 572 2015 destinantur.
597 1959 664 2015 llaec
684 1967 714 2015 ut
731 1959 807 2015 dicta
861 1961 943 2017 ducis
969 1961 1107 2028 adventu,
1145 1962 1247 2017 detulit
1273 1963 1297 2017 ei
1323 1963 1524 2029 reverentiam,
1555 1964 1602 2019 sed
1627 1964 1713 2020 minis

54 2062 151 2105 mense
165 2057 345 2118 peraguntur
359 2047 485 2103 Octobri.
861 2048 1047 2115 extortitiam,
1072 2049 1203 2118 praebens
1225 2048 1250 2104 ei
1272 2063 1322 2119 pro
1339 2049 1492 2116 moenibns,
1510 2049 1539 2104 in
1560 2049 1654 2121 burgo
1669 2051 1712 2106 vi-

54 2135 181 2207 perlidus
206 2136 371 2206 imperator,
393 2143 538 2205 comperto
566 2135 694 2192 fidelium
716 2135 808 2191 inior-
861 2136 962 2193 delicet
982 2135 1072 2204 urbis,
1096 2137 1295 2193 commanendi
1326 2137 1480 2192 licentiam.
1510 2138 1634 2208 Hospitio
1662 2140 1713 2194 ita-

76 2238 205 2294 nequam
233 2221 326 2279 elatus
351 2223 460 2292 laetitia,
489 2223 654 2280 facultatem
684 2223 808 2280 residuis
862 2238 919 2294 que
941 2224 977 2279 ad
1004 2224 1157 2294 imperium
1187 2223 1367 2294 imperatoris
1394 2233 1519 2294 accepto,
1544 2226 1712 2282 adcontra-

51 2313 180 2380 attribui,
204 2312 324 2367 transito
344 2312 473 2368 videlicet
496 2313 591 2367 Sancti
607 2312 720 2383 Georgii
738 2313 807 2367 Bra·
863 2311 971 2368 hendas
1005 2312 1200 2381 undecunque
1232 2312 1328 2382 paleas
1364 2311 1504 2382 equisque
1541 2315 1710 2382 necessaria,

58 2401 88 2457 in
120 2401 259 2457 citerioris
291 2400 406 2456 Graeciae
430 2409 525 2470 partes
554 2401 676 2471 regredi.
707 2401 809 2457 iletre-
862 2399 923 2454 dux
945 2408 974 2455 et
1007 2398 1117 2469 quique
1138 2413 1269 2465 suorum,
1292 2399 1450 2469 armigeros
1473 2400 1603 2470 proprios
1625 2401 1711 2457 desti-

52 2502 71 2544 ts
98 2504 166 2546 curn
196 2491 225 2544 in
251 2503 312 2545 suae
340 2489 457 2545 ditionis
484 2497 561 2545 terra
580 2490 704 2555 vidisset,
727 2503 809 2546 arma
862 2487 982 2542 nabent.
1012 2488 1138 2543 Etcum
1164 2487 1376 2543 arbitrarentur
1404 2486 1480 2543 licite
1498 2502 1531 2542 ac
1557 2502 1657 2545 secure
1680 2505 1710 2546 se

53 2577 246 2634 ieorumdem
271 2577 474 2645 venderentur,
493 2577 560 2646 jure
576 2578 638 2648 iam
658 2577 808 2634 necessita·
863 2575 1025 2631 discurrere
1040 2588 1120 2645 posse
1135 2589 1193 2643 quo
1219 2575 1332 2642 vellent,
1348 2574 1422 2630 clam
1446 2575 1580 2645 princeps
1595 2576 1641 2632 ille
1664 2592 1712 2633 ne·

52 2665 127 2738 tigit.
155 2665 282 2722 Comitia
307 2666 383 2721 Petri
395 2664 526 2721 Eremitae
540 2666 605 2722 talis
621 2665 674 2722 luit
688 2667 784 2722 exitus
800 2681 806 2721 :
863 2663 1030 2733 quissimus,
1054 2662 1098 2718 his
1113 2663 1164 2733 qui
1177 2663 1253 2718 circa
1268 2677 1297 2717 se
1313 2662 1508 2719 versabantur
1531 2665 1662 2734 imperat,
1679 2673 1712 2722 ut

70 2753 219 2810 historiam
246 2754 307 2810 ideo
335 2756 396 2810 sine
425 2753 544 2809 alterius
566 2756 693 2811 materiae
718 2755 809 2811 inter·
863 2751 945 2808 ducis
967 2751 1121 2819 ministros,
1147 2765 1333 2821 quorumque
1353 2751 1508 2821 pervadere
1528 2760 1652 2821 possent,
1668 2755 1711 2809 in-

59 2843 201 2913 prosecuti
225 2857 335 2907 sumus,
356 2849 387 2898 ut
410 2855 473 2897 eam
490 2842 553 2898 aliis
568 2843 677 2898 nnllam
698 2843 809 2914 impen·
862 2839 1026 2896 differenter
1053 2840 1223 2895 occiderent.
1254 2838 1334 2905 Quod
1364 2838 1413 2894 ubi
1449 2839 1601 2908 Balduino,
1630 2840 1712 2898 ducis

59 2944 153 3002 opem,
179 2930 228 2987 sed
253 2929 354 2986 'lurcis
382 2930 524 2986 addidisse
549 2930 700 2987 audaciam
724 2946 808 2987 mon·
862 2927 944 2984 fratri
971 2935 1149 2998 compertum
1176 2936 1227 2994 est,
1264 2926 1395 2983 obtendit
1422 2927 1560 2997 insidias3
1589 2935 1711 2983 etcum

51 3032 125 3075 mus.
150 3017 235 3074 Nunc
258 3019 356 3090 itaque
384 3018 420 3074 ad
442 3032 490 3074 eos
512 3033 585 3089 qnos
608 3019 808 3086 omiseramus,
828 3029 930 3095 cenos
954 3015 1102 3085 reperisset
1122 3015 1371 3085 ancopolitarum
1396 3014 1532 3071 violentia
1556 3014 1710 3085 molestari,

52 3103 158 3170 eadem,
191 3119 251 3175 qua
288 3105 388 3161 Petrus
427 3113 620 3175 praecesserat,
663 3105 810 3164 subsecuti

55 3192 113 3261 via,
143 3192 194 3248 sed
222 3192 306 3263 longe
338 3191 458 3247 feliciori
498 3192 648 3262 modestia,
683 3200 809 3250 reverta-

51 3455 84 3528 l.]
115 3457 158 3511 Dc
180 3456 346 3525 Godesrt'do,
371 3455 421 3528 qui
439 3456 550 3512 duodus
571 3472 633 3514 cum
648 3456 809 3525 ,fratribus

52 3543 175 3618 elymam
185 3544 282 3600 valido
302 3544 426 3600 exercitu
440 3545 563 3616 coryleta
577 3545 680 3617 pergil.
697 3576 731 3585 -
745 3545 810 3602 Dux

52 3632 138 3701 vidus,
166 3634 313 3690 Eustachii
339 3634 551 3690 Boloniensinm
580 3632 690 3689 comitis
723 3632 809 3700 iilius,

52 3722 153 3778 babuit
171 3723 282 3789 iratres,
307 3722 489 3788 Balduiuum,
514 3721 564 3791 qui
579 3721 729 3776 Edessena
744 3721 811 3777 urbi

56 3810 86 3879 it,
108 3817 136 3866 et
159 3819 222 3881 post
246 3811 341 3880 ipsntn
366 3811 493 3870 iratrem.
511 3824 561 3866 rex
577 3808 694 3867 ellectus
711 3810 810 3866 lliero-

52 3914 85 3967 ω,
114 3915 194 3955 nunc
220 3914 313 3970 usqne
337 3907 454 3970 regnat3
484 3906 511 3955 et
539 3898 729 3953 Eustachium
759 3898 809 3968 qui

51 4001 80 4042 ro
100 3987 247 4043 comitatui
265 3994 375 4056 praest.
400 3986 434 4042 lli
450 3995 558 4057 patrem
575 3986 743 4042 hahuerunt
758 4001 810 4056 po-

52 4089 77 4141 u,
92 4083 120 4130 et
146 4075 293 4130 secularis
319 4075 425 4145 ingenii
441 4076 553 4145 virum3
575 4075 624 4130 sed
645 4081 673 4130 et
690 4084 811 4131 matrem

52 4176 62 4219 ι
85 4164 213 4234 quidem,
240 4163 293 4219 nisi
318 4163 411 4231 fallor,
436 4163 589 4231 eruditam,
605 4171 632 4219 et
651 4178 687 4219 ex
710 4165 811 4220 Lotha·

85 4250 211 4322 ingenne
240 4252 395 4307 admodum
429 4251 594 4318 oriundam,
625 4254 674 4306 sed
704 4251 812 4321 potissi-

864 3103 1004 3159 acerrime
1026 3117 1084 3171 eos,
1101 3103 1142 3159 uti
1164 3103 1290 3170 decebat,
1314 3102 1501 3174 aggreditur:
1522 3103 1626 3158 etheo
1646 3116 1711 3172 pro-

863 3200 997 3262 sperante
1011 3199 1092 3247 tanta
1111 3191 1232 3247 victoria
1254 3190 1372 3261 potitur,
1398 3199 1429 3246 ut
1444 3204 1481 3246 cx
1503 3190 1543 3246 eis
1559 3190 1711 3262 sexaginta

862 3279 1076 3350 comprehensis
1100 3280 1205 3350 partim
1228 3280 1375 3347 occiderit,
1403 3279 1510 3348 partim
1534 3279 1601 3335 duci
1629 3279 1711 3336 iratri

863 3368 1006 3424 obtulerit.
1035 3370 1099 3424 llaec
1127 3369 1163 3424 ad
1187 3369 1266 3437 impii
1291 3368 1472 3438 imperatoris
1497 3366 1547 3423 ubi
1572 3366 1712 3423 devenere

864 3455 1004 3524 notitiam,
1019 3456 1112 3512 multa
1126 3455 1375 3512 animadversione
1390 3464 1549 3526 torquetur.
1572 3454 1633 3518 Quo
1648 3456 1712 3526 eius

865 3551 945 3599 motu
967 3543 1079 3598 cantior
1094 3543 1147 3600 sihi
1167 3542 1395 3610 redditnssdux,
1421 3542 1513 3612 burgo
1541 3542 1632 3610 urbis,
1653 3557 1712 3613 quo

864 3638 1048 3698 successerat,
1070 3631 1163 3699 cessit,
1189 3639 1217 3687 et
1239 3638 1322 3687 extra
1345 3631 1415 3687 lines
1437 3631 1500 3701 ejus
1523 3638 1617 3686 castra
1640 3630 1710 3701 bgit.

863 3723 898 3775 At
914 3719 1055 3790 princeps,
1074 3719 1144 3776 illati
1168 3719 1273 3775 doloris
1294 3734 1351 3775 non
1378 3720 1536 3786 immemor,
1562 3732 1628 3774 cum
1653 3719 1713 3775 dies

864 3816 938 3864 esset
966 3808 1084 3864 acclinis
1108 3809 1145 3864 ad
1172 3822 1337 3878 vesperum,
1362 3808 1469 3863 directo
1497 3821 1530 3863 eo
1555 3821 1641 3877 quern
1662 3822 1713 3863 co-

864 3909 931 3967 gere
952 3902 1062 3966 poterat
1095 3896 1236 3964 exercitu,
1265 3896 1367 3952 ducem
1393 3910 1459 3952 cum
1485 3908 1539 3950 sua
1565 3904 1648 3966 gente
1675 3895 1712 3951 ad

865 3985 940 4041 bella
963 3985 1084 4041 lacessit.
1106 3984 1182 4053 Quos
1206 3986 1267 4041 dux
1287 3984 1448 4040 vehementi
1471 3983 1580 4054 excepit
1605 3984 1713 4040 instan-

865 4073 915 4141 tia,
935 4083 962 4130 et
982 4074 1011 4129 in
1036 4073 1135 4144 lugam
1156 4073 1262 4144 pulsos,
1284 4072 1483 4142 persequendo
1499 4071 1592 4143 coegit
1610 4072 1640 4127 in
1658 4085 1712 4128 ur-

864 4163 938 4230 bem,
969 4169 1138 4232 septemque
1166 4162 1286 4232 peremit
1315 4175 1425 4217 eorum.
1451 4161 1501 4217 llis
1530 4162 1569 4216 ita
1598 4160 1715 4217 leliciter

864 4251 935 4307 actis
949 4251 1010 4307 dux
1032 4251 1068 4306 ad
1084 4264 1139 4307 sua
1153 4259 1247 4306 eastra
1267 4249 1361 4315 rediit,
1384 4264 1417 4305 ac
1433 4264 1483 4319 per
1500 4239 1631 4320 quinque
1654 4249 1714 4305 dies

72 4338 201 4410 ingenita
237 4339 399 4407 serenitate,
437 4347 464 4395 et
490 4353 595 4410 magna
622 4353 690 4410 erga
720 4341 812 4397 Deum
831 4333 968 4394 Dresedit
985 4338 1100 4406 ibidem,
1125 4338 1216 4394 donec
1231 4338 1291 4407 ipse
1305 4337 1519 4407 imperatorque
1536 4338 1713 4394 conloedera-

79 4426 230 4484 devotione
262 4434 467 4498 prestantem:
497 4429 583 4498 eujus
599 4428 719 4484 diutinas
742 4428 811 4485 reli-

65 4522 122 4571 tam
151 4515 349 4584 spectabilium
378 4515 567 4581 debebantur,
597 4523 628 4572 nt
656 4517 810 4585 credimus,

54 4602 224 4685 utiliorum.
248 4603 293 4659 llli
315 4603 408 4672 plane,
430 4604 464 4658 de
486 4618 543 4674 quo
559 4604 637 4674 loqui
652 4605 809 4672 adorimur,

52 4691 125 4759 bido,
143 4706 176 4748 ex
199 4699 329 4748 materna
350 4693 513 4748 hereditate
527 4692 603 4762 apud
620 4692 811 4763 Lotharingos

52 4793 86 4835 us
100 4788 266 4837 accesserat.
283 4781 315 4835 lli
328 4787 394 4847 tres,
407 4795 424 4835 a
435 4781 536 4836 matris
546 4794 732 4850 nequaqnam
743 4781 811 4836 sim-

52 4875 87 4924 tte
102 4868 265 4940 degeneres,
281 4883 349 4924 cum
360 4868 451 4925 multa
473 4883 621 4924 armorum
635 4869 736 4940 gloria,
749 4876 811 4924 tum

52 4955 100 5012 ttia
126 4970 185 5012 non
214 4958 324 5013 minore
347 4956 521 5013 llornerunt.
551 4957 664 5013 Solebat
691 4970 812 5013 narrare

52 5057 87 5098 sa
107 5044 220 5112 mulier,
242 5057 307 5100 cum
333 5044 423 5116 hujus
442 5045 626 5116 profectionis
649 5046 761 5100 exitum
783 5051 811 5100 et

52 5145 87 5186 im
111 5144 231 5187 suorum
257 5132 414 5188 miraretur
435 5140 582 5200 eventum,
609 5132 754 5203 quoddam
782 5146 812 5188 se

52 5233 77 5275 se
99 5233 138 5276 ex
164 5234 212 5276 ore
242 5221 293 5276 lllii
322 5221 404 5277 ducis
430 5221 486 5278 talc
513 5222 696 5292 presagium,
720 5220 812 5277 multo

51 5320 118 5363 narn
146 5307 224 5364 ileret
251 5308 368 5379 aliquod
410 5308 649 5379 peregrinationis
686 5308 810 5365 initium.

52 5403 77 5452 at
105 5409 232 5466 namque
259 5410 289 5452 se
323 5396 485 5452 desiderare
508 5397 649 5467 proticisci
677 5396 812 5452 llieroso-

52 5499 78 5550 n,
103 5491 131 5540 et
157 5484 211 5540 hoc
235 5498 293 5540 non
318 5483 497 5554 simpliciter,
528 5493 560 5542 ut
588 5486 647 5553 alii,
671 5485 719 5543 sed
744 5499 812 5542 cnm

52 5569 98 5628 itia
119 5572 274 5641 exercitus,
289 5571 313 5629 si
334 5571 389 5629 sibi
413 5571 495 5644 copia
508 5581 683 5645 suppeteret,
699 5573 807 5647 magni.

865 4426 1013 4483 renturad
1039 4440 1147 4497 pacem.
1169 4426 1220 4482 Sed
1248 4425 1301 4482 sibi
1319 4425 1435 4482 timidus
1461 4425 1593 4495 princeps
1617 4424 1714 4496 exegit

865 4516 968 4572 adure
981 4513 1106 4582 monitis,
1134 4521 1166 4570 ut
1185 4514 1280 4571 Sancti
1308 4513 1421 4584 Georgii
1445 4512 1599 4568 Brachium
1621 4519 1713 4568 trans·

863 4604 928 4669 iret,
959 4603 1102 4673 spondens
1130 4602 1208 4672 quod
1233 4602 1364 4657 omniurn
1393 4600 1562 4655 victualium
1586 4601 1712 4670 negotia,

866 4691 908 4748 uti
930 4690 1105 4747 haberentur
1128 4688 1382 4758 Constantinopoli,
1400 4687 1440 4743 eis
1464 4687 1567 4743 deferri
1587 4687 1712 4759 juberet,

864 4787 892 4836 et
913 4779 1091 4850 pauperibus
1110 4793 1226 4849 quoque
1246 4791 1347 4833 eorum
1370 4776 1579 4847 eleemosynam
1598 4776 1713 4846 impen-

864 4869 953 4924 deret.
967 4866 1047 4935 Quod
1061 4875 1089 4923 et
1103 4867 1210 4923 lactum
1222 4873 1275 4921 cst.

1191 4953 1308 5011 CAPUT
1327 4953 1389 5011 Vll.

900 5042 998 5117 [xlii]
1028 5042 1168 5099 Aimnrns
1196 5042 1350 5098 Pedienst'r
1378 5040 1528 5113 epiecopus
1549 5039 1658 5112 pietate
1684 5042 1713 5095 et

862 5132 987 5187 scientia
1006 5130 1194 5187 clarissimus.
1211 5129 1399 5197 -Quoniam
1424 5130 1513 5200 igitur
1529 5128 1651 5185 deduce
1666 5129 1713 5184 di-

864 5221 961 5276 ximus
983 5219 1146 5292 quusmodi
1162 5220 1220 5274 huc
1243 5233 1336 5289 usque
1354 5225 1547 5274 commeatum
1568 5216 1711 5285 hahuerit,

864 5316 952 5365 restat
967 5316 999 5366 nt
1021 5309 1056 5364 ad
1077 5308 1221 5364 interioris
1241 5306 1369 5362 Francia
1391 5320 1522 5376 proceres
1541 5306 1712 5375 redeamus3

864 5397 958 5468 etqui
980 5397 1097 5463 inerint,
1115 5410 1209 5467 quave
1225 5395 1412 5466 perrexerint,
1433 5409 1507 5466 qnos
1526 5395 1612 5451 etiam
1626 5408 1713 5450 even-

865 5493 912 5543 tus
926 5484 1091 5555 habuerint,
1116 5485 1215 5557 aliqua
1236 5499 1273 5541 ex
1288 5492 1369 5555 parte
1384 5492 1549 5556 tangamus.
1567 5483 1713 5540 Podiensis

864 5573 1011 5646 episcopus
1024 5575 1080 5642 vir,
1102 5573 1173 5644 vita,
1193 5572 1321 5644 scientia,
1341 5572 1521 5632 documentis
1535 5579 1563 5631 et
1577 5571 1713 5630 militaris
