3818 6008
115 214 167 267 423
565 214 596 270 V.
616 214 783 272 obteneat
800 213 947 270 assatis
966 215 994 272 S.
1016 212 1134 270 hlthAE
1153 216 1200 270 DE
1219 211 1414 270 hovtceuvo
1813 211 1865 265 lii

115 343 274 400 debuerant
299 344 451 414 quomodo,
477 344 507 400 in
527 344 645 401 exordio
670 359 729 401 suae
754 345 958 411 conversionis,
979 351 1108 411 Asnam,
1142 352 1169 400 et
1198 352 1298 400 tenens
1329 357 1429 399 arcum
1465 357 1522 398 non
1552 341 1649 398 stabit.
1685 362 1696 389 ι
1728 341 1865 397 leobastus

115 432 290 502 quibusdam
304 432 556 489 exterminaverim
580 433 669 488 Deum
691 434 896 490 amaricantem
911 448 959 489 su·
1014 435 1135 488 animone
1158 449 1236 487 suom
1256 449 1310 487 noa
1333 433 1435 499 salvat,
1458 445 1525 487 cum
1549 433 1582 498 is,
1605 430 1656 501 qui
1678 437 1780 486 contra
1798 443 1866 499 poc-

114 519 222 590 perbiae
235 519 351 588 laetum,
367 521 396 576 in
416 520 531 576 illorum
553 520 691 576 nimirum
711 522 846 577 cordibus
861 521 912 592 qni
927 521 961 577 de
1014 522 1068 577 cati
1085 521 1231 577 mollitiem
1251 521 1364 576 diutino
1387 520 1521 576 celibatu
1542 520 1692 585 duruerat,
1718 518 1866 589 impetitus

114 622 168 664 sua
185 609 432 678 contemplatione,
459 623 493 664 ac
518 609 542 665 si
562 609 679 665 cedrina
700 612 867 679 proceritate
887 624 961 682 gan·
1014 610 1094 665 nullo
1109 610 1191 666 modo
1206 610 1351 680 propriam
1368 609 1575 664 animalitatem
1594 606 1697 663 frenat.
1713 605 1767 674 Qui
1786 613 1864 662 tenet

114 697 230 765 debant,
246 704 273 753 et
290 698 324 753 de
345 711 405 753 suaa
423 697 518 754 carnis
539 698 778 768 impassibilitate,
794 713 828 755 ac
842 698 863 755 si
879 699 960 769 ejus·
1013 714 1107 752 arcum
1131 715 1184 753 noa
1200 706 1265 766 stat,
1289 699 1359 768 uuio
1380 698 1435 753 cito
1451 697 1480 752 in
1503 695 1657 752 tentatione
1672 695 1793 755 labitur,
1814 694 1864 764 uui

114 787 178 842 dem
194 786 305 842 arboris
320 786 550 856 imputribilitate
571 801 631 843 sese
648 787 807 857 iactabant,
825 797 957 844 constan-
1013 786 1119 842 divinae
1149 787 1219 857 legis
1243 787 1390 842 scientiam
1418 793 1524 841 temere
1553 784 1607 840 sibi
1641 791 1768 855 arrogat.
1797 803 1811 832 ε
1829 783 1865 838 Εῑ

113 881 155 931 tes
169 876 253 931 etiam
271 875 398 931 adversis
412 876 626 947 emergentibus
640 877 745 946 seipsos
759 875 844 947 quasi
857 876 960 933 robora
1015 896 1025 923 ι
1044 876 1127 931 velox
1154 876 1274 945 pedibus
1293 876 1354 931 suis
1390 888 1448 929 non
1477 873 1647 939 salvabitur,
1674 881 1702 929 et
1730 880 1865 929 ascensor

113 977 224 1035 querna
244 964 393 1033 putabant.
413 982 426 1014 e
453 964 514 1034 Ego
530 964 651 1020 contrivi
674 964 798 1020 fructum
819 964 883 1036 ejus
907 964 960 1020 dc·
1012 984 1027 1014 α
1042 964 1110 1034 eqtti
1126 979 1183 1019 non
1197 964 1322 1020 salvabit
1341 964 1468 1018 animam
1484 976 1578 1019 suam.
1594 981 1608 1013 ι
1625 961 1715 1019 Velox
1741 961 1864 1031 pedibus

112 1066 240 1122 isuper,
265 1059 293 1108 et
313 1053 437 1108 radicem
461 1054 524 1122 ejus
540 1053 679 1108 subter.»
706 1054 828 1109 Fructus
852 1052 958 1109 Amor·
1011 1052 1071 1107 suis
1098 1066 1155 1107 non
1177 1053 1316 1116 salvatur,
1341 1065 1407 1107 cum
1430 1051 1536 1106 astutia
1559 1049 1625 1119 uuis
1651 1057 1679 1105 et
1706 1048 1862 1104 calliditate

112 1140 183 1197 rhei
208 1141 322 1211 desuper
340 1140 509 1207 conteritur,
534 1155 600 1201 cum
625 1141 721 1197 saeculi
744 1140 866 1197 lortunee
892 1155 958 1198 suc·
1011 1139 1116 1196 multos
1130 1140 1271 1196 excedens
1286 1140 1326 1195 nil
1340 1140 1436 1207 eiticit,
1458 1153 1525 1194 cum
1545 1151 1759 1208 praeproperare
1778 1137 1862 1192 vide-

111 1243 209 1285 cessus
231 1229 429 1285 incedentibus
445 1229 609 1285 infortuniis
631 1230 812 1286 annullatur.
839 1229 959 1286 Radices
1013 1234 1078 1298 tur;
1094 1228 1172 1298 qnod
1197 1242 1293 1299 neque
1317 1228 1437 1284 volentis
1453 1241 1546 1298 neque
1569 1226 1722 1290 currentis,
1743 1224 1793 1280 sed
1808 1225 1862 1281 mi·

111 1316 464 1388 ejussubteratteruntur,
482 1332 548 1374 cnm
574 1332 636 1388 spes
653 1326 847 1388 proventuum
871 1317 958 1375 ctiam
1010 1318 1129 1373 serentis
1155 1317 1203 1373 Dei
1226 1330 1288 1373 esse
1318 1316 1498 1388 dignoscitur
1534 1317 1617 1386 (Rem.
1648 1328 1686 1381 vx,
1723 1316 1776 1384 lo).
1806 1314 1860 1370 hs-

110 1406 182 1462 lalsa
194 1407 254 1477 jam
269 1406 382 1476 penitus
398 1406 575 1462 obruuntur.
1011 1419 1113 1461 censor
1130 1406 1197 1476 equi
1213 1421 1266 1460 aon
1281 1405 1374 1460 salvat
1388 1409 1510 1459 animum
1530 1419 1618 1470 suem,
1635 1417 1701 1459 cum
1723 1403 1775 1473 qui
1800 1403 1861 1459 ani·

147 1496 231 1552 Vens.
251 1497 292 1550 lb.
314 1525 348 1534 -
368 1516 382 1542 «
398 1495 458 1565 Ego
478 1509 554 1560 survi,
578 1495 630 1565 qui
654 1496 807 1552 ascendere
830 1510 881 1552 vos
904 1495 956 1552 leci
1011 1493 1146 1548 rivalitatis
1160 1507 1220 1549 suae
1237 1494 1360 1550 motibus
1381 1507 1432 1563 pro
1447 1493 1507 1548 sola
1526 1491 1623 1548 sectili
1644 1492 1791 1547 honestate
1811 1491 1859 1548 do·

82 1627 91 1649 ,
112 1584 175 1640 »de
196 1590 272 1639 terra
285 1583 411 1655 AEgypti,
432 1592 459 1639 et
475 1583 562 1639 eduxi
583 1597 633 1638 vos
657 1583 686 1639 in
702 1583 812 1640 deserto
832 1583 958 1655 quadra·
1011 1581 1114 1636 minari
1129 1582 1240 1649 nititur,
1266 1582 1370 1636 animae
1394 1596 1452 1636 non
1475 1586 1549 1636 ττι)
1569 1580 1682 1637 cohibet
1704 1579 1859 1645 levitatem,

111 1673 222 1744 «ginta
247 1671 340 1734 annis,
366 1679 398 1729 nt
424 1671 604 1741 possideretis
629 1679 733 1729 terram
748 1672 921 1730 amorrhaei.
940 1693 954 1722 »
975 1660 1098 1739 Bonam
1116 1671 1143 1725 in
1170 1670 1328 1741 Evangelio
1350 1669 1443 1726 odisse
1465 1669 1605 1740 jubemur
1626 1669 1753 1725 animam
1770 1670 1857 1739 (qun.

109 1760 188 1829 Quod
213 1767 256 1817 est
272 1761 365 1817 dicere
381 1775 387 1815 :
405 1760 466 1830 Ego
488 1774 539 1816 vos
561 1761 595 1817 de
620 1775 741 1817 moerove
767 1769 795 1817 ct
808 1762 956 1831 presentis
1009 1757 1132 1828 11¹‚25l
1635 1760 1642 1771 '

110 1849 207 1907 saeculi
241 1849 385 1920 angustia,
418 1848 497 1919 quod
529 1848 635 1903 dicitur
666 1849 819 1919 AEgyptus,
852 1848 954 1916 extuli,
1045 1846 1130 1902 Vens.
1149 1848 1320 1903 tc.-«hr
1345 1847 1482 1903 robustus
1504 1847 1588 1903 corde
1614 1845 1860 1902 interiortesnu-

109 1954 218 2011 vosque
246 1940 382 1996 vitiorum
413 1937 572 1993 desertione
605 1936 769 2007 singulares
802 1951 851 2005 per
886 1936 957 2009 legis
1011 1934 1271 2006 »duseilugietin
1293 1935 1410 1991 dieilla.
1430 1955 1444 1986 a
1467 1935 1545 1992 Acsi
1568 1933 1860 2005 diceret:0uidquid

109 2028 293 2098 llecalogum,
309 2033 337 2083 et
351 2027 421 2082 scita
440 2032 567 2096 quatuor
576 2025 799 2096 Evangeliorum
817 2025 955 2097 educavi3
1011 2023 1152 2079 bonarum
1177 2024 1283 2080 artium
1303 2024 1486 2094 praestantius
1505 2023 1646 2080 habeatur
1665 2023 1727 2078 sine
1751 2023 1808 2079 Deo
1831 2023 1859 2078 in

109 2117 150 2172 sic
167 2115 242 2172 enim
264 2115 293 2170 in
308 2114 389 2170 vobis
414 2128 505 2169 annos
524 2113 631 2169 virtute
653 2112 772 2168 reiectos
798 2125 831 2168 ac
850 2111 873 2167 si
894 2112 957 2168 die·
1010 2111 1136 2180 horariae,
1152 2113 1385 2182 floccipenditur,
1395 2113 1452 2168 vim
1467 2127 1526 2168 non
1540 2112 1640 2181 babet;
1659 2119 1688 2166 at
1704 2110 1756 2181 qui
1771 2111 1860 2167 robur

108 2218 174 2261 rum
191 2203 319 2260 claritate
342 2202 473 2270 iormavi,
489 2209 522 2258 ut
542 2208 657 2270 terram,
676 2215 742 2271 quae
765 2199 898 2270 superbis
913 2201 956 2255 in·
1010 2201 1103 2256 cordis
1119 2215 1176 2257 non
1192 2201 1266 2257 inter
1281 2201 1378 2257 saeculi
1395 2201 1511 2272 glorias,
1527 2200 1576 2256 sed
1590 2202 1757 2266 intersortes
1770 2198 1857 2255 animi

107 2293 225 2350 sistebat
247 2293 336 2348 Deum
360 2290 560 2347 exacerbando
584 2289 719 2357 motibus,
745 2303 851 2359 corpus
878 2289 957 2345 vide-
1008 2296 1100 2345 status
1120 2289 1316 2361 assumpserit,
1342 2291 1371 2343 ia
1390 2291 1440 2344 illu
1461 2290 1514 2356 die,
1535 2289 1624 2344 idest
1645 2289 1675 2344 in
1696 2288 1745 2344 illo
1760 2295 1858 2358 aperto

107 2381 173 2439 licet
200 2390 329 2437 vestrum
358 2387 477 2436 eatenus
501 2379 616 2443 rebelle,
639 2378 676 2434 ad
705 2377 957 2434 intellectualitatis
1009 2369 1264 2448 discriminaque
1287 2377 1405 2434 Deusin
1428 2378 1562 2447 presenti
1579 2390 1767 2447 quorumque
1784 2375 1858 2432 vitas

105 2471 173 2543 jura
186 2468 383 2526 traduceretis.
1010 2465 1076 2520 hinc
1099 2465 1223 2535 deponit,
1246 2464 1314 2522 hine
1332 2466 1439 2536 elevat3
1460 2466 1549 2520 leudos
1573 2464 1684 2537 elingit,
1707 2479 1774 2521 cum
1797 2479 1858 2521 sue

143 2558 229 2614 Vens.
255 2559 295 2610 ii.
310 2584 347 2596 -
368 2576 379 2604 ι
397 2555 433 2609 Εῐ
457 2554 593 2610 suscitavi
617 2553 651 2609 de
677 2552 743 2610 siliis
763 2552 867 2609 vestris
885 2566 955 2622 pro·
1008 2554 1140 2611 conscius
1154 2554 1325 2611 humilitatis
1340 2569 1357 2611 a
1372 2556 1421 2611 Dei
1436 2555 1546 2625 iudicio
1561 2569 1590 2611 se
1605 2555 1765 2611 abscondit.

110 2666 121 2695 ι
139 2645 247 2715 phetas,
265 2651 293 2700 et
307 2644 341 2700 de
355 2643 513 2713 juvenibus
528 2643 687 2700 Nazaraeos.
705 2664 719 2691 u
740 2645 777 2698 lle
798 2643 865 2710 puis
889 2656 953 2711 pro·
1336 2643 1451 2701 CAPUT
1471 2644 1521 2699 lll.

108 2734 199 2803 phetae
223 2733 411 2798 suscitantur,
434 2747 499 2787 cum
529 2731 564 2786 de
592 2731 719 2787 motibus
743 2731 875 2800 internis,
902 2730 953 2800 qui
1043 2732 1129 2790 Vens.
1158 2735 1181 2787 t.
1206 2763 1239 2772 —
1267 2753 1281 2783 «
1312 2732 1412 2789 audite
1434 2733 1557 2788 verbum
1577 2732 1654 2803 quod
1679 2732 1793 2788 locutus
1815 2739 1857 2788 est

107 2830 175 2878 sunt
207 2821 357 2892 progenies
389 2821 518 2888 rationis,
556 2820 785 2890 perspicacitates
817 2821 955 2877 acutioris
1009 2822 1347 2892 »nantinussnpervos
1366 2820 1857 2893 liliilsrael,superomnemcogna·

107 2910 302 2982 intelligentiae
348 2917 546 2980 procreantur.
578 2912 615 2963 De
649 2909 796 2978 juvenibus
826 2909 952 2964 Nazaraei
973 2911 1247 3001 C‹itionemquam
1269 2910 1373 2967 eduxit
1394 2911 1522 2966 deterre
1540 2910 1693 2981 AEgypti.o
1718 2910 1768 2965 Est
1788 2924 1857 2980 ergo

108 3000 191 3066 liunt,
209 3013 274 3055 cum
297 2997 396 3054 viriles
416 2997 580 3053 animorum
601 2997 718 3053 habitus
737 2997 773 3052 ad
799 2997 951 3053 sanctimo·
1007 2998 1124 3054 dicore:
1151 2999 1218 3066 Vos,
1241 3013 1366 3069 quorum
1392 3007 1434 3055 cst
1460 3013 1526 3055 cum
1550 2999 1607 3054 Deo
1636 2998 1739 3055 debere
1758 2997 1855 3069 dirigi,

107 3089 162 3145 uite
177 3087 349 3144 munditiam
369 3101 399 3142 se
418 3087 588 3142 extendunt.
604 3086 743 3142 Nazareth
758 3085 834 3142 enim
850 3089 951 3155 liorem,
1008 3087 1128 3142 internae
1152 3087 1353 3143 rationalitatis
1384 3087 1505 3144 verbnm
1531 3088 1642 3143 trutina
1671 3084 1855 3142 intellectuali

105 3177 150 3234 vei
172 3175 345 3239 munditiam,
373 3174 415 3231 vel
439 3181 562 3229 eoactum
585 3183 677 3231 sonat.
692 3177 717 3244 ζα
732 3174 872 3245 Nunquid
895 3189 953 3230 non
1007 3182 1134 3245 pensate,
1150 3176 1220 3245 quia
1235 3175 1288 3232 hcc
1299 3177 1409 3230 vebum
1424 3191 1506 3245 super
1518 3191 1564 3230 ces
1580 3183 1682 3238 exstat,
1698 3175 1726 3230 id
1741 3183 1784 3231 est
1799 3175 1855 3231 nisi

108 3286 119 3312 ν
136 3265 175 3320 ita
190 3270 240 3331 est,
258 3263 308 3318 lilii
324 3263 423 3329 lsrael,
438 3263 506 3318 dieit
520 3263 683 3318 Dominus?
700 3285 710 3311 ι
731 3265 771 3319 hc
787 3263 810 3317 si
824 3263 950 3318 diceret:
1007 3264 1154 3330 audiatur,
1170 3264 1281 3335 integro
1302 3264 1408 3320 scilieet
1432 3278 1533 3334 sapore
1553 3264 1720 3329 hauriatur,
1741 3277 1793 3319 vos
1808 3277 1855 3333 op

105 3353 245 3424 Nunquid
268 3366 326 3408 non
354 3351 520 3422 hujusmodi
546 3354 637 3407 status
658 3351 687 3407 in
712 3351 815 3408 vestris
842 3350 952 3422 experti
1006 3353 1113 3423 primit,
1137 3368 1188 3409 vos
1212 3361 1322 3421 onerat,
1344 3362 1375 3409 ut
1398 3355 1491 3409 orrrnis
1515 3353 1658 3409 honarum
1683 3352 1853 3409 interiorum

104 3441 172 3498 estis
186 3441 253 3498 olim
270 3441 423 3505 mentibus,
442 3455 508 3497 cum
525 3440 706 3497 intenderetis
731 3448 762 3497 ut
776 3447 869 3497 vester
884 3455 951 3497 eum
1007 3442 1113 3499 artium
1129 3443 1271 3514 cognatio,
1295 3456 1383 3513 quam
1399 3442 1486 3498 semel
1502 3443 1654 3498 eduxerim
1678 3442 1713 3497 de
1732 3442 1852 3499 terreni-

106 3531 163 3587 Deo
177 3531 349 3602 dirigeretur
360 3528 498 3600 spiritus?
1008 3539 1064 3588 tate
1100 3531 1249 3588 mundana
1292 3532 1323 3586 in
1359 3531 1458 3587 eadem
1496 3531 1638 3587 sententia
1670 3544 1855 3600 perseverare

139 3619 226 3676 Vens.
245 3622 287 3675 ta.
302 3649 337 3663 -
354 3621 390 3676 Et
410 3617 605 3689 propinabatis
630 3617 771 3676 Nazaraeis
790 3618 902 3683 viuum,
924 3625 952 3674 et
1007 3621 1129 3676 studeat.

104 3731 118 3755 n
150 3709 297 3779 prophetis
323 3707 527 3764 mandabatis:
561 3707 602 3763 Ne
630 3706 842 3777 prophetetis.»
872 3707 951 3773 Quod
1042 3708 1128 3766 lines.
1151 3711 1177 3763 2.
1201 3730 1211 3758 ι
1231 3709 1449 3776 Tantummodo,
1472 3707 1638 3780 «inquis»
1662 3721 1713 3763 vos
1732 3709 1853 3780 cognovi

60 3833 66 3840 -
102 3804 168 3854 est:
198 3798 313 3854 Nullam
338 3796 366 3850 in
396 3794 440 3850 his
460 3795 582 3851 statibus
605 3795 746 3852 habuistis
769 3809 952 3866 perseverari·
1008 3811 1071 3853 »ex
1093 3796 1238 3865 omnibus,
1271 3797 1491 3868 cognationibus
1518 3804 1619 3865 terrae3
1646 3796 1752 3853 idcirco
1781 3796 1854 3853 visi-

105 3885 183 3954 tiam,
210 3885 257 3941 sed
279 3884 320 3940 eis
339 3882 472 3951 uectibus,
490 3883 599 3953 quibus
615 3891 676 3939 erat
692 3884 789 3940 votiva
809 3884 952 3941 munditia
1008 3886 1103 3942 «taho
1123 3900 1275 3955 supervos
1296 3900 1396 3941 omnes
1421 3885 1589 3956 iniquitates
1612 3893 1732 3941 vestras.
1749 3906 1762 3934 o
1781 3884 1855 3953 Quia

104 3982 224 4030 terrenae
247 3971 412 4041 voluptatis,
434 3986 492 4042 quo
515 3971 759 4040 dementarentur,
786 3973 888 4028 vinum
913 3973 971 4034 in·,
1004 3987 1067 4041 vos,
1090 3973 1194 4044 inquit,
1215 3988 1231 4029 o
1250 3974 1370 4029 rationis
1389 3981 1493 4037 motus,
1511 3987 1569 4043 praa
1588 3973 1725 4029 omnibus
1747 3974 1856 4030 anima·

103 4061 217 4127 tulistis,
238 4069 265 4116 et
281 4060 466 4130 providentie
487 4060 516 4114 in
534 4060 612 4115 volvis
629 4061 727 4117 oculos
746 4075 781 4117 ne
800 4061 854 4117 sibi
870 4069 951 4117 eeter-
1005 4061 1128 4130 litatum,
1145 4063 1196 4132 qui
1213 4077 1270 4118 non
1284 4063 1337 4118 nisi
1351 4071 1455 4118 terram
1468 4064 1593 4131 sapiunt,
1610 4063 1737 4118 motibus
1753 4076 1855 4132 appro

102 4161 141 4204 na
155 4149 347 4220 prospicerent
361 4146 488 4217 improbe
503 4148 692 4205 obstrusistis
1006 4149 1083 4218 bavi,
1098 4151 1175 4220 quod
1197 4159 1239 4207 est
1256 4151 1405 4220 proprium
1431 4164 1513 4207 nosse
1534 4150 1594 4218 Dei,
1610 4150 1715 4206 idcirco
1733 4164 1791 4206 non
1808 4151 1855 4207 mi·

139 4238 223 4293 Vens.
246 4239 285 4291 ld.
302 4265 339 4278 -
354 4258 368 4286 «
383 4238 455 4293 Ecce
478 4252 531 4308 ego
545 4238 669 4294 stridebo
685 4252 772 4308 super
791 4252 852 4306 vos,
873 4239 947 4295 sicut
966 4240 1106 4298 ltreutini
1119 4239 1142 4294 si
1156 4253 1207 4295 vos
1231 4239 1259 4295 in
1284 4240 1385 4296 vestris
1408 4239 1613 4310 iniquitatibus
1636 4240 1761 4306 visitem,
1786 4254 1854 4296 cum

106 4323 233 4380 ‚stridet
257 4324 418 4394 plaustrum
448 4334 585 4383 onustum
609 4325 714 4382 feno.»
745 4328 812 4394 Ego,
840 4326 946 4397 inquit,
1002 4340 1098 4383 meum
1110 4328 1146 4382 sit
1161 4334 1194 4384 ut
1207 4342 1280 4398 quos
1293 4328 1441 4384 dilexerim
1455 4329 1609 4399 corripiam
1633 4328 1726 4398 (Hebe.
1742 4343 1791 4396 ιιι,
1814 4329 1851 4399 6).

99 4412 160 4484 jam
187 4421 285 4469 vestrae
313 4413 463 4482 apostasia
489 4415 640 4483 impatiens
664 4429 747 4483 super
770 4428 827 4481 coe,
855 4414 882 4469 id
906 4422 948 4471 est
1001 4416 1099 4477 (Vens.
1121 4415 1160 4486 3.)
1184 4416 1352 4486 «Nunquid
1375 4416 1567 4473 ambulabunt
1588 4418 1646 4473 duo
1669 4417 1776 4488 pariter
1797 4416 1852 4473 nisi

102 4508 204 4557 vestrae
220 4501 355 4572 nequitie
378 4502 531 4571 puniendae
555 4501 727 4558 incumbens
747 4502 808 4558 dire
830 4501 859 4558 in
885 4516 946 4570 vos,
1001 4505 1198 4561 »convenerit
1213 4505 1273 4560 eis‘?
1290 4525 1301 4554 ι
1319 4506 1382 4561 Duo
1404 4506 1512 4576 pariter
1534 4505 1696 4574 ambulant,
1718 4520 1786 4562 cum
1802 4505 1852 4562 Dei

103 4589 160 4646 imo
188 4598 295 4661 aperte,
316 4591 466 4660 strepitum
495 4589 755 4646 animadversionis
787 4591 947 4658 ostendam,
1001 4593 1120 4663 spiritus
1140 4600 1168 4650 et
1194 4593 1323 4650 humana
1346 4595 1419 4650 ratio
1441 4594 1642 4651 contentiondo
1671 4594 1850 4662 cohabitant,

102 4686 134 4734 ut
157 4686 287 4748 patenter
307 4678 442 4736 omnibus
468 4677 648 4743 inclarescat,
674 4692 763 4748 quam
791 4693 868 4750 aegre
895 4694 948 4736 ve·
1002 4681 1079 4752 quod
1096 4696 1153 4737 non
1169 4681 1200 4737 ht
1215 4681 1270 4737 nisi
1286 4682 1469 4751 conveniant,
1494 4683 1579 4739 idest
1600 4681 1654 4737 sibi
1669 4682 1849 4751 cohaerendo,

102 4773 227 4823 strarum
243 4767 392 4824 levitatum
409 4766 624 4824 multitudinem
639 4780 673 4822 ac
688 4767 711 4822 si
730 4767 827 4824 leneas
840 4782 948 4841 conge·
998 4771 1086 4841 juxta
1112 4770 1290 4840 Apostolum,
1316 4786 1394 4827 unus
1416 4771 1533 4841 spiritus
1556 4772 1626 4827 liant
1653 4773 1678 4843 (l
1705 4774 1782 4838 Cor,
1811 4787 1849 4839 vr,

101 4854 158 4911 ries
170 4853 268 4939 ieram.
1003 4861 1056 4927 tv).
1075 4858 1217 4915 Dicuntur
1238 4868 1334 4916 autem
1359 4860 1519 4928 ambulare,
1544 4868 1646 4917 mutuo
1670 4860 1801 4918 videlicet
1821 4861 1850 4916 in

137 4941 223 4999 Vens.
241 4943 283 4995 ld.
300 4964 363 4991 -‹
385 4942 420 4997 llt
439 4942 543 5012 peribit
566 4941 635 5014 iuga
654 4957 671 4998 a
693 4943 798 5011 veloce,
819 4951 847 5000 et
867 4944 949 5000 fortis
1002 4960 1061 5003 sese
1077 4947 1222 5017 proficere.

104 5051 115 5079 ι
143 5045 201 5086 non
230 5030 367 5086 obtinebit
396 5031 532 5088 virtutem
560 5045 682 5086 suam.»
712 5035 789 5100 Fuga
816 5049 832 5086 e
863 5036 949 5088 veloce
1037 5035 1123 5092 Vens.
1142 5037 1167 5090 d.
1188 5066 1223 5076 -
1250 5057 1264 5087 «
1288 5038 1426 5108 Nunquid
1452 5037 1548 5109 rugiet
1572 5037 1615 5094 leo
1637 5037 1666 5093 in
1690 5039 1851 5107 saltu,nisi

102 5118 184 5188 perit,
218 5132 285 5173 cum
317 5133 424 5189 praepes
453 5119 568 5190 ingenio
602 5119 802 5177 hebetudinem
835 5121 948 5192 reprobi
1000 5144 1015 5173 a
1032 5123 1166 5180 habuerit
1185 5125 1361 5195 praedaene»
1379 5128 1431 5180 deo
1451 5129 1481 5181 in
1501 5127 1575 5181 saltu
1595 5141 1653 5181 non
1678 5127 1768 5197 rugit,
1794 5129 1852 5182 nisi

101 5219 203 5262 sensus
227 5207 346 5263 minime
370 5208 554 5280 subterfugit.
582 5211 657 5263 Forte·
677 5211 806 5265 virtutem
829 5225 882 5264 reon
897 5211 948 5266 ob·
1000 5213 1123 5281 praedam
1145 5213 1258 5282 habeat,
1286 5214 1355 5284 quia
1381 5214 1515 5272 diabolus
1539 5214 1567 5270 in
1593 5214 1689 5282 corde,
1716 5214 1853 5272 asaeculi

101 5294 182 5362 tinet,
214 5309 281 5350 cum
300 5295 335 5350 de
360 5310 414 5352 sua
443 5296 671 5367 impassibilitate
695 5297 851 5364 confidens,
879 5313 948 5355 rrrox
998 5299 1059 5370 jam
1083 5316 1179 5358 amore
1202 5303 1322 5371 deserto,
1348 5317 1534 5374 nequaquam
1560 5303 1705 5359 fremitum
1727 5304 1854 5376 alicuius

102 5391 134 5440 ut
148 5383 320 5440 adversitate
336 5385 477 5454 pulsatur,
494 5400 530 5441 ne
541 5394 683 5442 montento
697 5399 727 5441 se
741 5386 875 5442 continet.
1003 5390 1166 5446 tentationis
1186 5390 1298 5457 emittit,
1324 5392 1379 5447 nisi
1400 5395 1577 5448 occasionem
1600 5391 1784 5449 lentitudinis
1800 5395 1854 5450 hu·

136 5472 222 5530 vves.
241 5475 283 5526 itt.
301 5496 364 5521 -·
389 5474 425 5530 llt
445 5473 581 5532 mbustus
601 5488 659 5531 non
678 5473 800 5532 salvabit
820 5475 947 5532 animam
1002 5490 1106 5543 mane,
1127 5478 1174 5535 cui
1198 5477 1359 5548 insidietur,
1382 5479 1521 5537 inveniat.
1552 5480 1633 5549 Unde
1660 5481 1747 5539 etiam
1773 5482 1853 5541 illam
