3818 6008
76 109 113 163 db
667 106 846 164 doultttttt
875 109 909 164 lli
932 105 1089 166 cdudsttt
1117 106 1183 165 ΗΒ.
1213 103 1248 162 ll.
1798 110 1832 164 dd

73 238 140 298 liter
155 252 283 311 quasque
306 236 487 310 conjicimus,
512 238 548 295 ad
563 253 636 311 quos
661 239 770 311 possint
793 239 965 297 deveniret.
983 238 1051 308 rint,
1068 247 1097 296 et
1111 237 1181 297 vitia
1204 235 1387 304 mortidcaut,
1413 237 1571 308 vitamque,
1592 238 1616 295 si
1637 245 1770 310 suppetat
1783 254 1830 296 oc-

75 336 247 400 proventus,
272 327 349 385 unde
372 341 461 384 nasus
486 327 619 385 Ecclesiae
642 328 715 385 turri
744 335 931 399 comparatur
983 327 1068 395 casio,
1089 326 1240 398 sanguinis
1254 324 1393 383 allusione
1408 336 1630 385 consummant:
1650 327 1732 385 lusus
1747 342 1832 385 nam-

76 421 169 485 (Cant.
185 433 234 483 att,
249 418 290 487 t),
308 416 378 473 dum
390 416 544 473 imminens
566 417 675 474 malum
691 417 867 486 providendo
882 418 930 475 de-
985 430 1041 487 que
1054 417 1214 487 nigrescere
1228 415 1298 471 solet
1310 415 1440 487 sanguis.

76 506 215 574 clinatur,
239 512 266 561 et
289 505 407 561 virtutis
430 505 560 563 studium
585 505 631 562 sui
660 506 762 562 merito
781 520 931 563 successus
1023 505 1103 562 Vens.
1122 509 1164 559 ta.
1187 535 1222 545 -
1249 508 1284 560 at
1306 520 1401 559 nomen
1425 505 1540 559 seeundo
1564 508 1646 574 puoto
1673 503 1732 578 tal,
1757 508 1836 576 ttucii

76 603 206 652 amatur.
229 594 321 666 Cujus
345 594 475 651 fertilitas
504 602 572 651 tunc
605 596 719 665 penitus
741 597 928 667 sperebatur,
984 593 1105 664 secunde]
1124 595 1233 652 delion:
1264 597 1322 664 ipse
1345 598 1385 649 est
1412 597 1460 662 qui
1485 598 1583 649 circuit
1610 609 1713 649 omnem
1732 601 1834 649 terrem

76 699 146 740 cum
169 683 248 754 quod
271 683 344 740 bene
366 682 567 753 prospicimus,
583 692 609 740 et
633 683 697 740 aliis
716 683 865 741 insinuare
884 698 929 740 sa·
984 686 1137 753 AEttiopiae.
1161 683 1259 739 Gebon
1286 682 1491 754 iuterpretatur
1517 691 1625 753 pectus,
1653 682 1699 739 vel
1723 699 1834 753 praeru-

77 773 216 844 tagimus,
232 779 265 829 ut
279 772 397 843 pupittae
410 771 549 839 osticium,
564 772 660 829 etoris
672 786 803 844 agamus.
819 774 931 829 deitato
984 777 1081 844 ptum;
1098 786 1148 843 per
1164 779 1261 842 peetus
1276 776 1365 841 potest
1381 772 1472 842 accipi
1501 771 1646 840 tortitudo,
1664 785 1730 843 que
1746 771 1834 829 nullis

79 863 290 933 interpretatur
308 861 407 917 dolens
420 861 465 917 vel
490 860 663 932 parturiens.
690 862 769 918 Dolet
782 862 833 933 qui
854 877 931 932 prte·
985 876 1050 933 quae
1065 861 1221 931 providerit
1238 861 1391 930 prudentia
1415 866 1548 923 terretur,
1565 852 1619 917 aut
1640 860 1714 918 cedit
1727 861 1833 916 adver-

78 951 170 1006 seutis
192 949 289 1007 saeculi
314 963 461 1007 aerumnas
486 957 513 1005 et
538 948 672 1005 exsilium
697 964 773 1021 agre
794 949 858 1014 lert,
880 950 931 1020 qui
985 953 1032 1006 sis.
1049 949 1130 1017 Quod
1151 950 1227 1006 enim
1253 949 1379 1006 brachiis
1407 964 1464 1005 non
1493 963 1656 1019 possumus,
1672 949 1835 1020 pectoribus

78 1052 147 1094 cum
166 1051 275 1109 pauper
294 1037 390 1105 inerit,
407 1044 435 1094 et
457 1050 554 1093 coram
574 1037 631 1094 Deo
649 1036 783 1095 eliuderit
808 1052 930 1109 precem,
985 1047 1035 1096 aut
1051 1038 1219 1108 impingere,
1249 1045 1299 1094 aut
1323 1039 1437 1094 trabere
1458 1038 1592 1094 solemus.
1619 1037 1701 1094 Unde
1723 1044 1751 1094 et
1766 1037 1834 1107 qni-

79 1128 172 1184 dicit:
198 1128 346 1182 Percussus
369 1142 428 1182 sum
450 1132 480 1181 ut
500 1129 594 1194 senum
618 1128 702 1197 (Psoi.
729 1143 763 1194 cr,
783 1130 822 1196 ὅ),
841 1135 868 1183 et
892 1142 932 1184 se·
985 1127 1108 1184 busdam
1123 1126 1297 1182 animalibus
1320 1126 1413 1196 maior
1428 1126 1498 1182 inibi
1520 1127 1563 1182 vis
1577 1134 1637 1196 est;
1653 1126 1835 1196 etarcbiepi-

78 1215 210 1286 quentia.
228 1215 356 1271 Partnrit
371 1213 432 1285 qui,
448 1214 513 1270 licet
537 1213 626 1270 stellis
650 1221 805 1271 coronetur
820 1215 932 1272 duode-
985 1216 1078 1286 scopis
1090 1215 1144 1271 sub
1160 1215 1213 1270 boc
1234 1222 1303 1285 typo
1327 1214 1445 1285 pallium
1473 1214 1557 1270 isthic
1582 1214 1694 1283 insidet,
1713 1221 1746 1270 ut
1764 1212 1835 1270 alios

78 1302 147 1371 cim,
165 1302 325 1373 lunamque
340 1303 394 1360 sub
415 1302 537 1373 pedibus
550 1302 665 1372 babeat,
691 1316 725 1358 ac
747 1302 805 1360 sole
820 1302 933 1359 amicia·
987 1303 1293 1376 praecedendotortiter
1307 1303 1433 1359 trabant.
1454 1303 1636 1372 Praeruptum
1661 1310 1754 1359 antem
1775 1315 1834 1359 uon

79 1400 130 1449 tur
145 1390 240 1462 (Apoe.
258 1407 308 1460 xu,
332 1390 368 1462 t),
384 1391 531 1448 cruciatus
553 1398 649 1448 tamen
665 1391 722 1447 ait:
740 1391 818 1457 Quod
838 1407 933 1462 operor
985 1394 1037 1449 abs
1058 1407 1088 1449 re
1112 1393 1228 1459 dicitur,
1253 1391 1362 1462 quiesi
1381 1391 1461 1447 tortis
1482 1391 1509 1446 iu
1533 1390 1655 1446 adversa
1674 1389 1735 1447 lore
1758 1390 1834 1446 desi-

78 1495 133 1535 non
155 1481 279 1549 intelttqo
306 1482 394 1544 (Rom.
427 1496 476 1545 vn,
505 1480 560 1551 ta),
590 1479 681 1536 idest
704 1494 762 1536 uon
794 1482 929 1551 approbo.
986 1483 1079 1542 dctus.
1105 1481 1186 1550 prius
1209 1495 1281 1551 epus
1302 1488 1343 1536 est
1358 1488 1390 1536 ut
1405 1495 1471 1551 quae
1488 1479 1538 1536 tibi
1555 1493 1614 1550 prae
1628 1478 1719 1535 oculis
1733 1486 1837 1549 empo-

82 1570 169 1624 Video
188 1572 259 1624 enim
283 1569 369 1624 atium
391 1569 473 1637 legem
494 1569 525 1623 iu
538 1569 666 1624 membris
688 1571 755 1624 meis
766 1567 862 1640 (tcto,
874 1568 929 1640 93),
947 1540 967 1593 Β
987 1571 1085 1627 raliter
1100 1569 1293 1625 blandiuntur
1307 1569 1474 1639 abrumpas.
1500 1567 1553 1624 Per
1565 1565 1740 1637 AEtbiopiam
1756 1579 1834 1633 vero,

79 1665 107 1714 et
135 1666 248 1714 caetera.
277 1658 314 1715 Et
339 1657 426 1715 alibi:
454 1658 547 1714 Omnis
570 1663 696 1712 creatura
724 1659 886 1725 ingemiseit,
906 1663 932 1712 et
985 1673 1051 1730 quae
1079 1659 1179 1730 nigros
1207 1657 1292 1713 babet
1327 1657 1459 1727 populos,
1485 1656 1628 1713 contraria
1660 1655 1834 1726 ligurantur,

78 1749 205 1818 parturit
227 1763 313 1816 usque
335 1747 424 1803 adduc
438 1748 531 1816 (Rom.
561 1763 619 1814 vrri,
648 1748 703 1814 tt),
726 1746 833 1802 scilicet
856 1747 932 1803 batua
985 1747 1027 1804 uti
1053 1759 1189 1817 prospera
1217 1745 1347 1801 candidis
1368 1753 1395 1802 et
1422 1758 1501 1801 nunc
1523 1752 1549 1800 et
1566 1744 1644 1815 apud
1665 1751 1775 1800 veteres
1795 1744 1835 1799 si·

81 1848 170 1906 opera
192 1836 372 1893 cumdolore
396 1844 540 1906 operatur.
566 1835 674 1891 Circuit
698 1841 794 1891 autem
815 1834 930 1898 Pbisou,
986 1835 1162 1907 gnabantur.
1178 1833 1287 1891 Circuit
1302 1847 1371 1904 ergo
1386 1832 1485 1889 Gebon
1507 1833 1596 1900 illam,
1620 1833 1689 1903 quia
1704 1830 1794 1888 ambit
1808 1838 1836 1888 ct

80 1924 109 1978 id
125 1923 282 1990 estmunit,
299 1937 357 1979 uon
376 1923 533 1992 pulverem,
557 1936 643 1992 quem
661 1922 773 1994 projicit
789 1922 932 1994 superbie
986 1923 1082 1994 ampla
1095 1923 1149 1979 sub
1166 1923 1300 1978 sementis
1311 1922 1481 1979 auctoritate
1500 1920 1681 1993 constringit,
1692 1919 1836 1992 quidquid

81 2019 227 2068 rentusa
255 2010 325 2088 taeie
352 2019 445 2079 terrae,
476 2009 503 2066 id
529 2018 571 2067 est
594 2010 708 2079 Christi,
740 2010 789 2067 sed
817 2018 931 2078 terram,
986 2011 1113 2069 exterius
1133 2012 1266 2068 molestie
1290 2011 1410 2083 ingruit,
1437 2010 1579 2081 quidquid
1595 2009 1763 2080 AEtbicpicte
1778 2016 1836 2065 ter-

81 2100 200 2157 stabiles
211 2100 317 2157 scilicet
331 2114 365 2156 ac
379 2099 494 2167 solidos,
521 2100 572 2170 qui
595 2100 692 2156 dolent
714 2099 933 2156 senoubabere
987 2100 1262 2167 renitatisincurrit,
1280 2098 1386 2170 copiosi
1408 2099 1516 2155 fluento
1539 2097 1649 2154 consilii
1672 2096 1838 2168 circumgy-

81 2188 129 2243 hic
157 2195 320 2244 manentem
352 2186 507 2253 civitatem,
529 2194 557 2243 et
582 2187 708 2243 clamant
740 2187 934 2256 parturientes
987 2188 1187 2246 ratetabluit.

82 2288 208 2346 puerum
223 2275 275 2346 qui
300 2274 432 2346 rapiatur
446 2275 481 2330 ad
498 2277 586 2331 Deum
604 2283 630 2331 et
651 2274 687 2331 ad
707 2276 771 2347 ejus
783 2276 931 2332 tbrcnuur.
1023 2277 1105 2333 Vens.
1132 2277 1175 2331 tt.
1196 2277 1231 2332 lit
1256 2291 1351 2331 nomm
1374 2275 1494 2343 pumicis
1517 2275 1592 2329 tertii
1619 2276 1717 2343 repro
1743 2288 1750 2327 :
1779 2274 1837 2342 ipse

83 2364 116 2420 ln
132 2365 187 2420 bac
202 2371 288 2431 terra,
309 2362 363 2419 boc
377 2362 477 2418 clausa
489 2362 660 2427 munimine,
674 2363 805 2421 nascitur
820 2370 934 2420 saucta-
987 2365 1065 2420 uadit
1088 2371 1183 2421 contra
1208 2366 1346 2433 Assyrios.
1363 2362 1466 2434 'tygris
1490 2362 1696 2433 iuterpretatur
1721 2362 1835 2428 sagitta.

83 2466 149 2507 rum
165 2442 454 2518 auimerum'aurum,
466 2458 494 2507 et
504 2450 558 2507 boc
570 2451 812 2522 optimum3quia
824 2453 848 2508 si
859 2452 936 2529 bona
988 2453 1042 2511 Per
1067 2458 1115 2509 ιβ
1138 2452 1270 2524 sagittam
1295 2451 1484 2522 temperantia
1512 2465 1569 2506 nou
1591 2449 1764 2506 inconcinna
1788 2462 1838 2505 ra-

82 2547 125 2596 est
141 2548 241 2596 sancta
261 2538 416 2608 rusticitas,
432 2553 521 2610 qnam
536 2539 651 2611 dignior
664 2546 706 2596 est
730 2539 813 2597 docta
828 2542 936 2599 sancti·
990 2542 1065 2599 tione
1079 2542 1227 2613 accipitur,
1239 2540 1428 2612 temperantia
1447 2547 1544 2596 autem
1563 2546 1664 2594 contra
1677 2537 1839 2608 votuptates

82 2626 207 2684 tastSic
219 2628 297 2684 enim
323 2627 447 2684 dicitur:
474 2629 523 2683 uti
546 2630 670 2683 noscitur
697 2644 795 2684 curum
809 2629 885 2700 (deu.
904 2645 933 2683 u.
990 2631 1086 2687 caruis
1104 2630 1254 2688 emittitur.
1276 2631 1370 2687 Arcus
1383 2642 1521 2700 namque,
1541 2628 1619 2699 quod
1636 2634 1678 2684 est
1695 2624 1837 2684 stoliditas

91 2721 145 2786 tt).
989 2719 1126 2790 corporis,
1143 2718 1268 2775 interiori
1289 2718 1397 2774 virtuto
1420 2724 1570 2780 curvatus,
1599 2722 1699 2772 eontra
1714 2714 1836 2772 nebulas

125 2807 209 2865 Veris.
234 2809 321 2861 ta·
342 2808 378 2861 ut
405 2820 503 2860 curum
531 2811 610 2861 terre
638 2805 714 2860 iltius
740 2808 871 2876 optimum
886 2812 935 2864 est.
954 2841 974 2896 C
990 2807 1227 2878 concupiscentie
1260 2806 1394 2878 sagittam
1435 2804 1630 2876 temperantia
1663 2803 1686 2859 si
1720 2802 1837 2875 dirigat,

86 2895 246 2953 llaximnm
267 2902 310 2951 est
331 2894 408 2951 euim
428 2909 485 2950 nou
500 2893 553 2950 sibi
578 2893 639 2962 soti,
662 2893 711 2950 sed
725 2895 860 2952 omnibus
874 2903 939 2952 stu·
992 2903 1136 2968 quatenus
1151 2895 1245 2951 videat
1258 2893 1438 2966 quodieriat,
1456 2906 1550 2963 penna
1564 2891 1707 2948 virtutum
1724 2904 1782 2946 uon
1797 2904 1840 2947 ca·

85 2986 154 3040 dere
185 2982 326 3055 prodesse.
343 2983 375 3037 lu
390 2995 461 3039 euro
480 2982 556 3038 enim
575 2989 603 3037 et
618 2981 753 3053 splendor
765 2991 817 3050 est,
834 2990 862 3040 et
878 2998 939 3054 pre·
992 2992 1062 3052 reat,
1078 2984 1199 3040 interius
1220 2981 1386 3039 intentionis
1410 2980 1565 3038 directione
1580 2978 1757 3050 memineat,
1773 2977 1840 3036 sub

83 3070 323 3142 tium;pretium
337 3083 406 3141 ergo
420 3083 457 3125 ex
472 3068 622 3140 religione,
638 3068 815 3138 splendorem
832 3068 939 3125 babent
992 3072 1048 3130 tilis
1071 3072 1180 3144 ingenii
1204 3071 1337 3127 acumine
1362 3070 1444 3141 quasi
1474 3069 1599 3140 quodam
1631 3069 1706 3124 terro
1733 3073 1839 3138 tempe·

86 3160 116 3217 in
146 3159 319 3216 eruditione.
344 3159 386 3214 ttt
407 3160 547 3213 inuenitur
570 3158 708 3226 bdellium,
731 3164 756 3212 et
780 3158 850 3231 lepis
871 3172 937 3224 onp—
991 3161 1083 3218 randa
1105 3160 1221 3228 dividat,
1255 3174 1300 3227 ue,
1325 3158 1395 3215 dum
1424 3171 1493 3214 sane
1514 3156 1657 3227 providet,
1682 3155 1840 3226 saniusque

86 3249 195 3304 chinus.
212 3248 354 3304 Bdellium
368 3245 528 3303 secuudum
544 3246 683 3316 quosdam
705 3246 791 3302 arbor
811 3252 853 3301 est
873 3258 937 3300 aro·
990 3250 1101 3315 tolerat,
1118 3249 1215 3304 miuus
1229 3261 1297 3303 sane
1320 3247 1390 3303 tisus
1412 3246 1447 3302 de
1473 3260 1503 3302 se
1527 3245 1648 3301 nimium
1672 3250 1754 3300 actus
1774 3255 1841 3299 suos

86 3336 203 3403 mattea,
219 3335 313 3392 colore
327 3335 420 3406 nigro,
444 3333 646 3405 magnitudine
664 3333 756 3400 olivas,
779 3333 845 3388 tolio
859 3331 935 3400 rubi,
991 3337 1178 3393 discernendo
1201 3343 1363 3406 componat.
1388 3334 1461 3391 Nam
1480 3341 1521 3390 est
1546 3333 1642 3404 inepta
1668 3330 1841 3387 abscidenda

83 3422 183 3481 fructu
205 3421 335 3494 caprifici
354 3422 463 3478 similis.
489 3421 562 3478 Sunt
585 3421 675 3492 aliqui
705 3422 827 3491 Pbysou,
853 3420 938 3477 idest
990 3423 1134 3494 voluptas,
1156 3438 1215 3479 non
1242 3422 1356 3494 penitus
1379 3420 1577 3478 subtrahenda
1603 3418 1767 3487 necessitas,
1788 3431 1842 3474 nec

84 3512 208 3583 providi,
233 3519 301 3569 suut
332 3511 446 3567 Evilath
471 3511 547 3567 inter
564 3511 714 3567 obstacula
734 3510 805 3566 bene
826 3510 937 3579 agendo
990 3512 1057 3583 quis
1070 3512 1139 3567 dum
1162 3526 1191 3567 se
1212 3510 1308 3568 valere
1323 3510 1479 3576 existimat,
1500 3509 1622 3564 aliorum
1650 3513 1840 3563 menteseon-

84 3600 184 3667 relidi,
210 3607 279 3656 suut
307 3606 384 3655 terra
410 3601 626 3669 perseveranter
658 3597 778 3665 immoti,
810 3611 936 3668 quorum
991 3608 1099 3657 temnat
1123 3599 1273 3655 invalidas.
1308 3599 1373 3655 Haec
1408 3611 1459 3654 nos
1483 3595 1684 3666 temperantia,
1716 3608 1783 3665 qnae
1812 3601 1840 3650 et

83 3695 214 3745 aromata
242 3688 295 3759 pie
322 3687 418 3743 bunut
442 3686 595 3756 opinionis,
625 3693 653 3743 et
683 3686 748 3742 licet
775 3684 833 3742 siut
855 3686 936 3742 etatae
990 3689 1123 3744 discretio
1139 3688 1223 3759 quasi
1251 3701 1351 3744 arcum
1375 3685 1479 3758 sagitta
1502 3683 1660 3755 prevalere
1686 3682 1778 3750 debet,
1801 3695 1840 3738 ne

84 3777 259 3848 palmarum,
285 3776 376 3846 nigrae
400 3782 495 3831 tamen
525 3775 609 3846 quasi
633 3788 748 3840 corvus,
773 3774 818 3829 vel
842 3773 937 3830 studio
989 3775 1061 3846 quid
1089 3776 1274 3846 superveniat
1306 3774 1383 3846 quod
1415 3788 1468 3830 uos
1497 3771 1673 3829 inconsultos
1703 3769 1839 3827 ottendat.

83 3864 267 3931 humilitatis,
290 3864 336 3920 vel
351 3863 489 3919 memoria
512 3863 617 3919 veteris
638 3862 873 3927 conversationis,
889 3876 937 3918 eos
990 3864 1068 3920 istud
1084 3864 1132 3921 bei
1147 3863 1255 3920 tlumeu
1267 3863 1407 3933 repletum
1423 3861 1508 3932 aquis
1520 3874 1576 3916 nou
1586 3857 1688 3915 circuit
1699 3858 1840 3928 Assyrios,

82 3952 239 4024 exquirere
261 3951 407 4018 nituntur,
434 3950 486 4022 qui
509 3950 657 4007 charitatis
672 3964 705 4007 ac
724 3949 952 4018 misericordiae-
990 3952 1038 4008 sed
1054 3958 1086 4008 ut
1114 3952 1208 4008 hostes
1236 3950 1316 4007 vadit
1344 3949 1372 4005 in
1398 3949 1484 4021 ipsos.
1511 3948 1596 4004 Recte
1621 3947 1697 4004 enim
1727 3945 1841 4016 Pbyscu

84 4040 163 4113 quod
181 4039 414 4111 signaturcliva‚
430 4038 543 4095 actibus
564 4040 702 4105 eminent,
724 4046 832 4095 etcum
848 4038 936 4094 Paulo
989 4041 1115 4107 Evilatb,
1132 4039 1229 4096 Gebon
1253 4038 1427 4109 AEtbiopiam
1450 4036 1604 4093 circumire
1633 4035 1748 4101 dicitur,
1775 4047 1842 4090 cum

85 4127 212 4199 apostolo
224 4127 261 4184 ad
276 4141 339 4182 eam
359 4141 447 4198 quam
470 4127 615 4183 coamenti
630 4134 700 4183 sunt
723 4124 856 4197 gratiam,
870 4123 936 4180 totio
953 4142 973 4194 p
993 4129 1040 4185 ille
1056 4128 1178 4196 muniat,
1196 4126 1268 4184 alter
1289 4127 1349 4198 iuri
1374 4126 1509 4197 subjiciat
1533 4132 1639 4191 nostro,
1664 4130 1692 4179 et
1716 4123 1842 4179 circum·

85 4217 163 4285 rubi,
189 4216 217 4272 id
247 4222 291 4272 est
317 4215 405 4272 verbo
437 4215 592 4271 bominiee
618 4214 769 4285 passionis,
795 4226 861 4284 quae
887 4224 937 4281 pro
993 4217 1091 4274 cludat
1110 4217 1241 4283 adversa,
1258 4223 1285 4271 et
1308 4215 1467 4283 specialiter
1492 4212 1626 4282 voluptas
1650 4211 1686 4267 ad
1711 4223 1842 4282 ungam

83 4302 284 4374 peccatoribus
313 4302 388 4359 lacta
414 4310 467 4370 est,
497 4310 525 4359 et
559 4302 630 4358 alios
656 4308 822 4372 provocant.
855 4301 937 4370 Lapis

84 4403 182 4450 autem
196 4405 276 4463 onyx
297 4392 335 4449 ab
350 4391 459 4463 unguis
473 4391 662 4448 similitudine
676 4390 717 4446 sic
735 4388 861 4458 dicitnr;
879 4404 937 4445 nn-

85 4495 173 4552 guem
197 4487 295 4538 autem
317 4493 413 4536 meum
437 4479 562 4546 attendo,
591 4493 625 4535 ea
641 4486 723 4549 parte
751 4489 811 4548 qua
832 4477 936 4547 surgit,

85 4576 205 4626 arcuato
221 4569 349 4640 quodam
367 4568 490 4639 primum
514 4567 612 4624 albore
633 4565 773 4633 suliundi,
790 4565 818 4620 in
844 4566 937 4621 medio

86 4672 206 4714 cernens
225 4657 342 4714 mistum
358 4656 481 4713 candore
494 4657 641 4722 ruborem,
657 4654 792 4725 superius
806 4653 856 4710 ubi
871 4667 938 4708 car-

87 4760 153 4803 nem
166 4745 279 4802 excedit
293 4745 443 4802 sinceriter
452 4744 576 4800 elucere.
591 4742 705 4799 Primus
717 4741 825 4798 candor
841 4744 938 4797 noster

85 4850 122 4891 ex
137 4834 281 4905 baptismo
302 4841 355 4900 est,
379 4833 431 4904 qui
454 4840 550 4889 tamen
574 4845 645 4887 areu
662 4829 768 4887 divine
782 4828 938 4900 Scripturae

86 4923 237 4994 divinique
248 4921 351 4994 judicii
367 4920 451 4993 quasi
476 4920 548 4992 jugo
573 4919 768 4989 restringitur,
784 4916 842 4984 ,sed
860 4923 939 4986 post-

85 5012 202 5068 modum
231 5009 337 5067 rubore
361 5010 507 5076 miscetur,
530 5007 695 5079 passionum
719 5005 827 5063 seilicet
853 5005 938 5061 evin-

85 5099 243 5156 cendarum
262 5097 428 5154 incursione
444 5097 590 5165 turbatur,
602 5096 697 5152 donec
716 5093 811 5150 caruis
825 5107 939 5151 carcere

85 5194 238 5257 exemptus
252 5185 343 5243 libera
369 5185 433 5243 coeli
460 5186 525 5244 luce
547 5185 671 5252 truatur,
692 5183 790 5242 iruetu
804 5196 873 5239 vero
887 5195 939 5238 ca-

87 5275 179 5346 prittei
205 5282 248 5332 eet
277 5273 392 5342 similis,
419 5274 472 5346 qui
507 5273 558 5332 nbi
581 5270 775 5342 permaturuit
798 5278 860 5327 ater
883 5277 938 5340 est,

87 5365 239 5437 quiscum
252 5362 347 5423 saneti
361 5363 417 5423 riri
433 5363 469 5420 ad
484 5361 642 5433 pertoctum
665 5360 814 5419 charitatis
834 5359 939 5430 attige-

992 4312 1177 4377 oppugnetur
1190 4304 1317 4360 exclusa.
1343 4304 1454 4359 Dicitur
1478 4301 1554 4357 euim
1570 4317 1577 4354 :
1594 4300 1694 4367 Fugite
1714 4301 1843 4368 tunico-

994 4397 1090 4449 tiouem
1105 4392 1132 4464 (l
1160 4393 1224 4447 Cor.
1251 4407 1288 4458 rr,
1314 4391 1366 4460 ts),
1395 4390 1471 4463 quod
1497 4397 1539 4446 est
1560 4389 1664 4456 dicere,
1681 4386 1783 4460 Fugite
1798 4386 1843 4442 la-

992 4496 1062 4552 psus
1076 4480 1339 4551 opportunitatem;
1354 4478 1521 4535 medullitus
1536 4477 1612 4534 enim
1636 4477 1741 4548 injacet
1760 4473 1844 4531 uobis

992 4571 1047 4627 boc
1061 4569 1176 4631 vitium.
1192 4568 1254 4625 ideo
1265 4568 1379 4625 cautius
1395 4566 1625 4638 insequendum3
1642 4564 1695 4620 boc
1708 4571 1749 4619 est
1763 4575 1842 4619 nam·

992 4673 1049 4731 qne
1066 4658 1166 4725 Assur,
1184 4657 1261 4726 quod
1280 4656 1348 4712 aula
1372 4655 1590 4725 interpretatur.
1611 4652 1696 4716 Aula,
1712 4651 1782 4723 quia
1798 4664 1842 4707 re·

992 4758 1061 4815 gum
1078 4752 1128 4799 aut
1150 4750 1297 4813 potentum
1322 4741 1425 4798 domus
1439 4748 1491 4807 est,
1518 4740 1651 4809 voluptas
1673 4737 1771 4796 saeculi
1794 4737 1842 4794 in-

993 4830 1142 4903 telligitur,
1158 4845 1209 4887 nec
1225 4829 1386 4899 immerit03
1407 4829 1436 4883 iu
1452 4827 1527 4884 aulis
1541 4829 1618 4882 enim
1641 4825 1728 4883 totius
1741 4826 1843 4882 obsce-

993 4918 1091 4973 nitatis
1113 4919 1243 4974 videmns
1261 4931 1322 4974 esse
1342 4915 1507 4988 gurgustia.
1531 4914 1611 4970 Unde
1625 4919 1686 4968 est:
1705 4913 1758 4980 Qui
1776 4914 1843 4970 mot·

993 5006 1064 5060 titus
1093 5011 1256 5076 aestimatur,
1290 5008 1318 5060 in
1342 5004 1464 5059 domibus
1488 5018 1581 5071 regum
1605 5005 1669 5056 suut
1693 5003 1781 5069 (llott.
1802 5018 1843 5069 rr,

994 5094 1032 5162 8),
1050 5093 1076 5148 id
1090 5101 1133 5149 est
1147 5095 1198 5164 qui
1226 5094 1307 5150 buxa
1323 5092 1548 5163 amplectuutur,
1577 5089 1723 5146 domestici
1739 5089 1842 5146 deme-

994 5195 1065 5238 num
1084 5190 1162 5239 sunt.
1191 5182 1221 5236 ιιι
1247 5189 1314 5238 sunt
1336 5179 1453 5250 Assyrii,
1476 5179 1503 5235 id
1527 5186 1568 5234 est
1597 5177 1694 5243 aulici,
1716 5190 1843 5248 quorum

995 5283 1051 5325 uon
1066 5269 1165 5325 minus
1179 5268 1377 5340 persequenda
1400 5275 1468 5324 sunt
1482 5266 1616 5337 exempla
1630 5279 1718 5336 quarn
1736 5264 1799 5334 ipss
1814 5264 1844 5321 iu

995 5357 1078 5414 nobis
1093 5357 1171 5414 vitia
1187 5357 1264 5413 Vitia
1286 5356 1400 5422 etenim,
1417 5370 1484 5427 quta
1501 5354 1598 5426 pudor
1611 5367 1686 5425 sepe
1700 5353 1846 5425 reprimit,
