3818 6008
64 256 116 309 4:5³
434 250 662 310 TROPOLOGIAE
682 252 715 308 nt
734 251 834 320 osuii,
853 251 946 308 ilios
965 251 1009 307 ET
1026 252 1103 308 JER.
1123 281 1158 293 -
1176 251 1242 309 titt.
1265 253 1298 309 t.
1322 252 1359 308 in
1376 252 1449 309 tan.
1763 258 1816 311 tbi

67 409 79 434 »
95 384 324 458 multitudinem]
339 383 526 455 iniquitatum
540 383 614 455 ejus,
633 382 748 454 parvuli
763 382 914 454 ejusducti
934 384 957 437 Α
972 395 1020 450 11,
1037 397 1103 454 que
1117 383 1267 453 Apostolus
1278 390 1363 440 vacat
1382 383 1500 441 meliora
1523 384 1698 444 charismata
1713 388 1741 458 (l
1753 390 1814 447 dar.

66 485 165 534 »sunt
192 477 221 534 in
249 475 445 546 captivitatem
472 477 540 530 ante
563 472 664 530 laniem
694 472 868 529 tribulantis.
898 496 911 518 n
967 485 1016 538 xn,
1034 474 1088 539 31),
1113 479 1140 527 11
1166 487 1231 542 quae
1261 471 1326 528 filiae
1352 473 1429 544 regis
1457 475 1493 530 ab
1522 475 1601 532 intus
1629 484 1698 533 sunt
1725 477 1817 550 gloria

65 567 183 621 Parvuli
196 567 346 623 ducuntur
364 566 394 618 in
412 565 609 635 captiuitatem,
631 577 696 618 curn
714 563 809 619 idictae
824 561 910 634 quiii·
969 559 1051 630 (Psoi.
1068 574 1145 627 xarv,
1162 562 1243 630 14).«
1269 563 1341 618 Cum
1365 562 1477 618 caderet
1494 563 1617 633 papulus
1631 565 1695 635 ejus
1717 561 1746 622 in'
1759 580 1818 623 nta-

64 656 111 712 bet
127 669 289 726 percarum
311 654 397 712 devia
422 653 495 710 ilunt
509 660 593 709 extra
611 651 723 708 arbitrii
741 652 912 718 libertatem,
971 665 1041 733 '¹¹¹.¹
1062 649 1166 717 hastili,
1186 658 1214 706 et
1228 665 1286 707 non
1310 658 1383 707 esset
1403 651 1567 708 auxiliator.
1594 673 1604 701 ι
1624 653 1706 711 Cadit
1725 671 1816 727 popu·

64 754 97 801 ut
113 744 281 802 necessitate
295 751 421 815 peccent,
439 742 518 814 quod
536 741 732 798 contraxerint
756 741 912 797 voluntate.
970 739 1011 793 tus
1032 736 1090 807 ejas
1112 741 1142 793 in
1162 755 1245 794 manu
1258 739 1361 807 bestiti,
1386 754 1452 797 curn
1477 740 1683 812 cogitationum
1709 745 1817 817 vulgus

64 834 100 890 Et
115 832 480 904 hacmcmuttitudiaelnis
501 830 603 887 accidit
623 832 811 900 iniquitatum,
839 836 870 884 ut
884 842 914 885 se
970 824 1121 882 lasciviens
1153 827 1242 883 iracta
1275 827 1350 883 hono
1387 828 1532 898 proposito
1569 829 1644 886 cedit
1667 830 1816 890 diabolica

65 922 190 995 quilibet
204 935 221 977 a
236 923 303 994 jure
317 923 363 978 sui
384 935 485 977 sensus
499 920 603 977 sentiat
621 918 830 989 captivitatum.
856 918 913 973 iiu-
970 914 1055 984 parti.
1071 917 1131 970 Non
1149 922 1191 971 est
1214 917 1378 983 anciliatur,
1395 931 1460 973 cum
1484 917 1562 974 deest
1584 919 1703 987 spiritus
1726 933 1817 991 repu-

64 1011 475 1076 cunturautemantesaciem
494 1008 744 1074 tribuendarum
769 1005 916 1061 ardentior
970 1011 1113 1073 qnater«
1139 1002 1277 1059 Viderunt
1289 1018 1353 1060 eam
1375 1005 1478 1073 inosteS,
1505 1013 1533 1061 et
1559 1006 1723 1065 deriserunt
1746 1008 1817 1066 Sab-

64 1108 108 1155 est
122 1099 245 1170 impetus
267 1111 385 1168 peccare
410 1095 540 1163 volentis,
558 1103 586 1152 et
609 1095 694 1166 longe
718 1093 916 1163 subsequatur
972 1091 1155 1163 »hataejus
1180 1095 1301 1148 »Hostes
1325 1109 1383 1147 cam
1405 1094 1513 1162 vident,
1538 1110 1603 1151 cuni
1630 1097 1816 1154 1111111111-

65 1188 176 1245 diaboli
187 1186 332 1259 suggestio
347 1185 523 1243 attentantis.
545 1185 577 1240 ln
595 1190 699 1239 terram
713 1181 790 1240 enim
805 1182 915 1254 spatio-
971 1188 1017 1237 tus
1032 1181 1135 1237 mentis
1159 1181 1200 1237 eis
1215 1182 1295 1238 nulla
1319 1183 1402 1238 modo
1426 1181 1586 1252 displicent.
1612 1185 1734 1259 Sabdata
1758 1187 1817 1255 ejus

65 1291 139 1344 sam,
156 1277 293 1343 etiamn,
305 1274 392 1346 jnxta
408 1273 478 1330 illud
494 1273 650 1338 isaianum,
667 1270 751 1342 quasi
767 1271 825 1342 pila
850 1271 914 1327 mit-
970 1269 1110 1339 derident,
1125 1284 1192 1326 cum
1204 1283 1267 1325 eam
1291 1269 1344 1325 sibi
1360 1270 1597 1340 acquiescentem,
1612 1280 1640 1329 et
1660 1273 1740 1330 omni
1753 1274 1816 1332 utili

66 1371 172 1421 tuntur
187 1363 346 1437 (lsai.1rrr,
363 1364 417 1431 18).
433 1361 490 1431 ipsi
505 1360 591 1416 etiam
606 1372 709 1416 auram
725 1374 822 1430 pravae
837 1359 914 1430 aspi·
971 1358 1066 1414 studio
1080 1358 1323 1427 supersedentem,
1337 1358 1443 1415 habere
1456 1372 1486 1414 se
1501 1361 1638 1431 gaudent.

66 1452 188 1510 rationis
201 1452 255 1509 sibi
271 1465 408 1524 generare
423 1451 570 1507 dicuntur.
1343 1462 1440 1503 1111.

456 1553 531 1593 vau.
1006 1535 1185 1592 11118.-
1207 1536 1390 1592 «Peccatum
1415 1537 1542 1606 peccavit
1566 1536 1726 1597 Jerusalem
1750 1555 1818 1611 pro-

103 1632 315 1688 venisti-r
345 1629 380 1684 lit
406 1640 521 1698 gressus
537 1633 620 1683 esta
648 1625 704 1681 iilia
732 1624 800 1681 Sion
822 1625 916 1681 omnis
973 1631 1099 1693 »pterea
1124 1624 1266 1681 instabilis
1299 1625 1374 1680 lacta
1406 1632 1486 1682 est.»
1514 1626 1586 1682 lietu
1613 1627 1820 1699 interpretatur

71 1716 349 1790 necennensium
374 1723 443 1772 sunt
458 1715 602 1785 principes
624 1714 688 1785 ejus
711 1714 790 1770 velut
814 1714 917 1769 arietes
936 1692 1076 1780 Brtrtpcr.
1093 1711 1199 1783 Stupor
1211 1720 1308 1769 autern
1324 1713 1529 1770 insensibilitas
1538 1723 1589 1771 est.
1614 1716 1819 1775 insensibilitas

69 1822 159 1864 »non
175 1806 352 1863 invenientes
367 1819 484 1876 pascua.
502 1824 516 1854 a
532 1804 595 1861 Vau
617 1803 824 1872 interpretatur
848 1804 915 1872 ipse.
972 1808 1072 1856 autem
1092 1800 1131 1857 nil
1156 1801 1235 1857 aliud
1251 1815 1340 1871 quam
1365 1801 1506 1871 reprobas
1531 1817 1642 1860 sensus.
1668 1805 1726 1861 lloc
1750 1821 1820 1879 erga

68 1897 246 1965 lpreautem
270 1894 473 1964 proprietatem
496 1891 560 1963 ejus
585 1905 696 1960 semper
722 1905 782 1961 quo
800 1891 915 1959 dicitnr,
972 1891 1196 1946 antonomastice
1216 1894 1355 1959 peccatum
1378 1891 1548 1945 Hierusalem
1573 1900 1681 1961 peceat,
1701 1903 1729 1951 et
1756 1894 1820 1953 ideo

68 1984 210 2042 insinuat.
233 1984 313 2041 Unde
323 1997 446 2053 egressas
459 1997 477 2034 a
488 1984 548 2050 fitia
561 1981 628 2036 sian
651 1983 737 2035 amnis
757 1980 836 2034 decor
859 1978 917 2049 ejas
973 1976 1004 2031 iit
1016 1977 1164 2045 instabitis,
1181 1978 1251 2048 quia
1266 1986 1418 2048 postquam
1435 1993 1452 2033 a
1467 1979 1577 2035 visione
1601 1981 1679 2049 pacis
1701 1981 1820 2038 interum

67 2074 187 2140 dicitur,
203 2087 270 2129 curu
284 2072 320 2127 11
336 2085 369 2127 ea
391 2078 494 2137 mente,
517 2084 584 2138 quae
607 2068 764 2125 caelestium
784 2069 918 2138 specula·
972 2080 1054 2122 mens
1071 2067 1171 2134 ruerit,
1193 2074 1433 2136 pertentaturum
1451 2067 1592 2136 impulsus
1610 2069 1667 2124 hnc
1695 2069 1820 2141 illucque

68 2170 177 2230 torum,
202 2168 254 2218 aut
276 2160 343 2216 olim
368 2158 472 2226 luerat,
497 2165 547 2214 aut
568 2171 629 2213 esse
651 2164 791 2226 potuerat,
819 2155 842 2211 si
862 2156 918 2210 Deo
974 2155 1150 2227 vagabunda
1183 2155 1329 2212 discurrit.
1365 2154 1513 2222 «Omnes,
1543 2157 1594 2226 qui
1621 2157 1820 2227 glariilcabant

68 2244 244 2302 inniteretur
258 2244 327 2312 fllia,
354 2244 409 2299 hoo
423 2243 528 2312 ipsum,
555 2241 632 2313 quod
650 2241 679 2296 in
701 2241 749 2296 [tei
765 2247 918 2310 conspectu
975 2257 1075 2312 neam,
1092 2251 1265 2314 spreverunt
1290 2243 1380 2312 iliam,
1399 2244 1538 2314 quoniam
1567 2244 1703 2303 viderunt
1735 2246 1820 2318 igno·

68 2333 299 2405 personalitatem
322 2331 387 2400 sibi,
403 2338 441 2397 et,
458 2338 490 2387 ut
511 2330 551 2386 ita
572 2331 677 2395 dicam,
708 2330 918 2385 substantivum
976 2332 1122 2388 »miniam
1159 2333 1267 2404 ejus.»
1301 2333 1355 2398 Qui
1386 2347 1445 2386 enm
1476 2333 1676 2401 glorificabant,
1699 2335 1821 2392 virtutes

69 2423 230 2494 quamdam
244 2422 445 2491 proprietatem
460 2418 584 2476 exstruit
594 2428 620 2474 et
630 2417 763 2486 aediticat,
780 2418 828 2473 liei
846 2417 921 2474 vide
974 2429 1043 2478 suut
1057 2421 1161 2490 animi;
1174 2421 1444 2491 bicearnspernunt,
1455 2430 1693 2492 cumeontemptu
1703 2423 1821 2495 diguam

68 2511 133 2568 licet
149 2509 283 2581 gratiam,
301 2523 389 2580 quarn
405 2507 496 2565 salum
516 2508 575 2577 ipse
589 2507 765 2577 concupiscit
786 2506 919 2577 speciem,
974 2519 1146 2580 argumento
1162 2524 1222 2567 sue
1234 2508 1402 2566 desertionis
1424 2510 1588 2566 ostendunt.
1605 2512 1749 2576 Quaenam.
1777 2513 1822 2570 in·

70 2599 174 2656 intimat
193 2598 281 2669 pastis
304 2598 444 2655 eliminat.
476 2598 558 2652 Velut
583 2599 681 2650 arietes
707 2597 845 2666 principes
862 2596 920 2664 ejus
974 2597 1048 2669 quit,
1065 2601 1242 2664 iqrrcmtniam
1264 2601 1321 2668 ejus
1344 2598 1483 2662 viduant,
1511 2598 1647 2655 inlautum
1665 2599 1822 2659 scilicelex

68 2695 147 2756 1111,
166 2701 233 2743 cum
246 2700 348 2743 sensus
362 2686 425 2757 eius
434 2686 592 2742 exteriores
605 2685 692 2740 diruas
705 2686 849 2741 universae
858 2683 922 2754 ejus
975 2687 1098 2744 obscena
1116 2686 1331 2744 couversatione
1353 2685 1444 2742 videri
1466 2686 1603 2743 lecerunt.
1630 2687 1704 2744 Sunt
1725 2697 1821 2746 autem

70 2776 246 2848 operationis
261 2776 344 2833 liunt.
361 2775 472 2831 Arietes
485 2774 562 2831 enim
578 2774 717 2830 duantum
732 2773 821 2845 'gregi
845 2786 921 2842 1111-
977 2776 1144 2846 hujusmodi
1159 2775 1234 2847 dicta
1248 2774 1409 2831 secundum
1425 2788 1432 2828 ε
1449 2773 1521 2830 illud
1534 2795 1548 2824 a
1568 2775 1824 2835 Abomiuabantur

71 2867 137 2922 bere
162 2863 265 2932 solent,
295 2871 323 2921 et
337 2863 417 2921 hunc
440 2862 610 2934 quinarium
631 2862 718 2918 habet
741 2861 923 2919 Samaritana
977 2878 1022 2920 me
1038 2864 1208 2920 vestimenta
1222 2876 1286 2918 mea
1300 2862 1378 2933 (dab.
1394 2876 1434 2929 rx,
1459 2862 1514 2931 31).
1531 2882 1542 2911 ι
1559 2895 1593 2903 -
1611 2885 1621 2912 ι
1642 2864 1708 2935 ipsa
1726 2872 1823 2923 autem

71 2954 226 3026 coniugem
243 2954 333 3023 (ioan.
355 2966 392 3019 iv,
424 2953 476 3022 18).
509 2952 542 3008 ili
567 2953 666 3007 arietes
690 2965 746 3008 nun
769 2949 922 3006 inveniunt
941 2990 961 3045 C
980 2973 990 3001 ι
1009 2960 1165 3024 gemenset
1187 2965 1327 3008 conversa
1352 2959 1521 3008 retrorsum.
1542 2952 1662 3009 »Gemit
1685 2970 1751 3011 curn
1774 2955 1824 3012 mi·

69 3040 186 3112 pascum
221 3040 358 3097 nimirum
390 3041 499 3109 vitalia,
533 3054 585 3097 nec
617 3037 764 3109 requirere
804 3038 921 3108 quidem
976 3055 1039 3098 sera
1071 3055 1152 3097 mens
1184 3040 1381 3096 difficultatem
1415 3039 1489 3096 male
1528 3043 1666 3110 operandi
1703 3043 1821 3101 invenit.

71 3131 201 3203 gestiunt
214 3128 389 3185 alimenta«
412 3130 447 3185 iit
464 3129 599 3186 abierant
625 3127 734 3197 absque
756 3126 923 3183 fortitudine
979 3129 1067 3185 «Sub
1087 3129 1197 3200 lingua,
1222 3129 1327 3199 iuquit,
1350 3129 1414 3200 ejas
1434 3128 1515 3184 labor
1528 3137 1555 3184 et
1583 3129 1763 3201 dolor(Psat.
1793 3147 1822 3201 rr,

74 3227 172 3276 »ante
203 3217 305 3274 laniem
335 3217 549 3289 subsequentis.
587 3216 735 3284 »Absque
759 3216 924 3281 smtitrrdine
977 3218 1044 3286 1).»
1079 3220 1234 3274 ltetmrsum
1276 3217 1465 3282 convertitur,
1500 3231 1566 3273 cum
1607 3217 1643 3273 ad
1667 3220 1825 3289 praeteritas

72 3307 192 3375 abeunt,
204 3320 270 3363 curn
291 3306 401 3376 absque
417 3305 476 3362 ulia
499 3304 656 3362 rebellione
681 3304 801 3375 spiritus
818 3303 924 3362 diaboli
977 3305 1071 3375 potius
1085 3304 1245 3374 voluptates
1259 3311 1452 3375 retorquetur,
1465 3317 1554 3374 quam
1565 3318 1616 3374 spe
1628 3305 1663 3361 ad
1679 3308 1824 3365 anteriora

71 3391 310 3467 suggestionibus
322 3392 437 3448 cedunt.
455 3393 527 3457 Ante
546 3392 646 3458 faciem
660 3391 746 3448 etiam
759 3391 923 3461 subsequen·
977 3393 1121 3450 tendatur.

71 3484 239 3551 tirabeunt,
260 3495 326 3539 cum
347 3489 413 3536 ante
435 3479 642 3550 experientiam
667 3479 801 3550 malignae
822 3481 925 3537 adncr·
1357 3495 1450 3536 rara.

71 3570 200 3634 tationis,
221 3569 303 3641 quasi
322 3572 503 3638 presentiam
526 3567 609 3624 laciei
624 3567 685 3624 suis
708 3567 835 3637 ipsarum
860 3583 925 3625 mo·
1012 3572 1098 3628 Vnus.
1115 3574 1194 3626 1.-
1212 3593 1222 3618 ι
1243 3568 1345 3625 Sordes
1367 3568 1432 3638 ejus
1460 3567 1489 3623 11
1519 3569 1739 3642 pedibus-ejas,
1769 3587 1823 3630 noc
1851 3586 1854 3591 ·

71 3661 150 3718 tibus
164 3657 458 3717 ultresuecumbunt.
979 3660 1158 3716 »recordata
1178 3666 1220 3714 est
1249 3657 1314 3713 duis
1330 3657 1386 3725 sui,
1410 3657 1537 3726 deposita
1561 3665 1603 3714 est
1629 3660 1822 3730 vehementer,

371 3746 506 3817 zurici,
536 3745 630 3816 1111).
981 3763 1067 3804 »non
1101 3747 1210 3804 haliens
1234 3746 1448 3802 consolatorem.
1476 3764 1490 3797 n
1524 3746 1593 3802 Tatii
1619 3747 1826 3820 interpretatur

106 3839 195 3897 Vnus.
212 3838 240 3892 ’1.
257 3858 319 3885 -ι
345 3836 381 3892 Et
396 3835 546 3894 recordata
560 3843 603 3890 est
628 3834 787 3891 Jerusalem
812 3835 924 3891 dierum
978 3839 1107 3892 auctario.
1126 3836 1224 3892 Sordes
1247 3836 1306 3906 ejus
1326 3839 1355 3891 in
1379 3837 1496 3907 pedibus
1514 3837 1573 3908 ejus
1598 3846 1677 3907 sunt,
1697 3853 1764 3897 cunr
1787 3841 1825 3898 ab

75 3926 270 3984 ›alilictionis
290 3939 361 3995 suae,
383 3932 411 3982 et
432 3922 678 3996 praevaricationis
698 3924 828 3979 omniurn
850 3924 925 3981 desi·
979 3924 1129 3982 aflectibus
1155 3925 1220 3997 ejus
1258 3925 1366 3995 peceati
1394 3925 1565 3982 intentiones
1592 3942 1649 3982 non
1678 3928 1824 3986 desinunt.

76 4015 276 4074 »derabilium
291 4029 421 4082 suorum,
443 4028 508 4085 quae
533 4013 673 4070 babuerat
691 4012 824 4069 adiebus
847 4008 926 4070 antiss
978 4017 1054 4071 ib'nis
1078 4017 1123 4069 sui
1150 4030 1205 4069 nan
1228 4014 1405 4082 recordatur,
1429 4029 1498 4071 cum
1519 4029 1538 4071 a
1560 4016 1643 4086 pravi
1667 4017 1712 4072 sui
1733 4024 1826 4076 status

76 4104 181 4176 »quis
202 4105 277 4161 »zai
294 4104 501 4174 iuterpretatur
523 4103 584 4170 buc,
602 4101 674 4158 iilud
698 4101 832 4170 innuens,
859 4101 926 4158 111-
979 4103 1205 4160 consideratione
1227 4102 1416 4160 excluditur:
1447 4104 1597 4161 nonenim
1620 4104 1650 4160 in
1678 4107 1827 4176 premissa

73 4208 152 4251 mam
166 4193 275 4264 lapsam
293 4193 459 4249 meminisse
480 4191 595 4261 debere,
612 4190 689 4246 uude
713 4198 741 4248 et
764 4194 823 4262 q'uo
846 4191 927 4262 lapsa
979 4191 1073 4248 littera
1099 4192 1264 4248 adnotatur.
1286 4191 1383 4248 Finem
1407 4205 1494 4249 suum
1516 4194 1684 4258 attenderet,
1703 4194 1740 4251 >si
1768 4195 1827 4253 iru-

72 4284 121 4352 sit,
137 4283 216 4355 quod
244 4281 352 4339 scilicet
379 4282 430 4336 truc
458 4285 534 4335 245
558 4293 670 4349 semper
691 4278 808 4336 oculum
832 4279 1373 4351 11111-1111111111111111111111
1396 4281 1513 4338 iuturus
1539 4283 1710 4340 adverteret.
1740 4284 1827 4340 vim-

72 4385 166 4443 quere
179 4384 293 4429 necesse
306 4369 352 4426 sit.
374 4368 450 4437 ideo,
467 4369 573 4439 inquit,
593 4374 778 4424 convertetur
799 4369 924 4438 populus
978 4376 1080 4424 marrier
1094 4368 1257 4439 deponitur,
1269 4384 1335 4440 quae
1345 4370 1538 4440 nunquamad
1549 4372 1710 4442 appetenda
1718 4379 1826 4429 eterna

74 4475 159 4519 meus
173 4459 232 4516 nuc
246 4458 307 4529 [ai.,
322 4456 379 4528 iric]
396 4457 481 4526 (Paci.
505 4459 667 4526 1111110).
689 4457 838 4512 ramalem
862 4457 923 4512 die-
977 4457 1101 4515 levatur.
1116 4458 1313 4513 dmsoiatarem
1331 4474 1386 4513 nan
1407 4459 1503 4526 nabet,
1528 4473 1595 4516 cum
1617 4460 1692 4517 inter
1714 4469 1754 4518 tot
1771 4460 1827 4518 mi-

71 4565 136 4605 rum
169 4548 329 4616 afflictionis
361 4561 416 4600 sua
440 4546 618 4614 recordatur,
650 4559 716 4601 cum
742 4558 831 4613 mens,
857 4561 923 4617 que
978 4546 1076 4613 serias,
1092 4560 1145 4602 nec
1159 4546 1276 4603 virtutis
1290 4546 1441 4618 quidpiam
1456 4561 1514 4617 qua
1536 4548 1667 4616 respiret,
1683 4549 1826 4619 quiupa·

71 4636 234 4709 aliquanda
248 4635 388 4693 tutonem
411 4634 489 4705 pacis
512 4636 655 4706 attigerat,
680 4647 740 4689 suae
759 4632 924 4704 dejectionis
978 4635 1036 4692 tius
1048 4635 1127 4690 omni
1144 4635 1235 4691 sancti
1250 4633 1374 4705 Spiritus
1389 4635 1581 4691 consolatione
1605 4643 1692 4692 caret.
1712 4658 1723 4686 ι
1742 4636 1826 4707 Vide,

71 4726 283 4783 reminiscitur.
295 4724 473 4782 Recordatur
490 4731 586 4780 autern
600 4723 714 4790 11111111,
739 4721 768 4778 id
790 4730 833 4779 est
849 4737 922 4794 qna·
980 4723 1139 4791 »Domine
1162 4723 1346 4780 alilictionem
1368 4736 1471 4790 meatu,
1492 4723 1629 4793 quoniam
1650 4731 1763 4780 erectus
1783 4732 1826 4782 est

71 4828 260 4885 rumcunque
307 4813 522 4879 discretionum,
563 4818 719 4882 numquam
757 4811 924 4868 caecutirent
981 4812 1153 4888 sinimicus.
1182 4833 1192 4861 ι
1226 4812 1287 4868 Vax
1315 4819 1357 4869 est
1386 4812 1476 4868 sancti
1506 4812 1679 4883 cujuspiam,
1705 4813 1757 4884 qui
1791 4813 1826 4871 de

70 4902 150 4960 oculi
182 4902 385 4968 intentionum,
415 4902 493 4972 quad
516 4900 586 4958 solet
608 4899 670 4956 fieri
700 4899 728 4955 11
758 4899 924 4970 primordiis
978 4901 1063 4972 lapsu
1076 4900 1170 4957 alieno
1179 4899 1330 4972 aliligitur.
1347 4899 1485 4956 inimicus
1507 4900 1629 4971 erigitur
1644 4914 1650 4953 :
1665 4901 1825 4960 seeundum

72 4990 278 5048 tentationum.
301 4993 539 5046 prevaricationis
558 4991 677 5044 omnium
701 4981 924 5044 desiduabilium
978 4991 1066 5061 qued,
1093 4988 1152 5058 iiia,
1181 4997 1213 5046 ut
1239 4990 1437 5061 supradictum
1458 4994 1510 5057 est,
1536 4988 1720 5047 veliementer
1741 4991 1826 5063 depo-

69 5093 195 5137 suorum
219 5079 397 5145 recordatur,
418 5093 484 5136 cum
509 5079 628 5135 internae
652 5076 803 5147 opalentia
827 5089 922 5148 gazas,
977 5080 1067 5138 nitur.

71 5181 139 5241 quae
156 5167 242 5225 moda
256 5166 424 5225 animorum
442 5166 679 5238 prevaricatione
702 5166 869 5234 turbantur,
896 5173 924 5223 et
1274 5181 1350 5222 rara
1373 5166 1423 5236 [a.,
1444 5165 1521 5237 111).

70 5270 140 5330 que
154 5269 172 5314 a
184 5255 288 5314 diebus
306 5256 446 5328 antiquis,
462 5256 490 5312 id
505 5263 548 5313 est
561 5263 717 5327 antequam
734 5270 814 5312 mens
839 5268 923 5326 pror·
1014 5257 1101 5313 Vnus.
1119 5258 1161 5311 lo.
1177 5286 1212 5296 -
1229 5277 1240 5306 ι
1255 5255 1373 5311 bianum
1388 5268 1471 5310 suam
1488 5254 1566 5312 misit
1575 5255 1665 5312 hostis
1677 5255 1714 5313 ad
1728 5256 1826 5315 amnia

70 5361 124 5405 sua
153 5345 375 5412 tenebrasceret,
408 5344 601 5414 habebantur,
625 5344 833 5412 miserabiliter,
863 5345 924 5401 sine
980 5344 1211 5401 »desiderabilia
1249 5344 1322 5415 ejus,
1353 5343 1424 5415 quia
1446 5343 1518 5401 vidit
1556 5354 1654 5416 gentes
1682 5344 1827 5418 ingressas

69 5434 177 5495 ellectu
190 5441 290 5493 nmen
303 5434 414 5507 aliqua,
438 5434 475 5492 ad
499 5433 667 5492 memoriam
692 5446 827 5491 revocare
849 5433 925 5491 vide
981 5434 1208 5491 »sanctuarium
1228 5446 1326 5500 suum,
1343 5432 1378 5489 de
1397 5432 1505 5504 quibua
1528 5446 1705 5506 praeceperas
1727 5450 1764 5493 ue
1778 5436 1827 5495 iu-

59 5533 131 5585 111.
148 5521 428 5582 desiderabiliaucn
446 5520 505 5579 alia
526 5529 695 5593 suntquam
719 5520 857 5579 interiora
870 5521 922 5578 ba-
980 5529 1117 5579 »trarent
1143 5521 1173 5577 in
1200 5520 1349 5578 ecclesiam
1377 5529 1499 5580 tuam.»
1527 5523 1591 5580 ioth
1620 5524 1827 5596 interpretatur
