3818 6008
414 248 528 304 iuuit.
544 276 579 286 -
595 248 672 305 Vle
693 248 722 303 B.
742 246 883 306 slltodls
900 248 985 306 coll.
1009 245 1264 304 causulttltitsts.
1360 204 1363 209 Ι
1648 248 1716 301 itit

59 382 151 453 ravit;
171 395 277 453 corpus
296 382 401 438 seilicet
427 395 587 451 removens,
608 391 636 441 et
651 382 811 450 ecclesiam,
828 386 850 440 d
869 390 896 440 ot
915 381 1071 441 obeditioni
1094 381 1242 453 subjectus
1276 379 1338 453 lege
1363 379 1461 437 divina
1478 381 1645 439 redderetur
1673 381 1714 438 in-

57 470 133 527 beati
166 468 311 541 llrnulphi
347 469 463 536 dicitur,
497 469 575 540 apud
603 470 814 542 crispiniacum
868 478 1005 528 structus.

56 572 100 626 nt,
127 557 176 614 ubi
201 557 374 614 translatum
401 565 453 626 esi,
481 558 516 614 de
532 559 667 617 facultate
696 559 814 630 propria
903 561 1059 619 Revertens
1073 559 1163 631 igitur
1180 564 1281 615 sancta
1291 556 1474 630 jucunditate
1498 557 1633 629 repletus,
1647 571 1713 614 rur·

56 646 122 703 sime
150 645 276 716 dotavit3
310 646 416 711 viduis,
453 647 600 717 orphanis,
627 655 654 704 et
679 647 814 704 omnibus
868 664 917 705 sus
932 663 1028 720 regem
1050 647 1230 719 aggrediens,
1254 654 1397 703 certamen
1428 652 1461 702 ut
1485 645 1566 702 miles
1589 645 1715 715 optimus

56 734 161 791 iniibus
175 734 269 790 victus
292 735 454 790 necessaria
473 735 647 805 amplissime
672 737 809 807 erogavit.
868 737 1061 807 amplexatur,
1082 743 1110 793 et
1135 736 1225 792 donee
1247 735 1339 791 vietor
1351 735 1494 801 existeret,
1512 733 1577 789 licet
1605 733 1715 789 invitus

59 823 128 879 ildes
151 836 228 889 vera,
245 830 273 878 et
297 823 357 878 llaec
380 831 422 879 ost
451 822 563 879 dilectio
586 823 759 893 lirmissima,
783 825 812 880 in
868 825 968 882 abelli
982 825 1096 896 negotio
1110 824 1229 881 minime
1248 824 1405 880 relaxatur.
1431 822 1471 878 dd
1488 820 1626 878 ultimum
1649 834 1716 877 vero

56 925 96 968 on
110 911 233 968 earnalis
261 911 309 967 sed
333 911 391 967 vita
413 918 550 981 perpetua
573 913 725 983 cogitatur,
755 926 812 968 non
867 915 984 985 regione
997 913 1182 985 depopulata,
1208 919 1235 969 et
1248 912 1401 981 utriusque
1415 909 1522 965 laboris
1550 907 1608 981 [al.,
1632 915 1659 966 et
1674 907 1715 963 vi-

56 999 163 1057 noritur
177 999 225 1055 sed
241 998 269 1055 in
283 1007 424 1056 aeternum
438 1000 550 1057 victura
565 1000 663 1056 anima
677 1001 811 1071 proponi·
867 1009 932 1059 ctus
943 999 1117 1074 laborisque]
1132 1001 1214 1073 gravi
1230 1000 1354 1072 pondere
1378 997 1538 1069 depressus,
1563 996 1713 1053 consilium

56 1088 110 1144 irat
122 1088 168 1144 vir
189 1087 236 1143 Dei
264 1088 316 1143 boo
336 1087 365 1143 in
387 1088 461 1144 lacto
484 1089 654 1158 perterritus
674 1088 774 1145 timore
788 1089 813 1145 si
867 1091 1161 1161 depaceconcipitur,
1177 1087 1411 1160 colloquiumque
1433 1086 1469 1142 ab
1494 1094 1618 1156 utroque
1632 1098 1714 1141 man·

60 1190 108 1233 um
139 1183 224 1232 antea
263 1176 516 1246 contemptibilem,
554 1183 624 1233 tune
647 1177 812 1234 borribilern
867 1180 963 1236 datur.
977 1178 1051 1247 Quid
1066 1179 1169 1249 plura?
1182 1178 1214 1233 iit
1227 1184 1387 1234 conventus
1402 1170 1713 1245 nobilium;judi‘eium

56 1263 116 1334 ivit3
140 1271 167 1321 et
190 1263 214 1320 si
234 1264 264 1319 in
289 1264 387 1334 aliquo
411 1264 561 1332 dilexerat,
585 1264 668 1336 quasi
685 1279 811 1338 anguem
867 1269 928 1324 llta
943 1268 1135 1340 sapientibus3
1153 1281 1218 1337 quae
1238 1267 1305 1336 jure
1323 1263 1480 1335 contigerat
1506 1261 1658 1318 baereditas
1677 1260 1716 1316 Si-

56 1363 141 1405 osum
155 1348 325 1419 fugiendum
351 1350 507 1419 perdocuit,
528 1359 556 1407 et
578 1351 642 1408 licet
672 1353 812 1410 mundiali
867 1356 944 1413 moni
960 1356 1110 1428 judicatur
1123 1362 1151 1412 et
1165 1353 1314 1422 redditur;
1339 1365 1397 1423 pax
1418 1358 1446 1408 et
1471 1349 1624 1409 concordia
1645 1363 1713 1407 con·

56 1436 120 1493 nine
140 1445 168 1494 et
187 1438 252 1494 belli
274 1437 396 1509 negotiis
422 1438 598 1496 detineretur
622 1441 811 1510 extrinsecus,
866 1447 1030 1504 iirmantur.

56 1525 200 1582 ellomini
216 1526 409 1583 interveniens
421 1539 503 1584 arma
523 1528 672 1585 Dominica
685 1530 814 1601 gestabat
1202 1512 1319 1570 CAPUT
1338 1510 1382 1566 lv·

56 1628 147 1670 secus.
168 1614 241 1671 Nam
262 1628 329 1671 curn
354 1614 411 1672 iere
436 1615 568 1684 triennio,
584 1616 681 1674 labore
696 1619 812 1675 militari
905 1624 975 1680 Pace
1007 1621 1097 1694 igitur
1134 1620 1274 1686 restituta,
1290 1625 1318 1675 et
1343 1631 1408 1689 quaa
1434 1617 1500 1674 belli
1526 1616 1716 1687 longitudine

56 1701 130 1770 titus,
150 1715 217 1759 caro
237 1701 315 1759 illius
339 1703 468 1773 requiem
493 1718 552 1760 non
576 1705 704 1774 baberet,
733 1716 814 1765 nocie
831 1680 851 1735 Β
869 1710 1031 1768 inordinata
1062 1709 1246 1775 videbantur,
1281 1706 1367 1763 rebus
1399 1705 1533 1762 omnibus
1561 1704 1714 1772 collocatis,

56 1805 73 1858 r,
89 1803 236 1846 armorum
260 1788 428 1861 fatigatione
453 1793 569 1849 minime
592 1793 733 1862 detentus,
755 1795 815 1851 solo
870 1799 993 1856 uxorei
1015 1796 1140 1870 eleganti
1168 1797 1268 1863 iorma,
1298 1794 1370 1852 iacie
1393 1794 1598 1866 pulcherrima,
1614 1806 1716 1865 genere

56 1892 81 1934 m
93 1881 196 1935 ootuite
206 1886 357 1935 contentus
371 1879 556 1937 ecclesiarum
571 1881 672 1938 limina
687 1883 815 1951 subiens,
870 1886 983 1957 nobilis,
1010 1900 1077 1957 quae
1110 1884 1184 1941 nulli
1212 1885 1243 1940 in
1269 1891 1328 1940 tota
1351 1883 1467 1953 regione
1490 1881 1645 1938 arvernica
1670 1894 1717 1937 se-

56 1966 115 2023 inis
129 1980 241 2036 semper
255 1967 391 2024 interesse
405 1969 560 2038 gaudebat.
586 1970 614 2026 Si
629 1971 814 2039 monachum,
870 1972 966 2030 cunda
994 1972 1152 2039 rideretur,
1173 1970 1300 2041 eligitur.
1328 1968 1390 2039 lpse
1413 1981 1482 2024 vero
1505 1966 1588 2037 quasi
1612 1965 1717 2021 talibus

56 2068 112 2122 um,
137 2068 189 2110 sen
212 2055 397 2126 peregrinum
425 2057 591 2127 quempiam
614 2059 750 2130 religione
771 2059 816 2114 ia·
870 2062 1048 2134 adgaudens,
1075 2067 1108 2118 ut
1130 2061 1238 2117 bonum
1257 2057 1336 2128 quod
1361 2057 1390 2112 in
1418 2070 1448 2112 se
1471 2055 1578 2112 latebat
1604 2052 1717 2124 penitus

56 2157 80 2198 m
104 2142 208 2199 alicubi
233 2144 395 2214 reperisset,
419 2145 485 2201 vitae
509 2146 694 2216 corporaliter
716 2161 816 2204 neces·
869 2150 1003 2221 operiret,
1028 2162 1057 2205 se
1079 2162 1113 2205 eo
1149 2148 1260 2205 iturum
1284 2144 1447 2212 denuntiat,
1476 2143 1632 2213 statimque
1665 2140 1719 2196 iter

70 2231 210 2300 praebens,
241 2245 271 2287 se
293 2232 357 2302 ejus
379 2231 560 2290 orationibus
584 2235 814 2292 commendabat.
870 2238 1013 2310 arripiens
1038 2237 1182 2308 proiectus
1198 2243 1249 2292 esi.
1274 2234 1345 2301 Quo,
1376 2234 1433 2289 lloo
1457 2232 1633 2302 disponente,
1651 2242 1717 2300 per-

56 2318 72 2375 ii
97 2333 163 2375 vero
191 2325 219 2375 et
241 2320 488 2390 eleemosynarum
513 2321 644 2393 largitate
673 2324 814 2394 pollebat;
870 2327 1143 2397 veniensasponsse
1157 2324 1295 2396 genitore,
1317 2321 1479 2379 llildeberio
1500 2319 1629 2375 videlieet
1650 2330 1717 2373 con·

56 2420 84 2463 m
111 2421 247 2477 namque,
270 2407 399 2465 conditos
422 2409 509 2477 eibos,
537 2411 684 2483 pigmenta
705 2420 733 2469 et
757 2428 816 2469 oae-
870 2414 942 2485 sule,
967 2414 1122 2473 honorilice
1136 2411 1302 2482 suscipitur,
1325 2410 1424 2480 ibique
1448 2406 1619 2478 aliquandiu
1637 2418 1717 2463 com-

56 2494 210 2567 uniusmodi
226 2510 292 2566 quae
317 2497 538 2567 apponebantur
560 2499 589 2555 in
615 2513 722 2565 mensa,
753 2501 816 2558 aliis
871 2510 1023 2563 moratur:
1057 2510 1120 2574 post
1142 2501 1232 2559 rerba
1255 2499 1305 2556 tali
1329 2500 1557 2569 iactocongrua,
1576 2493 1644 2550 data
1664 2493 1718 2548 lide

60 2583 185 2640 saturari
200 2582 383 2642 credentibus
393 2586 534 2654 esuriens,
545 2587 816 2660 quibusnunquatn
869 2600 1035 2665 etaceepta,
1059 2606 1089 2649 se
1105 2605 1169 2649 eam
1190 2596 1386 2660 accepturum,
1412 2586 1442 2642 ni
1464 2599 1546 2643 seous
1573 2589 1716 2655 ageretur,

55 2679 74 2737 t,
96 2671 273 2741 pauperibus
297 2672 456 2744 erogabat:
477 2673 600 2731 vestium
626 2690 743 2748 quoque
766 2691 815 2732 va·
871 2683 1010 2753 aillrmat;
1027 2688 1055 2738 ct
1068 2678 1110 2737 sio'
1119 2679 1289 2750 nuptiarum
1303 2676 1348 2732 die
1367 2673 1532 2737 constituto,
1555 2685 1621 2728 cum
1649 2683 1718 2742 gau-

56 2759 206 2830 edesupor
220 2760 349 2828 indutus,
377 2761 468 2818 cilicio
487 2776 592 2833 corpus
606 2777 707 2836 aspero
727 2779 818 2822 maoc-
870 2770 917 2827 dio
933 2783 1065 2827 reversus
1078 2775 1120 2825 est
1135 2767 1164 2823 in
1184 2765 1310 2837 propria.

906 2859 979 2916 liceo
992 2864 1117 2916 statutus
1132 2856 1193 2912 dies
1207 2853 1434 2924 appropinquat,
1460 2856 1628 2921 magnatum
1643 2846 1718 2905 mul·

302 2972 419 3030 CAPUT
437 2974 488 3030 ΠΙ.
832 2973 853 3031 c
872 2945 964 3002 titudo
977 2944 1142 3009 mandatur,
1158 2950 1279 2999 ornatus
1291 2940 1442 2997 diversitas
1456 2939 1610 3008 appetitur.
1626 2937 1661 2992 lit
1681 2948 1718 2992 ert

872 3033 972 3092 ordine
998 3031 1141 3102 dispositis
1168 3029 1313 3096 omnibus,
1338 3027 1484 3099 regionem
1510 3031 1639 3094 repetens
1667 3021 1719 3079 dr-

56 3110 198 3168 ereadum
219 3110 297 3182 regio
316 3112 392 3183 regis
412 3120 440 3169 et
455 3112 545 3185 ipsius
569 3115 723 3173 vallatione
746 3133 817 3174 eon-
871 3121 1028 3188 vernicam,
1044 3126 1077 3177 ut
1095 3119 1223 3181 decebat,
1250 3117 1287 3174 ad
1309 3117 1415 3173 ioedera
1434 3113 1574 3185 promissa
1596 3111 1718 3168 reverti-

60 3211 104 3268 ur,
135 3197 264 3255 homines
291 3214 309 3255 a
338 3200 461 3272 propriis
492 3202 611 3260 sedibus
636 3203 815 3276 ellugantur,
872 3217 928 3267 tur.
941 3209 1007 3268 llox
1030 3208 1086 3265 illis
1108 3204 1418 3279 appropinquantibus,
1436 3202 1545 3259 clamor
1559 3202 1650 3258 turbae
1666 3213 1719 3256 vo-

56 3299 100 3343 em
120 3286 155 3343 de
177 3286 334 3343 maleiaetis
354 3289 547 3359 amplectitur.
570 3291 636 3349 lior
664 3293 729 3349 belli
755 3308 816 3351 cer·
871 3294 1017 3355 cilcrantis
1040 3295 1196 3365 excipitur,
1218 3304 1324 3363 sponsa
1346 3290 1474 3348 venienti
1498 3288 1605 3346 Simoni
1619 3287 1719 3344 oscula

56 3388 79 3430 la
91 3373 128 3430 ad
144 3382 255 3445 tempus
267 3375 412 3442 dillcrens,
431 3386 598 3436 sanctorum
622 3382 817 3451 apostolorum
873 3385 1021 3456 porrigens
1035 3383 1228 3453 amplexatur.
1242 3379 1311 3448 Quis
1325 3378 1427 3436 auditu
1440 3392 1498 3435 non
1513 3375 1719 3446 obstupescat?

59 3462 189 3519 videlicet
203 3472 231 3519 et
252 3463 333 3520 Pauli
359 3465 525 3522 habitacula
548 3467 649 3536 risere,
675 3475 702 3524 ot
723 3468 817 3525 domi·
872 3472 939 3544 quis
955 3471 1004 3529 tali
1028 3470 1180 3527 dulcedine
1204 3474 1364 3524 commotus
1389 3480 1447 3521 non
1470 3463 1592 3536 lugeat?
1614 3462 1718 3520 Oscula

56 3564 158 3620 papam
168 3549 349 3621 Gregorium,
367 3560 400 3609 ut
413 3553 467 3609 sibi
488 3555 684 3624 poenitentiam
710 3556 815 3614 indice·
872 3561 1017 3617 dabantur
1030 3557 1180 3614 sanctitate
1193 3555 1317 3622 condita,
1333 3553 1485 3624 amplexus
1495 3550 1719 3622 implicabantur

55 3637 116 3695 ‘fise
131 3639 275 3710 proponit.
291 3639 348 3697 N0⁰
362 3654 453 3708 mora,
475 3643 582 3712 paratis
596 3644 731 3701 omnibus
751 3660 817 3715 iqua
872 3648 991 3706 luxuria
1012 3651 1129 3712 semota
1160 3643 1282 3714 aliisque
1311 3641 1494 3698 credentibus
1515 3652 1615 3696 eorum
1642 3637 1718 3693 dicta

56 3725 72 3782 i
100 3728 260 3784 necessaria
287 3737 366 3797 sunt,
396 3730 516 3787 Romam
549 3732 671 3789 ducente
697 3733 817 3790 nomino
872 3737 979 3794 lasciva
996 3731 1308 3807 jucunditaterepleta,
1323 3730 1367 3786 vir
1382 3727 1493 3786 bomini
1508 3725 1718 3798 praedicationis

57 3814 109 3878 nit,
125 3814 359 3886 illicquesauctae
383 3817 641 3888 sedisapostolicae
665 3822 817 3893 praesulem
872 3824 992 3882 verbum
1015 3830 1043 3879 et
1070 3820 1166 3877 dulcia
1184 3819 1250 3875 vitae
1273 3817 1425 3888 colloquia,
1454 3822 1486 3872 ut
1511 3814 1596 3871 ambo
1612 3813 1719 3871 seculo

55 3902 124 3972 iens,
148 3903 218 3974 quid
242 3911 383 3973 quaereret
410 3905 557 3962 indicavit.
578 3908 615 3964 rit
630 3908 676 3965 ille
690 3909 817 3980 petitioni
872 3912 1083 3978 renuntiarent,
1097 3909 1176 3967 cordi
1191 3907 1269 3964 illius
1285 3906 1436 3962 inserebat.
1451 3904 1509 3961 Nec
1531 3915 1611 3959 mora
1625 3902 1718 3972 ipsius

56 4005 102 4049 ron
117 3991 213 4048 statim
237 3992 391 4063 acquievit,
422 3993 477 4050 nisi
493 3996 572 4065 prius
586 4010 668 4053 arma
691 3997 818 4068 depone-
872 4001 988 4058 monitis
1009 3998 1203 4070 acquiescens,
1239 3994 1385 4066 religionis
1414 3992 1546 4050 babilam
1577 3991 1715 4061 arripere,

56 4080 175 4151 nquiens
191 4095 198 4135 :
215 4080 314 4137 inanis
328 4081 398 4137 bret
411 4081 555 4141 absolutio
570 4086 727 4145 renitentis.
871 4097 899 4147 et
909 4086 1155 4146 sanctimonialem
1171 4084 1232 4141 lteri
1246 4083 1369 4140 devovit.

56 4173 80 4223 8
109 4168 191 4226 Tunc
213 4169 258 4226 vir
279 4169 392 4225 Domini
418 4169 514 4227 Simon
544 4172 759 4243 aliquantulum
788 4175 816 4231 in
906 4177 993 4234 Nocte
1011 4174 1100 4247 igitur
1121 4170 1308 4243 subsequenti
1329 4169 1502 4233 virbeatus,
1527 4176 1607 4240 patre
1630 4173 1716 4224 caete-

56 4278 59 4308 ι
79 4257 246 4326 subsistens,
262 4272 371 4314 memor
381 4266 474 4315 tamen
486 4261 651 4332 Evangelici
663 4263 815 4334 praeocpti:
831 4277 851 4332 n
871 4266 969 4337 risque
983 4260 1311 4338 ignorantibus,junctis
1330 4257 1460 4332 [sponsae]
1478 4258 1524 4315 ille
1531 4255 1716 4315 conversione
1767 4296 1779 4317 .

56 4346 63 4401 ἰ
93 4360 151 4402 nou
169 4343 323 4415 lrenuntiat
352 4348 488 4405 omnibus
513 4364 578 4420 quae
603 4350 738 4421 possidet,
758 4367 815 4410 uon
868 4362 896 4412 at
912 4353 1025 4427 generis
1039 4352 1254 4424 propinquitate
1268 4348 1384 4420 collegis
1393 4348 1518 4413 duobus,
1533 4344 1714 4411 monasterio,

56 4445 154 4491 :meus
167 4448 226 4491 esso
247 4435 407 4505 discipulus
432 4438 507 4504 (dac.
537 4453 596 4502 xiv,
622 4440 677 4512 33),
697 4462 708 4489 ι
732 4454 762 4497 se
777 4441 815 4497 ia·
869 4443 946 4515 quod
967 4439 1107 4500 casa-uei
1134 4443 1332 4508 nuncupatur,
1359 4435 1565 4502 transmittens,
1586 4432 1646 4488 illie
1665 4432 1716 4487 ba-

56 4536 84 4578 m
110 4521 253 4593 quidquid
279 4524 443 4594 preciperet
470 4524 543 4582 illico
568 4527 709 4596 promisit.
737 4530 814 4585 Prae·
869 4532 961 4589 bitare
984 4527 1134 4600 disposuit.
1163 4526 1206 4584 lbi
1232 4525 1307 4582 illico
1331 4531 1443 4581 mutata
1468 4528 1544 4578 veste
1572 4518 1714 4585 seculari,

61 4610 150 4682 igitur
167 4610 270 4681 praesul
285 4625 433 4669 armorum
449 4613 608 4671 redditione
619 4616 814 4685 poenitentiam
869 4629 926 4677 tres
949 4618 1057 4690 pariter
1080 4622 1201 4673 sumunt
1223 4612 1356 4671 habitum
1380 4608 1544 4667 monasticae
1571 4605 1715 4678 professio

56 4706 77 4767 t,
103 4707 132 4756 et
160 4698 274 4756 indictae
297 4707 408 4769 partem
434 4715 522 4773 super
545 4716 576 4760 se
595 4703 728 4773 detinuit,
744 4705 814 4762 duo
868 4707 922 4774 nis,
939 4719 1066 4777 quorum
1089 4704 1161 4761 alter
1182 4701 1364 4774 religiositate
1379 4698 1495 4770 pollens,
1521 4704 1617 4766 postea
1632 4695 1715 4752 Bitn-

56 4801 79 4844 ιο
94 4787 316 4860 religiosissimis
330 4787 410 4856 siris,
428 4789 480 4859 qui
496 4797 565 4847 tunc
578 4800 733 4862 presentes
747 4794 813 4850 ade-
868 4794 934 4850 ricae
957 4791 1081 4850 civitatis
1102 4792 1254 4848 ordinatur
1281 4789 1451 4859 episcopus3
1470 4785 1543 4843 alter
1566 4785 1596 4840 in
1618 4783 1715 4841 bumi-

57 4882 166 4945 partem
180 4875 342 4946 distribuit;
356 4876 610 4935 etsicabsolutum
633 4879 762 4936 reatibus
776 4881 813 4937 ad
867 4882 944 4938 litate
963 4880 1123 4938 subsistens
1153 4878 1204 4936 diu
1227 4879 1257 4934 in
1279 4874 1451 4934 monasterio
1482 4873 1614 4946 perstitit,
1642 4872 1715 4928 dans

56 4963 82 5019 ia
104 4963 264 5033 remittens,
287 4965 355 5022 buie
382 4966 490 5037 quibus
511 4967 695 5037 spoliaverat,
731 4982 813 5027 arma
865 4982 982 5040 operam
997 4967 1138 5039 religioni.
1166 4966 1277 5023 Domna
1296 4978 1364 5021 vero
1388 4964 1445 5019 Deo
1468 4961 1571 5018 devota
1593 4959 1714 5017 sanctis-

56 5051 101 5119 rit,
124 5058 290 5123 terramque
308 5053 527 5124 gubernandam
551 5055 641 5112 donec
660 5070 727 5113 oum
747 5070 813 5128 rego
865 5057 939 5113 sima
953 5055 1168 5128 degensmultis
1187 5060 1249 5123 post
1264 5050 1509 5122 annissuperluit.

56 5154 64 5196 ι
104 5139 281 5207 reformaret,
325 5143 429 5199 iterum
473 5144 692 5213 commendavit,
726 5146 813 5201 adbi-
900 5143 945 5201 Ad
960 5143 1021 5200 bec
1036 5150 1116 5214 pater
1134 5155 1234 5199 somam
1249 5137 1714 5208 excitus,oredensliliamaurore

65 5228 152 5286 etiam
181 5229 247 5286 boni
276 5229 429 5286 testimonii
453 5237 482 5287 et
505 5244 627 5289 summae
653 5223 812 5291 auctorita·
865 5231 1026 5291 meretricio
1048 5231 1204 5298 detentam,
1236 5229 1372 5287 lenonum
1396 5227 1560 5298 quempiam
1584 5238 1715 5297 prosecu-

56 5316 206 5382 ustodiam,
255 5317 405 5389 liugouem
443 5318 551 5376 scilieet
586 5320 719 5378 Iliensem
754 5323 813 5393 epi·
867 5330 935 5390 tarn,
950 5334 980 5378 se
1001 5319 1135 5378 delusum
1158 5317 1329 5376 aestimabat.
1347 5317 1429 5374 Tunc
1445 5314 1534 5374 tristis
1552 5321 1582 5371 et
1602 5312 1715 5383 ejulans

56 5417 95 5474 tn,
109 5405 161 5476 qui
184 5413 254 5463 tuuc
280 5405 310 5462 in
334 5404 432 5462 Galliis
452 5405 603 5479 legationis
627 5407 745 5466 iunctus
769 5418 812 5468 est
866 5408 1009 5467 Simonem
1031 5407 1200 5471 scaenicus,
1234 5407 1319 5477 qnasi
1347 5403 1492 5461 commissi
1525 5415 1593 5459 reus
1625 5401 1715 5475 bolus

56 5512 69 5560 l,
80 5492 273 5565 abbatemque
283 5493 664 5567 cluniacensiumquorum
675 5496 811 5555 doctrine
866 5496 1042 5568 alloquitur:
1078 5517 1089 5545 ι
1119 5494 1143 5553 0
1169 5493 1335 5551 dulcissime
1367 5492 1496 5564 invidiis»
1531 5489 1603 5562 quid
1629 5502 1714 5562 181111
