3818 6008
88 116 123 170 69
685 111 870 172 tonatttttt
900 111 933 168 tlt
959 107 1113 168 danastri
1141 109 1206 166 LlB.
1233 108 1267 165 tl.
1611 139 1615 145 -
1814 116 1860 171 70,

88 253 279 324 appellaverit
298 250 475 319 nominibus,
497 251 526 308 id
549 257 591 308 est
605 250 785 315 calliditates,
810 249 978 308 uellerea
997 268 1128 325 operum,
1153 254 1306 326 cujusdam
1332 254 1404 312 frede
1428 255 1629 314 teneritudinis
1653 257 1792 315 fabricam
1817 258 1846 316 in

89 343 150 399 cias
162 341 339 408 daemonum,
364 355 416 397 seu
436 338 574 396 vitiorum
589 338 679 396 variis
702 337 843 410 conjicere
857 352 943 395 nove·
998 343 1094 398 animo
1122 341 1290 399 fluctuantis
1319 343 1421 414 erigit:
1452 348 1521 399 Deus
1545 348 1594 415 qui
1607 361 1661 400 non
1678 349 1786 417 potitur
1798 362 1846 403 ires

88 431 127 487 rit
154 429 433 502 disquisitionibus3
459 437 539 496 tunc,
575 427 705 501 inquam,
741 435 816 485 recte
849 427 942 498 primo
998 430 1099 486 tentori
1135 446 1220 500 supro
1248 431 1278 486 id
1305 432 1378 502 quod
1411 448 1553 502 possumus
1588 433 1612 505 (l
1642 436 1701 491 Cor.
1732 451 1758 503 x,
1790 436 1844 505 ta),

88 518 241 577 inducitur
262 518 365 586 Adam,
390 516 509 574 scientia
532 517 663 574 videlicet
692 531 726 573 ac
748 531 831 588 opere
847 524 943 574 noster
996 521 1072 578 banc
1086 520 1122 576 ad
1147 535 1199 577 nos
1212 521 1338 590 adducit,
1361 522 1431 593 quia
1449 523 1503 579 sub
1524 522 1590 593 iure
1610 531 1708 581 nostro
1735 537 1786 594 per
1801 538 1843 580 re-

87 607 142 664 iste
167 608 320 678 perfectus.
345 606 398 663 Sed
421 606 452 662 in
476 605 521 663 itis
547 606 708 677 gratiarum
741 605 942 663 collationibus
996 609 1125 666 dlvivam
1161 609 1281 666 rationis
1322 610 1489 679 potentiam,
1523 616 1573 666 att
1598 625 1713 668 omnem
1742 612 1846 669 mentis

88 710 147 753 non
162 703 206 753 est
216 695 341 766 adjutor,
353 695 405 766 qui
417 709 477 751 suae
487 695 539 752 sibi
551 695 741 751 humanitatis
751 695 941 752 bumilitatem
996 697 1111 755 fluxum
1131 698 1215 770 quasi
1240 712 1357 755 servum
1381 698 1511 770 refugam
1541 700 1654 771 redigit.
1678 702 1713 756 at
1735 700 1769 756 de
1784 699 1846 771 ipsa

89 799 150 856 pra
173 784 266 842 oculis
292 791 409 852 statuat,
424 784 472 840 sed
500 784 643 840 virtutum
666 783 733 840 hino
760 790 787 840 et
815 784 881 840 inde
904 784 941 841 ad
995 794 1128 843 revocata
1139 788 1200 858 jam
1220 786 1330 844 cautior
1352 787 1445 844 Adam
1466 794 1561 844 noster
1576 787 1648 858 quid
1662 787 1776 857 sentiat,
1792 802 1844 847 au·

88 880 192 930 notum
203 873 383 930 exuberante
406 873 488 944 copia
506 886 589 929 mens
610 872 665 929 sibi
686 887 756 943 pene
785 873 941 944 plusquam
994 874 1117 932 diamns.

90 962 221 1019 bumana
237 962 360 1019 videtur.
390 961 431 1018 Ne
456 961 554 1032 itaque
581 961 643 1018 ltaec
668 976 697 1017 se
717 962 801 1019 statio
819 963 940 1033 depellat
1030 964 1115 1022 Vens.
1132 967 1176 1020 2³.
1195 966 1300 1020 -Hoc
1319 980 1390 1019 nuuc
1415 980 1455 1033 os,
1479 965 1585 1036 inquit,
1600 980 1635 1020 ec
1649 964 1844 1035 carthusiacis,

89 1050 118 1105 ln
133 1050 260 1122 lapsum,
275 1051 324 1108 dat
338 1050 365 1107 ei
389 1050 569 1121 providentia
588 1050 688 1108 divina
708 1050 840 1117 similem,
855 1053 940 1123 cujus
993 1057 1019 1108 et
1046 1069 1109 1109 euro
1133 1053 1166 1107 de
1195 1068 1275 1108 carue
1297 1068 1381 1108 meo:
1410 1055 1464 1108 lae
1490 1053 1632 1109 accubitio
1654 1055 1761 1122 virago,
1785 1069 1846 1123 quae

87 1137 251 1196 titillatione
269 1138 414 1210 frequenti
429 1153 512 1196 snam
536 1147 776 1197 commemoretur
794 1141 939 1198 attendere
995 1140 1054 1212 [al.,
1082 1142 1169 1212 iuxta
1197 1142 1291 1212 iulg,
1327 1139 1468 1213 quonium]
1502 1141 1535 1197 de
1566 1144 1625 1196 uiro
1649 1147 1759 1213 sumptu
1793 1148 1842 1199 est.

87 1227 292 1284 conditionem.
319 1227 389 1285 lude
410 1227 536 1284 dicitnr:
567 1227 636 1284 Ade
657 1244 719 1284 uero
740 1244 794 1284 nou
819 1230 938 1285 invenie·
992 1228 1072 1296 Quod
1085 1237 1126 1285 est
1145 1228 1249 1297 dicere,
1267 1229 1321 1285 boc
1345 1228 1422 1300 quod
1446 1229 1638 1300 defmnlicbri
1654 1230 1844 1289 inconstantia

86 1317 170 1373 batur
182 1315 294 1387 adjutor
305 1319 403 1373 similis
418 1317 485 1387 cius.
502 1317 537 1374 lit
551 1316 698 1388 deinceps:
992 1317 1028 1373 ad
1058 1319 1190 1390 regulam
1219 1332 1392 1390 regressum.
1424 1320 1501 1374 Nunc
1529 1334 1566 1378 os.
1597 1318 1625 1374 id
1650 1327 1700 1388 est,
1727 1319 1844 1377 virtutis

121 1406 210 1462 Vens.
238 1409 285 1471 il,
308 1407 352 1460 ii.
381 1435 416 1445 -
444 1407 560 1461 Immisit
579 1422 642 1475 erqo
664 1389 795 1462 Dominus
817 1422 938 1478 soporem
992 1406 1082 1463 robur
1109 1422 1143 1461 eu
1169 1407 1273 1462 ossibus
1300 1407 1378 1478 quod
1406 1415 1448 1464 est
1476 1421 1513 1464 ex
1539 1407 1681 1463 virtutum
1710 1407 1842 1464 societate

86 1495 230 1561 triadum,
254 1500 279 1549 et
303 1496 366 1549 tulit
386 1510 469 1549 unum
489 1494 522 1550 de
545 1497 624 1551 costis
648 1495 717 1566 ejus,
741 1500 767 1550 et
789 1496 937 1566 edificavit
991 1494 1119 1567 recepit;
1145 1503 1182 1562 et,
1211 1495 1239 1552 id
1265 1505 1307 1552 est
1333 1495 1420 1552 etiam
1450 1511 1513 1551 coro
1537 1498 1571 1551 de
1599 1511 1680 1551 corne
1702 1511 1762 1550 meo
1788 1504 1841 1566 est,

85 1589 198 1653 emtum,
214 1587 244 1639 in
262 1585 410 1639 mulierem.
428 1583 516 1654 Sopor
530 1582 599 1642 Adra
623 1583 798 1653 immittitur,
818 1562 971 1656 qnandoB
991 1585 1071 1654 qnia,
1097 1584 1334 1655 concupiscentiae
1357 1584 1441 1642 fluxu
1470 1584 1560 1641 animi
1593 1583 1789 1642 fortitudinem
1813 1584 1842 1641 in

85 1674 199 1744 ingens,
233 1673 290 1729 lieo
316 1672 477 1740 ordinante,
503 1673 581 1729 calor
604 1672 807 1740 defervescere,
837 1687 871 1728 ac
900 1682 938 1730 te·
991 1671 1136 1728 carnalem
1168 1672 1300 1729 habitum
1325 1670 1523 1738 transferente,
1548 1668 1583 1727 de
1604 1684 1691 1727 carne
1714 1671 1842 1742 peccanti

85 1775 153 1832 pere
170 1760 382 1832 aliquantisper
397 1760 583 1832 permittitur.
603 1761 657 1818 Ubi
675 1770 754 1819 costa
773 1761 855 1819 lateri
874 1763 937 1834 ejus
991 1776 1057 1831 qnae
1071 1768 1213 1833 aggravat
1237 1759 1365 1816 animam
1389 1759 1466 1829 (sup.
1492 1775 1531 1826 rr,
1558 1759 1612 1830 fil,
1637 1772 1714 1827 caro,
1743 1758 1773 1816 id
1800 1767 1842 1818 est

85 1849 237 1918 adimitur,
259 1863 327 1904 cum
360 1847 559 1919 dispensativae
594 1848 759 1905 tentationis
786 1849 935 1920 ingruens,
990 1849 1130 1919 debilitas,
1142 1865 1175 1906 ac
1191 1849 1322 1906 mollities
1343 1848 1426 1919 pravi
1439 1846 1595 1918 appetitus,
1609 1847 1660 1918 qni
1675 1861 1726 1904 nos
1740 1855 1840 1917 tentat,

85 1938 170 2008 quasi
186 1937 306 2008 quidam
322 1936 496 2008 improvisus
522 1937 603 2004 latro,
632 1935 769 1993 virtutem
796 1937 935 2008 aliquam,
990 1945 1090 1995 exorta
1117 1944 1169 2003 est,
1187 1946 1214 1995 et
1237 1936 1316 2008 quod
1338 1936 1391 1993 fuit
1418 1936 1527 2007 pridem
1547 1935 1618 1992 ossis
1639 1934 1768 2003 firmitas,
1784 1933 1841 1992 im-

84 2028 119 2083 de
137 2027 225 2098 cujus
243 2027 376 2082 firmitate
398 2025 512 2095 fidebat,
536 2025 641 2082 evellit.
667 2026 743 2083 Dens
757 2033 853 2083 antem
871 2027 937 2084 facit
990 2026 1103 2096 proviso
1124 2025 1218 2083 cordis
1241 2033 1321 2082 motu
1344 2024 1376 2081 dt
1398 2024 1522 2081 carnalis
1536 2023 1655 2081 aflectus
1676 2023 1838 2081 infirmitas.

84 2130 116 2172 eo
132 2115 210 2179 visu,
234 2130 293 2187 qno
316 2114 376 2172 fieri
403 2114 493 2185 sinit;
517 2128 535 2170 a
558 2114 645 2170 latere
667 2115 764 2171 minus
789 2129 935 2185 cavemus,
990 2115 1060 2172 lude
1079 2114 1148 2186 iure
1168 2123 1211 2171 est
1234 2114 1365 2171 vocanda
1388 2116 1495 2181 oirogo,
1524 2112 1595 2185 quia
1617 2113 1651 2168 de
1668 2114 1738 2179 uiro,
1756 2113 1840 2170 idest

86 2202 325 2276 quiaminusibi
347 2203 488 2271 videmus,
516 2208 544 2258 et
571 2203 635 2259 ideo
660 2203 936 2261 costamilludboni
991 2203 1135 2260 intellectu
1163 2203 1249 2272 vires,
1280 2203 1357 2259 unde
1396 2209 1559 2259 constanter
1592 2209 1670 2273 agat,
1699 2200 1840 2272 fragilitas

85 2293 120 2349 de
132 2292 240 2349 damno
264 2291 351 2362 cujus
373 2291 472 2347 minna
494 2291 547 2347 sibi
564 2291 652 2359 timet,
674 2291 840 2361 accipimus.
859 2292 934 2350 Sole·
990 2299 1087 2348 nostra
1110 2291 1223 2362 accipit,
1252 2298 1280 2347 et
1305 2294 1400 2347 umen
1423 2289 1561 2347 feminina
1588 2289 1707 2362 segnitie
1730 2296 1838 2347 statum

84 2398 151 2442 mus
165 2384 252 2440 etiam
267 2388 294 2439 et
320 2382 410 2440 latera
431 2396 479 2438 eos
502 2381 553 2452 qui
572 2395 624 2437 nos
644 2380 786 2453 adiuvant
808 2382 854 2440 vel
869 2397 934 2440 mu·
988 2378 1111 2448 virilem,
1144 2379 1201 2436 nisi
1231 2378 1489 2449 circumspiciatur,
1527 2378 1638 2435 evertit.
1667 2377 1692 2435 Α
1727 2376 1837 2435 meliori

84 2473 171 2530 niunt
210 2471 363 2543 appellare,
394 2479 426 2528 ot
459 2477 521 2526 est:
551 2471 651 2526 Latere
676 2471 823 2541 Aquilonis
849 2472 932 2543 (Psoi.
988 2476 1151 2541 ergoparte
1169 2470 1266 2536 virago
1294 2474 1421 2535 vocetur,
1440 2474 1471 2524 ut
1493 2481 1550 2523 non
1578 2466 1699 2523 rationis
1723 2465 1838 2524 viribus

83 2577 168 2627 mvn,
191 2560 241 2628 3),
266 2567 312 2618 et:
340 2558 440 2616 sedebo
471 2560 501 2612 in
526 2558 658 2614 littoribus
683 2559 826 2628 aquitonis
856 2560 932 2632 (lsai.
988 2558 1108 2615 feminee
1122 2558 1271 2625 abutatur,
1298 2556 1347 2613 sed
1378 2555 1443 2613 licet
1469 2555 1621 2626 aliquoties
1653 2568 1690 2613 ex
1720 2554 1838 2612 virtmis

80 2667 139 2716 xiv,
163 2652 216 2717 ta),
248 2648 279 2705 iu
308 2646 417 2719 psalmo
444 2646 559 2715 seilicet,
585 2661 619 2704 ae
646 2647 730 2704 lsaia.
761 2647 835 2704 lllnd
865 2663 934 2720 ergo
988 2646 1135 2704 occasione
1158 2654 1304 2713 nascatur,
1323 2659 1381 2702 non
1403 2645 1447 2701 vir
1472 2651 1642 2716 praepostere
1662 2642 1763 2715 ipsam,
1787 2644 1836 2702 sed

83 2741 176 2811 magis
189 2737 280 2795 bostis
294 2736 414 2808 impetit,
430 2750 489 2808 qno
503 2735 595 2808 magis
617 2750 669 2793 nos
693 2736 802 2793 muniri
816 2738 933 2809 conspi-
987 2735 1050 2806 ipsa
1063 2749 1129 2792 eum
1146 2733 1382 2806 irrefragabiliter
1395 2732 1525 2807 subjecta
1539 2738 1688 2803 sequatur.

81 2829 130 2896 cit,
157 2834 184 2884 et
211 2827 241 2883 in
270 2825 448 2898 quominus
475 2839 527 2882 nos
553 2825 774 2897 circumspectos
801 2826 968 2919 attendit.C
1022 2825 1102 2880 Vens.
1127 2825 1170 2879 ti.
1199 2853 1232 2865 -·
1252 2825 1366 2893 Propter
1384 2823 1432 2877 tec
1460 2821 1594 2890 relinquet
1626 2821 1703 2877 bomo
1728 2823 1836 2891 patrem

83 2915 353 2987 Undesuboptimo
371 2915 539 2987 impmvidaa
563 2914 667 2971 mentis
690 2922 757 2986 typo
773 2915 934 2987 percutitur
986 2928 1065 2969 suum
1086 2918 1112 2969 et
1131 2918 1245 2968 matrem
1276 2927 1354 2967 suom
1382 2915 1408 2966 et
1432 2909 1582 2965 odbaerebit
1611 2911 1693 2964 uenti
1715 2923 1785 2978 suae,
1810 2914 1837 2966 et

82 3007 111 3061 in
127 3019 243 3062 earcere
257 3005 331 3062 Petri
355 3003 430 3061 latus
454 3005 490 3060 ab
509 3003 620 3076 angelo.
649 3003 849 3061 obdormiente
863 3019 932 3076 ergo
986 3008 1066 3058 erunt
1079 3003 1133 3058 duo
1147 3006 1177 3058 iu
1191 3017 1271 3057 corne
1285 3017 1349 3056 unu.
1361 3002 1478 3070 Propter
1499 2999 1557 3069 tue,
1574 2997 1678 3071 inquit,
1701 2998 1836 3068 relinquet

82 3095 184 3162 adam,
211 3094 240 3151 id
267 3100 310 3151 est
331 3095 361 3151 in
384 3093 474 3151 nimia
495 3093 648 3150 securitate
674 3093 829 3150 constituto
855 3100 932 3151 costa
986 3091 1019 3159 is,
1032 3092 1111 3162 quia
1136 3090 1247 3148 bestiali
1270 3095 1397 3146 semotus
1416 3096 1457 3145 est
1473 3087 1533 3144 vita
1549 3093 1656 3158 putrem
1674 3085 1833 3149 diabolum,

80 3187 215 3259 eripitur,
238 3184 310 3256 quia
326 3184 495 3241 incautusa
520 3181 627 3238 virtute
650 3181 800 3238 deseritur.
817 3181 871 3239 Sed
884 3198 932 3240 no
985 3185 1158 3252 matremque
1179 3178 1450 3250 concupiscentiam,
1481 3181 1506 3232 et
1528 3175 1677 3232 odbaerebit
1691 3177 1783 3241 unum,
1805 3175 1834 3232 id

82 3276 205 3333 tandum
219 3274 298 3346 quod
319 3271 436 3329 additur
451 3285 457 3327 :
473 3270 596 3340 ltepleuit
620 3284 727 3324 curnem
739 3284 791 3341 pro
812 3285 853 3324 ea.
878 3271 931 3328 Per
984 3275 1036 3335 est,
1065 3267 1207 3324 voluntati
1230 3281 1290 3324 suaa
1315 3265 1524 3323 rationabiliter
1545 3263 1688 3337 regendae,
1707 3268 1734 3318 et
1756 3268 1835 3319 munt

80 3381 200 3432 murem,
217 3377 284 3437 qnae
308 3360 402 3418 mollis
425 3367 477 3428 est,
497 3358 674 3429 intelligatur
695 3358 840 3428 remissio;
860 3360 930 3417 solet
984 3355 1047 3424 duo,
1063 3355 1224 3413 intellectus
1243 3354 1375 3412 videlicet
1397 3369 1430 3411 ac
1453 3354 1598 3421 voluntas,
1621 3355 1650 3408 iu
1669 3367 1750 3408 earne
1765 3367 1832 3418 unu,

80 3467 210 3525 namque
224 3451 438 3513 bustismoster,
453 3462 521 3504 cum
539 3446 688 3519 quidpiam
704 3446 829 3504 arduum
845 3462 931 3518 eoepe
985 3443 1067 3500 idest
1091 3445 1120 3499 in
1136 3442 1240 3500 aflectu
1265 3457 1342 3501 uno:
1367 3441 1486 3499 aflectus
1510 3441 1615 3498 etenim
1640 3448 1737 3497 noster
1762 3440 1834 3510 quia

80 3544 183 3608 rimus,
199 3541 284 3614 quasi
307 3536 504 3597 ratiocinando
525 3550 698 3608 suggerere:
714 3534 737 3591 si
757 3535 836 3603 huic,
852 3537 929 3608 quod
982 3531 1012 3588 in
1027 3532 1126 3589 eodem
1140 3539 1218 3589 statu
1230 3545 1383 3602 nunquam
1394 3530 1581 3587 secularibus
1595 3529 1711 3586 inhians
1722 3527 1830 3599 ligitur,

78 3646 235 3706 aggressus
261 3644 301 3699 es,
326 3627 471 3699 proposito
509 3633 568 3682 tam
607 3625 717 3681 intense
752 3625 928 3693 incubueris,
983 3635 1050 3677 mox
1078 3629 1110 3679 ut
1135 3621 1193 3677 ileo
1221 3634 1325 3676 vacare
1350 3618 1461 3690 incipit,
1490 3619 1558 3675 velit
1585 3617 1655 3674 nolit
1680 3616 1717 3673 ad
1738 3629 1832 3674 unum

79 3722 163 3780 taedio
178 3734 259 3788 sane,
273 3718 320 3775 vel
331 3715 525 3773 imbecillitate
539 3714 635 3771 victus
649 3713 685 3770 ad
701 3713 754 3770 boc
774 3713 928 3772 subsistere
981 3709 1100 3767 sistitur.
1118 3709 1190 3767 Sunt
1207 3709 1304 3779 itaque
1321 3708 1374 3763 duc
1396 3709 1425 3761 in
1447 3721 1527 3761 corne
1542 3721 1607 3774 uuo,
1633 3720 1700 3761 eum
1713 3703 1832 3776 praefata

79 3808 262 3881 nonpoteris.
274 3806 319 3863 Sic
330 3805 418 3877 igitur
429 3803 546 3861 modum
556 3803 635 3873 operi
647 3809 786 3872 tuoponc,
798 3809 839 3871 ut,
853 3801 924 3874 [per]
981 3797 1039 3855 duo
1068 3800 1152 3870 qnasi
1179 3798 1261 3869 regni
1289 3796 1384 3852 sedem
1407 3794 1461 3852 sibi
1488 3801 1599 3866 ponunt
1628 3793 1657 3850 in
1690 3793 1783 3856 tertio,
1803 3801 1831 3849 et

78 3897 234 3958 intervalla
259 3895 305 3967 pio
327 3893 397 3952 ludo
417 3906 453 3948 ac
479 3890 642 3948 remissioni
665 3888 829 3962 indulgens,
850 3891 927 3948 adid
981 3885 1018 3942 ad
1049 3887 1124 3943 idem
1162 3887 1220 3943 dno
1257 3884 1433 3957 gradiuntur
1467 3882 1647 3941 concorditer
1683 3879 1831 3938 affectione

79 3993 143 4061 post
158 3997 274 4057 tempus
297 3982 435 4041 libentius
449 3980 633 4050 alacriusque
646 3978 742 4035 valeas
756 3978 857 4034 redire.
874 3980 927 4036 cui
981 3974 1083 4032 locata.

78 4077 176 4135 sensui
200 4073 326 4132 concinit
348 4070 426 4142 quod
461 4069 577 4138 dicitur,
600 4083 651 4137 pro
677 4082 719 4121 ea.
743 4065 829 4133 Quasi
849 4066 925 4123 enim
1016 4063 1100 4121 Vens.
1125 4066 1169 4119 25.
1199 4094 1234 4103 -
1261 4065 1331 4118 Erot
1353 4067 1443 4118 cutem
1471 4067 1583 4131 uterque
1617 4057 1830 4127 andualdum

79 4163 280 4238 proquodam
305 4158 509 4217 conservandae
533 4155 679 4227 religionis
703 4153 842 4225 suflragio
866 4154 963 4224 lraecp
983 4154 1085 4207 seilicet
1108 4157 1133 4206 et
1153 4167 1224 4206 usur
1244 4149 1314 4221 ejua
1337 4155 1364 4207 et
1386 4166 1440 4205 nou
1464 4149 1661 4205 erubescebant.
1692 4146 1831 4204 Voluntas

78 4255 173 4311 dicere
188 4267 218 4309 se
231 4250 358 4308 simulat.
374 4248 449 4304 llum
464 4246 563 4316 itaque
582 4251 663 4315 grate
677 4249 819 4299 venenata
833 4243 927 4299 susci·
981 4254 1047 4296 oum
1062 4240 1090 4294 in
1112 4239 1219 4295 sanctis
1238 4239 1309 4295 viris
1334 4238 1449 4310 spiritui
1474 4245 1516 4296 est
1530 4251 1659 4304 concors,
1688 4236 1830 4307 cumipse

78 4345 158 4415 pitur
173 4341 256 4407 ratio,
275 4337 357 4410 qnasi
373 4350 423 4407 pro
438 4333 561 4391 remedio
586 4331 690 4388 fastidii
709 4345 766 4387 non
780 4331 928 4402 respuitur
980 4328 1084 4399 spiritu
1108 4341 1125 4383 a
1148 4328 1235 4385 rebus
1256 4326 1403 4384 forinsecis
1434 4341 1496 4384 sese
1522 4325 1663 4396 exspoliat
1686 4337 1704 4380 a
1723 4323 1830 4381 tunicis

78 4432 172 4489 ruinae
192 4440 281 4487 causa
304 4425 442 4483 remissio.
473 4423 518 4480 Sic
537 4422 654 4478 virtutis
678 4420 773 4477 locum
792 4421 926 4491 supplere
980 4417 1181 4488 cupiditatum,
1205 4417 1390 4486 maximeque
1411 4415 1447 4472 ab
1475 4415 1536 4486 ipsa
1559 4414 1715 4471 intentione
1735 4410 1830 4470 laudis

78 4519 259 4592 dignoscitur
290 4528 367 4571 caro.
395 4512 526 4583 lienique
550 4508 704 4580 edificetur
736 4513 818 4576 costa,
842 4524 925 4578 quam
978 4513 1126 4562 exonerat.
1154 4504 1208 4561 Sed
1234 4519 1300 4561 cum
1331 4504 1392 4560 baec
1420 4511 1619 4568 contemnunt,
1646 4508 1675 4558 et
1707 4500 1778 4558 nibil
1799 4500 1829 4557 in

79 4607 319 4664 tuterotbuniinus
345 4602 536 4667 tetduinin
559 4600 707 4664 mutierem,
733 4596 803 4669 quia
825 4609 862 4651 ex
878 4609 925 4650 oc·
979 4594 1088 4651 mundo
1115 4594 1206 4650 rideri
1227 4594 1363 4665 gestiunt,
1391 4608 1466 4664 saepe
1495 4607 1543 4649 eus
1571 4588 1701 4647 vilissimi
1718 4591 1829 4662 quique

76 4691 499 4760 caaionerirtutisadtempus
524 4687 636 4744 amissae
654 4684 783 4742 nascitur
812 4683 842 4740 in
862 4683 922 4738 ani·
978 4680 1148 4751 despiciunt.
1168 4683 1202 4736 at
1234 4694 1302 4735 vern
1326 4694 1383 4736 non
1407 4680 1593 4746 erubeseunt,
1624 4677 1696 4748 quia
1718 4686 1828 4749 quanto

76 4802 122 4844 mo
135 4783 226 4842 moles
245 4778 411 4840 tentationis
432 4777 598 4844 immensae3
626 4786 789 4845 parumque
805 4778 925 4843 putatur
978 4770 1075 4826 verius
1087 4784 1116 4825 se
1135 4782 1274 4840 pauperes
1296 4768 1385 4825 factos
1411 4769 1549 4840 gaudent,
1575 4774 1654 4823 tanto
1668 4766 1690 4822 si
1708 4765 1828 4837 proinde

74 4872 219 4948 quidquid
237 4868 369 4928 utilitatis
384 4866 494 4938 pridem
510 4865 544 4921 de
560 4863 661 4919 babitu
676 4861 792 4918 virtutis
806 4874 923 4916 sensum
977 4857 1193 4928 vilipendantur
1204 4856 1288 4914 etiam
1314 4857 1365 4913 abs
1390 4856 1517 4929 quolibet
1532 4853 1664 4925 improbo
1682 4853 1828 4927 acceptius

74 4969 126 5031 cst,
156 4960 228 5033 quia
250 4959 371 5015 internae
394 4952 548 5012 debilitatis
580 4949 732 5022 impulsus,
761 4949 821 5020 jam
847 4946 922 5003 ultra
977 4946 1093 5002 habent.

75 5053 150 5108 vires
186 5049 274 5107 totius
302 5044 422 5103 rationis
448 5050 508 5099 est:
544 5040 666 5096 aedilrcat
690 5037 798 5107 itaque,
827 5035 855 5092 id
881 5042 923 5093 est
1308 5031 1424 5089 caput
1452 5032 1502 5088 lll¹

74 5138 212 5198 edificari
236 5133 376 5210 permittit
399 5146 437 5189 en
460 5137 537 5187 costa
559 5129 637 5185 Deus
662 5125 831 5192 mulierem;
852 5125 922 5195 quia
1012 5121 1097 5177 Vens.
1117 5125 1140 5176 t.
1171 5121 1282 5176 -Sed
1309 5126 1334 5176 et
1356 5135 1464 5190 serpens
1498 5124 1556 5174 erat
1578 5120 1705 5174 callidior
1722 5121 1826 5175 eunetis

73 5229 195 5286 enbono
214 5232 313 5283 nostro
328 5220 461 5279 diabolus
475 5215 602 5276 mutandi
624 5212 815 5272 nanciscendo
829 5220 921 5268 mate·
975 5209 1161 5264 estimantibus
1202 5214 1289 5276 terra,
1325 5223 1384 5278 qua
1419 5209 1522 5275 terunt
1553 5211 1633 5264 Deus.
1671 5207 1753 5275 Quod
1787 5207 1827 5264 ita

74 5319 156 5385 riam,
179 5313 314 5387 qnasiex
334 5308 528 5368 fundamentis
542 5303 781 5378 imaginationum
796 5301 922 5358 educens
975 5296 1206 5355 continuandum
1231 5306 1287 5368 est;
1314 5296 1437 5367 abrupte
1458 5296 1535 5353 enim
1561 5296 1685 5368 positum
1708 5294 1825 5353 videtur

74 5409 107 5463 ul
132 5405 278 5462 exteriora
307 5396 475 5465 verborum,
510 5396 685 5464 demumque
713 5391 749 5447 ad
775 5402 919 5446 summam
975 5385 1056 5454 illud,
1071 5383 1307 5452 adnumerant,
1323 5391 1351 5440 et
1366 5396 1421 5440 non
1443 5383 1535 5441 solum
1554 5398 1606 5453 pro
1628 5397 1682 5441 sira
1695 5381 1826 5441 nuditate
