3818 6008
482 302 527 359 on
547 276 757 360 ricuonis'ns
775 302 1041 362 superoccu-
1055 305 1120 361 ιιι.
1141 305 1191 361 ιιι.
1665 313 1722 369 ess

57 448 107 491 um
137 434 307 491 habitururn
334 441 376 490 est
410 433 651 491 immutabilitatis
692 434 813 505 gloriam
831 439 855 491 A
871 437 955 507 quasi
977 439 1014 495 ad
1038 440 1245 509 experientiam
1273 440 1398 511 suscepit
1427 443 1574 513 quondam
1600 443 1727 502 bominis

56 520 107 579 xit.
130 520 158 578 Si
172 535 300 592 namque
313 529 386 579 esset
407 523 514 593 integre
529 522 730 590 clarificatum,
761 538 818 579 non
872 539 1022 596 superesse
1037 527 1106 597 quid
1121 528 1257 598 creditur,
1283 529 1345 585 lidei
1370 529 1518 588 catholicae
1538 546 1609 603 pene
1630 534 1725 590 virtus

56 610 151 670 nsisset
181 609 257 666 lalus
281 610 358 679 quod
385 610 501 666 Tbomae
533 612 655 668 ostendit
685 618 819 682 apertum
873 615 1011 672 universa
1033 616 1219 685 convellitur3
1244 631 1339 674 nam«
1363 619 1387 673 si
1412 618 1482 675 sides
1512 622 1722 690 sperandarum

56 736 68 752 .
84 712 138 766 xx,
153 701 213 768 27);
229 713 282 754 nec
295 699 418 754 vulnera
440 699 538 768 patula
560 699 712 770 bucusque
727 700 819 769 persi·
872 704 1035 761 substantia
1050 718 1146 762 rerum
1161 713 1211 772 est,
1232 715 1437 776 argumentum
1453 722 1572 779 quoque
1594 724 1651 766 non
1670 724 1723 782 ap-

55 791 75 841 ιι
94 785 199 856 pedum
216 799 250 841 ac
263 799 413 853 manuum,
430 801 496 855 quae
512 788 637 856 paternis
656 787 733 843 illata
747 802 819 844 con·
873 793 1037 861 parentium
1058 793 1155 861 (Hebe.
1178 808 1206 861 ιι,
1232 794 1257 865 l)
1283 814 1297 845 n
1326 796 1470 865 quomodo
1498 796 1528 852 in
1553 797 1638 853 corde
1658 811 1721 856 cre·

56 887 96 929 tus
110 875 151 930 sic
165 881 326 942 conservat,
344 883 376 930 ut
396 874 426 930 in
440 875 485 930 die
501 875 603 945 judicii
624 884 681 931 tam
704 875 749 942 iis,
767 877 817 945 qui
871 880 965 937 dentis
982 879 1137 952 cujuslibet
1160 881 1309 951 sperandae
1328 896 1373 938 res
1388 883 1558 950 subsistunt,
1586 883 1631 940 vel
1648 885 1719 942 sub-

56 971 245 1033 pupugerunt,
261 976 348 1032 quam
362 963 497 1018 omnibus
512 963 642 1032 reprobis
652 971 818 1020 conservata
871 974 958 1036 stant,
973 968 1059 1038 cuius
1076 968 1282 1039 cogitationum
1302 969 1498 1042 intelligentias
1511 971 1545 1029 de
1559 971 1722 1028 invisibili-

56 1058 119 1109 tcat.
136 1051 190 1108 Ubi
205 1065 274 1122 ergo
289 1051 407 1106 cicatrix
425 1066 481 1106 non
504 1050 670 1119 obducitur,
696 1051 818 1120 perlecta
871 1056 927 1113 bus
940 1057 977 1114 ad
992 1057 1117 1113 visibilia
1134 1058 1282 1113 remeanti
1307 1058 1387 1123 Quod
1406 1061 1482 1115 enim
1505 1081 1517 1109 ι
1538 1059 1616 1116 videt
1643 1061 1720 1131 quis,

56 1144 137 1193 lenus
176 1139 369 1206 semimutato,
391 1146 423 1194 ut
453 1139 494 1195 sio
533 1138 667 1206 dixerim,
704 1141 816 1210 corpori
872 1145 1071 1215 qnidsperat?
1093 1147 1183 1215 (ltorn
1205 1161 1264 1211 vni,
1292 1146 1363 1213 iil»
1390 1148 1416 1202 Si
1441 1147 1646 1218 lidesacspes
1672 1162 1721 1205 so-

56 1226 135 1282 icatio
163 1226 327 1293 adhibetur,
355 1234 383 1282 et
411 1226 462 1283 ubi
485 1226 608 1297 perlecta
631 1228 728 1283 adbuc
751 1242 816 1284 cor-
871 1233 1016 1290 lummodo
1034 1246 1071 1291 ex
1096 1235 1337 1292 intellectualitate
1359 1237 1519 1306 appetenda
1548 1237 1720 1303 consistunt,

56 1316 148 1371 larum
178 1315 330 1387 integratio
366 1316 496 1372 nondum
527 1324 578 1384 est,
613 1317 690 1386 qnod
721 1317 817 1373 miuus
870 1323 944 1378 sicut
961 1323 1464 1394 exacieinteriorileventuratque
1488 1324 1654 1395 proliciunt,
1682 1325 1721 1380 ιιι

56 1402 163 1459 ὓῑῡθθ
184 1403 243 1473 19⁸⁰
261 1406 381 1470 ⁰⁰11⁸t³ii
396 1402 495 1473 ali(1¹1⁰
517 1403 600 1459 ffl⁰d⁰
623 1404 816 1474 supplendum
870 1425 906 1468 ex
919 1412 1310 1481 consuetudinecorporeaet
1324 1411 1519 1468 sensualitatis
1541 1411 1721 1469 affectatione

870 1498 1049 1560 lentescendo
1061 1500 1208 1558 deliciunt.

56 1580 187 1639 dautem
207 1583 241 1640 de
260 1583 458 1653 supplemento
482 1589 612 1650 tractem,
633 1599 699 1640 cum
725 1583 816 1641 lorma
904 1588 938 1645 Si
951 1587 1544 1661 soloolnrnonnidilcorporiareliquiesei,
1556 1587 1628 1660 fidei
1637 1601 1720 1644 caer·

56 1670 135 1738 ervi,
161 1685 227 1742 quae
244 1672 332 1743 justis
355 1686 389 1728 ac
414 1672 544 1742 reprobis
558 1687 642 1743 aeque
665 1672 730 1740 erit,
754 1673 816 1743 ipso
867 1676 1033 1733 citationem
1055 1674 1217 1747 impediret.
1231 1706 1265 1715 —
1282 1676 1365 1732 Fides
1389 1675 1487 1745 itaque
1503 1674 1719 1731 substantivum

56 1766 119 1827 inte,
137 1760 299 1831 ciiiilius,
318 1761 532 1832 postjudicium
548 1768 607 1818 tota
634 1761 663 1816 in
685 1761 815 1817 divinam
869 1765 988 1837 quidam
1003 1765 1086 1822 debet
1098 1779 1159 1822 esse
1184 1764 1212 1820 in
1231 1764 1327 1819 animo
1345 1763 1519 1835 cujuspiam,
1543 1771 1576 1819 ut
1598 1777 1664 1834 quac
1688 1763 1717 1817 iu

56 1847 153 1903 cretur
170 1847 312 1903 formam!
334 1847 415 1904 Unde
435 1854 463 1904 el
484 1847 553 1903 iilud
578 1855 643 1904 est:
673 1850 709 1904 iii
730 1851 814 1903 lron-
868 1853 973 1924 spiritu
997 1852 1217 1923 contemplatur,
1242 1852 1327 1923 quasi
1353 1851 1466 1922 aliquid
1490 1850 1615 1907 solidum
1642 1850 1720 1908 intra

73 1933 177 2004 inquit,
194 1934 371 1991 mirsietrcbit
384 1933 446 1989 illis
459 1935 543 2003 (1:11⁶-
568 1950 609 2000 ιι,
632 1938 699 2003 37):
724 1935 814 2002 Quem
868 1949 991 2000 mentem
1005 1949 1145 1999 teneatur.
1162 1941 1224 2008 Quo
1240 1955 1308 2011 ergo
1329 1940 1393 1996 lidei
1409 1954 1532 1996 acumen
1547 1939 1718 2007 intenditur,

58 2029 120 2079 tum
141 2037 193 2078 nos
220 2038 278 2079 non
300 2023 459 2094 intelligere
478 2023 615 2079 debemus
634 2025 734 2091 alium,
759 2024 814 2081 nisi
868 2030 925 2087 imo
937 2030 1008 2102 quid
1024 2037 1166 2100 speratur,
1183 2029 1254 2100 quid
1269 2028 1405 2095 creditur,
1423 2033 1498 2083 855
1514 2027 1563 2084 ubi
1585 2040 1629 2083 res
1650 2041 1717 2096 spe-

60 2111 145 2168 totius
161 2111 306 2179 bumana,
323 2112 400 2183 quod
413 2113 442 2167 in
453 2127 486 2168 eo
502 2119 621 2182 apparet
631 2113 814 2183 dispensatio
867 2127 940 2188 rata,
953 2132 998 2176 res
1015 2119 1123 2175 credita
1143 2119 1172 2173 in
1186 2124 1342 2187 conspectu
1365 2115 1552 2172 materialiter
1570 2114 1715 2185 aspicien-

56 2200 226 2268 inisterium,
242 2201 272 2257 in
287 2201 393 2257 divinas
409 2201 485 2257 illius
500 2200 814 2274 majestatisredigetur
867 2207 903 2264 tis
922 2205 1115 2277 appenditur?
1130 2204 1198 2272 Quae
1216 2204 1385 2261 exercitatio
1403 2203 1492 2259 animi
1505 2202 1636 2273 illicltlet,
1666 2201 1717 2259 uhi

56 2302 80 2355 n,
98 2288 153 2345 imo
173 2289 343 2357 dominium,
364 2290 392 2345 in
415 2303 473 2359 quo
496 2289 631 2345 transitui
656 2289 813 2349 electorum
867 2296 896 2352 in
911 2295 945 2352 iis
960 2310 1025 2366 quae
1055 2293 1173 2350 intuitui
1197 2292 1347 2362 subjacent
1365 2291 1555 2348 consideratio
1573 2305 1603 2347 se
1629 2305 1716 2347 exer·

57 2391 84 2433 m
111 2377 215 2434 visioni
246 2378 463 2444 comministrat,
496 2377 565 2434 dum
605 2391 666 2434 suae
695 2379 813 2437 satieta—
866 2383 978 2442 cstliit
1004 2382 1085 2454 quid,
1117 2381 1170 2438 nisi
1195 2396 1226 2437 se
1251 2379 1512 2451 primosubducat‚
1534 2379 1714 2435 Paracletum

56 2465 287 2536 cntemplationis
315 2465 356 2523 eis
375 2481 527 2537 nunquam
544 2466 721 2524 fastidiendae
739 2483 813 2540 sup·
865 2488 923 2530 nnn
936 2478 1092 2530 venturum
1114 2471 1265 2527 denuntiat
1284 2469 1308 2525 si
1329 2468 1435 2525 idcirco
1454 2467 1582 2538 corporis
1599 2467 1645 2523 sui
1670 2480 1714 2524 re·

56 2592 70 2610 ··
864 2562 972 2637 liquias
992 2561 1115 2618 interra
1134 2558 1261 2624 dimittit,
1285 2561 1317 2615 ut
1341 2557 1547 2613 incarnationis
1567 2571 1627 2614 suae
1653 2568 1713 2611 cre·
1771 2612 1774 2616 Α

70 2641 159 2714 igitur
171 2642 200 2698 in
210 2643 370 2699 divinitatis
379 2643 511 2713 speciem,
530 2643 626 2701 lormae
636 2645 710 2701 servi
721 2653 813 2704 trans
865 2651 1013 2707 dulitatem
1034 2649 1170 2706 humanis
1185 2647 1276 2717 magis
1292 2646 1454 2716 pectoribus
1468 2645 1593 2701 inserere
1608 2643 1713 2714 possiti

56 2737 94 2787 est
115 2730 225 2800 lutura,
248 2732 296 2788 ubi
318 2732 484 2789 cicatricum
508 2732 653 2801 obductio,
680 2747 730 2804 per
753 2736 809 2790 irn-
864 2739 917 2806 Qui
932 2739 1026 2796 carnis
1042 2732 1224 2808 presentiam
1238 2735 1300 2791 ideo
1317 2733 1466 2803 discipulis
1491 2733 1713 2789 absentaturum

58 2818 151 2876 ionem
172 2819 327 2891 legitimam
353 2819 525 2888 adventura,
547 2821 617 2891 quid
638 2825 811 2879 cunctamur
863 2843 893 2886 sa
911 2827 1052 2899 perbibet,
1079 2832 1224 2896 quatenus
1243 2820 1397 2879 intellectui
1413 2820 1555 2892 copiosior
1579 2833 1609 2876 sc
1627 2819 1713 2889 spiri·

71 2908 149 2979 (1¹10d
162 2908 280 2975 residui,
301 2908 378 2977 (ιῦοᾰ
396 2923 447 2964 ¹1⁰⁸
469 2909 575 2966 habere
595 2910 749 2978 credimus,
764 2925 809 2968 ιθ·
863 2917 981 2974 tualitas
994 2920 1176 2985 representet
1192 2912 1292 2984 (Joan.
1308 2924 1366 2978 xvi,
1386 2910 1423 2981 v),
1446 2909 1622 2966 credendum
1642 2907 1713 2965 nul-

56 2994 88 3052 io
110 2995 147 3052 sit
171 2995 246 3051 illico
270 2996 429 3052 secutura?
454 2997 527 3052 lium
547 2998 631 3067 plane
654 2998 808 3056 vulnerum
827 3006 977 3082 claranus
990 3002 1067 3074 quod
1084 3001 1173 3058 verba
1191 3013 1245 3056 sua
1269 2998 1328 3055 ullo
1350 3006 1433 3070 pacto
1456 2997 1604 3054 inlirmare
1626 2996 1713 3053 volu-

56 3085 126 3141 vitas
163 3091 278 3156 aequata
306 3085 457 3155 superlicie
488 3087 698 3157 complanatur,
737 3088 808 3160 quid
862 3095 927 3163 erit,
943 3090 1164 3150 ineovidelicet
1182 3087 1433 3160 quodsecundum
1454 3085 1550 3143 vosiu
1574 3093 1650 3142 terra
1667 3098 1711 3142 re·

56 3188 81 3241 n,
96 3173 209 3244 siquod
223 3175 259 3229 ad
278 3172 343 3229 fidei
364 3183 468 3231 nostrae
482 3176 615 3231 solatium
631 3177 712 3233 nobis
734 3177 808 3232 inte·
862 3183 980 3240 siduum
995 3179 1087 3236 iacere
1107 3178 1142 3234 de
1156 3190 1186 3233 se
1204 3175 1336 3232 voluerit.

56 3269 75 3317 ιι
94 3263 290 3329 commissum,
305 3261 397 3318 cidem
414 3263 491 3319 unde
513 3264 676 3320 derivatum
697 3273 808 3322 constat
897 3265 1118 3329 Plancindubie
1130 3264 1191 3321 suis
1211 3262 1392 3321 sermonibus
1406 3260 1586 3328 contraisset,
1606 3265 1638 3315 ut
1660 3259 1710 3330 qui

56 3349 73 3405 ri
87 3349 308 3421 compingatur?
321 3351 401 3408 Certe
414 3352 521 3422 siquid
538 3353 632 3424 maius
646 3360 696 3409 aut
712 3354 809 3411 minus
861 3356 1039 3412 Paracletum
1058 3368 1117 3411 non
1143 3360 1301 3410 venturum
1324 3351 1446 3416 dixerat,
1473 3349 1529 3406 nisi
1550 3348 1610 3418 ipse
1633 3347 1710 3404 abis-

56 3438 147 3496 llcum
163 3453 224 3495 esse
239 3447 338 3509 potest,
353 3454 410 3494 uon
432 3441 526 3512 inajus
549 3442 626 3511 apud
647 3456 712 3498 eum
728 3443 808 3499 aesti—
860 3454 902 3502 set
924 3443 1034 3515 (loidi,
1057 3451 1166 3512 partem
1187 3441 1261 3497 inter
1285 3453 1336 3495 nos
1352 3439 1482 3510 ejusdem
1497 3435 1632 3506 corporis,
1662 3436 1710 3492 cui

56 3527 237 3584 ¹cicatricum
253 3527 350 3584 biatns
372 3529 530 3595 obstruere,
557 3544 646 3600 quam
670 3531 807 3600 reliquias
860 3532 1086 3590 menshumana
1106 3544 1208 3587 rursus
1236 3527 1405 3593 intenderet,
1432 3525 1603 3595 reliquisset.
1629 3523 1710 3579 Esset

56 3630 88 3674 no
115 3614 229 3672 aiiectui
255 3631 291 3672 ex
316 3617 446 3673 consulto
476 3617 609 3689 ingenitas
636 3619 807 3688 provisionis
860 3623 967 3693 quippe
981 3622 1083 3686 lacere,
1098 3634 1150 3676 nec
1168 3619 1276 3684 minus,
1294 3615 1498 3682 dnlcedinem,
1519 3612 1618 3669 eadem
1634 3611 1710 3667 laeta

56 3704 120 3770 itas,
134 3704 268 3762 invisibili
284 3719 343 3775 qna
357 3706 486 3776 dispersa
505 3707 643 3778 recolligit
665 3707 719 3764 sibi
736 3722 807 3764 cou-
860 3710 989 3777 delieere‚
1010 3708 1033 3764 si
1051 3720 1157 3777 corpus
1181 3705 1341 3776 proprium,
1364 3710 1396 3760 ut
1412 3717 1463 3758 nos
1487 3702 1522 3756 ad
1546 3699 1710 3771 spiritualia

56 3807 98 3850 ine
112 3794 289 3851 subnectere.
859 3797 1022 3868 castigaret,
1048 3794 1254 3860 substraheret,
1284 3799 1453 3862 partemque
1477 3788 1532 3844 alia
1560 3789 1710 3844 subtracta

56 3881 72 3937 l.
89 3881 215 3959 obiectio
229 3885 256 3938 6.
272 3913 306 3924 -
330 3882 356 3939 Si
374 3883 464 3939 Filius
488 3884 536 3941 Dei
553 3884 613 3954 ipse
639 3899 727 3956 super
753 3887 806 3943 ln·
860 3893 941 3959 parte
955 3885 1118 3940 dimitteret.
1135 3884 1166 3938 ln
1181 3881 1277 3938 verbis
1292 3879 1447 3936 Dominicis
1464 3877 1505 3933 nil
1528 3889 1706 3949 repugnans,

56 3970 176 4028 inimicis
199 3975 259 4029 suis
270 3979 416 4029 ostensum
438 3972 492 4030 sibi
517 3987 533 4029 a
558 3974 640 4031 Patre
658 3981 803 4033 testatur:
861 3977 901 4033 nil
916 3976 1057 4032 absonam
1072 3971 1224 4042 reperitur,
1242 3977 1300 4026 tota
1317 3967 1549 4039 evangelicorum
1565 3965 1707 4021 dictorum

59 4059 181 4128 occidas,
203 4061 306 4133 inquit,
335 4075 391 4128 eos,
416 4063 570 4132 nequando
597 4062 806 4122 obliviscantur
859 4063 1007 4135 congeries
1031 4058 1203 4117 immutabili
1227 4070 1338 4127 semper
1361 4055 1552 4113 unanimitate
1574 4052 1706 4111 vestitur.

69 4149 125 4205 mei
140 4149 235 4217 (Paci,
260 4165 337 4215 nvru,
355 4152 439 4215 lit»
471 4151 560 4206 ileum
583 4152 733 4221 praesensa
751 4155 806 4210 Ju-
895 4151 910 4223 §
939 4152 973 4207 ll.
1004 4149 1166 4221 Respondet
1187 4144 1340 4216 objectioni
1368 4148 1393 4198 i.
1429 4142 1551 4216 Capilli,
1579 4141 1707 4213 sanguia,

56 4237 161 4307 populi,
179 4251 264 4308 quem
287 4252 345 4306 pree
363 4238 453 4295 oculis
473 4239 621 4308 habemus,
637 4241 805 4298 memoriam
859 4259 947 4315 oqcc,
962 4242 1026 4306 ela,
1039 4254 1100 4310 qna
1113 4254 1128 4292 e
1142 4252 1260 4308 corpore
1271 4233 1432 4290 salvatoris
1439 4232 1616 4300 deciderunt,
1629 4232 1707 4288 bend

56 4324 99 4381 bis
114 4322 229 4382 reiricat
242 4325 347 4382 Christi
369 4326 510 4393 crncifixi,
534 4335 561 4383 et
578 4326 664 4385 libros
684 4338 802 4397 veteres,
823 4329 978 4405 operiere.
994 4357 1029 4367 -
1043 4327 1135 4396 igitur
1148 4325 1171 4381 si
1189 4325 1223 4380 de
1242 4323 1384 4394 sanguine
1402 4330 1430 4379 et
1453 4335 1531 4393 aqua
1551 4320 1704 4392 quaeritur,

56 4432 60 4465 ι
75 4412 143 4484 ipsis
156 4414 254 4483 scripti
265 4421 343 4482 sunl,
359 4421 387 4472 et
396 4415 431 4470 ad
448 4415 523 4484 ipsos
538 4430 574 4471 ex
590 4417 650 4473 suis
665 4418 804 4487 ipsorum,
858 4426 886 4476 et
896 4417 973 4488 quod
988 4414 1018 4470 in
1032 4422 1108 4471 terra
1121 4413 1179 4469 sint
1199 4412 1363 4469 oblitterata
1378 4411 1523 4482 objicitur,
1544 4424 1601 4465 non
1624 4408 1706 4465 aliter

56 4501 77 4558 ni
92 4502 373 4571 praenuntiatasunl,
389 4501 564 4570 infortuniis,
580 4513 806 4577 nostrarumque
861 4507 944 4577 plane
967 4518 1004 4561 ex
1031 4505 1084 4559 boc
1098 4500 1318 4571 respondebitur
1333 4513 1420 4571 qnam
1445 4500 1480 4554 de
1501 4496 1644 4567 capillulis
1664 4497 1706 4551 in·

56 4589 345 4647 itibusiortunarum
364 4592 457 4662 magis
472 4592 596 4648 reddunt
614 4594 803 4662 authenticos,
860 4594 966 4662 lentie,
993 4589 1165 4661 corpusculo
1190 4590 1292 4659 utique
1320 4588 1535 4659 grandescente,
1565 4585 1704 4651 deciduis,

56 4692 135 4750 super
154 4680 238 4736 dente
262 4679 319 4747 illo,
343 4680 410 4750 quis
431 4680 528 4736 itidem
558 4695 645 4751 super
671 4683 805 4739 umbilico
858 4697 935 4754 quae,
948 4694 1006 4752 quo
1018 4677 1204 4743 deduxerint,
1217 4678 1247 4732 in
1264 4676 1371 4747 quidve
1386 4673 1461 4731 versi
1485 4672 1603 4739 inerint,
1619 4672 1706 4729 sicuti

57 4781 86 4825 m
119 4768 220 4838 poterit
243 4767 399 4825 obscurare
422 4770 615 4825 sententiam?
642 4770 717 4838 Quin
731 4772 806 4829 sicut
858 4771 894 4828 de
908 4783 992 4840 aquae
1004 4775 1032 4825 et
1045 4766 1196 4838 sanguinis
1214 4779 1281 4835 quae
1300 4762 1515 4834 prelibavimus
1530 4760 1576 4818 illo
1593 4760 1705 4832 proliu-

56 4868 111 4912 mm
138 4855 209 4912 illud
234 4870 338 4926 corpus
366 4857 402 4912 ad
428 4856 474 4913 sui
497 4858 646 4928 nostrique
670 4858 804 4916 unionem
858 4861 917 4925 vio,
933 4872 991 4915 non
1002 4855 1110 4913 nemini
1126 4855 1185 4911 lixa
1202 4853 1342 4910 sententia
1366 4858 1418 4907 est.
1444 4850 1532 4907 Putas
1549 4863 1619 4922 ergo
1636 4863 1704 4919 per-

56 4944 136 5001 cilur
159 4944 336 5010 institutum,
360 4945 399 5001 ita
422 4946 567 5016 quidquid
580 4947 615 5003 de
640 4947 698 5016 illo,
728 4948 805 5018 quod
859 4946 951 5003 ditum
967 4943 1070 5001 ierint?
1092 4943 1120 4998 Si
1144 4942 1214 4998 dens
1238 4949 1316 5008 tuus,
1338 4952 1426 5010 quem
1447 4945 1479 4995 tu
1502 4938 1553 4995 tibi
1574 4950 1704 5009 arrogas,

56 5032 116 5105 pale
139 5047 287 5099 vocamus,
304 5049 361 5090 non
381 5035 458 5105 quod
482 5037 623 5105 praecedat
647 5037 805 5107 majestate,
859 5035 1061 5104 adbucusquo
1078 5032 1106 5087 in
1121 5029 1242 5088 miseriis
1256 5042 1313 5084 non
1330 5027 1470 5096 subsistit,
1484 5027 1577 5083 caeteri
1594 5026 1703 5093 dentes,

56 5134 158 5193 mpore,
174 5120 280 5177 residui
295 5121 323 5176 in
344 5128 421 5178 terra
443 5122 542 5179 baberi
553 5123 668 5192 dicitur,
686 5123 722 5179 ad
740 5137 806 5194 pro·
859 5137 933 5196 quos
946 5122 1001 5179 sub
1014 5120 1113 5177 eadem
1125 5128 1230 5176 natura
1241 5130 1308 5174 eum
1322 5115 1450 5173 emisisse
1464 5115 1629 5178 constiterit.
1646 5128 1707 5187 qua

57 5224 103 5267 em
130 5211 194 5281 eius
215 5224 305 5282 quam
328 5211 453 5282 suscepit
476 5211 705 5281 disponsationis,
722 5219 750 5270 et
770 5213 807 5269 ad
860 5217 945 5281 putas
958 5208 1080 5273 incuria,
1103 5207 1158 5263 bac
1175 5206 1299 5274 illacque
1317 5203 1428 5275 disjecti
1447 5202 1620 5260 credentur?
1644 5204 1706 5262 Tuo

56 5298 157 5356 tionem
170 5298 236 5356 ildsi
251 5298 432 5356 inllrmorum
449 5299 544 5357 valere
557 5301 762 5372 cognoscitur?
860 5312 947 5387 quem
958 5297 1046 5354 babes
1057 5296 1134 5353 denti
1144 5293 1316 5351 lurtunatior
1328 5306 1401 5351 aura
1409 5292 1538 5360 subrisit,
1553 5291 1623 5349 dum
1642 5292 1707 5349 aliis

293 5387 408 5446 CAPUT
427 5388 474 5445 lll.
860 5387 957 5444 tabido
983 5385 1143 5443 meandum
1166 5381 1323 5440 verborum
1343 5387 1461 5439 tuorum
1487 5382 1707 5452 consequentias

62 5475 225 5548 Respondet
243 5476 395 5546 objectioni
416 5481 441 5534 l.
456 5506 491 5518 —
515 5475 681 5548 (tuidfidea.
701 5509 737 5520 —
763 5479 807 5536 ad
860 5474 989 5546 squalori
1009 5472 1140 5540 addictis,
1164 5484 1237 5528 auro
1257 5479 1285 5529 et
1307 5469 1400 5528 niveis
1420 5470 1526 5542 lapillis
1551 5478 1708 5527 coornatus

56 5563 138 5621 darre
156 5565 335 5636 poterimus:
352 5563 428 5622 side
449 5564 599 5635 principali
618 5578 672 5622 suo
690 5578 808 5636 corpore
861 5562 1008 5621 obrutilat.
1032 5562 1068 5618 Et
1089 5561 1198 5618 mirum
1221 5560 1302 5634 quia,
1322 5574 1390 5618 cum
1413 5560 1512 5632 plures
1529 5558 1667 5624 emiserit,
1680 5566 1708 5616 ct
