3818 6008
70 171 104 229 li³
517 169 552 228 V.
572 169 739 228 anteeant
757 170 906 229 aaaaTts
924 172 951 228 S.
974 170 1094 229 hanla*
1114 171 1159 229 nti
1180 171 1380 230 polluente
1789 178 1823 230 tl

72 304 168 375 plina,
195 303 244 374 qui
268 303 367 361 dotum
390 303 505 375 reingit,
530 303 664 373 excipiat,
689 318 720 360 os
734 303 860 375 denique
881 304 915 360 ad
932 310 954 362 a
974 305 1108 375 creatrix,
1130 320 1196 376 quae
1215 313 1256 362 εει
1273 305 1320 362 liei
1344 304 1442 362 Filius.
1461 306 1526 363 liaec
1548 306 1606 364 duo
1623 309 1750 365 breviter
1765 322 1824 379 per-

71 393 146 450 bona
173 393 333 450 docendum
372 393 492 449 dilatare
524 393 647 460 studeat,
679 400 709 449 ut
738 393 767 449 id
796 392 918 449 ccelestis
970 394 1086 466 stringit
1119 395 1281 465 Apostolus.
1325 396 1385 450 Non
1426 399 1508 460 enim,
1551 401 1674 464 cogirocit
1706 398 1824 452 mundus

72 482 217 538 anhelitus
254 481 356 553 placite
393 484 512 552 illapsus
546 482 709 552 adimpleat.
748 482 918 552 lnspirando
972 485 1001 536 ιἰι
1019 486 1157 553 supientia
1172 486 1219 538 ilci
1230 483 1326 552 (icor.
1345 502 1362 552 ι,
1379 485 1512 554 tt);per
1528 487 1695 555 sapientiam
1712 486 1824 543 subau-

73 584 199 640 namque
221 570 363 626 trahimus
377 578 405 626 ει
424 569 580 625 emittimus
603 570 747 639 spiritum.
768 571 848 628 Unde
872 570 918 624 di-
972 572 1016 626 dis
1032 572 1133 627 munch
1150 572 1251 627 Deum.
1272 571 1416 642 Sapientia
1432 585 1535 628 rursus
1560 581 1678 628 vocatur
1694 573 1722 628 in
1739 588 1825 645 ange-

73 659 167 714 citur:
185 660 220 716 Os
245 674 330 712 meum
359 661 465 728 operui,
492 663 518 712 ει
545 660 653 712 ειιιιιει·
676 661 809 729 spiritum
833 659 917 730 (Psoi.
974 661 1008 716 lis
1026 674 1060 716 ac
1083 661 1190 716 sanctis
1213 646 1378 717 hominihus
1403 660 1544 717 divinitus
1575 661 1718 717 illustrata
1740 663 1822 717 ratio.

73 748 391 817 cxvnt,13).lit!octus
416 753 454 802 est
473 749 549 802 horno
575 749 605 802 in
629 750 749 802 animum
776 751 917 803 uiuentem.
975 750 1185 819 deceatque
1209 749 1355 820 loquitur:
1383 750 1414 803 ln
1439 751 1597 805 Jerusalem
1618 756 1737 819 potestas
1765 766 1825 804 mec

74 833 152 890 Sicut
175 848 280 904 corpus
298 836 359 891 sine
382 835 479 890 anima
503 834 600 892 vivere
624 851 680 892 nou
711 835 857 906 prevalet,
880 835 920 890 sic
975 837 1075 906 (Ereti.
1090 855 1164 904 xxiv,
1190 840 1247 906 ta),
1269 845 1296 894 ει
1319 846 1431 894 ειειειε.
1456 839 1523 894 Haec
1547 838 1658 905 robore,
1685 838 1783 894 irurtu
1797 847 1824 895 et

74 923 180 990 anima,
196 922 218 978 si
242 923 297 978 lieo
321 922 483 979 inhabitare
506 931 612 990 careat,
640 923 771 980 deteriori
797 938 921 994 pessum·
976 927 1079 983 umbra
1093 928 1154 983 suis
1174 927 1240 983 vita
1265 926 1408 982 ministrat
1433 926 1613 993 alimentum,
1636 928 1660 981 si
1678 936 1772 983 tamen
1795 928 1824 982 in

74 1010 140 1066 data
155 1018 244 1068 niorto
263 1012 356 1082 jacet;
374 1010 447 1067 iacto
464 1012 553 1083 igitur
576 1012 654 1080 limo,
675 1021 703 1069 et
717 1013 783 1068 dato
802 1013 829 1067 in
851 1012 921 1067 lucie
975 1015 1068 1071 medio
1084 1016 1219 1071 consistat
1239 1015 1372 1086 paradisi,
1400 1023 1506 1071 utnon
1529 1030 1592 1071 eam
1610 1030 1627 1069 a
1648 1018 1726 1085 rogia
1747 1016 1822 1081 sedo,

73 1099 136 1169 ejus
151 1099 292 1169 spiraculo
308 1100 457 1170 totusJ'am
479 1101 595 1156 vividus
610 1109 720 1156 constat
744 1101 837 1156 homo.
855 1100 921 1155 Sin·
975 1118 1035 1173 qna
1067 1103 1300 1160 circumstantem
1337 1103 1463 1172 disponit
1491 1103 1662 1168 exercitum,
1699 1103 1824 1159 carnalis

74 1185 176 1242 ceritas
194 1188 271 1242 euim
296 1186 376 1243 iaciei
399 1187 486 1254 illius,
513 1202 573 1258 qua
596 1189 688 1245 Deum
710 1187 920 1260 cognoscimus,
975 1193 1123 1261 tyrannice
1138 1191 1273 1247 extrudat
1297 1189 1425 1257 allectus,
1442 1189 1490 1246 sed
1510 1191 1603 1247 media
1622 1191 1740 1247 ititcrnis
1755 1206 1825 1247 cur-

75 1289 192 1346 qnaque
206 1290 223 1331 a
237 1277 292 1331 lieo
312 1275 522 1345 cognoscimur,
545 1291 602 1346 quo
624 1284 724 1333 contra
749 1277 846 1332 minus
859 1276 922 1330 sin·
976 1293 1042 1336 rens
1057 1280 1097 1335 uti
1113 1279 1238 1335 medulla
1252 1279 1365 1336 ossibus
1379 1293 1478 1335 succos
1491 1278 1592 1335 vitales
1603 1280 1752 1335 attribuat.

75 1364 336 1436 terisquibusdam
352 1364 553 1431 clamantibus
571 1367 691 1430 Domine,
702 1369 789 1434 operi,
805 1365 920 1428 dicitur,
1012 1370 1128 1436 Liparum
1160 1384 1264 1438 quoque
1289 1370 1408 1423 scientiae
1435 1368 1498 1421 boni
1530 1372 1555 1422 et
1583 1369 1660 1422 muli.
1694 1369 1760 1424 llaec
1783 1376 1824 1424 εει

74 1455 217 1508 nts02'01208
232 1455 340 1523 (Mastit-
359 1468 421 1518 ιιι,
442 1453 505 1522 1ῗ);
531 1453 580 1510 ubi
597 1453 734 1523 pallorem
758 1452 923 1508 deiectionis
977 1457 1112 1512 voluntas
1133 1464 1240 1513 nostra.
1271 1454 1411 1515 Voluntas
1436 1463 1533 1511 autem
1557 1463 1599 1511 εει
1628 1465 1723 1512 motus
1736 1456 1825 1511 animi

75 1541 177 1598 haheat
193 1556 258 1612 quae
274 1555 359 1611 penes
373 1554 402 1596 εε
417 1541 511 1596 uitalis
524 1541 641 1611 spiritus
654 1541 756 1596 arrhas
772 1548 874 1611 portat.
977 1552 1095 1617 cogente
1106 1544 1186 1601 nullo
1201 1544 1236 1600 ad
1248 1543 1357 1614 aliquid
1370 1543 1552 1600 eilicicndum
1565 1544 1608 1599 vel
1620 1545 1823 1613 appetendum.

111 1630 195 1686 Vens.
221 1632 246 1684 8.
263 1659 297 1671 -
311 1631 488 1684 Plaiitaoerat
510 1636 599 1683 autem
618 1630 752 1683 Dominus
777 1630 848 1683 Deos
866 1644 921 1697 na·
939 1605 958 1660 Β
978 1633 1098 1690 sienim
1113 1632 1226 1704 cogitur
1244 1633 1320 1702 quis,
1338 1633 1487 1689 volttntate
1499 1647 1555 1688 nou
1571 1633 1690 1688 ducitur
1703 1648 1711 1702 ;
1723 1633 1825 1688 diaho-

75 1719 198 1772 ruditum
217 1717 365 1787 uoluptatis
389 1718 423 1772 αιι
445 1719 535 1784 initio,
555 1719 585 1771 in
609 1733 661 1786 quo
684 1719 776 1786 posuit
791 1719 922 1772 homiaem
977 1722 1022 1778 lus
1036 1735 1103 1776 nero
1122 1720 1266 1776 neminem
1290 1719 1474 1791 suggestione
1491 1720 1644 1790 compellit,
1666 1722 1714 1777 secl
1729 1721 1823 1791 potius

75 1821 154 1875 quem
184 1806 362 1872 formauerat.
403 1805 556 1863 Paradisus
591 1806 754 1876 voluptatis,
786 1806 923 1862 serenitas
976 1809 1053 1880 quod
1080 1809 1257 1865 desideretur
1279 1809 1417 1875 obtendit,
1446 1816 1474 1865 et
1502 1810 1562 1865 sine
1587 1809 1717 1865 molestia
1731 1816 1782 1866 aut
1796 1809 1824 1864 vi

75 1901 240 1952 estsanctae
254 1893 487 1963 conversationis,
506 1895 533 1949 in
553 1893 922 1966 quacumvirtutumun-
976 1901 1163 1964 spontaneam
1200 1900 1322 1949 mentem
1366 1892 1461 1950 trahit.
1486 1893 1550 1949 Sola
1572 1908 1642 1965 ergo
1666 1896 1825 1952 secundum

76 1984 163 2054 dique
188 1983 297 2038 surculi
322 1983 533 2053 provehuntur,
556 1991 584 2038 ει
604 1982 662 2052 spei
682 1982 924 2038 immarcessibilis
977 1983 1055 2039 hunc
1069 1982 1186 2037 modum
1209 1981 1369 2049 voluntate,
1399 1997 1455 2039 non
1478 1984 1646 2039 necessitate
1662 1997 1823 2054 peccamus,

76 2071 208 2143 gramina
232 2078 364 2139 vernant,
393 2070 485 2141 surgit
513 2070 578 2127 inde
599 2071 699 2142 aquilo
723 2078 750 2127 et
774 2071 924 2141 temperies
976 2078 1004 2126 ει
1021 2067 1125 2126 liberos
1151 2084 1203 2127 nos
1225 2071 1356 2127 servituti
1383 2070 1552 2127 addicimus.
1573 2071 1711 2128 Voluntas
1726 2080 1825 2143 itaque

76 2159 184 2215 accedit
213 2157 357 2214 australis.
387 2158 543 2214 Paradisus
572 2159 649 2215 enim
679 2158 785 2227 Graece,
826 2159 924 2215 Latine
977 2174 1043 2216 cum
1060 2161 1095 2216 ad
1107 2160 1215 2217 honum
1232 2168 1260 2216 et
1274 2160 1309 2216 ad
1324 2160 1434 2217 malum
1458 2160 1637 2216 circumferri
1658 2161 1762 2227 valcat,
1780 2162 1827 2217 hic

76 2247 182 2303 dicitur
199 2248 307 2304 honus.
333 2247 360 2303 Si
374 2248 481 2303 'antem
501 2262 602 2303 secum
617 2261 698 2303 mons
721 2261 809 2317 quam
833 2245 925 2317 turpis
977 2256 1004 2305 ει
1020 2249 1049 2304 in
1065 2249 1253 2320 sequentihus
1277 2249 1305 2303 in
1330 2248 1406 2305 malo
1428 2248 1587 2317 accipitur:
1604 2249 1722 2305 scientia
1737 2250 1824 2316 enim,

77 2335 161 2406 culpa
184 2350 242 2392 non
258 2335 377 2403 mordet,
397 2335 484 2406 juxta
507 2335 686 2392 Salomonem
703 2338 792 2406 (Proc.
808 2351 854 2402 xv,
870 2337 923 2401 ιιι),
978 2338 1006 2394 id
1021 2346 1063 2394 εει
1077 2337 1256 2408 experientia
1272 2337 1339 2394 honi
1355 2345 1382 2393 et
1408 2337 1487 2404 mali,
1515 2338 1691 2408 permaximo
1706 2339 1734 2393 in
1751 2337 1822 2392 nralc

77 2423 161 2495 tpuasi
190 2424 259 2496 juge
281 2423 446 2480 convivium
466 2430 519 2492 est,
544 2437 610 2480 nam
640 2424 715 2479 male
738 2423 852 2479 conscia
870 2423 924 2479 sihi
979 2433 1103 2497 praestat.
1124 2425 1211 2482 atiud
1225 2433 1268 2482 est
1281 2439 1408 2495 namque
1423 2425 1495 2481 scire
1511 2425 1580 2495 quia
1598 2424 1746 2481 fornicatio
1759 2440 1821 2494 pec

78 2512 200 2582 propriis
226 2526 338 2582 semper
366 2511 495 2583 agitatur
516 2511 662 2568 stimulis:
690 2512 760 2582 quid
789 2511 925 2581 simplicis
979 2522 1075 2572 catum
1089 2522 1141 2583 est,
1158 2513 1237 2571 aliud
1258 2512 1382 2583 experiri
1398 2527 1449 2582 per
1464 2526 1550 2582 opera
1570 2511 1737 2582 qualitatem
1752 2511 1819 2582 eius,

78 2599 167 2656 animi
184 2600 344 2656 testimonio
358 2598 520 2671 gloriosius,
537 2599 704 2657 amoeniusi
727 2599 779 2656 Sed
800 2601 823 2656 is
839 2614 926 2671 para·
979 2604 1067 2660 Porro
1081 2603 1109 2658 in
1129 2601 1305 2672 experientia
1318 2601 1386 2656 mali
1401 2599 1492 2656 multo
1508 2602 1599 2671 magis
1615 2600 1723 2656 bonum
1739 2613 1822 2669 quam

78 2688 158 2745 disus
172 2686 323 2744 hahetura
338 2689 488 2758 principio.
506 2689 529 2744 Α
544 2703 613 2758 quo,
629 2688 683 2745 nisi
699 2689 736 2745 ah
757 2688 926 2760 ipsoprimae
979 2690 1016 2747 sit
1043 2689 1150 2745 bonum
1179 2688 1257 2759 quod
1282 2688 1454 2754 habebatur,
1479 2688 1655 2758 agnoscitur,
1679 2701 1768 2758 quam
1793 2686 1822 2738 in

79 2784 183 2834 nostra
215 2775 386 2833 conditionis
408 2777 563 2847 exemplo?
586 2777 740 2834 Pensemus
764 2777 793 2833 in
816 2785 926 2847 quanta
981 2777 1046 2836 honi
1074 2776 1258 2834 observantia
1282 2775 1343 2832 ulla
1370 2774 1478 2831 malum
1508 2775 1679 2846 cogitatione
1707 2776 1820 2836 sciaur,

61 2864 183 2921 utentis
201 2865 311 2936 requie,
334 2871 489 2936 antequam
512 2873 641 2936 peccaret
664 2865 758 2933 homo,
779 2863 924 2935 constitit;
941 2904 961 2959 c
979 2865 1052 2934 Quid
1066 2878 1193 2934 namque
1216 2863 1282 2919 honi
1305 2863 1341 2919 sit
1356 2862 1486 2932 sospitas,
1512 2863 1614 2918 melius
1627 2861 1823 2917 disciturum-

78 2961 105 3010 et
118 2951 244 3008 sciamus
260 2952 337 3008 hunc
360 2965 420 3007 esse
435 2953 601 3022 paradisum
620 2951 850 3018 intellectualem,
867 2957 927 3007 ter·
980 2967 1071 3025 guore
1086 2952 1232 3022 magistm.
1258 2949 1381 3021 Lignum
1400 2956 1441 3004 est
1465 2948 1550 3020 cujus
1566 2949 1656 3004 rohur
1678 2947 1821 3014 stoliiitas,

79 3056 148 3098 reno
177 3041 332 3107 meliorem,
361 3054 420 3113 quo
450 3056 500 3096 nos
532 3041 608 3098 Deus
632 3041 710 3112 poni,
740 3040 764 3096 si
793 3039 925 3108 velimus,

81 3129 171 3202 cupit.

129 3218 214 3273 Vens.
229 3220 255 3273 9.
276 3249 310 3258 -
330 3219 517 3288 Producitquc
541 3217 614 3273 Deua
640 3217 672 3272 d¹
699 3219 779 3272 humo
801 3231 877 3273 omne
896 3218 927 3289 lg·-

79 3323 161 3372 pnum
176 3307 319 3376 pulchrum
342 3309 413 3374 vion,
439 3312 464 3362 et
483 3306 520 3360 ool
538 3306 696 3362 uescendum
709 3320 800 3361 succe.
816 3306 849 3362 lu
864 3304 928 3360 soli·

80 3393 167 3449 ditate
189 3393 286 3466 itaque
302 3393 349 3450 illa
365 3392 473 3450 homini
489 3392 643 3449 constituto
661 3392 830 3463 producitur
842 3405 928 3446 omna

80 3480 203 3553 lignum,
221 3481 356 3539 tortitudo
369 3489 397 3538 et
415 3481 572 3538 eminentia
585 3493 769 3551 quorumque
785 3486 926 3534 rectorum

80 3583 209 3640 operum.
228 3569 384 3627 Pulchrum
392 3569 466 3632 risu.
479 3568 549 3625 dum
566 3568 617 3624 lux
632 3567 813 3625 lncetuostra
830 3579 926 3623 coram

81 3658 255 3727 hominihus,
272 3666 305 3716 ut
320 3657 436 3715 videant
449 3658 555 3728 (hlotth.
572 3673 599 3725 v,
616 3656 668 3726 tc),
681 3655 709 3711 id
722 3662 763 3712 est
778 3654 927 3711 instruan-

81 3755 130 3804 tur
143 3747 177 3803 ad
193 3747 366 3804 vescendum
382 3760 480 3813 suave,
501 3745 571 3803 dum
597 3759 644 3816 per
656 3757 775 3813 operum
791 3743 926 3800 imitatio-

81 3847 147 3890 nem
171 3835 220 3890 liei
241 3833 446 3906 glorificatione
470 3841 649 3904 pascuntut;
670 3830 766 3888 lructu
780 3831 857 3887 onim
878 3839 928 3889 tuo

82 3922 206 3981 nescitur
220 3923 355 3994 quisquis
365 3924 400 3980 ad
411 3922 483 3980 hene
492 3921 636 3993 agendum
646 3920 687 3978 tui
702 3921 928 3978 consideratione

82 4011 268 4068 confortatur.
285 4011 338 4069 Sed
362 4024 451 4068 suave
469 4008 613 4081 quomodo
635 4016 687 4076 est,
711 4024 777 4066 cum
799 4018 878 4066 arcta
892 4011 927 4065 sit

83 4101 130 4155 via
154 4115 220 4172 qnae
240 4100 320 4157 ducit
341 4101 376 4157 ad
400 4100 490 4156 vitam
514 4098 623 4161 (hlotth.
647 4113 696 4164 vn,
723 4099 778 4166 ti),
793 4106 821 4154 et
835 4099 928 4154 omnis

981 3042 1093 3099 tructus
1128 3038 1251 3105 iniectio,
1290 3045 1317 3093 ει
1359 3037 1464 3093 umbra
1507 3037 1628 3092 caecitas.
1675 3034 1822 3092 voluntate

981 3131 1070 3202 igitur
1095 3127 1187 3196 ahtrti,
1212 3135 1329 3198 tangere
1355 3135 1397 3183 εει
1425 3125 1549 3181 scientiae
1577 3124 1690 3194 lignum
1715 3121 1775 3178 hini
1794 3128 1822 3176 ει

981 3218 1059 3276 mali.

1017 3307 1100 3365 Vens.
1119 3307 1160 3360 td.
1179 3333 1207 3346 -
1235 3306 1268 3360 Ει
1293 3305 1391 3372 danius
1415 3300 1604 3371 egrediebatur
1626 3299 1659 3354 de
1677 3301 1726 3355 loto
1741 3298 1822 3351 uolit-

978 3397 1065 3465 ptolt's
1087 3395 1124 3449 ud
1146 3392 1320 3461 irrigandum
1339 3390 1512 3461 paradisum.
1537 3388 1657 3444 Flavius
1683 3388 1728 3442 iste
1746 3384 1822 3440 sacri

980 3481 1086 3552 eloquii
1111 3479 1222 3551 eopiosa
1247 3479 1374 3547 scientia,
1405 3492 1563 3550 rerumque
1593 3475 1739 3533 moratum
1763 3472 1821 3527 alta

980 3570 1104 3642 cognitio
1125 3574 1173 3624 aa
1197 3575 1253 3625 est.
1277 3569 1327 3639 qui
1351 3568 1518 3638 paradisum
1539 3565 1650 3638 irrigat,
1681 3561 1750 3632 quia
1772 3574 1822 3630 per

981 3658 1163 3731 quotidianas
1188 3655 1399 3711 institutionum
1424 3652 1567 3708 doctrinas
1601 3653 1670 3707 viret
1690 3648 1726 3703 ad
1751 3647 1822 3701 hene

981 3746 1126 3819 agendum
1143 3744 1196 3816 piis
1208 3743 1313 3799 animis
1327 3741 1543 3808 suhtninistrat;
1557 3740 1579 3795 si
1594 3741 1666 3795 euiu
1676 3735 1823 3805 sapientia

982 3834 1078 3892 studio
1098 3832 1199 3889 attinet
1218 3831 1252 3888 de
1272 3831 1328 3886 lieo
1344 3837 1372 3886 et
1387 3828 1551 3885 coelestibus
1568 3842 1652 3900 agere
1673 3833 1700 3881 ει
1715 3831 1821 3879 statum

981 3923 1048 3980 vita
1074 3920 1274 3992 praetervolare
1299 3932 1450 3974 commune
1473 3924 1616 3988 quantum
1639 3912 1755 3971 luminis
1770 3918 1821 3977 εει,

982 4011 1105 4069 scientia
1124 4009 1271 4080 proprium
1292 4015 1334 4063 est
1355 4020 1388 4061 ea
1412 4020 1477 4077 qua
1501 4005 1576 4062 inter
1600 4019 1649 4061 nos
1668 4001 1823 4057 actitantur

980 4102 1058 4172 justa
1100 4099 1294 4155 moderatione
1341 4095 1509 4166 disponere;
1552 4094 1611 4148 vita
1644 4091 1823 4157 virtutesque

82 4187 233 4258 disciplina
248 4188 276 4245 in
300 4187 483 4258 praesentiali
507 4185 664 4242 moeroris?
688 4188 781 4250 (licor.
806 4203 855 4251 ιιι,
873 4187 926 4256 ιι.)
943 4201 964 4254 p
983 4191 1155 4255 discernere,
1180 4187 1358 4257 iideliterque
1376 4184 1474 4241 eadem
1499 4183 1659 4254 quibusque
1674 4178 1819 4234 disserere>

84 4277 192 4332 lietera
217 4276 387 4347 imperiecus
408 4289 442 4331 ac
468 4273 590 4330 rudihus
614 4281 702 4340 ancta,
729 4275 776 4331 sed
800 4275 926 4332 itnctum

83 4365 296 4435 pacatissimum
318 4363 437 4436 iustitiae
459 4369 556 4432 postea
579 4362 678 4419 reddet
707 4363 870 4420 exercitatis
898 4363 927 4419 in

82 4467 126 4509 ca.
140 4456 239 4523 iugum
252 4453 324 4508 enim
344 4466 430 4506 mettin
455 4465 536 4505 succe
558 4454 597 4506 est
620 4450 735 4520 (Μαιιιι.
761 4467 799 4517 xi,
821 4451 876 4520 30),
901 4457 928 4508 ει

83 4548 194 4597 caetera.
215 4541 250 4597 ht
264 4540 299 4596 de
314 4550 373 4609 qna
388 4537 476 4593 humo
491 4537 551 4594 haec
574 4537 712 4607 prodeant
734 4539 927 4596 intendamus.

83 4629 128 4685 ah
149 4629 237 4686 humo
261 4626 366 4684 dicitur
391 4625 509 4682 humilis
546 4627 699 4683 llumilitas
721 4641 789 4700 ergo
822 4627 929 4683 humus

85 4717 237 4781 habeatur,
247 4723 275 4772 et
288 4714 357 4771 satis
367 4722 478 4771 constat
490 4715 565 4785 quod
576 4716 646 4780 haec,
663 4729 728 4785 quae
738 4715 928 4787 praetulimus,

84 4804 145 4862 sine
159 4806 213 4862 hac
227 4803 333 4860 uirtute
350 4802 409 4859 neri
434 4817 491 4858 non
514 4817 594 4873 posse
608 4804 773 4860 credantur.
797 4805 929 4874 supernis

84 4907 186 4964 nempe
209 4893 281 4948 Deua
301 4890 575 4960 resistit,}hamiiiltts
589 4892 638 4947 dot
664 4895 784 4960 pretium
803 4894 871 4964 (luc.
891 4908 928 4960 tv,

84 4982 121 5050 ιι).
135 4981 202 5038 ιιιεο
213 4981 311 5050 justus
326 4987 358 5036 nt
382 4980 494 5052 lignum
510 4980 587 5050 quod
616 4980 763 5051 plantatur
778 4996 860 5037 secus
880 4981 929 5035 de·

84 5081 187 5125 cursus
200 5080 365 5137 aquatnm;
382 5068 461 5139 impii
477 5075 510 5124 ut
525 5068 629 5137 pulvis,
644 5083 730 5140 quem
743 5068 855 5140 projicit
866 5082 930 5122 ven·

85 5163 131 5213 tus
144 5169 162 5211 a
175 5154 247 5212 lacie
259 5164 342 5212 terrae
355 5158 437 5225 (eset.
454 5173 474 5221 ι,
492 5159 516 5220 3,
530 5155 569 5224 l).

119 5244 238 5312 Lignum
249 5247 330 5311 ctiam
344 5247 407 5300 uita
421 5246 451 5299 iu
464 5245 550 5299 medio
565 5245 702 5315 paradisi.
727 5245 851 5315 Lignum
863 5245 930 5300 vilae

85 5331 223 5405 sapientia
248 5339 300 5401 est,
335 5333 472 5403 sapientia
502 5343 599 5390 antem
620 5332 771 5404 tripliciter
803 5332 928 5390 dicitur:

84 5420 225 5492 sapientia
237 5421 326 5492 hujus
342 5420 451 5489 mundi,
469 5436 534 5492 quae
551 5429 578 5477 et
592 5419 696 5476 astutia
710 5426 771 5488 est;
790 5419 932 5490 sapientia

983 4279 1063 4335 Unde
1077 4277 1229 4334 subditur:
1247 4277 1295 4346 qui
1309 4273 1447 4328 diuiditur
1466 4271 1530 4325 inde
1548 4274 1578 4325 ia
1593 4275 1707 4339 quotuor
1720 4267 1820 4334 capitu.

983 4365 1144 4438 Voluptatis
1159 4372 1263 4420 nostrae
1278 4363 1396 4434 quidam
1413 4361 1493 4418 locus
1508 4374 1565 4415 non
1580 4358 1675 4414 localis
1689 4358 1762 4410 Dens
1772 4358 1821 4413 est..

983 4470 1069 4527 quem
1085 4454 1200 4526 quidem
1220 4451 1391 4524 generaliter
1405 4448 1512 4515 omnia,
1531 4446 1578 4502 sed
1605 4445 1643 4502 illi
1665 4451 1744 4500 tanto
1759 4455 1820 4510 spe·

982 4543 1093 4610 cialius,
1119 4550 1229 4612 quanto
1252 4538 1431 4609 spiritualius
1452 4535 1591 4602 incolunt,
1616 4532 1665 4605 qui
1680 4531 1772 4588 solum
1797 4529 1820 4582 ir

983 4632 1044 4704 ipso
1058 4631 1246 4696 delectantur,
1263 4642 1299 4685 ex
1318 4628 1372 4683 hoc
1394 4626 1454 4696 ipso
1471 4623 1599 4680 lluminis
1614 4623 1737 4692 impetus
1749 4631 1821 4688 egre

983 4720 1071 4787 ditur,
1088 4718 1139 4789 qui
1162 4715 1306 4786 nequitias
1327 4712 1490 4785 spirituales
1515 4709 1682 4781 praecipitat,
1704 4713 1732 4761 et
1752 4703 1820 4759 divi·

984 4808 1063 4863 ditur
1078 4806 1107 4861 in
1123 4811 1250 4877 quatuor
1274 4803 1378 4872 capita,
1398 4807 1547 4871 quaesunt
1565 4794 1736 4868 principales
1756 4805 1819 4862 qua

985 4902 1050 4951 tuor
1064 4892 1195 4959 virtutes,
1211 4906 1226 4947 ε
1242 4890 1349 4961 quihus
1369 4896 1477 4945 coeterae
1499 4900 1597 4944 omnes
1611 4889 1731 4941 sumunt
1747 4895 1820 4936 exoe

984 4983 1041 5038 dia.

1021 5071 1104 5125 Vens.
1122 5073 1163 5124 ll.
1189 5099 1222 5109 -
1244 5071 1344 5125 Nomen
1367 5070 1416 5123 uni
1440 5068 1559 5122 Phison:
1579 5065 1637 5133 ipse
1658 5066 1698 5117 εει
1712 5062 1760 5130 qui
1773 5061 1820 5113 ci·-

984 5161 1040 5215 euit
1063 5173 1164 5213 omnem
1185 5162 1286 5212 terrum
1310 5157 1433 5213 Eniloth.
1459 5155 1563 5211 Phison
1581 5151 1820 5220 interpretaturos

984 5242 1105 5313 pupille.
1126 5240 1180 5298 Ore
1196 5249 1291 5297 autem
1314 5241 1471 5312 loquimur,
1497 5236 1607 5310 pupilla
1622 5234 1761 5290 videmus.
1779 5234 1819 5289 ler

985 5330 1063 5402 quod
1081 5329 1251 5404 intelligitur
1262 5330 1424 5402 prudentia,
1442 5341 1507 5399 quae
1521 5325 1617 5396 etipsa
1631 5323 1737 5380 dicitur
1753 5320 1817 5394 qrod

987 5434 1070 5489 porro
1084 5419 1187 5478 videat.
1211 5421 1287 5477 Vera
1313 5423 1408 5476 autem
1430 5415 1582 5490 prudentia
1596 5419 1649 5475 εει,
1665 5426 1724 5482 qua
1739 5411 1818 5469 stuti-
