3818 6008
70 208 123 263 'tte

516 204 545 256 v.
566 202 728 259 GUIBERTI
749 202 894 260 tuearis
912 200 939 257 S.
961 201 1082 258 buain
1102 202 1147 257 ub
1169 200 1370 258 noviorum

1767 202 1820 257 800

70 340 235 412 cuiuspiam
251 339 411 403 hominum,
427 338 513 394 etiarn
528 337 689 394 deterrimae
703 337 832 393 omnium
848 351 915 393 con-
935 345 956 397 lt
972 338 1149 407 processerit,
1166 345 1309 408 quantum
1326 353 1443 409 quoque
1462 337 1538 395 laesio
1552 346 1613 394 tua.
1632 360 1643 387 ι
1662 338 1716 396 Cui
1744 353 1819 395 rex:

72 429 199 497 ditionis,
217 442 333 485 causam
356 427 455 482 mortis
475 426 628 492 ullatenus,
645 439 695 495 pro
711 425 831 493 tantilla,
848 439 914 481 rium

71 517 156 576 etiam
178 518 214 573 sit
229 517 327 583 dubia,
348 515 440 570 salute
459 515 601 570 loturum.
627 537 641 563 n
668 514 739 570 Tum
764 514 914 570 medicus:

74 629 85 656 ι
105 606 133 663 si
150 605 254 676 inquit,
270 603 438 673 reparandae
454 603 505 660 tibi
521 605 614 672 gratia
634 604 779 672 sospitatis
809 601 916 657 nemini

72 702 161 749 vitam
176 692 303 748 adimere
318 691 451 758 delinisti,
468 691 567 748 saltem
586 706 685 748 ursum
704 692 832 747 inutilem
848 692 918 746 satis

72 781 127 837 uisi
141 779 302 850 spectaculo
318 780 436 836 bestiam
450 781 597 836 admoveri
615 781 719 835 manda
735 795 742 834 ε
772 779 918 849 prioribus

71 869 190 939 pedibus
216 868 244 923 in
270 868 392 933 sublime
413 868 549 937 porrectis
572 877 706 934 erectam,
740 865 814 922 lerro
840 865 917 922 leriri

71 959 191 1027 impera,
207 959 291 1027 cujus
308 967 459 1027 peremptae
475 958 652 1025 postmodum
669 971 734 1012 cum
767 955 918 1025 pervidero

72 1045 191 1112 viscera,
209 1045 302 1101 metiri
317 1059 386 1102 saue
402 1054 551 1116 utcunque
566 1056 672 1116 putero,
687 1057 827 1115 quorsum
844 1044 919 1098 intro

973 448 984 474 ι
1013 426 1114 491 Bestia,
1140 426 1190 492 ait,
1216 441 1272 483 non
1296 427 1325 482 in
1343 441 1434 490 mora,
1460 443 1526 483 cum
1540 442 1613 497 opus
1629 427 1723 487 luerit.
1739 434 1819 484 ent:

971 514 1078 570 lactum
1094 524 1163 584 puta
1192 534 1205 565 o
1223 516 1307 571 Facto
1323 515 1454 586 igiturad
1471 515 1582 572 libitum
1598 516 1700 573 medii
1714 531 1752 572 ex
1764 516 1824 571 iera

972 603 1110 672 periculo,
1134 603 1274 672 comperit
1308 604 1520 659 incommodum
1546 613 1576 659 ut
1602 604 1824 674 praelibarinius

972 691 1044 760 regi,
1067 691 1089 746 si
1112 690 1246 747 obductio
1273 690 1394 747 celerius
1418 692 1530 748 vulneri
1559 694 1732 762 proveniret,
1769 694 1824 749 nisi

973 779 1055 849 prius
1080 779 1222 835 exhausta
1259 779 1424 848 purulentia
1451 795 1516 850 pars
1540 781 1714 836 intrinsecus
1735 783 1827 838 scissa

972 866 1068 922 coiret.
1087 867 1153 922 llaeo
1168 880 1255 936 super
1277 882 1401 939 regnum
1425 870 1526 939 pietate
1546 869 1652 925 dixisse
1671 870 1824 925 sulliciat:

973 969 1099 1025 quorum
1117 955 1205 1022 gloria
1223 970 1315 1025 aeque,
1334 958 1430 1020 lateor‚
1448 958 1617 1025 incessisset,
1636 959 1658 1014 si
1676 973 1734 1013 non
1753 973 1826 1028 pon-

975 1042 1054 1098 tificii
1070 1042 1178 1110 electio,
1197 1043 1252 1098 imo
1268 1051 1296 1099 et
1310 1046 1403 1114 ipsum
1427 1045 1606 1115 poutillcium
1622 1045 1826 1102 claudicasset.

713 1380 885 1467 LIBER
914 1377 1182 1466 OCTAVUS.

352 1708 467 1767 CAPUT
487 1709 636 1766 Purllutt.

145 1800 303 1870 Hucusque
317 1799 408 1866 Musa,
427 1813 477 1869 per
492 1799 597 1854 lruteta
611 1797 740 1867 veprium

145 1888 262 1944 lucessit
275 1897 355 1942 arcto
367 1887 536 1957 scrupulosa
553 1887 665 1942 tramite

142 1975 233 2034 Galles
247 1975 342 2032 euntis
357 1983 514 2045 occupante
529 1975 644 2042 nubilo;

143 2067 256 2120 Aurora
271 2064 326 2120 seri
342 2064 392 2120 vix
408 2064 501 2119 lovere
516 2062 626 2120 sideris.

142 2153 216 2210 Lues
230 2152 342 2209 cruoris
357 2152 496 2208 hactenus
511 2150 683 2214 cucurrerit.

143 2240 236 2313 Stragi
254 2239 380 2310 ramique
396 2240 435 2294 nil
455 2253 562 2296 vacans
576 2238 721 2296 resederit.

144 2329 271 2384 Fortuna
287 2331 309 2384 si
326 2342 385 2398 qua
401 2329 488 2386 rebus
503 2328 646 2384 interdum
660 2327 721 2384 suis

144 2416 258 2481 Arrisit,
276 2431 349 2473 aura
363 2417 488 2473 cladium
505 2430 596 2486 rapax
610 2416 685 2472 tulit.

145 2503 200 2567 Qui
216 2506 285 2561 dum
301 2505 417 2562 Nioaena
432 2505 573 2561 subruere
588 2505 703 2571 moenia,

144 2593 214 2658 Quis
229 2593 300 2649 urbe
314 2602 397 2664 repta
413 2594 525 2650 tructus
538 2601 579 2649 est
592 2590 744 2648 bntlocbii

144 2681 171 2735 ls
185 2688 227 2737 est
243 2681 366 2750 prolecto
381 2680 432 2750 qui
448 2681 479 2736 ilt
493 2694 529 2735 ex
543 2679 701 2751 suppliciis,

145 2767 318 2838 cuicunque
330 2777 430 2825 sancto
444 2777 534 2826 morte
545 2769 621 2825 victa
636 2767 764 2838 martyri.

145 2855 272 2912 Dolenda
286 2870 413 2927 namque
428 2858 450 2912 si
467 2870 526 2927 qua
541 2856 659 2927 contigit
674 2855 742 2927 pati,

145 2943 293 3014 blistisque
308 2943 380 3000 lerre
393 2944 519 3001 caedibus
535 2945 682 3016 penurias,

144 3032 247 3088 lloeror
262 3031 360 3088 lutura
376 3032 519 3103 parturire
533 3033 650 3104 gaudia.

145 3120 208 3188 Quo
224 3128 290 3177 utar
302 3134 370 3191 ergo
385 3120 505 3177 vocibus
520 3119 756 3191 Psalmographii

144 3209 270 3266 Laetatus
282 3222 346 3265 sum
360 3222 398 3266 ex
413 3209 458 3265 bis
474 3223 539 3279 que
554 3209 644 3265 relata
656 3217 726 3265 sunt
741 3207 829 3264 mihi:

145 3297 219 3354 Licet
234 3297 332 3354 subire
347 3306 441 3368 presto
453 3299 513 3368 jam
528 3297 647 3353 domum
663 3297 723 3353 Dei.

144 3386 197 3442 Pes
210 3400 275 3442 ecce
287 3394 384 3442 noster
396 3387 538 3442 atriorum
553 3385 675 3452 Solimae,

144 3474 275 3533 Calcator
290 3481 392 3541 exstat,
411 3489 445 3531 ac
459 3488 551 3530 ovans
565 3473 740 3531 obambulat.

145 3562 248 3619 Franci
264 3562 372 3619 laboris
384 3563 447 3619 bac
462 3563 564 3619 habete
578 3563 698 3634 promta
712 3578 718 3618 :

142 3650 200 3708 Nec
215 3665 265 3706 ros
276 3651 367 3708 dolete
383 3651 534 3722 pertulisse
551 3650 652 3707 tristia.

143 3739 248 3811 Optata
262 3741 376 3797 taudem
394 3755 444 3796 ros
458 3740 580 3811 sepulcri
596 3740 677 3806 visio,

144 3827 306 3898 llrucisqua
321 3836 398 3884 tacta
412 3828 526 3885 lletibus
540 3827 698 3898 redemptio

145 3918 242 3983 Juvat,
259 3916 392 3988 lugitquo
405 3924 504 3987 pectus
518 3930 603 3972 omne
619 3915 719 3986 passio.

146 4003 219 4060 Urbs
234 4000 288 4059 ista
302 4017 376 4072 sape
393 4004 491 4073 praeda
506 4003 581 4060 lacta
594 4002 721 4074 regibus,

145 4091 391 4148 Pessumdabatur
404 4092 553 4148 obruenda
568 4090 708 4148 funditus.

146 4180 215 4247 llac,
231 4194 248 4235 o
263 4179 346 4236 beata
360 4180 491 4250 captione
504 4179 616 4248 civitas,

146 4267 219 4323 ilinc
235 4282 408 4339 promerens,
427 4276 458 4325 ut
473 4269 615 4339 imperare
627 4268 740 4334 debeas,

144 4355 187 4412 to
202 4364 288 4426 teque
303 4370 391 4427 regna
407 4357 572 4413 Christiana
583 4357 751 4413 contrahas!

148 4443 261 4500 Videbit
273 4443 351 4500 orbis
365 4445 422 4500 buc
436 4444 535 4501 venire
548 4443 664 4514 glorias,

144 4532 266 4602 rtbtque
281 4532 382 4589 matris
396 4531 533 4588 exhibere
548 4531 665 4602 gratias,

144 4619 206 4676 llon
221 4622 304 4675 Erras
320 4620 398 4687 olim,
419 4620 465 4676 vel
484 4619 663 4677 llacbabaeus
676 4620 774 4685 ludas,

144 4709 210 4765 Post
226 4708 343 4774 damna,
361 4716 441 4765 tanto
456 4707 619 4779 provehunt
635 4722 702 4778 opes
717 4715 782 4765 tuas
798 4724 804 4764 :

142 4794 205 4853 Nou
221 4795 376 4864 Adrianus,
395 4796 470 4851 unde
487 4810 591 4851 nomen
607 4795 696 4864 lielia,

144 4885 182 4940 'le
195 4884 361 4942 suscitando
377 4884 440 4953 quit
454 4883 564 4940 dedisse
581 4884 657 4953 talia,

144 4973 199 5028 Pro
217 4981 242 5029 te
255 4973 372 5043 tuisque
386 4971 514 5028 mundus
527 4971 580 5029 iste
595 4972 697 5029 militat
713 4988 719 5027 :

144 5063 209 5118 llaec
221 5075 292 5132 pene
307 5073 378 5117 cura
394 5059 534 5117 saeculum
546 5060 690 5119 sollicitat.

143 5149 295 5214 Quondam
310 5149 408 5207 ludaea
423 5149 492 5206 dum
509 5150 618 5221 vigeret
633 5151 749 5221 optime,

144 5237 272 5296 Prtebero
287 5237 388 5308 quibat
404 5237 472 5294 buic
484 5239 572 5295 decus
586 5238 724 5310 parabile,

144 5323 217 5391 Quid
232 5324 432 5382 carminantur
446 5326 476 5382 in
492 5325 588 5383 duella
604 5325 728 5383 milites?

938 1707 958 1761 B
1043 1707 1148 1775 Estote,
1165 1721 1272 1779 quaeso,
1290 1707 1412 1765 Persidis
1426 1708 1575 1779 pernicies,

1047 1795 1109 1852 Non
1126 1804 1221 1852 vestra
1238 1812 1243 1851 :
1259 1796 1403 1867 quidquid
1416 1797 1502 1853 oillcit
1519 1797 1689 1867 Jerusalem,

1045 1884 1079 1939 lit
1095 1883 1248 1955 Babylonis
1262 1886 1392 1942 obserate
1406 1885 1573 1956 principem.

1047 1972 1081 2029 Ut
1095 1972 1137 2028 ias
1153 1974 1232 2029 adire
1245 1975 1280 2029 sit
1297 1973 1379 2029 bonis
1391 1975 1458 2030 lesu
1474 1988 1603 2044 crucem,

1047 2060 1129 2117 Pium
1146 2062 1277 2131 sepulcro
1293 2062 1452 2134 subJugare
1468 2063 1613 2120 verticem.

1047 2148 1184 2206 Clamabo
1200 2159 1296 2206 nostra
1312 2152 1483 2221 comperisse
1499 2159 1640 2222 tempora,

1045 2237 1125 2305 Quod
1141 2253 1197 2294 uon
1214 2239 1324 2296 docebit
1340 2239 1398 2295 ulla
1412 2239 1548 2297 fastorum
1564 2240 1651 2297 scola.

1011 2325 1113 2399 [xli]
1133 2327 1305 2398 Arnulpltoe
1317 2327 1434 2400 quidam
1441 2329 1828 2404 patearctatumuerosoty-

974 2415 1115 2469 milenum
1125 2415 1308 2487 onrmlalqrte
1317 2415 1432 2471 oblinet.
1443 2446 1475 2458 -
1485 2418 1663 2487 litquouiam
1679 2419 1751 2476 dum
1764 2429 1827 2476 tenl-

976 2503 1086 2573 pnralia
1101 2512 1305 2573 procurantur,
1320 2507 1400 2575 regia
1415 2505 1665 2563 administratione
1673 2508 1827 2564 tractanda

976 2598 1132 2662 putantur;
1151 2592 1286 2649 interiora
1298 2592 1405 2665 negligi
1415 2608 1472 2649 nou
1488 2594 1677 2665 debentque
1692 2597 1826 2652 sacerdo·

975 2679 1025 2735 tali
1042 2679 1134 2736 ollicio
1148 2682 1291 2750 pertinent
1318 2681 1393 2752 Rege
1416 2689 1500 2750 prout
1522 2691 1639 2751 potuere
1661 2692 1769 2752 creato,
1792 2684 1826 2741 de

976 2766 1149 2837 patriarchae
1173 2774 1382 2838 consequenter
1407 2768 1611 2826 substitutione
1636 2778 1825 2841 pertractent.

976 2856 1045 2912 Erat
1065 2856 1102 2912 ibi
1124 2864 1193 2913 tunc
1209 2856 1473 2928 temporisquidam
1491 2858 1546 2914 sub
1558 2871 1682 2915 censura
1698 2858 1826 2917 clericali

977 2957 1074 3016 agens,
1091 2944 1145 3000 sub
1161 2960 1219 3015 quo
1242 2953 1338 3001 autern
1354 2945 1448 3016 gradu
1470 2947 1575 3014 nescio,
1597 2947 1648 3018 qui
1673 2955 1827 3005 vocaretur

975 3033 1122 3089 Arnullus.
1140 3034 1167 3089 ls
1183 3033 1211 3089 in
1227 3032 1382 3090 dialecticae
1395 3033 1556 3090 eruditione
1570 3050 1629 3091 nou
1645 3036 1826 3105 hebes;cum

975 3122 1093 3179 minime
1108 3122 1264 3178 baberetur
1278 3122 1313 3178 ad
1334 3127 1528 3194 grammatice
1541 3124 1715 3181 documenta
1731 3125 1825 3192 rudis,

974 3211 1049 3281 regis
1065 3211 1220 3281 nnglorum
1238 3210 1324 3267 liliam
1345 3212 1526 3278 monacham,
1542 3216 1617 3266 ⁴³⁵
1647 3226 1711 3269 earu
1734 3227 1825 3284 quarn

976 3298 1176 3369 premisimus,
1214 3299 1264 3356 diu
1294 3299 1446 3370 disciplina
1478 3301 1633 3356 docuerat:
1665 3301 1715 3357 cui
1750 3302 1825 3358 Nor·

975 3388 1180 3444 tbmanuorum
1198 3402 1306 3455 comes,
1327 3389 1471 3445 mediante
1487 3403 1599 3456 sorore,
1619 3389 1823 3459 spoponderat,

974 3476 1052 3548 quod
1080 3476 1165 3532 etiam
1181 3476 1369 3547 episcopalem
1399 3477 1538 3533 bonorem
1564 3477 1617 3546 ipsi
1639 3477 1775 3548 deterret,
1802 3479 1825 3534 si

974 3561 1139 3632 quempiam
1162 3561 1361 3632 episcoporum
1382 3576 1501 3618 suorum
1523 3561 1615 3617 obisse
1631 3563 1823 3634 contingeret.

975 3651 1091 3707 interim
1109 3649 1356 3720 Hierosolymitani
1371 3649 1482 3706 itineris
1496 3664 1561 3705 cum
1577 3651 1699 3706 suborta
1724 3650 1827 3708 luisset

973 3739 1094 3803 occasio,
1132 3737 1284 3808 episcopus
1313 3737 1485 3807 Bajocensis,
1516 3737 1575 3794 Odo
1612 3738 1741 3805 nomine,
1780 3740 1826 3795 vir

975 3839 1147 3896 magnarum
1164 3838 1263 3895 opum,
1280 3825 1325 3881 bic
1344 3824 1440 3895 ipsum
1463 3825 1579 3882 devovit
1595 3826 1657 3881 iter.
1682 3825 1737 3890 Qui
1756 3841 1825 3883 cum

974 3914 1094 3970 senioris
1118 3914 1280 3985 auglorum
1305 3913 1382 3985 regis
1407 3912 1551 3969 Guillelmi
1577 3913 1664 3969 irater
1685 3922 1772 3981 esset,
1800 3924 1828 3972 et

973 4009 1077 4072 praeter
1091 4000 1225 4071 pontilicii
1247 4001 1415 4071 dignitatem
1436 4001 1513 4071 apud
1528 4000 1635 4071 dnglos
1645 4002 1826 4068 {comitatum

974 4091 1081 4146 cantia,
1102 4089 1254 4158 obtineret,
1287 4103 1335 4159 spe
1354 4089 1648 4158 incomparandorum
1674 4088 1828 4147 thesauro·

974 4193 1051 4246 rum,
1068 4179 1097 4234 in
1114 4187 1226 4234 tantum
1242 4192 1287 4234 res
1300 4179 1380 4234 visus
1392 4185 1434 4234 est
1453 4179 1559 4234 audere
1575 4191 1674 4247 novas,
1690 4186 1723 4234 ut
1738 4180 1827 4236 etiam

938 4267 1010 4335 nde
1038 4267 1118 4338 regni
1147 4275 1248 4323 contra
1273 4265 1391 4322 lretrem
1418 4267 1567 4337 proprium
1599 4267 1828 4339 presumptione

976 4363 1112 4413 tractaret
1125 4355 1193 4425 (at).
1210 4353 1299 4421 Quem
1321 4368 1373 4410 rex
1390 4356 1568 4424 praeveniens
1586 4354 1726 4410 carcerali
1741 4368 1828 4412 mau-

975 4444 1082 4515 cipavit
1103 4443 1250 4510 custodia,
1275 4443 1457 4513 detinuitque
1480 4443 1577 4498 virum
1606 4457 1700 4513 usque
1729 4444 1828 4500 adsui

975 4532 1066 4603 ipsius
1094 4533 1205 4588 exitum
1237 4531 1314 4587 vitae.
1345 4529 1406 4597 Quo
1438 4538 1539 4586 exacto
1566 4530 1720 4602 episcopus
1752 4531 1826 4588 idem

976 4620 1145 4678 libertatico
1168 4620 1267 4676 bonori
1283 4619 1382 4688 rediit;
1397 4627 1425 4675 et
1442 4618 1482 4674 uti
1503 4619 1683 4688 premissum
1700 4627 1755 4684 est,
1773 4620 1827 4677 riae

977 4708 1065 4780 buius
1086 4709 1234 4764 intonante
1261 4707 1414 4777 praeconio,
1438 4705 1498 4776 ipse
1524 4720 1584 4763 sue
1612 4707 1706 4778 gentis
1735 4706 1828 4764 iretus

975 4797 1146 4868 frequentia,
1162 4810 1229 4852 oum
1246 4796 1351 4864 opibus
1365 4795 1527 4851 innumeris
1543 4796 1583 4850 ire
1599 4796 1737 4865 perrexit.
1767 4797 1826 4853 Cu-

971 4885 1020 4956 jus
1042 4885 1208 4954 Arnulpbus
1232 4884 1305 4939 idem
1326 4883 1474 4940 comitatui
1499 4897 1560 4939 sese
1576 4883 1678 4939 indidit
1692 4899 1699 4938 ε
1713 4892 1744 4941 et
1759 4898 1826 4941 eum

974 4974 1043 5030 bulo
1064 4973 1117 5043 ipsi
1141 4974 1273 5044 episcopo
1293 4971 1375 5037 citra,
1399 4971 1454 5026 nisi
1471 4970 1562 5039 lallor,
1580 4972 1728 5029 Romania
1745 4974 1824 5039 finos,

975 5063 1041 5119 linis
1059 5062 1215 5133 obtigisset,
1238 5074 1274 5116 ex
1301 5058 1347 5116 illo
1366 5061 1493 5116 maximo
1506 5074 1695 5129 censuquem
1717 5070 1783 5132 post
1797 5075 1826 5117 se

973 5151 1140 5222 reliquerat,
1169 5149 1247 5205 buno
1268 5149 1438 5220 legatarium
1454 5163 1526 5219 pene
1547 5156 1614 5205 ante
1633 5162 1736 5206 omnes
1755 5164 1825 5220 sup-

974 5238 1122 5311 pellectilis
1149 5252 1209 5294 suae
1237 5238 1368 5308 pretiosae
1394 5236 1495 5293 eiiecit.
1526 5236 1825 5295 cumcuimseieutia

973 5327 1087 5385 litterali
1105 5326 1262 5398 plurimum
1277 5332 1379 5396 posset,
1397 5332 1425 5382 et
1441 5324 1555 5395 ingenio
1576 5323 1745 5395 eloquentia
1767 5340 1821 5382 non

111 5447 167 5518 (³4)
195 5449 240 5502 Ita
263 5448 415 5518 scriptores
438 5451 552 5522 Anglici
575 5450 746 5508 Guillelmus
759 5451 917 5519 llalmcsb,
934 5451 1087 5509 blattbaeus
1100 5449 1200 5517 west,
1217 5449 1348 5520 Polydor.
1364 5448 1464 5518 virgil.
