3794 6008
543 188 725 247 ttbhatddtt
745 188 778 246 itt
798 185 951 248 nehesta
972 191 1035 246 titt.
1056 185 1101 247 Vl.
1655 186 1706 246 ltl

52 335 104 378 am
125 320 220 378 carnis
239 321 461 393 gravitudinem,
484 328 512 377 et
532 321 800 392 corruptibilitatem
820 322 990 379 ht'oluntas
1012 329 1117 378 riostra.
1142 321 1195 377 Sed
1212 329 1365 392 postquam
1381 322 1417 377 ad
1433 319 1571 378 Bersabee
1586 324 1706 379 reverti-

55 409 95 465 tia
125 425 177 466 nos
212 408 392 465 inhabitante
428 410 618 465 condiendam
648 411 802 466 eredimus.
858 418 918 480 tur,
953 411 1108 481 puerisque
1137 411 1337 482 conjungitur,
1373 411 1402 466 in
1431 412 1577 468 civitatem
1613 411 1706 468 Arbee

52 499 106 552 ebtt
134 514 221 553 semen
253 504 328 553 tuum
356 503 452 568 portos
484 501 655 552 irtimicorum
683 515 802 553 suorum.
859 501 999 556 moritura
1019 500 1190 556 devolvitur.
1213 500 1321 557 Civitas
1345 501 1442 556 anima
1461 508 1511 564 est.
1528 501 1706 557 Arbeedici-

79 587 134 657 18.l
168 591 202 642 Bt
235 588 423 642 benedicentur
455 590 484 641 in
512 589 611 642 semine
642 592 687 641 tuo
715 603 804 642 omnes
860 595 907 643 tur
922 595 1048 657 quatuor.
1065 590 1109 644 Ex
1123 589 1301 644 animalitate
1315 596 1422 656 cautent,
1437 603 1473 645 ex
1488 589 1588 644 intima
1602 588 1709 644 scilicet

85 681 172 743 terra,
215 679 283 746 quia
316 676 433 731 obedisti
471 679 529 730 unct
565 692 639 732 mea.
680 678 805 733 Possidet
858 676 946 731 nostri
964 684 1055 745 parte,
1070 686 1197 747 quatuor
1211 677 1378 747 passionum
1395 678 1525 734 miserias
1540 677 1706 745 toleramus,

56 772 151 835 portas
173 768 355 832 inimieorum,
380 779 447 820 cum
469 766 592 821 virtutes
606 766 660 821 sub
677 781 706 820 se
728 765 805 821 obti-
859 765 886 820 id
920 772 962 820 est
991 772 1127 833 metuere,
1159 780 1275 835 cupere,
1303 766 1438 834 gaudere,
1465 766 1569 821 dolere.
1596 764 1708 832 Quibus

52 854 129 920 titia,
152 868 218 923 qnae
237 862 304 910 sunt
324 861 421 923 portae,
447 867 498 922 per
521 867 595 923 quas
619 854 745 910 intratur
768 854 804 910 ad
857 854 927 909 dum
944 854 1122 910 seculariter
1136 868 1323 924 occupamur,
1340 869 1357 909 a
1373 854 1465 910 divini
1478 854 1597 911 omnino
1612 855 1708 911 cultus

52 943 131 999 tium
148 943 338 1010 diabolorum,
360 943 593 1009 antonomastice,
609 943 802 999 inimieorum.
857 956 928 997 cura
953 943 1151 999 distrahimur.
1177 943 1291 998 Hebron
1316 957 1395 1014 vero,
1422 951 1537 1014 quaet
1561 943 1705 1011 Chehron,

80 1036 169 1098 nentes
200 1032 412 1088 benedicuntur
434 1034 463 1085 iu
492 1033 601 1096 semiue,
629 1046 694 1088 eum
729 1033 804 1087 bona
856 1033 1011 1085 incantator
1031 1032 1256 1101 interpretatum
1281 1031 1341 1087 haec
1367 1047 1468 1101 nempe
1491 1033 1604 1088 lunesta
1629 1046 1707 1103 qna-

52 1122 98 1177 ,in
114 1121 257 1190 precipuo
272 1119 403 1175 oninium
417 1119 560 1176 seminum
575 1129 722 1191 augentur
735 1120 804 1176 cha·
857 1120 978 1176 ternitas
1002 1119 1190 1175 incantatoris
1214 1119 1286 1191 gerit
1308 1119 1447 1186 alliciunt,
1472 1121 1541 1176 dum
1571 1119 1706 1191 prosequi

75 1209 141 1278 lpsa
166 1208 242 1264 enim
270 1208 361 1278 operit
382 1207 597 1264 multitudinem
622 1216 804 1278 peccatorum
858 1209 1012 1282 persuadet
1028 1208 1154 1264 animant
1174 1208 1329 1279 cujuslibet
1350 1209 1453 1264 horum
1470 1209 1601 1265 desiderii
1626 1209 1707 1279 eogi-

52 1310 79 1367 v,
94 1297 149 1368 td),
171 1303 199 1351 et
215 1295 322 1352 dicitur
333 1298 508 1366 perfectionis
525 1296 663 1350 vineatum
678 1298 745 1366 (Col.
762 1311 803 1363 nr,
859 1306 983 1356 tatuum.
1013 1296 1082 1364 Quae
1100 1297 1197 1352 omnia
1222 1300 1252 1350 in
1279 1302 1352 1351 terra
1375 1298 1506 1353 chanaan
1531 1297 1613 1362 stunt,
1637 1296 1707 1368 quia

859 1388 888 1443 in
910 1395 1023 1443 terrena
1046 1394 1139 1442 mente
1161 1385 1305 1441 continuae
1328 1385 1537 1455 inquietudinis
1560 1386 1706 1457 negotium

52 1486 77 1528 s.
110 1474 151 1526 tit.
180 1503 215 1512 —
241 1475 371 1528 Rmersns
405 1476 444 1527 est
475 1473 620 1527 Abrabam
647 1475 685 1529 ad
710 1489 805 1544 pueros
859 1476 1021 1540 excitando,
1045 1482 1192 1548 perpetuae
1215 1473 1409 1529 damnationis
1431 1474 1527 1543 parari
1553 1474 1708 1530 humilitati

58 1562 237 1629 abieruntque
267 1561 399 1616 Bersabee
421 1562 513 1630 simul,
542 1569 567 1617 et
598 1564 733 1619 ltabilauit
757 1565 803 1619 ibi.
859 1578 917 1619 non
941 1570 1084 1618 metuunt.
1101 1562 1239 1618 Chanaan
1254 1575 1323 1616 sane
1346 1565 1508 1628 nepotiator,
1534 1561 1708 1631 velparatus

52 1649 231 1707 subtilitatem
252 1649 356 1705 divinae
379 1651 591 1719 speculationis,
609 1652 702 1724 fragili
728 1668 804 1723 qua-
825 1631 1010 1706 Bliramilitati
1025 1650 1140 1706 dieitur.
1161 1652 1292 1718 vertitque
1306 1649 1448 1704 Abrabam
1469 1654 1499 1703 ut
1520 1651 1664 1719 planperet
1684 1653 1709 1703 et

52 1738 201 1794 ¹ecessitate
217 1737 375 1794 relabimur
392 1738 428 1793 ad
446 1754 531 1794 nsum
547 1741 683 1797 humanae
699 1743 804 1798 volun·
858 1743 932 1808 steret
946 1755 1014 1806 eam.
1045 1741 1125 1794 Vertit
1148 1739 1299 1804 Abi-arlauno,
1321 1753 1387 1794 cnm
1402 1738 1475 1795 ratio
1492 1746 1590 1793 nostra
1615 1752 1632 1793 a
1650 1738 1709 1793 dis·

52 1834 75 1882 et
101 1826 324 1891 affectualitatis,
346 1841 411 1896 quae
440 1827 521 1883 nohis
549 1829 701 1898 pueritiam
727 1830 805 1887 ineu·
860 1829 990 1899 persione
1014 1842 1068 1884 sna
1087 1828 1251 1899 regreditur
1265 1828 1299 1882 ad
1322 1826 1367 1882 sui
1393 1826 1484 1897 ipsius
1505 1841 1623 1895 curam;
1648 1826 1706 1893 llet,

56 1915 190 1971 levitatis.
222 1915 362 1971 Bersabee
397 1922 493 1984 puteus
528 1921 658 1986 septimus
688 1919 803 1975 dieitur.
859 1933 926 1974 cunr
945 1918 1045 1973 lluxns
1069 1916 1212 1972 interioris
1234 1916 1382 1972 mollitiem
1397 1916 1481 1987 quasi
1498 1931 1591 1987 aquas
1613 1915 1650 1971 ab
1665 1916 1710 1971 in-

51 2002 429 2073 tsadputeumseptimum‚
443 2005 805 2062 cumadconsuetudinent
862 2006 1021 2062 tentionem
1038 2004 1128 2060 oculis
1148 2004 1266 2072 emittit;
1284 2003 1405 2075 plangit,
1430 2020 1497 2060 curn
1524 2005 1553 2060 in
1574 2002 1711 2060 exteriori

52 2090 136 2146 imur
159 2090 330 2146 interiorum
353 2092 590 2164 exteriorumque
606 2108 755 2161 sensuum,
771 2096 806 2152 de
861 2093 1029 2150 habitudine
1053 2093 1128 2148 acsi
1153 2093 1181 2147 in
1201 2108 1270 2149 voce
1284 2093 1401 2149 exhibet
1415 2093 1509 2149 cordis
1524 2092 1711 2159 attxietatem

52 2179 176 2250 'uragine
193 2194 259 2236 eum
277 2180 378 2235 crebro
397 2181 608 2236 exhauriamus
624 2182 718 2239 undas
734 2185 806 2239 suh·
860 2197 920 2253 qna
944 2183 1054 2238 sineere
1077 2181 1251 2237 intrinsecus
1279 2181 1405 2251 poenitet.
1432 2181 1536 2237 Multos
1558 2181 1635 2238 enim
1658 2181 1712 2236 hoc

52 2266 114 2322 ium
142 2267 345 2336 cupiditatum.
372 2282 525 2338 nunquam
554 2276 651 2325 tamen
674 2271 807 2340 quandiu
862 2286 947 2343 agere
959 2271 1055 2341 palatn
1070 2270 1169 2340 pudet,

52 2370 93 2412 tra
117 2355 272 2426 subjicitur
296 2356 417 2411 vanitati
443 2356 544 2411 rtolens
565 2358 649 2424 (Rom.
668 2373 728 2424 vur,
748 2359 806 2427 ab),
897 2360 983 2416 Vens.
1000 2362 1026 2428 3,
1051 2360 1077 2414 4.
1094 2388 1130 2400 -
1146 2360 1269 2427 Cumque
1293 2360 1456 2413 surreaisset
1476 2359 1510 2412 ab
1525 2360 1707 2428 ofnetosnne-

52 2446 132 2502 rltur
147 2445 183 2500 ad
197 2458 314 2515 purum.
329 2444 512 2514 septenarius
526 2445 601 2501 enirn
619 2461 655 2502 ex
671 2455 806 2517 quatuor,
861 2451 911 2510 ris.
929 2449 1031 2503 loeutus
1050 2447 1224 2515 estuantia
1248 2449 1318 2501 Beth
1340 2446 1450 2501 dicens:
1476 2446 1592 2502 Aduena
1610 2461 1670 2502 sum
1685 2451 1712 2501 et

52 2548 144 2605 orpus
159 2536 285 2604 signant,
297 2541 326 2590 et
340 2534 442 2601 tribus,
459 2549 525 2604 qua
535 2534 672 2604 animam,
687 2544 806 2605 constat,
860 2539 1021 2608 pereprinus
1035 2536 1111 2606 apud
1124 2550 1181 2601 uos,
1204 2536 1267 2589 date
1290 2537 1359 2590 milit
1367 2536 1415 2604 jus
1430 2537 1549 2605 sepulcri
1563 2535 1711 2600 uobiscum,

52 2637 90 2679 ιιι
106 2622 162 2678 snb
181 2623 376 2679 additamento
392 2624 470 2692 putei
487 2622 630 2679 interioris
642 2625 809 2681 exterioris·
862 2630 893 2680 ut
911 2625 1040 2694 sepeliam
1062 2629 1197 2678 mortuum
1217 2639 1313 2677 meum.
1330 2622 1483 2694 Surgiurns
1507 2624 1540 2677 ab
1562 2626 1651 2692 omnio
1665 2623 1712 2687 sn-

52 2710 170 2780 ecipitur
194 2710 389 2766 sensualitatis
406 2711 703 2780 incomprehensibilis
720 2713 810 2770 instar
863 2715 936 2768 uuis
950 2727 1016 2769 cum
1030 2711 1170 2783 erigimur
1184 2713 1213 2766 in
1233 2724 1311 2781 spem
1325 2712 1416 2779 veniae
1430 2718 1491 2782 post
1505 2710 1713 2768 exhibitionem

52 2801 55 2854 ἱ
78 2799 270 2871 profunditas.
299 2800 348 2855 llic
371 2798 545 2865 habitamus,
567 2798 636 2853 dnm
659 2807 686 2853 et
700 2796 730 2852 in
744 2810 808 2867 pro·
864 2801 1059 2872 penitudinis.
1075 2800 1148 2857 lieth
1173 2801 1379 2869 interpretatur
1392 2801 1521 2868 fumido,
1536 2800 1582 2856 vel
1606 2807 1710 2870 stupor.

52 2887 367 2958 toencupiscentiarnm
380 2888 572 2954 diversamur,
584 2893 611 2942 et
622 2895 717 2942 temen
727 2884 810 2955 quasi
828 2932 848 2988 c
866 2888 914 2941 Ad
925 2887 996 2956 filios
1011 2889 1081 2943 lietb
1095 2887 1253 2959 loquimur,
1270 2889 1340 2945 dum
1356 2903 1424 2944 cum
1443 2887 1549 2943 nostris
1566 2887 1712 2958 cogitatio·

52 2975 75 3032 ri
93 2975 125 3032 in
140 2976 223 3032 dorno
240 2975 357 3032 serviles
373 2975 508 3045 strepitus
522 2974 697 3030 dominando
712 2974 810 3043 depri-
863 2975 959 3045 nibus,
975 2991 1042 3046 quae
1067 2975 1156 3032 veluti
1173 2976 1290 3046 quidam
1305 2976 1380 3032 letus
1395 2976 1499 3032 mentis
1514 2984 1618 3033 nostrae
1633 2983 1712 3044 sunt,

52 3078 76 3121 s.
104 3064 241 3120 Habitare
266 3071 363 3120 autem
385 3077 460 3133 saepe
483 3063 512 3118 in
540 3063 810 3133 Scripturisproeo
863 3071 1016 3134 postquam
1046 3064 1145 3120 divina
1168 3064 1319 3120 tormidine
1345 3079 1405 3120 non
1433 3064 1527 3121 solum
1550 3072 1713 3136 tanguntur

52 3157 98 3208 est
113 3149 264 3218 dominari,
286 3151 414 3220 ponitur,
428 3164 481 3206 neo
497 3150 534 3205 ah
550 3164 580 3206 re
596 3150 666 3220 quia
678 3149 810 3205 hahitare
863 3152 1031 3221 introrsum,
1055 3153 1104 3208 sed
1128 3153 1215 3209 etiam
1240 3153 1310 3209 dum
1326 3159 1404 3209 terra
1425 3153 1564 3210 chanaan
1588 3167 1649 3209 esse
1663 3167 1712 3209 ve-

68 3238 170 3305 verho,
193 3237 270 3309 quod
284 3245 326 3293 est
343 3239 450 3303 babere,
477 3238 655 3294 detortitium
671 3238 810 3308 trequen—
864 3248 975 3309 rentur,
998 3240 1032 3311 jd
1053 3248 1095 3297 est
1117 3249 1254 3310 externae,
1278 3249 1306 3297 et
1329 3242 1422 3299 inutili
1438 3241 1594 3298 humilitati
1615 3242 1712 3312 parari

52 3341 83 3384 m
98 3335 157 3396 est;
179 3325 225 3382 his
245 3334 342 3382 autem
356 3341 423 3397 quae
439 3327 581 3383 habemus
595 3327 733 3381 dominari
757 3340 810 3381 nos
864 3329 1023 3400 retugium,
1041 3344 1135 3401 usque
1158 3330 1195 3386 ad
1214 3338 1362 3400 stuporem
1388 3330 1515 3400 corporis
1537 3330 1591 3386 hoo
1611 3330 1712 3386 timore

52 3429 99 3486 as3
126 3415 250 3486 sicergo
266 3414 404 3471 Bersabee
429 3423 523 3485 puteo,
542 3415 673 3471 videlieet
691 3411 810 3485 septimo
864 3415 1008 3485 leruutnr‚
1044 3417 1078 3472 de
1105 3423 1210 3473 nostrae
1243 3417 1345 3473 salutis
1371 3417 1485 3473 interna
1513 3417 1713 3474 commoditate

52 3505 177 3560 imorum
202 3503 300 3559 carnis
324 3511 352 3560 et
376 3504 465 3560 animi
489 3518 639 3572 sensnum,
655 3502 811 3560 habitando
864 3512 1031 3561 tractamus.
1052 3510 1102 3560 stt
1117 3505 1241 3573 Aduena,
1259 3505 1366 3577 inquit,
1381 3506 1598 3574 sumapudoos.
1615 3506 1713 3562 adve-

52 3607 157 3660 ramur,
184 3599 217 3648 ut
239 3606 340 3648 eorum
356 3593 555 3664 evagationem
578 3593 736 3648 cohibendo
761 3590 811 3646 ali·
864 3606 908 3649 nse
923 3607 1035 3660 snmus,
1052 3593 1102 3663 qui
1118 3593 1285 3663 nuperrime
1301 3594 1337 3649 ad
1349 3607 1399 3649 cor
1414 3593 1550 3650 redimus.
1566 3593 1713 3664 Peregrini

52 3682 132 3753 isper
157 3680 239 3737 duxa
262 3681 402 3738 desideria
426 3681 510 3752 quasi
533 3695 626 3752 aquas
644 3695 681 3738 ex
704 3679 811 3737 intimis
863 3695 973 3749 snmus,
998 3681 1050 3751 qui
1070 3681 1193 3737 necdum
1208 3682 1285 3737 intra
1300 3682 1484 3737 conscientie
1500 3682 1595 3739 sinum
1612 3696 1714 3737 muse·

52 3777 158 3828 temus.
864 3770 968 3826 dituus·
993 3769 1165 3839 Peregrinus
1179 3775 1275 3824 autem
1299 3783 1316 3825 a
1328 3768 1504 3839 perdurando
1528 3768 1643 3825 dicitnr.
1663 3772 1714 3824 dus

264 3840 380 3897 CAPUT
400 3840 507 3897 ΧΧῙΠ·
864 3856 983 3926 sepulcri
994 3854 1031 3910 ah
1043 3855 1084 3910 eis
1099 3855 1181 3911 nohis
1190 3855 1341 3927 exigimus
1358 3869 1426 3911 curn
1440 3855 1566 3912 debitam
1582 3856 1714 3927 requiem

52 3961 87 4002 ts.
107 3950 132 4013 l,
157 3949 184 4001 ι.
211 3976 247 3986 -
272 3948 353 4002 Vinii
379 3951 468 4001 autera
494 3947 565 4002 Sara
587 3951 691 4002 centurn
710 3949 813 4016 uipiuti
864 3945 942 4000 intra
969 3958 1021 3999 nos
1040 3943 1116 4013 ipsos
1134 3943 1171 3999 ab
1201 3945 1329 4014 ipsarum
1355 3944 1561 4015 cogitationum
1587 3945 1714 4001 naturali

52 4052 60 4090 t
82 4051 179 4091 anuos.
208 4038 244 4091 Bt
262 4041 370 4090 mutua
392 4040 432 4091 est
454 4038 609 4090 incivitate
633 4035 730 4097 Arbee,
753 4051 812 4104 que
866 4032 1046 4089 turbulentia
1067 4032 1278 4102 conquirimus.
1294 4032 1348 4100 Qui
1367 4033 1538 4090 thesaurum
1561 4032 1713 4099 elladiunt,

52 4124 124 4179 bron
146 4126 176 4178 in
192 4128 265 4179 terro
283 4124 425 4181 Cbanaau.
448 4123 501 4180 Per
522 4123 632 4192 Seram,
649 4126 811 4194 quaeprtn-
862 4122 949 4193 juxta
977 4120 1040 4188 iob,
1080 4121 1216 4191 gaudent,
1257 4136 1324 4177 cum
1353 4123 1516 4179 invenerint
1549 4122 1715 4191 sepulerum

52 4218 255 4282 uterpretatur,
278 4211 412 4268 voluntas
426 4210 591 4280 superiusa
606 4225 651 4266 me
668 4209 811 4266 intellecta
831 4210 937 4288 Dltob.
954 4224 995 4276 ιιι,
1018 4211 1063 4276 dl,
1079 4212 1134 4276 at).
1150 4210 1185 4264 Bt
1206 4210 1292 4280 juxta
1306 4210 1385 4266 hune
1401 4217 1514 4281 typum,
1534 4211 1626 4266 Maria
1645 4208 1716 4266 loris

52 4299 153 4366 scitur,
170 4314 204 4355 eo
222 4299 299 4370 quod
315 4299 437 4355 rationis
452 4298 564 4354 imbuta
583 4297 709 4366 consilio,
725 4300 813 4359 totius
870 4299 961 4369 plorat
984 4297 1021 4352 ad
1045 4305 1267 4353 monumentum
1293 4299 1381 4365 (toan.
1397 4313 1448 4366 xx,
1476 4300 1532 4367 lt).
1560 4298 1717 4368 sepelimus

67 4387 245 4459 principium
267 4389 433 4444 inveniatur
451 4402 512 4444 esse
535 4387 664 4443 actionis.
681 4388 734 4444 Per
749 4404 813 4444 ren·
868 4392 1013 4454 mortuum,
1036 4400 1103 4441 cnm
1118 4385 1158 4441 nil
1181 4385 1211 4441 in
1227 4386 1283 4442 hoe
1297 4386 1406 4443 mundo
1421 4394 1585 4456 sperantem
1596 4387 1716 4458 jamque

52 4478 137 4545 ipinti
151 4481 250 4546 septem
271 4491 356 4531 anuos
370 4475 504 4547 perfectio
523 4475 648 4532 scientiae
663 4489 697 4532 ac
716 4491 814 4546 opera·
868 4474 1042 4532 crucillxum
1065 4473 1139 4530 intra
1167 4475 1273 4530 numnis
1300 4475 1420 4532 rationis
1442 4475 1626 4532 recondimus
1650 4476 1717 4530 ani-

67 4565 252 4636 exprimitur.
274 4566 306 4621 ln
330 4566 494 4622 centenario
519 4580 644 4634 namque
669 4565 813 4635 perfectio,
870 4577 961 4620 mum.

52 4652 673 4724 enario,ubiBecalogispeciesgeminatur,
686 4654 816 4710 doctrina
906 4651 991 4708 Vens.
1016 4652 1042 4716 5,
1058 4649 1084 4704 6.
1110 4679 1143 4689 -
1163 4650 1424 4721 Responderuntque
1444 4652 1499 4716 filii
1520 4652 1615 4706 Hella:
1641 4653 1719 4707 Audi

52 4741 153 4798 enutio
168 4741 274 4797 divinae
285 4741 355 4812 legis
366 4741 555 4812 exprimitnr;
571 4756 638 4812 qnae
654 4743 695 4797 rei
705 4742 816 4798 utrius·
870 4755 929 4803 nos,
952 4740 1080 4794 mutuet
1103 4740 1230 4808 Princeps
1257 4741 1310 4793 Dei
1333 4756 1359 4794 es
1386 4740 1462 4809 apud
1486 4757 1544 4806 nos,
1572 4743 1602 4795 in
1628 4743 1717 4797 electis

52 4829 183 4902 partemio
206 4831 242 4887 ad
270 4831 474 4900 septenarium,
500 4830 551 4901 qui
576 4829 750 4901 spiritualim
775 4838 817 4888 est
870 4829 1002 4900 sepulcris
1025 4829 1126 4882 uostris
1145 4829 1229 4897 sepeli
1249 4835 1394 4894 mortuum,
1422 4835 1497 4884 tuum
1522 4832 1667 4898 nullusque
1686 4831 1720 4884 'le

52 4918 288 4977 acharismatum
313 4919 475 4987 deducitur,
493 4919 563 4989 quia
581 4926 697 4975 centurn
714 4919 817 4991 viginti
869 4917 1013 4988 probibere
1039 4919 1148 4986 poterit,
1183 4919 1303 4985 quinia
1326 4924 1493 4972 morrrtmeuto
1522 4917 1581 4989 ejus
1605 4920 1719 4989 sepelias

52 5006 152 5065 ntihus
164 5008 236 5074 (Act.
256 5024 276 5075 ι,
294 5010 349 5077 lb),
365 5008 456 5064 sancti
472 5008 594 5078 Spiritus
608 5009 703 5079 gratia
718 5008 818 5079 illapsa
872 5009 1008 5060 mortuum
1030 5010 1115 5059 tuum.
1137 5006 1200 5058 Pitii
1219 5006 1288 5059 lletlt
1312 5004 1432 5060 abrahae
1453 5005 1634 5074 respondent,
1653 5020 1720 5062 cnm

52 5095 169 5166 tseitur3
189 5096 343 5167 requiescit
359 5098 436 5152 enim
449 5110 537 5167 super
552 5095 702 5163 humilem,
718 5104 746 5152 et
760 5104 819 5152 tre-
873 5093 1059 5165 cogitationes
1086 5093 1194 5149 timidae
1228 5092 1346 5148 consilio
1390 5093 1508 5149 rationis
1543 5096 1720 5165 aggaudent.

52 5198 94 5242 em
110 5197 256 5240 sermones
270 5184 321 5240 Dei
346 5183 415 5247 lisa.
432 5199 509 5254 ιιιιι,
524 5187 565 5254 2);
583 5185 635 5241 hos
657 5185 755 5255 itaque
769 5185 819 5255 qui
875 5181 964 5251 Audi,
987 5181 1133 5251 inquiunt,
1162 5196 1220 5246 uos,
1240 5183 1360 5248 domitu,
1383 5182 1467 5236 idest
1491 5182 1722 5239 intellectualiter

53 5279 105 5329 tet
119 5270 232 5328 iaciunt
252 5271 376 5342 Spiritus
395 5272 548 5337 inhahitat,
563 5272 723 5342 statumque
742 5273 820 5328 devi-
874 5286 926 5328 nos
941 5271 1078 5327 discerne.
1097 5269 1278 5340 Principatus
1294 5269 1368 5326 enim
1385 5271 1434 5325 Dei
1457 5270 1534 5326 vires
1561 5271 1589 5326 in
1618 5272 1724 5328 nostris

52 5359 217 5417 Mundum
239 5360 318 5431 quod
343 5360 440 5431 itaque
463 5360 507 5415 his
537 5361 671 5416 innuitur
695 5361 822 5416 numeris
878 5359 1061 5416 interioribus
1077 5359 1147 5430 agis,
1175 5360 1252 5415 unde
1268 5367 1295 5415 et
1318 5360 1345 5414 in
1366 5360 1513 5431 apocalysi
1529 5375 1595 5416 enm
1611 5362 1668 5417 [leo
1694 5363 1722 5417 in

57 5448 142 5516 Sara,
167 5448 239 5520 quia
260 5449 355 5505 taliter
370 5463 399 5505 se
420 5449 529 5505 habens
543 5457 618 5506 reete
643 5448 822 5518 principatur
878 5448 992 5516 throno,
1018 5448 1044 5503 id
1068 5456 1110 5503 ost
1128 5448 1284 5520 iudiciaria
1301 5456 1445 5519 potestate,
1464 5450 1604 5505 vincendo
1629 5451 1725 5506 sedere
