3818 6008
341 280 464 338 tuter.
486 281 531 336 ott
550 280 808 337 lttcttltnattodtt
826 279 967 337 contat
985 277 1133 336 JUDAEOS.
1145 307 1180 319 -
1192 277 1257 334 tttt.
1278 277 1323 332 ltl.
1656 280 1708 332 5t8

84 414 144 486 jam
185 427 235 469 vos
271 413 403 484 pauculis
440 412 639 485 rogationibus
677 410 803 482 compel-
821 416 927 467 acum
946 410 976 464 in
1000 408 1189 479 sequentibus
1217 408 1252 463 ob
1278 407 1363 478 plura
1390 407 1536 465 connubia
1564 406 1708 465 diluvium

859 498 1016 554 inundasse
1040 499 1178 569 legamus,
1205 506 1233 553 ot
1259 503 1354 552 tamen
1379 496 1526 552 Abraham
1559 511 1595 553 ex
1623 496 1709 554 latere

56 604 96 646 em
119 588 198 646 illam
221 589 290 645 adeo
315 588 468 645 carnaliter
497 602 556 659 qua
578 587 734 645 intentione
760 595 803 644 te·
854 587 931 643 Sarae
945 587 1033 659 Agar,
1063 587 1119 641 lieo
1145 587 1231 642 etiam
1255 583 1407 654 aliquoties
1430 598 1494 640 eam
1520 594 1705 654 procurante,

76 677 138 735 Soio
159 693 210 734 vos
232 678 382 735 dicturos:
422 679 456 733 Et
484 677 627 747 quomodo
661 676 750 748 legem
786 689 803 732 a
855 675 1286 745 habuisse-iacobquoquest
1307 674 1431 743 Moysen,
1460 673 1624 744 multosque
1648 674 1704 731 sub

56 766 158 822 sodalis
170 765 329 836 praebitam,
347 766 402 821 imo
427 764 515 834 ipsius
534 764 623 836 digito
642 773 802 831 exaratam,
857 764 918 835 lege
943 763 1165 834 probatissimos,
1188 776 1343 818 numerum
1369 763 1528 833 conjugum
1552 762 1614 818 sine
1639 762 1709 834 legis

56 870 61 909 t
86 854 254 920 terroribus,
276 853 442 923 lampadum
466 852 628 925 fulgoribus
648 861 677 910 et
699 852 805 909 montis
857 853 1080 909 contradictione
1092 852 1290 922 cognovimus.
1306 850 1374 905 ddae
1389 859 1484 905 autem
1500 851 1576 907 diota
1591 851 1708 908 indubie

56 942 191 999 itionibus
210 941 432 1013 promulgatam,
456 941 528 997 nulli
550 941 628 1012 genti
656 955 673 996 a
700 942 804 998 saeculo
858 941 972 1011 probet
990 940 1086 996 vorbis
1110 940 1264 1010 ponimus,
1296 953 1382 1009 quem
1409 938 1627 1008 paradisicolam
1657 940 1708 996 Dei

81 1037 195 1087 mutare
224 1028 407 1099 poterimus?
438 1029 473 1084 Et
501 1029 524 1083 si
551 1029 626 1101 leges
654 1029 804 1085 hominum
857 1026 944 1085 luisse
963 1037 1033 1085 tunc
1057 1028 1190 1083 intimum
1215 1027 1332 1082 scimus.
1360 1027 1441 1082 lesus
1461 1028 1547 1083 etiam
1567 1027 1708 1085 Dominus

56 1125 102 1186 nt,
117 1118 184 1189 quis
198 1118 247 1173 Ilei
264 1126 406 1188 precepta
421 1117 563 1172 destituet.
858 1117 918 1173 hac
934 1117 990 1172 Deo
1007 1117 1095 1172 rerba
1111 1115 1240 1171 ascribit.

56 1207 145 1263 sordet
176 1206 295 1273 ιΙιιιιιιιι,
324 1206 475 1276 probatque
501 1208 584 1259 Deum
613 1207 696 1273 legem
721 1205 805 1261 ebro·
894 1204 1132 1262 ldulieridixerat
1147 1204 1221 1260 Deus
1237 1203 1413 1273 qnaevirum
1439 1203 1586 1261 inobedire
1609 1219 1708 1263 suase·

63 1295 272 1350 auctoritatibus
292 1295 450 1362 Scripturas.
468 1323 502 1332 —
517 1293 561 1348 Ad
578 1293 639 1349 haec
661 1293 803 1349 inieram:
858 1302 903 1351 rat
918 1311 925 1348 :
938 1294 996 1351 Sub
1009 1296 1064 1348 oiri
1075 1298 1207 1363 potestate
1229 1294 1296 1360 eris,
1323 1298 1349 1346 et
1371 1295 1429 1362 ipse
1455 1293 1645 1348 dominabitur
1667 1297 1709 1349 tui

56 1383 105 1441 uid
132 1383 269 1450 horroris,
287 1382 430 1453 quidquid
452 1381 671 1453 magnilicentiae
692 1381 806 1438 extrin-
860 1383 937 1451 (Gen.
955 1398 994 1450 ιιι,
1012 1383 1065 1456 td).
1094 1383 1155 1452 lpse
1185 1381 1258 1437 idem
1283 1381 1407 1437 Abrahae
1433 1382 1585 1452 loquitur:
1611 1384 1709 1439 Omute

62 1472 133 1545 legis
161 1471 263 1527 dandae
287 1479 398 1527 constat
423 1470 595 1535 adhibitum,
626 1485 683 1526 non
707 1471 806 1543 magni
860 1488 1023 1542 quaecuuque
1046 1471 1150 1526 dicerit
1168 1470 1219 1525 tibi
1242 1471 1323 1529 Sere,
1347 1470 1415 1523 cudi
1435 1485 1523 1524 vocem
1547 1473 1603 1540 ejus
1627 1470 1706 1542 (Gen.

56 1575 116 1630 .nr;
145 1562 205 1617 hacc
232 1560 309 1616 enim
338 1559 367 1614 in
396 1559 557 1615 minoribus
583 1573 657 1628 sape
685 1561 807 1631 negotiis
859 1575 921 1628 ιιι,
940 1561 1247 1633 12).Ecccqnamum,
1265 1573 1413 1629 quamquo
1436 1559 1619 1628 spectabilem
1640 1574 1708 1616 mu·

57 1648 272 1719 expenduntur.
294 1647 381 1704 Plane
400 1646 514 1702 Samuel
537 1661 604 1702 cum
638 1654 807 1704 causaretur
862 1650 925 1706 lieri
940 1649 1092 1717 addixerit,
1109 1662 1196 1718 quem
1212 1660 1262 1717 per
1276 1660 1306 1702 se
1320 1646 1421 1702 docere
1438 1654 1578 1716 potuerat.
1733 1703 1736 1708 ,

56 1737 197 1809 sregium
211 1736 358 1807 fastigium
374 1734 549 1792 affectantes.
575 1736 677 1804 Nouae,
700 1711 846 1809 inquit,B
896 1737 966 1793 Cain
981 1736 1098 1803 etSoth,
1116 1734 1167 1791 lilii
1192 1735 1267 1800 hdae,
1295 1735 1371 1790 unde
1395 1734 1531 1806 conjugia
1555 1735 1609 1792 sibi
1637 1750 1705 1792 oon·

67 1828 155 1881 triciti
170 1830 210 1880 est
236 1825 337 1879 hodie‘t
362 1824 493 1879 Iuooento
516 1827 658 1879 bominum
683 1831 709 1880 et
729 1824 807 1880 dubit
862 1824 1006 1883 traxerint
1019 1825 1104 1891 nosti,
1120 1838 1156 1880 ex
1172 1837 1225 1879 sua
1241 1822 1432 1894 germanitate
1446 1823 1580 1892 prolecto.
1598 1826 1711 1885 Poterat

56 1915 217 1984 aptantem
235 1919 260 1967 et
279 1915 369 1967 scietis
394 1915 461 1981 quia
484 1913 588 1981 pronde
611 1913 711 1966 metum
734 1914 807 1978 fece·
859 1915 980 1972 verocls
995 1914 1071 1970 Deus
1095 1913 1211 1969 aliunde
1239 1925 1335 1967 orooro
1362 1925 1476 1977 uxores,
1502 1919 1530 1967 at
1558 1913 1618 1984 ipse
1645 1913 1710 1971 lecit

56 2003 143 2069 lltep.
160 2017 211 2068 ιιι,
231 2002 281 2066 trt.
298 2003 379 2057 Certe
393 2008 420 2057 et
443 2000 524 2056 Osias
548 2015 600 2056 rex
624 2000 808 2056 sacerdotalis
861 2011 893 2060 ut
908 2003 950 2060 sic
965 2002 1126 2058 necessario
1142 2001 1229 2057 lieret.
1246 1999 1327 2067 Quod
1347 1999 1433 2055 etiam
1456 2000 1491 2057 de
1515 2001 1619 2070 amitis,
1646 2017 1710 2058 ma-

56 2102 84 2146 rs
100 2090 208 2157 inlulae,
223 2103 289 2144 cum
303 2097 404 2144 sancta
418 2088 528 2160 ingredi
545 2097 721 2159 usurpasset,
744 2103 808 2145 mo·
860 2091 972 2148 terteris
984 2089 1098 2160 penitus
1119 2089 1193 2144 idem
1218 2095 1270 2144 est.
1299 2089 1334 2143 Et
1361 2088 1421 2144 haee
1445 2088 1586 2159 siquidem
1612 2092 1710 2147 omnia

56 2186 137 2235 terre
151 2177 315 2249 ingentibus
330 2177 421 2245 lactis
434 2191 559 2247 quorum
569 2180 655 2232 Amos
668 2175 807 2243 meminit,
861 2179 921 2247 Dei,
938 2178 988 2249 qni
1002 2192 1037 2235 ea
1053 2179 1144 2247 primo
1158 2178 1198 2233 sio
1215 2176 1318 2233 lecerat
1326 2177 1420 2247 jussu,
1432 2177 1557 2234 etedicto
1569 2179 1709 2250 lloysaioo

61 2280 179 2337 quoque
193 2265 291 2321 hiatus
307 2264 526 2335 praeruptissimi
541 2273 707 2335 patuerunt.
732 2265 808 2322 Nihil
861 2264 1015 2335 asperrimo
1028 2264 1208 2334 postmodum
1225 2265 1313 2319 vetita
1328 2270 1405 2320 sunt.
1426 2264 1499 2331 Quid
1520 2267 1597 2336 qnod
1619 2281 1709 2323 unam

57 2356 86 2412 bi
99 2355 203 2411 accidit
218 2355 296 2426 quod
310 2369 367 2410 non
383 2356 497 2425 uspiam
513 2354 626 2411 facilins
648 2355 807 2412 accidisset.
862 2354 940 2410 illam
955 2367 1044 2425 quam
1059 2354 1121 2410 viro
1134 2361 1241 2409 costam
1257 2352 1430 2417 detraxerat,
1446 2353 1536 2424 inque
1560 2355 1708 2412 mulierem

56 2458 117 2515 yses
143 2442 337 2515 quadraginta
361 2442 473 2500 distulit
497 2444 598 2500 diebus
622 2445 757 2513 inediam,
782 2451 809 2500 ct
862 2442 1065 2510 aediticaverat,
1082 2442 1111 2498 in
1130 2441 1272 2498 totdividi
1300 2440 1378 2498 brevi
1399 2450 1460 2512 post
1484 2443 1543 2515 ipse
1570 2444 1707 2515 permisit,

56 2548 60 2588 t
87 2531 187 2589 leviori
221 2546 258 2589 ex
285 2546 372 2589 causa
396 2532 493 2588 iecisse
521 2533 628 2589 scimus
652 2534 754 2589 Etiam.
781 2533 809 2589 Si
862 2539 895 2588 ut
907 2532 968 2602 jam
982 2545 1040 2587 non
1055 2532 1112 2587 duo
1126 2530 1175 2586 sed
1189 2531 1285 2600 plnres
1299 2531 1454 2586 admodum
1465 2530 1565 2587 iterent
1579 2532 1608 2588 in
1623 2546 1710 2590 carne

56 2618 163 2674 tomino
176 2618 285 2688 lloyses
298 2617 470 2687 loquebatur
493 2616 565 2674 facie
587 2617 621 2673 ad
647 2617 757 2687 taciem,
782 2627 810 2675 et
862 2619 946 2677 una'i
961 2622 1039 2692 Agar
1052 2619 1196 2688 ancillam,
1213 2619 1361 2675 adomina
1376 2619 1446 2675 Sara
1469 2620 1591 2690 pulsam,
1619 2634 1708 2691 ange-

72 2707 223 2778 protitetur
243 2706 397 2762 Dominum
421 2705 545 2762 Sabaoth
571 2706 631 2761 suis
653 2720 682 2762 se
705 2707 810 2764 vidisse
862 2709 909 2766 lus
940 2711 1053 2781 reperit,
1084 2708 1177 2764 redire
1202 2722 1235 2763 ac
1264 2708 1410 2764 humiliari
1434 2709 1488 2764 sub
1512 2709 1582 2764 hera
1607 2711 1707 2765 suasit.

56 2835 64 2862 ,
98 2808 183 2866 quem
210 2794 323 2850 viderat
351 2794 453 2850 solium
482 2794 628 2851 excelsum
654 2794 810 2860 sedentem,
865 2799 992 2870 lienique
1030 2800 1109 2854 lsaac
1140 2797 1314 2867 jamdudum
1345 2805 1421 2865 nato,
1449 2803 1477 2854 et
1503 2797 1710 2868 grandiusculo

56 2897 90 2939 m
114 2890 141 2938 et
168 2881 218 2938 alii
243 2897 279 2939 ex
311 2883 455 2953 prophetis
478 2882 606 2953 quidam.
633 2883 707 2948 Quid
732 2882 810 2953 quod
863 2887 992 2956 ismaele,
1008 2902 1074 2944 cum
1091 2887 1161 2943 Sara
1175 2885 1257 2942 lusus
1269 2899 1369 2941 corum
1384 2899 1461 2957 agre
1477 2885 1597 2954 tulisset,
1620 2886 1710 2944 invito

65 2971 182 3027 Balaam
198 2971 288 3027 ariolo
302 2978 330 3027 et
345 2971 521 3041 apparuisse,
537 2980 564 3028 et
588 2971 693 3041 saepius
709 2985 810 3027 occur·
830 2977 1023 3061 edbraham,
1036 2975 1156 3046 iubetur
1172 2974 1343 3031 muliercula
1358 2988 1424 3030 cum
1439 2973 1517 3044 prole
1533 2975 1641 3046 repelli.
1657 2974 1709 3033 Cui

62 3060 137 3117 licus
163 3059 295 3116 dicitur?
321 3060 460 3116 Tonitrua
484 3060 709 3131 hujusmodique
736 3059 813 3116 elan-

57 3162 95 3205 ex
105 3162 205 3205 aerum
219 3147 436 3218 importunitate
450 3149 631 3221 contingunt.
643 3147 714 3207 Cum
725 3149 809 3205 etiam

56 3235 193 3293 lovincias
207 3234 278 3291 alias
298 3235 400 3304 hieme,
421 3236 492 3292 alias
510 3245 607 3293 aestatc
627 3238 809 3308 proveniant.

58 3323 121 3392 iter,
137 3332 297 3381 monstrum
314 3324 478 3380 exhibeant.

57 3414 136 3485 gitur
147 3414 241 3470 solum
265 3413 404 3469 incensa
428 3420 568 3482 versetur,
590 3415 660 3486 quia
680 3416 755 3471 licus
778 3429 812 3472 ea

56 3510 103 3558 ata
117 3502 281 3572 prebuerit.
297 3501 365 3569 Quae
384 3502 407 3559 si
432 3503 492 3558 ideo
516 3503 709 3560 immutabilia
729 3504 811 3575 jndi-

56 3605 78 3657 r,
108 3591 256 3647 videamus
284 3590 320 3646 ab
353 3590 422 3660 ipsis
446 3590 617 3647 saeculorum
648 3592 812 3661 primordiis

865 3065 1067 3122 coutroversiae
1082 3078 1138 3120 vox
1154 3064 1263 3131 divina,
1280 3077 1346 3134 quac
1360 3064 1494 3134 superius
1508 3077 1572 3120 eam
1587 3063 1710 3120 dominae

865 3152 1042 3211 reconciliari
1075 3159 1256 3224 praeceperat,
1285 3150 1392 3220 intulit,
1420 3161 1448 3208 et
1483 3151 1566 3223 qnasi
1597 3151 1709 3222 pristini

865 3241 953 3298 oblita
965 3240 1086 3303 consilii,
1101 3241 1256 3311 postposito
1271 3240 1428 3308 Abraham,
1445 3240 1523 3296 Sarac
1541 3240 1659 3296 mandat
1679 3239 1711 3296 in

864 3329 1000 3387 omnibus
1012 3328 1129 3385 obediri.

902 3419 1038 3488 Praecepit
1053 3425 1189 3487 proterea
1203 3418 1278 3473 Deus
1291 3431 1327 3472 ne
1341 3416 1483 3488 sculptile,
1500 3432 1535 3474 ne
1555 3417 1710 3487 oonllatile,

866 3521 901 3562 ne
916 3519 975 3576 qua
989 3505 1156 3573 similitudo,
1171 3519 1207 3560 ne
1222 3505 1298 3575 quod
1318 3505 1433 3574 signnm
1464 3505 1493 3561 in
1517 3513 1592 3562 terra
1616 3513 1712 3562 vestra

865 3594 1035 3666 erigeretur,
1050 3602 1078 3650 ct
1094 3603 1188 3650 tamen
1204 3594 1234 3649 in
1256 3593 1440 3650 tabernaculo
1464 3594 1631 3659 Cherubim,
1653 3595 1711 3650 lio-

57 3678 212 3746 nstitucrit,
228 3692 292 3748 qua
308 3692 425 3749 quoque
440 3678 572 3735 instituta
596 3679 674 3746 locis,
700 3687 812 3751 tempo·
865 3684 943 3740 mino
966 3682 1096 3755 iubente,
1122 3690 1190 3738 sunt
1216 3681 1338 3751 sculpta.
1366 3680 1438 3749 Quid
1460 3681 1552 3738 dicam
1578 3682 1613 3738 de
1632 3696 1711 3739 aeneo

56 3810 58 3825 .
85 3765 273 3838 personisque
297 3767 460 3824 mutaverit.
485 3767 565 3823 Certe
591 3769 620 3823 in
652 3768 811 3839 primorum
866 3777 996 3842 serpente
1016 3769 1115 3842 ignitis
1135 3769 1245 3840 objecta
1270 3769 1461 3839 serpentibus,
1485 3770 1519 3825 ad
1545 3784 1631 3841 quem
1655 3777 1712 3827 toto

56 3869 117 3912 rum
135 3854 249 3910 illorum
264 3854 417 3922 creatione,
439 3870 505 3912 cum
533 3856 664 3927 praelatos
686 3871 735 3912 eos
759 3863 813 3913 ter·
865 3859 1003 3916 exercitui
1020 3858 1202 3927 eminentem,
1219 3858 1270 3928 qui
1293 3872 1448 3929 percussus
1473 3859 1635 3930 respiceret,
1657 3858 1711 3915 sal-

61 3942 296 4014 aquatilibusqne
308 3944 454 4014 Scriptura
464 3945 591 4014 dixisset,
604 3946 694 4001 Deum
707 3946 814 4016 pariter
866 3947 1008 4004 varetur‘l
1019 3948 1094 4005 Num
1107 3947 1234 4019 signum,
1246 3961 1317 4003 num
1330 3946 1486 4004 similitudo
1497 3947 1570 4004 tulit
1582 3948 1618 4005 Et
1626 3955 1712 4017 certe,

56 4046 73 4087 e
90 4030 271 4088 subnexuit:
302 4033 373 4087 Ecce
401 4033 466 4088 dedi
487 4049 590 4088 omnem
611 4034 722 4088 herbum
742 4034 813 4104 offe·
868 4036 941 4094 libro
954 4037 1065 4109 llegum
1082 4044 1159 4102 teste,
1176 4050 1269 4107 usque
1287 4035 1323 4091 ad
1344 4035 1471 4091 Ezechiae
1496 4043 1625 4107 tempora
1646 4050 1714 4093 eum

56 4124 200 4188 structum
218 4137 300 4191 super
322 4127 432 4189 turam,
460 4128 485 4176 ct
503 4126 632 4178 uniuerso
654 4123 728 4190 liqna
754 4139 814 4194 que
867 4127 980 4182 coluere
995 4125 1082 4181 thura
1094 4124 1248 4180 cremando
1263 4124 1374 4194 ludaei;
1390 4132 1417 4180 et
1430 4124 1513 4194 plane
1531 4139 1588 4181 non
1604 4124 1714 4182 nescie-

56 4213 109 4266 ιιι
123 4213 274 4279 semetipsis
287 4215 430 4266 sementem
445 4214 549 4279 gemmas
564 4214 618 4277 sui,
630 4219 660 4266 ut
670 4215 726 4266 sint
737 4212 813 4266 nobis
868 4215 917 4270 bat
942 4214 1018 4270 Deus
1045 4213 1122 4269 illius
1147 4212 1293 4270 institutor
1316 4213 1428 4281 ostenti,
1455 4213 1530 4270 istud
1553 4228 1655 4271 eorum
1677 4214 1714 4271 ad

56 4313 97 4352 um
110 4297 189 4369 (Gen.
212 4312 231 4364 ι,
248 4299 305 4368 29).
329 4299 366 4353 At
387 4297 553 4369 cataclysmi
573 4307 675 4356 exacta
700 4299 808 4369 pluvia,
829 4298 943 4357 liidola
959 4299 1132 4371 proclivium
1147 4313 1252 4372 magno
1265 4300 1424 4357 valiturum
1448 4303 1547 4357 errori.
1576 4303 1642 4369 lloc,
1667 4301 1715 4358 in-

56 4386 108 4443 loe
122 4394 149 4444 et
163 4386 229 4442 tritis
249 4387 313 4458 eius
335 4387 460 4442 seeundo
485 4387 612 4459 ejusdem
639 4389 813 4459 praelationis

70 4473 199 4543 ludisset,
215 4475 348 4531 addidit:
375 4476 469 4531 Omnes
492 4479 578 4546 pisces
602 4480 696 4532 moaui
718 4482 813 4534 cestra

56 4565 67 4618 i
88 4569 160 4631 suat,
185 4569 210 4618 et
223 4580 298 4619 omae
313 4565 386 4635 quod
408 4571 528 4620 mouetur
547 4571 572 4620 ct
588 4568 658 4620 uiuit
673 4569 725 4621 erit
738 4567 813 4621 uobis

56 4668 118 4719 rum,
145 4657 255 4722 eccepto
286 4654 359 4722 quod
386 4668 493 4708 curnem
520 4670 579 4708 cum
603 4656 736 4720 seripuiae
760 4671 814 4710 noa

56 4741 108 4796 etis
122 4741 199 4811 (Gen.
215 4754 255 4808 ιι,
271 4744 298 4807 2,
316 4743 354 4808 3).
372 4742 464 4798 Habes
485 4742 575 4798 Deum
602 4752 728 4799 mutasse
748 4758 813 4800 sen·

58 4843 96 4897 m,
114 4840 147 4884 ut
162 4829 197 4884 de
220 4830 401 4900 graminibus
424 4831 459 4886 ad
486 4832 617 4886 carnium
643 4831 740 4888 edulia
762 4846 814 4888 nos

56 4924 89 4973 et.
107 4916 238 4988 Denique
249 4918 303 4974 sub
320 4919 414 4989 lloyse
429 4933 495 4975 cum
522 4919 556 4975 de
578 4933 681 4976 esuum
706 4920 815 4977 discre-

71 5012 217 5075 tractarct,
248 5008 331 5077 quasi
361 5007 448 5064 oblito
470 5009 548 5080 quod
578 5016 720 5065 annuerat
743 5008 813 5077 istis,

77 5093 184 5150 scilicet
207 5096 284 5166 quod
309 5104 441 5153 movetur
467 5104 495 5155 et
518 5098 600 5166 vivit,
632 5098 660 5153 in
681 5112 812 5167 munera,

56 5179 77 5236 li
92 5182 193 5238 vetuit.

56 5282 96 5325 tm
121 5282 238 5340 quoque
266 5283 358 5327 uxore
389 5270 444 5327 sibi
480 5271 630 5329 exhibita:
662 5273 813 5344 delinquet,

55 5363 74 5425 t,
89 5355 166 5411 bomo
180 5361 296 5426 putrem,
316 5362 342 5414 ct
366 5363 490 5428 matrem,
518 5365 543 5414 et
562 5360 710 5415 adherebit
732 5362 816 5415 umori

56 5444 118 5501 sen.
144 5458 174 5513 u,
198 5444 254 5516 et).
280 5444 342 5502 lion
362 5445 458 5504 dixit:
485 5447 587 5516 llomo,
611 5448 668 5504 lieo
692 5455 762 5505 tuuc
787 5455 816 5506 et

56 5531 110 5589 atla
140 5532 253 5602 plenus,
281 5534 437 5591 adherebit
460 5536 612 5605 uxoribus,
636 5536 685 5592 sed
716 5535 814 5606 uxori,

868 4403 968 4460 quam,
997 4397 1099 4445 contra
1127 4403 1181 4444 sua
1206 4389 1229 4445 si
1253 4388 1348 4446 dicere
1373 4389 1507 4458 audeam,
1534 4388 1605 4446 scita
1628 4389 1716 4461 jussit

868 4477 952 4534 Deus.

903 4565 1134 4622 Tabernaculum
1149 4578 1218 4621 vero
1234 4565 1339 4636 ipsum,
1356 4566 1431 4636 qood
1442 4565 1479 4622 ab
1495 4565 1559 4622 imis
1571 4564 1716 4636 adsupre·

868 4667 916 4709 ma
930 4654 1044 4725 proprio
1060 4655 1136 4711 Deus
1148 4653 1259 4710 orditus
1274 4661 1316 4709 est
1329 4668 1387 4720 ore,
1405 4652 1537 4708 Salomon
1553 4667 1629 4708 nova
1644 4653 1715 4709 aedi·

869 4742 1000 4799 irratione
1015 4743 1153 4811 destituit,
1169 4742 1198 4797 in
1217 4748 1329 4798 tantum
1344 4749 1376 4798 ut
1390 4740 1551 4812 sacrilegio,
1563 4742 1620 4797 imo
1632 4741 1717 4798 idolo

868 4831 959 4887 latriae
979 4831 1132 4898 diceretur,
1152 4831 1175 4888 si
1201 4830 1268 4902 qnis
1295 4838 1358 4901 post
1387 4828 1483 4900 templi
1508 4829 1716 4886 dedicationem

868 4932 902 4975 ea
915 4918 977 4975 loca
997 4919 1078 4977 cultu
1093 4919 1192 4990 aliquo
1214 4925 1407 4989 respectasset.
1426 4917 1506 4974 Unde
1516 4924 1544 4975 ct
1555 4917 1584 4973 in
1600 4917 1716 4974 calum-

868 5008 948 5063 niam
964 5006 1034 5063 illnd
1051 5009 1151 5064 crebro
1164 5006 1270 5064 dicitur
1285 5022 1291 5062 :
1307 5006 1406 5062 Adbuc
1426 5007 1545 5077 populus
1559 5008 1717 5064 immolabat

868 5099 898 5150 ia
913 5098 1025 5152 eccelsis
1049 5097 1099 5168 (tv
1114 5099 1179 5164 lieo.
1208 5110 1268 5163 ιιι,
1291 5093 1331 5165 4).
1354 5094 1406 5151 Cui
1432 5103 1527 5151 tamen
1550 5094 1666 5166 templo,
1689 5103 1717 5154 et

869 5192 945 5254 ante,
961 5192 989 5241 et
1003 5193 1065 5256 post
1079 5182 1297 5241 aedtttcationem
1314 5182 1396 5240 lavor
1420 5183 1536 5239 divinus
1566 5183 1644 5239 hand
1666 5183 1717 5242 de·

869 5271 932 5329 luit.

905 5364 1028 5431 Aurum,
1051 5367 1215 5432 argentum,
1243 5373 1323 5428 vasa,
1352 5367 1380 5416 et
1402 5365 1495 5416 vestes
1515 5359 1717 5433 AEgyptiorum

869 5456 973 5507 mutuo
987 5449 1064 5505 Deus
1076 5448 1113 5505 ab
1126 5447 1169 5505 cis
1183 5446 1311 5517 accipere
1325 5460 1378 5503 vos
1392 5447 1530 5518 jusserat,
1556 5450 1631 5500 m
1652 5457 1718 5515 quse

870 5536 999 5594 humane
1013 5535 1095 5593 robis
1109 5535 1244 5606 prestita,
1271 5535 1442 5605 inhumane,
1458 5542 1492 5592 ut
1503 5533 1628 5601 ridetur,
1648 5530 1719 5589 satis
