3818 6008
79 212 112 263 st
446 199 449 205 ’
675 205 857 264 donatltilt
878 208 912 264 ltl
931 208 1084 268 danastri
1105 213 1169 268 litt.
1190 211 1237 269 lll.
1800 227 1835 280 98

78 334 239 401 notandum
254 344 333 416 quod
354 356 420 399 cum
436 342 553 411 dicitur,
569 342 618 397 sub
640 344 713 410 creto,
738 342 855 399 additur
868 345 929 397 uni-
948 346 1027 402 Αιεε
1038 348 1185 418 sapientie
1200 349 1342 418 regimina
1356 351 1524 420 possident:
1557 368 1607 424 per
1632 359 1831 416 centenarium

75 431 300 502 uersmaliquas
318 431 395 487 enim
424 432 472 486 Dei
499 429 703 487 similitudines
730 430 794 488 licet
824 431 931 487 habete
985 436 1199 505 perlectionem
1217 451 1268 506 per
1286 438 1575 510 quinquagenarium
1604 443 1733 501 diximus
1754 446 1832 518 dgn-

76 518 221 587 dieamur,
243 519 396 576 intantum
413 528 507 575 tamen
523 520 616 588 ipsum
633 518 803 575 universnm
826 519 930 575 celum
984 523 1042 577 rari
1054 526 1191 594 requiem.
1210 526 1252 581 Ad
1271 531 1386 583 centurn
1413 528 1629 601 quinquaginta
1651 532 1749 605 itaque
1764 549 1832 605 per-

75 609 184 665 eminet
210 623 227 664 a
251 610 464 679 conlpalatione
496 617 648 673 creaturae,
665 618 696 665 ut
711 610 740 665 in
767 609 811 666 bis
831 610 929 666 iisdem

77 697 174 763 rebus,
199 710 288 767 super
308 696 416 767 quibus
445 696 492 767 [fu
516 696 624 767 quibus
644 695 744 768 super]
773 697 930 766 imaginem

77 786 163 856 quasi
182 785 301 842 ierimus
322 785 396 856 eius,
420 784 627 855 proprietatum
646 785 775 854 eiusdem
801 785 929 842 ciruside·

77 874 190 930 ratione
217 888 275 930 non
303 874 387 930 niodo
411 873 452 929 nil
474 872 587 936 babere,
610 873 659 928 sed
674 873 793 929 omnino
813 873 853 929 nil
868 887 929 931 esse

77 963 243 1019 credamur.

116 1051 202 1107 Vena.
226 1051 271 1104 ad.
290 1078 328 1092 -
354 1050 513 1116 Quindecim
536 1049 635 1104 cubitis
665 1051 748 1104 altior
777 1053 833 1117 (itii
856 1066 929 1121 aqua

986 607 1062 662 venit
1076 609 1135 663 dies
1149 624 1215 665 cum
1231 609 1348 667 cuilibet
1362 613 1495 681 supernis
1519 614 1631 672 imbuto
1654 619 1832 688 respectibus

986 695 1109 764 perlecta
1125 697 1235 753 licetad
1250 699 1405 767 modicum,
1428 701 1567 759 tribuitur
1594 703 1684 760 animi
1698 708 1828 776 requiem

984 788 1027 839 ter
1041 784 1127 839 etiam
1143 785 1368 857 quinquaginta,
1388 796 1504 845 eentum
1519 791 1737 863 quinquaginta
1752 802 1831 863 sunt,

983 885 1036 926 nec
1051 887 1118 930 vere
1141 888 1271 944 unquam
1296 875 1483 945 quiescimus,
1511 879 1601 935 donec
1619 880 1655 935 ad
1683 881 1832 938 Trinitatis

983 960 1121 1018 visionem
1139 963 1298 1032 veniamus,
1315 973 1365 1019 ao
1390 980 1479 1036 quam
1494 966 1563 1024 dum
1582 968 1610 1023 in
1627 969 1759 1038 presenti
1775 970 1831 1026 ali-

983 1050 1150 1119 quantisper
1191 1051 1295 1107 saeculo
1319 1052 1489 1122 delibamus,
1520 1056 1582 1111 sine
1604 1057 1731 1128 quadam
1766 1057 1832 1115 licet

77 1144 275 1208 superauratas
289 1154 356 1207 quas
370 1142 523 1208 operuerat.
551 1137 720 1204 Quindecim
744 1152 781 1194 ex
809 1147 927 1209 septem,
985 1137 1179 1206 pertunctoria
1213 1140 1307 1196 cordis
1346 1142 1456 1212 requie,
1493 1142 1521 1199 id
1545 1145 1688 1216 attingere
1712 1147 1831 1202 omuino
1862 1146 1864 1149 '

77 1237 106 1285 et
134 1235 197 1284 octo
225 1235 373 1295 constant;
401 1225 582 1296 septenarius
616 1225 652 1281 ad
681 1226 926 1296 spiritualitatem,
983 1225 1147 1295 nequimus.

79 1317 106 1372 id
136 1325 179 1373 est
210 1316 375 1382 scientiam,
418 1315 584 1371 octonarius
610 1315 645 1369 ad
677 1315 926 1384 temporalitatem,
1296 1297 1413 1355 CAPUT
1439 1301 1516 1357 Vffl·

79 1405 109 1461 id
123 1413 166 1460 εει
181 1403 341 1471 scientiam,
357 1417 424 1473 qne
439 1404 559 1473 tempori
575 1402 735 1459 necessaria
751 1410 804 1469 εει,
819 1403 927 1459 retera-
1019 1403 1106 1458 Vens.
1125 1407 1149 1471 l,
1165 1406 1193 1458 2.
1206 1435 1240 1445 —
1256 1406 1422 1461 Recordatur
1437 1411 1527 1462 nutem
1543 1410 1611 1463 deus
1636 1411 1701 1473 lloe,
1717 1417 1831 1466 cuncto-

79 1502 137 1551 tur.
152 1490 300 1563 Quidquid
326 1490 424 1562 itaque
440 1490 608 1547 subtilitatis
635 1499 663 1547 et
678 1490 866 1557 discretionis,
894 1504 928 1547 ac
981 1506 1095 1570 utcmque
1121 1495 1312 1561 animantium,
1336 1501 1361 1548 et
1399 1497 1518 1549 omnium
1544 1495 1729 1563 iumentorum
1770 1515 1830 1569 qua

78 1580 275 1650 intelligentiae
290 1579 460 1636 humanitus
477 1578 640 1635 elaborasse
663 1578 843 1642 videbamur,
856 1592 926 1633 con·
982 1584 1059 1634 eunt
1071 1596 1131 1634 com
1142 1597 1171 1634 eo
1186 1585 1216 1635 in
1235 1597 1309 1646 arca,
1336 1582 1456 1637 adducit
1470 1586 1600 1653 spiritum
1622 1592 1829 1655 superterram,

79 1669 273 1739 templationis
297 1668 490 1739 gratianum
507 1667 675 1724 inlundente
700 1666 815 1736 penitus
829 1668 926 1736 oppri-
947 1641 1008 1720 Bet
1027 1669 1176 1722 imminute
1188 1674 1252 1743 punt
1270 1685 1358 1738 cqace.
1376 1671 1415 1725 Et
1439 1673 1527 1726 clausi
1541 1679 1603 1727 stant
1617 1675 1705 1739 fantes
1726 1675 1829 1743 odessi,

79 1756 187 1825 mitur;
202 1763 231 1811 et
244 1769 296 1810 nec
310 1754 459 1810 scientiam
481 1754 511 1809 in
526 1753 764 1809 administrandis
788 1761 927 1822 tempora·
950 1751 957 1759 '
982 1762 1007 1808 et
1021 1760 1165 1811 catarracte
1180 1759 1248 1823 ccli,
1275 1764 1301 1812 ct
1326 1760 1471 1828 prohibita
1495 1766 1558 1815 sunt
1589 1762 1689 1830 pluma
1708 1761 1741 1816 rie
1757 1764 1829 1818 cralo.

79 1845 167 1911 libus,
197 1858 251 1899 nec
281 1844 451 1914 sapientiam
483 1844 512 1898 in
538 1841 703 1899 coelestibus
728 1841 930 1913 dignoscendis
985 1843 1126 1909 diximus,
1151 1858 1218 1900 cum
1244 1861 1297 1900 nora
1328 1851 1367 1900 est
1390 1847 1485 1902 danum
1510 1863 1565 1903 esse
1591 1850 1724 1904 traminem
1745 1852 1831 1905 solum

79 1932 215 1989 babuisse
234 1946 286 1988 nos
313 1931 516 2002 comperimus.
541 1931 700 1997 Quindecim
729 1931 830 1985 cubitia
855 1946 929 1999 aqcta
982 1946 1199 2002 exponeremus,
1217 1934 1360 2004 quianon
1377 1949 1499 2006 parrum
1514 1935 1618 1992 animae
1634 1946 1752 2005 constet,
1767 1952 1828 1994 esse

78 2020 284 2091 superexcellit
308 2019 464 2086 montibus,
485 2032 551 2088 qnae
579 2018 704 2087 sciendo,
735 2018 930 2089 sapiendoque
983 2020 1155 2090 periculum,
1172 2022 1196 2076 si
1212 2024 1247 2078 ad
1259 2030 1359 2079 votum
1374 2038 1460 2082 suum
1477 2025 1593 2096 quietis,
1609 2033 1636 2082 et
1649 2026 1829 2096 contempla-

78 2109 207 2166 exerceri
237 2116 355 2179 possunt
383 2107 551 2174 virtutibus,
580 2106 676 2162 cubile
716 2114 852 2176 porrectae
893 2107 929 2162 ad
983 2108 1069 2164 tionis
1093 2108 1220 2178 potiatur
1246 2110 1425 2167 excellentia.
1455 2113 1635 2169 Recordatur
1664 2126 1733 2185 ergo
1752 2114 1829 2169 bears

80 2197 171 2252 Deum
203 2195 368 2252 intentionis
396 2195 504 2250 eminet
534 2194 668 2264 majestas
700 2194 927 2264 speculationis.
984 2196 1083 2262 nostri,
1109 2210 1175 2252 cum
1203 2197 1394 2267 dispensative
1423 2201 1506 2257 nobis
1534 2202 1681 2258 subtrabit
1706 2201 1828 2273 gratiam

80 2284 296 2349 bracbioenirn,
326 2283 373 2338 cui
397 2283 516 2338 inliceret
543 2282 670 2348 cubitus,
711 2291 739 2339 et
764 2297 928 2354 operamur,
984 2285 1121 2349 lacunaris,
1136 2297 1238 2340 revera
1261 2285 1282 2339 si
1298 2280 1470 2355 aliquandiu
1491 2286 1641 2344 nobiscum
1662 2301 1829 2357 persevera-

80 2373 214 2443 idemque
229 2373 263 2427 ad
280 2372 456 2427 metiendum
473 2370 659 2427 intendimus.
984 2381 1026 2428 ret
1050 2372 1185 2428 nocituri.
1211 2376 1399 2428 Animantium
1423 2389 1456 2430 ac
1469 2377 1653 2444 jumentorum
1689 2376 1827 2444 meminit,

116 2462 201 2518 Vens.
228 2462 273 2527 tl,
310 2462 356 2526 aa,
384 2462 429 2526 23,
445 2461 490 2515 24.
519 2488 553 2502 -
579 2459 795 2528 consumptoque
819 2464 858 2514 est
877 2476 930 2515 om·
982 2475 1049 2518 cum
1064 2460 1258 2531 spiritualium
1275 2461 1416 2518 bonorum
1431 2463 1534 2519 animae
1550 2471 1654 2520 nostrae
1677 2464 1827 2522 insitorum

79 2555 122 2607 nis
148 2567 222 2610 coro,
248 2565 309 2620 quae
335 2549 492 2603 mouebatur
527 2563 610 2618 super
639 2554 750 2615 terram,
777 2550 928 2619 uolucrum,
982 2557 1010 2606 et
1034 2564 1100 2619 quae
1120 2550 1307 2619 cctrporaliter
1331 2551 1503 2607 exhibemus
1547 2552 1762 2622 benetlciorum,
1792 2555 1828 2612 ad

77 2642 270 2704 animantium,
308 2638 458 2694 bestiarum
498 2639 670 2706 omniumque
700 2639 840 2706 reptilium
871 2655 930 2708 que
983 2637 1127 2694 salubrem
1155 2636 1326 2692 humilitatis
1354 2638 1521 2694 memoriam
1556 2639 1638 2694 nobis
1671 2641 1829 2698 elllcaaiam

77 2732 188 2797 reptant
208 2729 421 2795 superterram,
455 2726 578 2779 coniceret
611 2725 745 2790 bominem
770 2730 794 2778 et
823 2732 928 2791 carecta,
983 2725 1146 2794 subtrabit3
1170 2724 1302 2795 iumenta
1334 2726 1489 2789 exteriora,
1517 2734 1545 2783 et
1573 2728 1658 2797 quasi
1684 2729 1828 2799 grossiora

78 2819 108 2869 in
123 2814 225 2885 quibus
248 2813 416 2884 spiraculum
441 2815 506 2868 uite
523 2814 608 2867 estin
629 2818 714 2878 terra,
736 2819 841 2867 mortua
855 2820 928 2869 curat.
983 2829 1070 2886 opera
1086 2813 1219 2879 dicimus,
1248 2827 1316 2870 nam
1334 2814 1468 2884 jumenta
1491 2828 1543 2885 pro
1575 2817 1746 2886 corporibus
1761 2818 1825 2887 poni

78 2903 228 2960 litdeieoit
255 2917 359 2957 omnen
379 2901 572 2967 substantium,
600 2916 660 2971 que
678 2908 737 2956 erat
758 2915 841 2970 super
874 2909 930 2956 ter·
955 2905 1085 2993 Csolent,
1110 2910 1142 2959 ut
1164 2909 1235 2969 estc:
1264 2905 1391 2957 iumenta
1417 2918 1508 2958 eorum
1541 2907 1571 2958 in
1595 2911 1680 2959 morte
1700 2907 1830 2961 conclusit

77 3009 151 3062 ram,
166 2991 201 3046 ab
227 2991 334 3046 bomine
364 3004 448 3061 usque
476 2989 514 3044 od
536 2993 705 3059 peccatam
728 2991 824 3058 reptile
847 3006 929 3059 quam

77 3085 199 3137 uolucres
213 3082 284 3147 ccii;
314 3085 340 3135 ei
367 3079 454 3134 deleta
477 3065 543 3134 sarni
568 3079 601 3134 de
627 3091 710 3133 terro.
739 3078 798 3135 Deo
814 3079 928 3137 interna

80 3179 177 3229 nostra
203 3169 407 3226 succisionis
431 3167 520 3224 radiis
556 3166 729 3231 illustrante,
760 3181 837 3232 caro,
862 3183 928 3238 quac

78 3273 166 3330 super
192 3263 299 3315 terram
331 3264 473 3324 movetur,
505 3256 531 3312 id
550 3263 593 3312 est
605 3254 735 3311 carnales
753 3261 857 3325 motus,
877 3256 926 3326 qui

79 3356 173 3415 terrae,
191 3346 312 3403 rationis
331 3345 438 3402 scilicet
463 3343 647 3400 stabilitatem
673 3342 815 3399 lluctuarc
840 3358 927 3414 coge-

79 3437 159 3500 bant,
171 3443 395 3494 consumuntur,
408 3433 560 3489 volucrum
569 3431 719 3502 superbie,
736 3431 926 3489 animantium

77 3523 254 3594 cupiditatis,
278 3522 434 3579 bestiarum
456 3521 567 3577 ferociae
594 3527 623 3576 et
644 3519 759 3584 luroris,
782 3521 927 3591 reptilium

77 3611 215 3671 libidinis,
230 3611 338 3667 scilicet
363 3624 430 3681 que
445 3610 549 3665 nostris
564 3607 665 3664 lurtim
694 3607 830 3664 cordibus
856 3609 926 3664 irre-

78 3708 163 3770 punt,
194 3699 334 3766 homines,
357 3698 385 3754 id
411 3704 453 3754 est
477 3696 526 3752 illa
551 3709 618 3768 quse
645 3709 699 3765 pro
729 3695 790 3752 sola
829 3696 926 3752 saeculi

77 3789 228 3845 honestate
244 3786 328 3858 quasi
354 3784 566 3842 rationabiliter
579 3783 763 3855 gerebantur,
791 3791 818 3841 et
830 3784 926 3840 anania

76 3890 144 3948 quae
162 3875 308 3946 spiramen
337 3874 444 3931 terreni
467 3872 599 3930 desiderii
622 3872 698 3929 intra
720 3887 772 3928 nos
800 3872 927 3943 prolerre

77 3973 234 4032 conantur,
244 3972 272 4021 et
286 3964 381 4020 omnis
397 3976 489 4034 prava
503 3962 648 4030 voluntas,
665 3976 731 4033 quae
755 3962 841 4032 quasi
855 3961 926 4018 lun-

75 4054 245 4112 damcntum
262 4051 365 4122 ineptis
379 4050 605 4122 cogitationibus
627 4050 750 4117 substat,
765 4057 792 4107 et
809 4050 924 4110 rationi.

77 4157 145 4215 quae
157 4141 195 4198 ob
220 4140 384 4196 drmitatem
410 4147 488 4196 terra
507 4137 623 4205 dicitur,
640 4137 757 4209 indigne
771 4145 924 4209 superstat,

983 2990 1066 3059 (Psoi.
1082 3004 1188 3056 cxxvii,
1205 2990 1250 3055 50)
1265 3004 1272 3043 ε
1290 2989 1450 3045 animantia
1469 2997 1576 3056 autern,
1594 2992 1664 3061 quia
1682 2991 1716 3046 ab
1735 2996 1829 3047 animo

983 3078 1130 3146 dicuntur,
1148 3077 1285 3134 interiora
1298 3078 1383 3144 bocia,
1406 3086 1437 3135 ut
1450 3087 1491 3135 est
1506 3079 1641 3146 ebaritas,
1668 3088 1695 3136 et
1714 3087 1826 3136 cetera.

983 3167 1108 3223 adducit
1132 3167 1206 3222 Deus
1229 3165 1371 3235 spiritum,
1397 3166 1563 3224 tentationis
1581 3167 1685 3224 scilicet
1707 3176 1826 3235 motum,

983 3256 1030 3312 sed
1059 3254 1128 3311 dum
1154 3263 1240 3320 terra,
1266 3268 1333 3311 caro
1364 3254 1505 3324 videlicet,
1537 3263 1589 3311 aut
1615 3270 1695 3312 mens
1717 3264 1825 3314 nostra.

982 3345 1126 3414 insperato
1143 3343 1223 3407 llatu,
1245 3343 1386 3413 quatitur,
1410 3351 1572 3411 cataracten,
1597 3344 1625 3399 id
1651 3353 1694 3400 est
1713 3345 1826 3402 subtilis

982 3433 1088 3490 divinae
1113 3432 1270 3501 majestatis
1298 3431 1421 3488 intuitus
1449 3432 1533 3503 aquis
1561 3435 1678 3503 superni
1708 3433 1828 3504 illapsus

982 3520 1143 3578 imminutis
1166 3519 1343 3589 obcluditur,
1374 3520 1482 3590 quibus
1505 3521 1540 3577 de
1554 3520 1745 3578 immensitate
1779 3523 1827 3579 illa

981 3609 1055 3676 coeli,
1075 3608 1110 3663 de
1123 3622 1181 3678 quo
1212 3607 1341 3665 dicitur:
1371 3610 1397 3662 Α
1419 3623 1522 3664 summo
1546 3611 1608 3665 ecla
1629 3612 1745 3676 egressio
1769 3613 1828 3680 ejus

981 3698 1065 3763 (Psoi.
1090 3710 1170 3761 xvrn,
1199 3698 1240 3763 i),
1264 3710 1368 3766 paroni
1413 3696 1484 3766 quid
1512 3697 1720 3768 attingebatur,
1754 3701 1826 3770 quin

980 3783 1066 3840 ctiam
1081 3798 1195 3854 magnae
1222 3783 1285 3840 lons
1308 3785 1461 3842 obturatur
1489 3786 1595 3856 abyssi,
1626 3785 1695 3842 dum
1721 3787 1783 3857 ipsa
1798 3789 1828 3846 in

982 3872 1064 3928 nobis
1079 3872 1173 3928 delicit
1191 3873 1391 3942 consideratio,
1420 3880 1448 3930 et
1476 3874 1577 3930 notitia
1594 3875 1694 3942 nostri,
1721 3883 1750 3932 ει
1764 3884 1825 3934 ιιιι-

982 3962 1049 4017 bata
1063 3960 1145 4031 quies
1158 3960 1246 4017 animi
1262 3975 1315 4018 nec
1329 3975 1359 4018 se
1383 3961 1459 4019 valet
1483 3976 1592 4032 capere,
1609 3977 1704 4034 neque
1718 3973 1827 4034 myste-

982 4049 1024 4105 ria
1043 4049 1104 4114 Dei,
1136 4063 1204 4105 nam
1237 4050 1404 4120 passionum
1431 4051 1551 4108 incursu
1578 4053 1719 4110 avertitur
1736 4053 1825 4109 divini

983 4137 1132 4207 placiditas
1147 4138 1293 4194 stillicidii.

76 4231 111 4287 ab
126 4229 173 4287 bis
187 4242 254 4301 quae
269 4227 477 4285 rationabiliter
496 4227 580 4299 quasi
606 4225 812 4294 defenduntur,
834 4241 928 4298 usque
946 4233 969 4289 Ι)
1019 4226 1103 4281 Vens.
1121 4229 1147 4280 3.
1162 4254 1198 4267 -
1222 4227 1346 4282 Recese
1359 4232 1423 4282 sunt
1446 4243 1524 4296 oque
1539 4227 1571 4282 de
1595 4235 1670 4283 terra
1696 4235 1787 4285 euntes
1801 4236 1827 4286 et

76 4320 110 4376 ad
126 4333 163 4376 ea
177 4332 244 4389 que
259 4325 317 4374 tam
333 4316 445 4388 peculia
459 4323 537 4382 scint,
553 4323 587 4372 ut
601 4314 712 4370 delendi
728 4329 785 4371 non
806 4316 924 4385 possint,

76 4417 134 4465 tam
150 4419 232 4463 coeuo
247 4417 351 4474 repens
375 4403 515 4469 luxuries,
543 4417 633 4473 qnam
663 4402 822 4473 hypocrisis
840 4403 926 4459 coelos

76 4495 208 4567 petentis,
238 4492 343 4558 rabies,
378 4505 396 4547 a
422 4491 518 4548 subito
564 4504 649 4562 aquae
677 4489 798 4547 caelestis
820 4491 926 4561 illapsu

76 4584 215 4640 amittunt
228 4594 306 4649 suas,
322 4586 436 4636 nostras
464 4578 595 4635 videlicet
610 4587 724 4648 pectora
750 4579 839 4644 sedes,
865 4593 923 4635 non

76 4672 153 4744 quod
170 4682 290 4742 prorsus
300 4668 443 4736 deficiant,
459 4667 508 4724 sod
523 4667 600 4738 qued
612 4667 647 4722 ad
672 4674 786 4736 tempus
796 4667 853 4722 Deo
866 4667 925 4738 laos

75 4759 217 4817 invisente
233 4757 393 4828 quiescant.
424 4758 573 4818 sltemamit
596 4759 686 4809 autem
708 4756 781 4808 solus
807 4756 872 4821 Noe,
899 4759 925 4809 et

74 4850 123 4917 qai
152 4862 214 4902 cum
240 4860 270 4900 ee
305 4848 383 4899 aaut
418 4845 448 4898 in
476 4858 552 4899 arca.
583 4843 816 4911 obtinueruntque
845 4858 924 4910 aque

74 4937 174 4992 admit
202 4940 289 4990 terrm
317 4938 423 4988 centum
446 4932 651 5002 quinquaqinta
680 4930 785 4985 (liebus.
814 4931 862 4985 llis
883 4930 923 4986 ita

74 5022 233 5091 exstinctis,
263 5022 345 5079 beata
373 5020 500 5092 quadarn
531 5019 686 5076 solitudine
713 5031 922 5075 cumanorum

74 5111 212 5169 centuriis
226 5110 369 5167 virtutum
380 5109 439 5166 Noe
469 5116 566 5165 nostm
583 5108 644 5178 jam
660 5107 791 5178 placidus
827 5120 924 5162 rema·

74 5207 130 5257 aet.
146 5197 271 5271 Aperuit
294 5197 372 5255 enim
394 5197 497 5253 dilecto
523 5195 671 5267 pessulum
699 5197 790 5266 (cant.
821 5210 847 5247 r.
879 5198 921 5266 6);

73 5287 367 5360 coenatquecumipso
381 5285 481 5357 (apoc.
501 5300 541 5352 ιιι,
549 5285 605 5351 td).
618 5282 819 5354 aquedttnaii
833 5290 923 5340 terras

74 5376 215 5445 mouent,
230 5387 299 5433 cum
313 5373 444 5431 membra
457 5381 566 5441 nostra,
588 5387 654 5444 quae
668 5378 736 5429 suot
761 5385 849 5442 super
862 5378 922 5428 ter-

75 5478 136 5523 ram
152 5465 220 5535 (dot.
236 5476 280 5534 an,
296 5464 335 5532 5),
349 5461 395 5519 ret
417 5461 493 5534 ipsas
506 5468 672 5519 nostrorum
686 5473 825 5517 sensuum
852 5472 922 5529 par-

981 4311 1132 4376 redeuntcs,
1158 4313 1184 4363 et
1209 4316 1343 4380 creperamt
1371 4314 1459 4366 minui
1486 4320 1547 4382 post
1569 4317 1674 4368 certium
1696 4320 1828 4384 quinquo·

980 4403 1057 4465 pirata
1072 4398 1139 4452 dies.
1157 4401 1246 4468 Aque
1261 4398 1296 4454 de
1306 4405 1382 4455 terra
1396 4408 1594 4465 revertuntur,
1612 4416 1679 4457 cum
1693 4403 1728 4458 de
1742 4404 1826 4460 corde

980 4500 1036 4543 non
1047 4487 1105 4556 jam
1120 4485 1254 4554 caelestia,
1279 4486 1327 4542 sed
1353 4494 1466 4544 terrena
1494 4489 1621 4544 versanti
1646 4490 1827 4547 intellectua-

981 4575 1050 4631 linnr
1066 4574 1192 4645 origines
1202 4575 1406 4645 cogitationum
1428 4576 1549 4633 sublatae
1565 4576 1601 4633 ad
1627 4585 1733 4634 statum
1747 4587 1826 4636 vete-

979 4677 1039 4719 ram
1055 4662 1255 4727 revolvuntur,
1280 4661 1444 4720 sicutenim
1468 4664 1582 4735 glacies,
1609 4680 1676 4721 ctrtn
1706 4665 1826 4723 diversis

979 4766 1015 4807 ex
1044 4751 1140 4807 causis
1169 4750 1342 4821 congelascit
1366 4759 1393 4807 et
1417 4752 1558 4822 liquatur,
1589 4767 1702 4823 semper
1730 4762 1824 4811 tamen

979 4853 1055 4909 aqua
1086 4846 1128 4896 est
1158 4839 1340 4907 naturaliter,
1372 4839 1412 4895 sic
1440 4840 1575 4910 cogitatio
1612 4849 1720 4908 nostra,
1760 4841 1825 4899 licet

979 4927 1181 4998 contemplatio
1202 4941 1239 4984 ex
1265 4928 1404 4984 accidenti
1419 4938 1547 4997 vocetur,
1563 4944 1677 5001 semper
1691 4929 1825 5001 cogitatio

978 5024 1029 5071 est.
1055 5012 1143 5085 'Aque
1167 5015 1256 5086 igitur
1282 5016 1317 5072 ad
1346 5030 1376 5072 se
1398 5017 1431 5071 de
1457 5021 1541 5083 terra,
1566 5018 1651 5076 idest
1666 5019 1703 5075 ob
1718 5019 1823 5077 terreni

978 5104 1190 5162 immersionem
1207 5103 1326 5161 allectus
1340 5112 1536 5174 revertuntur,
1567 5107 1637 5164 dum
1659 5123 1725 5179 que
1752 5122 1823 5165 con-

979 5192 1150 5263 mrnplatirae
1178 5193 1293 5250 lucrant
1319 5193 1507 5264 cogitationes
1536 5195 1708 5255 relabuntur
1729 5198 1768 5254 ad
1795 5197 1823 5255 id

978 5282 1058 5353 quod
1072 5282 1244 5339 humanitus
1264 5297 1326 5339 esse
1349 5281 1454 5352 solent;
1471 5283 1530 5349 sed,
1546 5283 1583 5339 ad
1609 5285 1727 5343 solitum
1742 5299 1823 5343 utor-

977 5370 1096 5428 talitatis
1110 5384 1197 5428 usum
1211 5370 1347 5441 relapse3
1361 5377 1390 5427 et
1404 5385 1455 5442 per
1470 5371 1633 5443 ingruentia
1648 5380 1823 5431 tentamenta

978 5459 1007 5515 in
1020 5459 1146 5516 deterius
1158 5472 1271 5529 semper
1294 5462 1385 5514 etentes
1417 5459 1549 5530 redeunt,
1565 5461 1635 5532 qula
1666 5462 1703 5519 ad
1718 5475 1824 5521 memo·
