3794 6008
115 219 150 272 79
570 217 600 271 V.
622 217 789 274 cursuum
810 217 955 273 scutris
974 219 1002 273 S.
1024 218 1143 274 tttltIAE
1161 218 1207 276 DE
1225 219 1421 277 NOVIGENTO
1835 224 1869 276 tto

113 348 265 419 verbique
280 347 351 403 bene
373 359 457 417 agere
480 344 631 416 concipiat,
657 345 786 417 suggerit
810 352 843 401 ιιι
868 346 962 416 pariat
980 347 1160 418 Anocenda,
1178 358 1206 405 et
1224 348 1314 419 pietas
1338 363 1391 420 pro
1414 349 1566 420 largitione
1588 349 1700 407 velleris
1716 351 1869 422 accipitur.

115 440 195 502 cain,
218 437 244 491 id
268 443 321 503 est,
344 437 549 505 possessionem
582 435 719 503 possessio
747 442 844 490 autem
874 436 964 491 ratio·
1019 437 1085 492 llaec
1104 445 1171 493 sunt
1188 440 1389 509 primogenita,
1403 453 1470 511 quae
1493 439 1543 494 Dei
1558 439 1715 511 imaginem
1728 441 1870 513 ,humanae

116 527 190 583 nalis
204 534 308 580 nostrae
328 523 483 580 voluntatis
496 521 622 577 exterior
640 521 724 577 borno
740 529 835 577 uester
850 527 903 585 est,
917 520 964 576 cui
1020 525 1216 596 principaliter
1231 527 1318 583 menti
1338 527 1519 598 insculpunt;
1538 527 1600 584 bac
1613 543 1680 585 cunt
1694 527 1870 597 offeruntur,

116 617 241 688 regendo
256 629 289 670 ac
307 612 427 670 colendo
442 611 593 683 praeposita
607 617 658 672 εει,
675 610 788 666 undeet
807 610 962 680 sequitur:
1019 613 1102 683 quasi
1126 628 1186 670 suae
1208 616 1323 685 propria
1347 616 1544 672 similitudinis
1559 630 1576 671 a
1597 617 1652 673 ileo
1667 616 1766 688 agnita
1782 617 1870 685 respi-

116 705 237 771 Possedi‚
252 704 356 773 inquit,
381 703 522 760 domitiam.
539 714 597 754 non
621 698 689 755 meis
712 698 835 766 viribus,
856 699 904 754 sed
916 713 965 767 per
1019 703 1150 772 ciuntur;
1175 703 1223 758 sed
1250 705 1342 773 primo
1373 704 1525 773 respicitur
1553 704 1634 772 Abel,
1660 714 1722 775 post
1747 719 1869 762 munera

115 797 211 849 Deum.
231 792 339 858 Quoad
356 789 509 846 arbitrium
524 787 747 843 animiedomito
763 802 821 843 non
837 789 965 843 buraauo
1018 790 1092 861 eius,
1115 792 1185 862 quia
1208 793 1289 861 prius
1314 807 1331 848 a
1355 792 1410 848 Deo
1437 800 1576 862 pensatur
1604 793 1714 864 agentis
1738 790 1869 859 intenlio,

116 884 192 948 nisu,
213 881 260 937 sed
285 880 333 935 Dei
356 879 481 947 auxilio;
515 878 638 945 linquam
658 877 735 931 euim
759 878 850 930 arettas
875 877 964 929 bomi—
1019 887 1081 950 post
1099 882 1162 952 ejus
1184 887 1275 936 aetus.
1305 882 1342 936 At
1367 881 1484 936 animus
1511 888 1617 945 noster,
1639 881 1687 938 cui
1713 882 1806 953 magia
1832 883 1869 938 ad

114 987 179 1025 nura
194 971 304 1024 demere
322 973 410 1038 potest
427 968 503 1033 (duc.
520 980 558 1030 ut,
584 964 623 1033 8),
638 971 666 1019 et
686 963 708 1019 ει
725 973 834 1033 partem
852 964 962 1034 nequit,
1017 968 1199 1024 alliciendum
1214 969 1243 1025 in
1258 976 1393 1041 promptu
1419 978 1485 1026 sunt
1508 983 1646 1040 corporea
1670 985 1758 1041 quam
1783 971 1870 1040 spiri-

116 1059 259 1130 quomodo
280 1066 371 1113 tetum
394 1062 504 1125 potest:
529 1053 660 1124 giguitur
682 1052 761 1119 Abel,
785 1053 835 1123 qui
859 1052 966 1108 dicitur
1019 1055 1118 1125 tualla,
1135 1058 1205 1127 quia
1218 1066 1245 1113 et
1260 1058 1401 1114 viciniora
1422 1066 1490 1115 sunt
1508 1059 1597 1127 laudi,
1614 1059 1684 1115 dum
1700 1060 1817 1116 meliora
1835 1074 1869 1115 ac

115 1148 212 1212 lectos,
231 1146 275 1202 vel
293 1147 413 1208 vanites,
430 1142 569 1213 quiajam
585 1148 654 1196 tunc
669 1147 845 1197 amarescere
867 1140 965 1210 incipit
1019 1144 1212 1215 probabiliora
1236 1146 1301 1214 beo,
1325 1161 1359 1202 ac
1374 1147 1455 1203 bonis
1479 1148 1671 1218 quibuslibet;
1697 1149 1745 1204 sed
1771 1156 1867 1204 tamen

115 1237 174 1291 vita
188 1247 325 1304 praeseus,
341 1246 407 1303 quae
428 1229 542 1287 vanitas
558 1236 616 1284 tota
631 1236 674 1283 est
689 1229 787 1295 menti,
804 1242 898 1299 quaea
914 1228 963 1284 Dei
1019 1231 1179 1288 difliciliora
1203 1235 1255 1289 sibi
1283 1234 1420 1290 interiora
1440 1236 1561 1292 attendit
1580 1250 1669 1308 quarn
1695 1238 1838 1293 exteriora
1860 1252 1867 1292 ε

116 1326 326 1399 gaudicabest.
356 1322 466 1378 Dicitur
488 1321 572 1378 etiam
589 1319 658 1375 Abel
675 1336 772 1389 cuper,
788 1321 832 1376 vel
847 1322 963 1400 miseeo-
1019 1321 1161 1389 irascitur,
1199 1323 1307 1378 carnali
1345 1323 1450 1380 seilicet
1484 1325 1632 1380 voluntate
1671 1325 1815 1392 turbatur,
1844 1331 1869 1379 et

115 1415 193 1478 litim
211 1411 279 1468 Abel
303 1424 429 1480 uanique
455 1407 597 1464 interioris
620 1406 746 1463 bominis
764 1409 887 1464 dicimus
903 1409 964 1464 vir·
1018 1410 1109 1462 cultus
1131 1410 1190 1478 ejus
1205 1410 1333 1475 concidit,
1354 1411 1425 1481 quia
1448 1411 1584 1468 voluntas
1600 1412 1676 1467 bona
1691 1414 1803 1469 interna
1816 1427 1869 1484 ge-

115 1510 204 1557 tutem
227 1500 301 1554 sieut
330 1499 399 1555 Cain
422 1498 593 1554 exteriorem
617 1496 775 1566 accipimus
808 1498 962 1553 hominem.
1019 1497 1110 1564 rendi,
1137 1497 1286 1554 exterioris
1305 1513 1384 1555 aurae
1403 1499 1532 1569 appetitu
1547 1501 1699 1557 obruitur:
1716 1501 1769 1558 sibi
1783 1515 1869 1557 uam-

117 1590 178 1657 lpse
193 1588 270 1642 enim
287 1586 406 1642 interior
425 1586 503 1656 luget
526 1599 555 1638 se
570 1584 689 1639 vanitati
710 1584 884 1655 subiectum,
906 1585 965 1654 ipse
1019 1599 1075 1654 que
1087 1587 1281 1643 commodiora
1295 1595 1387 1658 putat,
1405 1588 1473 1658 quia
1489 1589 1523 1644 ad
1538 1596 1650 1660 tempus
1664 1589 1738 1645 etad
1751 1590 1868 1646 oculum

116 1677 179 1732 lieet
196 1675 333 1745 corporali
353 1675 468 1730 miseria
479 1679 653 1739 coerceatur,
670 1687 804 1743 vaporem
820 1674 962 1729 virtutum
984 1648 1004 1704 Β
1021 1674 1142 1744 placent.

116 1765 301 1834 multiplicem
316 1764 418 1819 etnittit
433 1765 469 1819 ad
485 1764 584 1818 Dcuut.
601 1759 727 1832 Virgula
742 1762 819 1819 enim
835 1761 905 1817 lumi
923 1767 965 1817 est
1058 1763 1146 1818 Vens.
1166 1766 1193 1818 7.
1223 1793 1253 1804 -
1279 1765 1378 1830 Quare,
1404 1764 1506 1835 inquit.
1535 1769 1666 1821 Dominam
1690 1767 1870 1824 rationaliter

114 1866 151 1907 ex
175 1853 363 1919 aromatibus,
391 1851 512 1907 celerius
553 1867 622 1908 sanc
656 1853 753 1909 subest
778 1850 904 1915 cuilibet,
936 1856 965 1904 et
1019 1850 1221 1907 scilieetuobis
1245 1853 1436 1923 suggerendo,
1461 1856 1602 1921 tecturas,
1624 1854 1651 1909 id
1674 1863 1716 1910 est
1736 1855 1869 1926 quaside

114 1935 247 1997 exercere
265 1942 387 2014 jejunia,
410 1940 535 2010 vigilias,
557 1955 653 1998 rerum
670 1939 895 2003 distributiones,
912 1951 964 2006 pa·
1018 1939 1210 2007 spiritualium
1237 1940 1462 2011 impossibilitate
1488 1941 1524 1997 ad
1542 1943 1666 2000 iurarem
1691 1944 1867 2014 desperatio-

115 2029 254 2096 rientiam,
282 2028 472 2085 bumilitatem
501 2029 669 2087 charitatem
694 2029 866 2084 intrinsecus
888 2025 964 2082 obti-
1020 2027 1064 2083 nis
1080 2029 1276 2097 permoveris:
1300 2035 1325 2083 et
1349 2045 1433 2102 quare
1455 2031 1573 2086 eovrcidit
1591 2031 1679 2096 socies
1702 2032 1768 2086 tect
1784 2033 1867 2088 idest

114 2132 190 2173 nere.
208 2118 260 2173 llla
275 2131 400 2188 namque
418 2116 500 2172 lavor
515 2117 663 2175 humanus
676 2117 849 2188 plerumque
867 2115 963 2171 suble·
1019 2117 1049 2172 in
1063 2117 1164 2173 habitu
1187 2118 1289 2173 mentis
1314 2121 1347 2176 ut
1368 2119 1439 2188 quid
1456 2119 1635 2176 destitueris?
1652 2122 1744 2176 Nonne
1758 2122 1784 2175 ει·
1803 2121 1867 2174 deae

113 2215 177 2276 rat;
192 2207 252 2262 baec
279 2220 346 2262 vero
368 2213 437 2261 teste
456 2206 513 2261 Deo
534 2206 714 2262 solummodo
740 2212 803 2260 aeta
829 2202 964 2274 graviora
1018 2207 1113 2273 egeris,
1131 2205 1160 2261 iu
1175 2207 1286 2263 occulto
1300 2205 1440 2274 videlieet,
1457 2211 1569 2277 reciptes
1584 2210 1613 2263 in
1628 2209 1736 2276 tuturo,
1753 2208 1864 2265 etiamsi

113 2304 190 2351 sunt.
208 2295 312 2350 Etideo
327 2295 395 2350 Cain
412 2302 478 2350 aute
492 2295 560 2351 Abel
578 2310 635 2352 non
652 2295 810 2365 incongrue
824 2294 961 2349 nascitur.
1018 2293 1099 2348 nulla
1122 2292 1185 2349 laus
1207 2294 1337 2350 bumana
1364 2303 1414 2351 tua
1437 2309 1524 2366 opera
1545 2297 1740 2366 subsequatur
1766 2296 1796 2350 in
1813 2296 1865 2352 boc

116 2385 276 2451 ltiligeater,
294 2384 330 2438 ait
345 2383 488 2450 Salomon,
505 2399 597 2438 eaerce
611 2398 707 2450 ogram
727 2389 814 2451 tuum,
829 2385 859 2434 ut
870 2386 963 2451 posteo
1018 2380 1122 2437 saecuio
1139 2397 1144 2436 :
1162 2383 1211 2438 Sia
1233 2386 1322 2437 etatem
1346 2384 1424 2448 mule,
1448 2386 1541 2437 stetim
1558 2387 1586 2437 in
1607 2385 1714 2452 foribus
1727 2388 1865 2454 peecatum

113 2472 230 2542 edifices
255 2472 362 2526 domitta
386 2477 464 2526 tuom
487 2472 581 2542 (Pace.
602 2487 679 2538 ιιιειιι,
699 2472 753 2539 tt).
775 2470 846 2525 Adel
869 2475 964 2538 poster
1018 2470 1118 2536 oderit,
1133 2470 1187 2526 troc
1208 2480 1250 2526 est
1272 2471 1296 2526 si
1323 2471 1508 2527 intentionem
1532 2473 1676 2543 opinionis
1695 2485 1783 2529 causa
1801 2486 1867 2543 per·

113 2564 267 2625 asterium,
283 2561 353 2630 quia
367 2568 467 2616 auctor
490 2574 523 2616 ac
541 2562 722 2618 nutritorest
745 2559 830 2615 bomo
845 2557 964 2613 interior
1018 2559 1147 2626 verteris,
1173 2559 1268 2614 statim
1307 2558 1336 2614 iu
1365 2559 1425 2629 ipsa
1450 2560 1537 2616 animi
1562 2561 1654 2630 prima
1682 2563 1867 2633 suggestione

113 2648 262 2704 eharitatis
276 2662 309 2704 ac
332 2648 520 2719 simplicitatis
543 2663 675 2720 operum,
696 2648 772 2719 quod
792 2646 819 2702 in
835 2645 963 2719 qualita—
1019 2645 1125 2715 peeeati
1153 2646 1353 2715 opportunitas
1382 2646 1495 2702 diabolo
1530 2648 1749 2704 administrante
1774 2662 1868 2718 appa-

114 2737 191 2791 tibus
215 2736 365 2806 perspicue
388 2737 480 2792 elucet
509 2737 622 2806 orium;
647 2738 716 2794 mite
734 2737 812 2793 cuim
836 2735 898 2792 ovis
921 2743 962 2790 est
1018 2733 1092 2789 rebit
1118 2735 1190 2788 :sed
1214 2748 1250 2790 ne
1271 2734 1417 2790 diabolum
1447 2734 1532 2791 illata.
1555 2735 1698 2791 violentiae
1724 2744 1749 2791 te
1773 2750 1867 2792 excu-

113 2827 230 2893 auimal,
255 2832 283 2881 et
302 2824 392 2881 lertile
407 2825 559 2882 vellerum.
582 2827 655 2880 Cain
669 2832 713 2881 εει
733 2825 865 2892 agricola,
885 2822 962 2894 quod
1018 2821 1107 2877 sande
1122 2835 1272 2893 coarguas,
1291 2824 1340 2877 sed
1356 2828 1380 2876 te
1399 2827 1451 2877 erit
1477 2826 1613 2894 appetitos
1640 2824 1731 2895 ipsius
1747 2825 1865 2895 peccati,

113 2914 260 2969 evidenter
292 2913 435 2982 signiticat
470 2914 599 2984 eorporis
626 2913 772 2969 exercitia.
802 2911 964 2981 Corporalis
984 2916 1045 2998 εει
1061 2917 1110 2965 tuo
1123 2909 1232 2966 suberit
1256 2910 1375 2966 arbitrio
1400 2911 1540 2968 dominari
1568 2911 1867 2969 illiusverumratio

114 3009 210 3056 autem
243 3001 420 3068 exercitatio,
444 3002 531 3072 juxta
552 3001 731 3072 Apostolum,
758 3000 794 3056 ad
821 3000 962 3056 modicum
1017 2996 1157 3053 divinitus
1171 3011 1229 3054 uon
1254 2997 1397 3054 illustrata
1419 2999 1488 3070 quia
1505 2999 1599 3055 inanis
1622 3008 1664 3056 est
1682 2999 1764 3069 Cain,
1782 3001 1809 3056 id
1824 3008 1866 3057 est

113 3090 192 3145 utilis
203 3097 245 3145 est
265 3092 290 3157 tt
307 3093 377 3145 Tim.
394 3104 432 3156 tr,
447 3093 484 3158 8).
1017 3086 1163 3155 corporale
1176 3094 1305 3142 nostrum
1315 3087 1444 3143 studium
1456 3087 1491 3143 ad
1502 3088 1685 3159 saerilegium
1700 3088 1864 3145 cenodoxiae

151 3178 236 3234 Vsus.
269 3181 296 3246 3,
327 3179 350 3238 i,
373 3178 399 3232 5.
432 3207 468 3220 -
490 3180 602 3234 Foctmn
632 3183 671 3233 est
705 3183 795 3232 aretem
817 3184 879 3246 post
904 3174 962 3229 dies
1017 3173 1159 3230 contrabit
1171 3173 1406 3245 Abel‚quidquid
1420 3177 1690 3247 utiqneintrorsum
1705 3175 1865 3248 spiritualis

112 3267 219 3332 multos,
245 3273 274 3320 ιιι
297 3268 365 3323 Cain
389 3266 497 3335 efferret
520 3267 553 3321 de
583 3266 720 3335 fructibus
747 3270 824 3320 terrae
850 3278 962 3318 munem
1017 3262 1201 3333 pinguedinis
1218 3269 1274 3331 est3
1300 3263 1473 3320 sacrificium
1488 3265 1629 3321 ttocnim
1652 3266 1722 3322 abet
1749 3265 1783 3321 de
1802 3266 1863 3322 adi-

112 3357 234 3409 bomine.
260 3355 431 3410 disiectam
453 3355 486 3409 de
503 3357 691 3425 primogenitis
705 3355 796 3422 gregis
818 3354 873 3419 sui,
889 3351 962 3405 etde
1016 3350 1108 3421 pibus,
1125 3350 1154 3407 id
1177 3359 1219 3408 est
1242 3351 1276 3407 de
1297 3351 1411 3409 interna
1426 3354 1519 3423 gratia
1532 3361 1652 3421 constat,
1669 3362 1702 3410 ut
1717 3354 1757 3410 nil
1771 3355 1801 3409 in
1817 3353 1865 3409 bo

113 3441 242 3511 adipibus
260 3458 364 3507 eorcm3
389 3449 413 3496 et
431 3445 550 3512 respexit
568 3444 696 3496 dominam
722 3441 759 3494 od
782 3439 862 3507 Abel,
881 3443 906 3494 et
925 3438 961 3492 od
1017 3440 1101 3497 minis
1122 3455 1207 3511 opere
1230 3441 1325 3507 lateat,
1342 3441 1399 3497 uisi
1422 3443 1500 3513 quod
1525 3443 1620 3499 carnis
1639 3443 1729 3500 oculis
1754 3443 1864 3513 placere

46 3568 53 3578 ι
111 3531 381 3600 murmuriosae
405 3531 566 3599 certavere,
593 3534 618 3584 et
642 3528 961 3596 admoneraejasaon
1016 3527 1307 3600 utlaudeturqueat.
1326 3530 1422 3600 (Vsus.
1446 3530 1864 3602 8.)-Eorcdtomerergoait

111 3621 241 3687 respexit.
259 3620 320 3673 Post
344 3617 401 3672 dies
424 3619 532 3684 mutter,
555 3616 583 3672 id
608 3623 650 3673 est
672 3622 734 3686 post
755 3614 819 3671 illos
840 3623 962 3670 aeternos
1015 3616 1096 3686 Cain,
1111 3619 1197 3685 soros.
1221 3618 1293 3685 Quia
1312 3618 1419 3675 durum
1436 3619 1521 3675 nimis
1533 3628 1575 3676 est
1591 3621 1678 3677 tantis
1692 3627 1789 3693 totque
1803 3619 1864 3690 spi-

111 3706 172 3761 dies
187 3705 370 3775 tnuetattgato
382 3705 470 3762 animi
488 3713 560 3762 aestu
573 3703 679 3770 eundo,
696 3717 769 3773 quos
783 3703 889 3758 horum
900 3700 962 3757 bre
1016 3705 1169 3762 ritualibus
1184 3706 1383 3776 adipiscendis,
1400 3722 1466 3778 qua
1491 3708 1527 3763 ad
1553 3709 1671 3779 plenum
1694 3722 1776 3764 nemo
1791 3717 1870 3763 asse·

111 3796 192 3851 vium
207 3793 319 3850 dierum
334 3801 499 3864 contemptu
515 3801 589 3850 recte
603 3792 814 3863 prosequimur,
831 3792 881 3862 qui
898 3797 960 3846 tan·
1015 3794 1127 3864 quitur,
1149 3794 1286 3862 insistere,
1303 3796 1403 3851 saltem
1418 3796 1464 3851 ιιιε
1482 3796 1692 3866 aliquantisper
1704 3796 1816 3852 omissis
1830 3810 1862 3851 ea

112 3896 200 3952 quam
214 3882 343 3938 custodia
360 3883 388 3936 in
399 3883 644 3950 nectebabentur,
661 3880 696 3937 de
711 3880 853 3936 fructibus
867 3888 960 3946 terrae,
1014 3883 1194 3938 extrinsecus
1208 3897 1403 3951 exerceamus,
1429 3899 1494 3955 quae
1510 3884 1624 3940 iuterim
1648 3892 1746 3940 nostre
1761 3884 1862 3940 honori

111 3968 139 4026 id
170 3977 214 4026 est
248 3984 365 4026 carnem
396 3970 514 4026 terendo
543 3969 672 4025 exterius
701 3968 842 4024 edicimus
864 3967 959 4036 bonis;
1014 3975 1041 4024 et
1055 3968 1203 4022 commodo
1218 3967 1333 4025 valeant
1347 3969 1489 4039 prodesse.
1506 3972 1625 4041 cumque
1641 3976 1727 4026 essent
1739 3973 1767 4024 itt
1784 3986 1862 4038 ogre,

110 4058 604 4125 saertdetabeotaudtsatterimus,
630 4057 679 4114 sed
699 4057 760 4113 bace
781 4056 961 4113 extrinsecus
1016 4055 1111 4111 idest
1139 4053 1170 4110 iu
1197 4056 1330 4112 exteriori
1359 4057 1505 4126 exercitio,
1540 4059 1633 4115 cordis
1656 4059 1773 4127 iutuitu,
1802 4058 1861 4129 jam

111 4145 194 4213 lacta,
210 4153 239 4202 et
253 4147 381 4202 drimano
393 4144 490 4203 lavore
505 4145 608 4202 inlecta
628 4153 661 4201 ut
675 4144 777 4202 assolet
795 4159 852 4200 non
867 4143 959 4214 respi-
1014 4142 1049 4197 ad
1082 4143 1195 4198 interna
1233 4144 1459 4201 consideratione
1489 4145 1621 4213 deducto,
1655 4144 1862 4201 consuetudine

109 4235 156 4302 eit,
173 4235 243 4306 quia
257 4248 305 4290 cor
326 4233 471 4290 offerentis
492 4248 525 4290 ea
540 4247 600 4304 qua
614 4233 762 4289 consuevit
777 4233 852 4289 Deus
867 4231 959 4303 gratia
982 4271 1002 4325 D
1016 4231 1131 4297 laveris,
1147 4231 1235 4286 animi
1258 4232 1352 4303 rigore
1374 4233 1490 4302 mollito,
1509 4248 1526 4290 a
1540 4235 1690 4304 superlicio
1705 4233 1859 4291 iprensium
1889 4232 1891 4237 ’

109 4337 167 4379 non
182 4322 284 4394 tangit,
310 4336 362 4377 uec
387 4322 526 4378 bonorum
543 4335 729 4397 quorumque
750 4320 860 4391 jndicio
874 4319 958 4375 sicuti
1013 4333 1132 4389 operum
1149 4320 1233 4391 quasi
1248 4320 1317 4377 Abel
1328 4336 1344 4377 a
1355 4321 1424 4378 Cain
1437 4323 1611 4392 opprimitur
1622 4331 1680 4380 tota
1693 4322 1861 4393 simplicitas

109 4425 161 4466 nee
186 4410 237 4479 ipsi
268 4410 323 4465 lieo
347 4417 461 4480 gratum
483 4408 555 4466 ddit.
570 4409 712 4475 litamine,
732 4410 836 4480 inquit,
860 4409 958 4474 faeiem
1014 4407 1202 4464 internorum.
1218 4407 1350 4480 Cumque
1371 4410 1447 4466 Deus
1462 4410 1496 4467 de
1520 4410 1655 4468 intestina
1672 4418 1762 4466 morte
1776 4409 1861 4465 ratio

109 4505 183 4554 taam
200 4513 281 4567 saper
304 4512 410 4552 seruum
435 4504 511 4552 tuem
525 4498 608 4567 (Psoi.
625 4512 721 4566 cxvut,
741 4497 815 4568 135).
832 4496 957 4553 Hilarem
1013 4496 1059 4550 nis
1081 4511 1150 4553 voce
1170 4497 1368 4568 conqueritur,
1394 4499 1523 4555 bumana
1546 4499 1697 4569 respondet
1718 4499 1857 4570 nequitia,

107 4587 213 4642 scilicet
236 4585 371 4643 allectum
398 4600 486 4656 super
516 4599 549 4642 ea
582 4601 648 4657 quae
672 4601 774 4657 operer
802 4593 829 4641 ιε
853 4586 959 4642 babere
1013 4584 1427 4655 (Vsus.9.)—NesciolQuia
1452 4587 1608 4658 dequibus
1632 4600 1689 4643 non
1712 4600 1860 4651 curamus,

107 4675 232 4742 ostende,
258 4682 289 4731 ut
314 4675 476 4743 videantur,
501 4683 528 4731 et
551 4674 727 4746 glorificeris.
756 4675 851 4731 Solent
872 4676 957 4730 etiam
1012 4672 1121 4728 nescire
1142 4686 1204 4741 nos,
1229 4687 1295 4729 cum
1320 4687 1422 4730 revera
1447 4674 1582 4741 sciamus,
1602 4674 1775 4745 respondere
1789 4675 1862 4730 sole-

108 4764 203 4834 putari
220 4764 312 4832 inepte
327 4763 410 4830 laeta,
431 4777 496 4834 quae
521 4762 578 4818 Deo
597 4778 653 4819 non
674 4762 795 4834 placent,
813 4763 849 4818 ab
866 4763 959 4818 idiotis
1013 4774 1087 4816 mus.
1106 4760 1203 4829 (Vsus.
1223 4762 1276 4829 to.)
1293 4763 1472 4832 -Nouqeid
1491 4769 1578 4818 eustos
1601 4765 1701 4829 fratris
1729 4765 1782 4817 mei
1804 4778 1862 4818 sum

108 4850 283 4906 bominibus.
321 4850 390 4905 Abel
419 4851 453 4905 de
474 4853 661 4920 primogenitis
684 4853 773 4919 gregis
799 4853 843 4905 sui
865 4850 956 4916 oliert,
1012 4848 1863 4919 egotldestnunquidhaecquaenemoobserraresullicit,

107 4939 225 5008 quando
241 4938 386 5008 primaevis
409 4938 566 4994 virtutibus
593 4938 711 4994 interior
734 4938 819 4993 bomo
840 4936 957 4994 redolet.
1012 4950 1064 5006 ego
1089 4935 1167 4992 solus
1192 4936 1354 5005 spiritualia
1384 4951 1503 5007 prorsus
1536 4938 1679 4993 custodire
1706 4937 1864 5008 proposui?

108 5026 221 5083 Primus
246 5026 323 5081 enim
347 5026 431 5082 bomo
454 5025 516 5081 sine
538 5025 617 5081 omni
638 5024 829 5082 ntaceratioue
849 5025 957 5082 carnali
1013 5024 1079 5079 Haec
1093 5024 1236 5079 homicida
1251 5024 1375 5091 anicius,
1387 5032 1415 5082 et
1430 5024 1555 5082 carnalis
1570 5025 1668 5097 glorie
1681 5025 1763 5082 niolae
1777 5026 1861 5083 obru·

108 5114 209 5184 plenus
234 5114 427 5185 spiritualium
457 5114 598 5170 bonorum
630 5114 728 5170 allec
750 5123 793 5169 est
816 5113 956 5182 conditus,
1014 5119 1059 5167 tus
1081 5111 1177 5168 relert.
1202 5118 1236 5169 tlt
1259 5120 1360 5169 contra
1383 5114 1456 5170 ratio
1479 5113 1543 5170 licet
1566 5113 1619 5170 sibi
1642 5127 1707 5170 eum
1725 5113 1861 5170 Deosen·

107 5203 183 5259 uude
214 5202 278 5259 licet
301 5204 337 5258 ob
362 5202 458 5259 caruis
485 5203 666 5272 postmodum
694 5201 810 5272 culpam
835 5203 957 5258 restrin-
1014 5200 1296 5271 tientiuequaquam
1318 5202 1464 5269 credatur,
1496 5202 1530 5257 de
1548 5202 1696 5272 apostasia
1721 5203 1863 5258 immensi·

107 5291 231 5362 gandam
256 5292 434 5347 necessarius
456 5290 541 5348 luerit
566 5290 648 5347 labor
669 5304 834 5360 corporeus,
863 5298 957 5346 tamen
1013 5295 1070 5344 tate
1084 5289 1279 5358 conqueritur.
1296 5289 1397 5357 Pensa,
1414 5291 1461 5350 ait.
1486 5303 1574 5360 quam
1592 5290 1743 5346 criminose
1759 5291 1859 5360 egeris.

107 5380 130 5434 si
153 5378 300 5448 patientia,
322 5378 479 5444 humilitas,
505 5376 673 5447 simplicitas
697 5376 736 5432 illi
758 5384 957 5447 postponatur,
1012 5375 1084 5432 Nam
1099 5392 1152 5431 oea
1167 5379 1310 5445 sonputnis
1328 5379 1429 5444 fratris
1445 5379 1487 5431 tut
1510 5376 1659 5448 ctcmotcd
1673 5393 1714 5432 me
1728 5377 1762 5433 dc
1776 5384 1858 5433 terro.

106 5472 198 5524 totum
221 5473 440 5537 presposterum
465 5479 533 5521 mox
555 5465 689 5531 babetur,
712 5472 740 5521 et
768 5465 850 5536 vulgi
874 5464 959 5521 laude
1012 5464 1076 5522 tior
1100 5464 1198 5521 verbis
1219 5464 1321 5536 praeire
1335 5465 1414 5538 solet,
1439 5473 1472 5522 ut
1493 5466 1598 5523 umbra
1624 5467 1785 5524 veritatem.
1801 5467 1860 5524 Vo-

106 5555 273 5628 surripitur.
292 5555 323 5610 lu
349 5569 434 5626 grege
450 5561 545 5609 autem
568 5553 667 5610 orium
694 5553 898 5623 mansuetudo,
920 5555 961 5609 in·
1012 5567 1073 5609 cem
1088 5567 1156 5624 ergo
1169 5553 1344 5623 accipiamus
1361 5552 1485 5611 dolorem
1508 5554 1599 5626 illum,
1625 5554 1675 5627 qui
1696 5553 1732 5612 de
1746 5562 1859 5626 peccato
