3818 6008
58 237 125 291 {aab
654 234 768 291 eoois.
784 265 818 273 -
834 235 913 292 virt
932 235 960 291 S.
981 230 1202 290 SALABERGAE.
1741 241 1809 296 {226

55 367 109 424 Sed
130 372 274 438 quantum
298 363 447 431 illustrior,
464 362 509 419 vel
533 362 656 420 nobilior
669 363 724 421 luit
747 365 902 433 natalibus,
923 364 1096 422 hbeitatem
1111 363 1170 434 lat..
1193 361 1275 419 nulla
1303 362 1492 422 imminuente
1514 367 1723 426 immutationis
1742 372 1809 428 llei-

56 455 126 510 adeo
152 453 180 509 in
204 452 352 508 nutriendi
371 464 443 507 cura
466 450 636 521 parentibus
657 450 813 507 sollicitior.
830 450 903 506 Nam
957 452 1036 523 tatel,
1051 465 1117 523 qnae
1132 458 1229 521 utpote
1247 466 1359 522 semper
1380 467 1446 509 cum
1462 452 1547 511 Patre
1561 455 1656 526 luerit,
1682 466 1715 515 ut
1736 460 1808 516 nihil
1838 439 1842 446 ²

56 556 123 598 cum
140 542 187 598 illo
201 541 229 596 in
246 549 371 611 tempore
386 553 456 611 gens
467 538 663 610 bajoariorum
673 538 772 610 (quam
788 538 905 596 Orosius
957 554 1011 597 sua
1025 540 1164 612 dignitate
1188 540 1336 608 minuerit,
1364 542 1441 598 unde
1461 557 1549 600 verns
1565 545 1650 611 Deus,
1673 554 1701 602 et
1723 563 1809 606 verus

56 631 103 687 vir
115 630 337 696 eruditissimus,
353 635 381 684 et
399 628 582 684 ilistoriarum
602 628 733 700 cognitor
751 629 835 699 Bajas
850 629 906 699 pri·
959 629 1043 685 homo
1053 629 1213 699 appellatus
1226 630 1261 685 sit
1276 629 1417 687 Christus.

58 734 105 774 sco
130 717 270 775 vocabulo
292 716 425 787 appellat,
447 716 477 771 in
498 723 628 772 extrema
651 716 804 772 Germania
828 716 904 787 sita)
994 717 1122 787 Denique
1142 731 1274 774 remeans
1298 733 1334 774 ex
1358 719 1496 790 baioariis
1520 721 1721 793 vtregregius,
1746 733 1808 795 post

58 807 214 863 Bonosiaca
233 805 423 863 essetiniecta
448 818 554 872 errore,
572 804 906 861 Bonosiecamhaeresim
959 805 1118 862 Germaniae
1145 807 1323 878 Belgicaeque
1351 808 1526 866 laboriosum
1557 811 1668 879 callem,
1692 814 1809 871 tandem

59 897 221 952 defensores
240 902 346 951 sancta
369 893 503 950 Ecclesia
528 900 684 950 notarunt:
701 909 766 965 qum
792 893 907 949 haeresis
960 895 1089 966 pervenit
1108 896 1143 950 ad
1162 897 1318 966 quemdam
1345 897 1441 953 virum
1466 898 1690 956 illustrissimum
1705 902 1809 971 opibus

59 984 172 1055 antiqui
186 991 214 1040 et
229 983 324 1039 callidi
336 983 424 1038 hostis
444 981 556 1038 irretita
579 982 708 1049 habenis,
725 996 833 1053 purum
853 983 906 1038 ho·
958 990 985 1040 et
1001 983 1108 1039 divitiis
1131 984 1299 1053 opulentum
1318 984 1453 1056 iamaque
1469 988 1627 1043 secundum
1644 989 1741 1045 saeculi
1765 990 1808 1046 di·

61 1074 165 1129 nrinem
181 1071 336 1128 Dominum
357 1078 487 1127 nostrum
503 1072 598 1127 iesum
620 1071 776 1138 Christum,
796 1070 906 1142 absque
960 1071 1097 1143 gnitatcm
1122 1070 1304 1142 praeclarum,
1330 1078 1357 1128 et
1382 1073 1484 1128 aulicis
1507 1074 1594 1130 rebus
1622 1083 1733 1145 aptum,
1758 1092 1809 1133 no·

61 1162 169 1218 Deitate
185 1161 277 1217 Patris
295 1174 365 1226 esse,
386 1174 473 1216 sensu
493 1173 583 1230 pravo
600 1158 741 1215 censebat.
759 1159 906 1229 adquam
959 1161 1036 1218 mine
1050 1160 1242 1217 Gunduinum
1262 1158 1319 1231 lot,
1336 1159 1546 1234 Gundomuml‚
1563 1163 1614 1233 qni
1631 1178 1665 1219 eo
1683 1171 1809 1235 tempore

60 1251 200 1306 nclariam
214 1257 242 1306 et
260 1251 390 1305 insanam
416 1248 574 1305 doctrinam
600 1247 815 1317 «conterendam,
833 1248 904 1304 imo·
960 1250 1038 1320 apud
1054 1248 1153 1305 villam
1172 1248 1339 1319 quamdam,
1367 1249 1483 1306 nomine
1507 1251 1625 1318 blesam,
1642 1252 1678 1308 ob
1694 1267 1808 1310 amnem

59 1355 115 1409 qim
143 1339 338 1405 resecandam,
373 1337 546 1394 venerabilis
576 1337 622 1392 vir
645 1337 796 1392 Eustasius
820 1336 904 1406 abba,
961 1337 990 1393 in
1003 1353 1036 1394 eo
1050 1337 1111 1395 loco
1134 1337 1346 1404 decurrentem,
1361 1336 1402 1392 sic
1426 1337 1598 1408 appellatam
1620 1341 1807 1412 morabatur;

60 1427 157 1482 divino
169 1434 266 1496 utpote
289 1426 442 1496 instigatus
461 1424 719 1494 spirltu,bux0vio
734 1425 907 1480 monasterio
960 1425 1009 1495 qui
1045 1424 1138 1481 amnis
1161 1439 1198 1481 ex
1223 1423 1387 1495 lingonicis
1419 1426 1526 1482 sinibus
1546 1426 1651 1483 iontem
1677 1443 1806 1495 sumens,

60 1517 88 1569 in
109 1516 220 1585 vosago
239 1516 313 1570 saltn
332 1515 620 1584 citoadvenit,quod
638 1513 906 1569 virlormalauda-
962 1521 1024 1582 post
1049 1512 1153 1569 multos
1185 1513 1333 1569 anfractus
1355 1512 1529 1584 crebrosque
1563 1522 1646 1571 terrae
1672 1518 1811 1574 circuitus

59 1603 134 1672 bilis,
150 1612 178 1660 et
199 1603 349 1658 sanctitate
372 1602 481 1673 pollens
504 1601 710 1669 columbanae,
738 1602 907 1673 peregrinus
961 1601 1053 1658 Rheni
1077 1601 1253 1658 velocissime
1278 1601 1407 1657 litaminis
1436 1602 1464 1657 in
1494 1617 1522 1658 sc
1549 1603 1657 1660 iluenta
1680 1614 1811 1675 exparte

58 1708 94 1748 ex
109 1691 244 1748 Hibernia
271 1691 439 1757 adveniens,
463 1706 499 1746 ex
521 1691 719 1746 munificentia
733 1689 906 1747 childeberti
926 1670 946 1723 Β

60 1781 135 1851 regis
149 1794 261 1836 summo
273 1780 367 1835 studio
379 1788 406 1834 et
417 1779 513 1835 labore
527 1780 699 1834 construxit.

397 1893 513 1949 CAPUT
533 1893 569 1948 ll.

96 1997 148 2054 Sed
162 1997 298 2068 quoniam
323 1999 394 2054 tanti
419 1998 474 2054 viri
494 1996 662 2054 columbani
688 1997 807 2053 lecimus
824 2012 907 2053 men-

61 2086 175 2153 tionem,
201 2088 263 2156 cjus
284 2101 339 2142 non
364 2093 406 2142 est
424 2086 618 2142 necessarium
642 2090 720 2140 oet)
750 2086 778 2140 iu
812 2093 907 2141 nostro
981 2132 986 2141 .

57 2189 142 2244 opere
166 2175 297 2231 detexere
322 2182 499 2246 gesiacam
523 2174 581 2230 sint
608 2174 645 2229 ab
674 2173 907 2244 eloquentissimo

58 2263 119 2318 viro
134 2264 206 2319 iona
221 2263 389 2320 elucubrate
402 2263 478 2319 edita
495 2279 502 2328 ;
518 2263 645 2334 qualiter
658 2262 744 2318 etiam
758 2262 833 2318 inter
849 2270 907 2319 tur-

58 2351 139 2407 bines
157 2351 264 2419 saeculi,
290 2358 318 2407 et
345 2351 514 2408 Theodorici
535 2351 611 2422 regis
634 2350 838 2420 principatum,
859 2365 906 2406 rc-

58 2438 194 2509 ginaeque
216 2439 416 2495 Brnnechildls
440 2439 595 2511 instigante
629 2439 766 2507 versutie,
790 2439 905 2495 notandi

60 2528 145 2582 bostis
161 2527 310 2596 pertulerit
331 2527 459 2583 insidias.
484 2526 630 2595 Quomodo
654 2527 739 2582 etiam
757 2527 907 2596 tyrannica

59 2617 216 2672 temeritate
239 2629 256 2670 a
279 2616 419 2672 iratribus
443 2617 479 2672 sit
499 2619 615 2687 ejectus,
634 2623 661 2672 et
677 2616 765 2672 ltaliae
787 2616 856 2671 sinos
871 2616 906 2671 sit

58 2705 226 2775 ingressus3
251 2706 465 2761 monasterium.
492 2705 629 2760 bobiense
652 2718 687 2760 ex
712 2704 853 2775 permissu
878 2712 905 2760 et

58 2791 226 2848 auctoritate
248 2791 352 2864 bignlll
385 2792 638 2864 Longobardorum
666 2791 741 2861 regis
762 2791 833 2847 miro
857 2805 905 2846 or·

59 2879 203 2952 dioclet,
223 2882 318 2952 opere]
343 2881 515 2948 construxit,
536 2880 726 2952 regulamque
747 2878 906 2935 condiderit

63 2970 279 3037 monachorum,
299 2970 388 3026 isdem
413 2970 548 3040 praeiatns
570 2970 656 3024 lonas
680 2969 709 3024 in
730 2967 803 3023 libro
819 2981 905 3037 quem

60 3057 100 3111 lle
114 3057 178 3113 Vita
192 3067 219 3114 et
234 3058 381 3116 miraculis
396 3058 460 3129 eius
469 3057 617 3113 ediditsuo
627 3055 699 3126 stylo
708 3055 903 3126 prosequitur.

94 3144 217 3200 llxstant
231 3145 359 3216 eiusdem
374 3146 465 3201 Patris
477 3144 647 3202 Columbani
663 3145 769 3215 scripta
784 3143 820 3198 ad
836 3142 905 3198 bea-

58 3240 120 3288 tum
135 3239 162 3288 et
179 3232 416 3289 facundissimum
440 3234 536 3289 virum
551 3232 720 3303 Gregorium
743 3232 905 3301 pontiilccm

57 3321 231 3390 Romanum,
258 3321 286 3376 in
312 3322 393 3382 libro,
419 3335 507 3391 quem
528 3318 587 3393 let,
610 3320 687 3391 quaa]
712 3319 746 3376 de
774 3319 905 3390 pervigili

58 3416 206 3480 pastorum
223 3423 293 3465 cura
310 3408 418 3476 elicuit,
434 3409 485 3479 qui
509 3423 543 3464 eo
568 3416 693 3479 tempore
719 3408 788 3464 adeo
811 3407 907 3463 clarus

58 3497 221 3554 habebatur
236 3504 323 3568 atque
349 3496 498 3553 sanctitate
511 3496 648 3566 preditus
671 3503 742 3564 erat,
763 3501 794 3552 ut
809 3495 906 3565 etiam,

59 3584 167 3654 Spiritu
190 3592 289 3641 sancto
318 3584 343 3641 ei
367 3585 491 3653 latente,
524 3590 633 3640 secreta
656 3583 719 3640 coeli
749 3583 905 3653 patuerint,

61 3687 223 3743 nocentque
232 3673 256 3728 ei
269 3673 385 3729 ordines
407 3673 587 3744 angelorum,
613 3679 676 3743 post
699 3671 819 3727 Paulum
836 3685 908 3741 apo-

60 3761 166 3817 stolum
187 3763 293 3818 nitrum
307 3761 337 3816 in
352 3761 469 3817 modum
485 3768 536 3817 aut
550 3759 628 3816 solus
647 3768 699 3816 aut
722 3773 806 3816 rarus
822 3760 908 3815 lermc

61 3849 206 3906 disseruit.
227 3848 317 3919 Cujus
339 3849 470 3905 doctrina
499 3847 608 3919 eloquii
633 3855 823 3913 venustatem,
854 3860 910 3915 pta-

61 3938 247 4009 nitentiaeque
271 3937 395 3994 iumenta
418 3937 554 4006 docente;
585 3935 740 3993 universus
773 3934 909 3992 Occidens

61 4026 201 4083 hactenus
218 4025 388 4082 illustratur.
414 4023 467 4082 Sed
489 4033 515 4081 et
531 4025 603 4081 idem
627 4021 799 4080 venerabilis
815 4022 859 4077 sir
873 4021 909 4077 ad

962 1690 1112 1760 recipiens,
1129 1704 1269 1746 oceanum
1286 1689 1473 1746 Barbaricum
1494 1690 1666 1762 ingreditur.

996 1778 1048 1834 Vir
1071 1777 1161 1848 igitur
1184 1777 1359 1834 Gunduinus
1383 1778 1577 1835 venerabilem
1607 1781 1704 1837 virum
1732 1782 1811 1839 velut

961 1867 1158 1937 gratissimum
1174 1879 1282 1921 mainus
1300 1867 1435 1935 suscepit.
1457 1867 1545 1922 Porro
1560 1874 1592 1924 ut
1606 1869 1709 1925 assolet
1722 1876 1749 1926 et
1766 1884 1811 1927 res

961 1969 990 2010 sc
1004 1954 1122 2019 babent,
1136 1955 1273 2010 humanm
1289 1954 1363 2010 inter
1378 1954 1507 2010 salubria
1522 1955 1730 2013 adhortationis
1745 1973 1809 2015 ver-

961 2043 998 2099 ba
1015 2042 1043 2098 in
1054 2042 1196 2114 colloquio
1219 2043 1348 2100 virorum
1377 2042 1504 2099 bdelium
1529 2044 1644 2101 animus
1667 2048 1812 2105 erescebat

960 2145 1071 2200 prorum
1089 2132 1145 2201 lot,
1163 2132 1252 2187 animi
1268 2132 1362 2187 lavere
1375 2132 1544 2204 pastorum].
1570 2134 1659 2204 cmpit
1678 2135 1753 2191 idem
1765 2136 1812 2192 vir

960 2220 1011 2276 Dei
1031 2219 1169 2276 sciscitari
1185 2226 1284 2276 utrum
1310 2220 1402 2275 eidem
1419 2219 1490 2287 viro,
1510 2219 1614 2276 illustri
1633 2222 1810 2281 Francorum

960 2316 1021 2366 orto
1051 2309 1206 2376 natalibus,
1234 2306 1345 2364 soboles
1373 2308 1494 2364 adesset.
1531 2309 1670 2367 Cernebat
1692 2311 1808 2383 qnippe,

961 2403 993 2454 ut
1006 2398 1118 2466 opinor,
1135 2397 1180 2453 vir
1206 2396 1299 2465 Dela
1328 2397 1386 2452 Deo
1415 2396 1473 2453 iore
1499 2399 1658 2468 praescitam
1689 2400 1808 2470 prolem,

960 2499 1048 2557 quam
1066 2492 1160 2556 postea
1179 2487 1219 2541 rei
1236 2484 1369 2555 probavit
1381 2492 1510 2542 eventus.
1527 2486 1608 2542 'lunc
1628 2488 1674 2559 cir
1690 2487 1810 2544 illustris

960 2573 1145 2640 Gunduinus,
1170 2588 1237 2652 cum
1270 2573 1393 2645 conjngc
1418 2587 1472 2630 sua
1498 2574 1662 2642 saretrude,
1685 2576 1810 2648 eleganti

961 2663 1052 2718 torma
1074 2670 1102 2718 ct
1125 2661 1211 2718 nobili
1238 2663 1353 2729 lomina,
1377 2662 1449 2717 duos
1473 2662 1555 2718 bone
1586 2662 1688 2720 indolis
1711 2664 1810 2721 adole-

959 2749 1103 2806 scentulos
1140 2751 1176 2807 ob
1212 2750 1418 2830 benedictionis
1452 2759 1651 2821 percepturam
1685 2754 1807 2825 gratiam

960 2839 1160 2910 praesentavit3
1177 2853 1303 2908 quorum
1319 2839 1580 2896 seniorbeudinns
1603 2838 1665 2912 [ol.,
1689 2841 1808 2898 leudei-

925 2925 1039 3015 Cnusl,
1064 2934 1253 2998 cognomento
1287 2919 1381 2993 liudo:
1395 2927 1495 2998 junior
1524 2942 1593 2985 vero
1621 2929 1809 3000 Fulculphus,

960 3017 1011 3089 qui
1024 3023 1051 3072 et
1064 3016 1124 3086 ipse
1139 3015 1195 3073 alio
1204 3015 1344 3073 vocabulo
1355 3017 1431 3072 Bodo
1447 3017 1607 3073 dicebatur.

995 3103 1163 3161 Sciscitatur
1187 3103 1282 3160 denuo
1299 3104 1344 3159 vir
1372 3105 1421 3161 liei
1443 3105 1468 3161 si
1483 3105 1578 3161 adhuc
1603 3105 1694 3176 proies
1714 3120 1811 3177 super-

959 3200 1042 3249 esset.
1058 3193 1098 3248 nd
1112 3206 1199 3263 quem
1216 3192 1254 3248 illi
1279 3192 1405 3249 latentur
1427 3207 1457 3249 se
1475 3193 1579 3250 habere
1594 3194 1720 3264 puellam
1736 3194 1810 3251 Ger-

961 3295 1076 3337 manam
1089 3281 1152 3337 licet
1164 3288 1246 3337 aetate
1270 3280 1476 3350 praelerentem,
1500 3281 1549 3338 sed
1565 3281 1675 3339 dudum
1690 3281 1811 3339 lumini·

961 3369 1016 3425 bus
1029 3369 1170 3425 orbatam.
1189 3368 1232 3424 Ad
1248 3383 1322 3438 quos
1336 3368 1382 3424 vir
1397 3369 1453 3424 lieo
1468 3368 1571 3439 plenus
1583 3369 1643 3425 ait:
1663 3390 1674 3418 ι
1695 3368 1809 3437 Veniat,

961 3472 1068 3528 queso,
1101 3456 1173 3526 ipsa,
1194 3463 1221 3513 et
1247 3457 1349 3512 vestris
1378 3456 1439 3526 lot,
1473 3455 1588 3528 nostris]
1623 3464 1812 3527 praesentetur

961 3544 1118 3602 obtutibus.
1137 3565 1148 3593 »
1175 3543 1306 3600 Senserat
1334 3544 1470 3612 enimet
1492 3559 1564 3611 reor,
1592 3544 1619 3600 in
1635 3545 1739 3614 spiritu
1753 3546 1812 3602 eia

963 3632 1083 3689 llorninn
1098 3631 1247 3688 sanitatem
1269 3632 1328 3687 lore
1351 3631 1535 3689 collaturum.
1560 3633 1707 3689 Triduano
1723 3633 1813 3705 igitur

962 3735 979 3776 a
991 3720 1143 3790 semetipso
1153 3719 1384 3790 exactoJ'cjunim
1399 3734 1485 3790 super
1497 3722 1594 3776 oculos
1605 3720 1706 3790 puellae
1716 3722 1809 3780 oleum

964 3805 1169 3862 benedictionis
1193 3805 1239 3860 vir
1265 3804 1313 3860 liei
1332 3803 1455 3860 eiiludit.
1485 3805 1590 3862 llirum
1618 3805 1712 3863 dictul
1742 3822 1811 3865 mox

965 3893 1060 3964 puella
1074 3893 1225 3948 sanitatem
1236 3891 1397 3963 pristinam,
1414 3892 1518 3949 Christi
1535 3893 1629 3964 gratia
1643 3893 1811 3964 opitulante,

964 3986 1117 4036 consecuta
1143 3988 1195 4036 est.
1223 3980 1280 4035 Nec
1301 3979 1443 4036 immerito
1471 3981 1649 4050 omnipotens
1669 3983 1745 4039 Deus
1771 3984 1813 4039 sic

965 4070 992 4124 in
1010 4075 1145 4138 promptu
1156 4081 1274 4124 suorum
1286 4068 1464 4138 obtemperat
1479 4070 1610 4138 precibus
1625 4070 1812 4141 emulorum,

61 4114 211 4185 prelatum
223 4114 335 4169 Patrem
350 4112 489 4169 melliilna
505 4112 613 4169 remisit
637 4111 754 4180 scripta.
768 4109 853 4166 Nunc
873 4108 909 4165 ad
1009 4157 1014 4170 .
1277 4155 1282 4167 .
1478 4157 1484 4169 .

965 4173 1016 4228 qui
1038 4170 1106 4212 snas
1125 4164 1241 4226 propter
1276 4170 1371 4227 ipsum
1407 4158 1615 4215 crucifixerunt
1638 4159 1811 4217 voluntates.

62 4205 240 4270 ”mmmm
255 4206 444 4329 revertam&
928 4252 951 4307 Ι)
999 4244 1136 4315 Sequitur
1156 4244 1288 4315 deinceps
1311 4244 1390 4300 aliud
1415 4246 1600 4315 splendidum
1627 4247 1811 4305 miraculum.

391 4312 506 4370 (APUT
526 4313 574 4368 ¹¹¹·
964 4334 1036 4389 Cum
1050 4331 1149 4388 cadem
1165 4332 1262 4403 puella
1279 4333 1454 4403 iampridem
1471 4334 1585 4392 lluxnm
1607 4335 1758 4406 sanguinis
1771 4348 1813 4405 pa

99 4420 250 4476 praelatam
266 4426 378 4490 gentem
393 4433 444 4489 per
455 4418 615 4475 Germania
630 4418 713 4475 sinus
725 4416 771 4473 vir
782 4416 831 4473 Dei
848 4417 910 4473 Eu·
965 4429 1082 4485 teretur,
1101 4429 1129 4477 et
1152 4422 1323 4492 gravissima
1346 4423 1474 4492 corporis
1493 4423 1623 4480 molestia
1643 4438 1679 4480 ex
1695 4424 1748 4480 hoo
1762 4425 1815 4480 de-

62 4510 167 4566 stastus
182 4521 344 4579 aggressus,
361 4515 392 4564 uc
413 4508 530 4564 lucerna
548 4505 711 4563 sanctioris
724 4518 911 4576 nequaquam
965 4510 1030 4567 otiis
1044 4516 1190 4566 teneretur
1202 4511 1327 4578 astricta,
1343 4511 1388 4567 vir
1402 4511 1536 4582 egregius
1552 4511 1701 4567 eusanius
1716 4520 1749 4568 ut
1763 4510 1817 4568 hoc

63 4596 239 4663 submodio,
258 4594 307 4650 sed
333 4607 419 4663 super
437 4594 644 4650 candelabrum
672 4593 763 4662 posita
777 4592 912 4650 omnibus
965 4595 1115 4668 perspicue
1144 4596 1289 4665 comperit,
1319 4596 1451 4653 divinum
1482 4597 1659 4668 solitumque
1692 4597 1817 4670 prolusio

64 4685 220 4757 patefieret,
247 4684 446 4751 talentumque
468 4681 592 4751 desuper
612 4680 712 4737 datum
737 4680 825 4750 hujus
855 4695 913 4736 non
966 4683 1101 4754 precibus
1114 4683 1205 4754 poscit
1217 4683 1445 4741 adminiculum:
1462 4684 1612 4741 exaudivit
1636 4699 1732 4755 preces
1748 4687 1817 4744 ilde·

63 4772 235 4843 operiretur,
261 4769 310 4826 sed
336 4769 431 4838 potius
454 4769 589 4825 omnibus
613 4782 679 4825 cum
704 4766 850 4838 duplicato
871 4768 912 4823 le·
968 4771 1115 4830 lisiamnli
1131 4771 1175 4828 sui
1192 4771 1239 4828 ille
1254 4785 1352 4830 rerum
1381 4772 1462 4829 Sator
1489 4779 1625 4842 aeternus,
1645 4775 1696 4846 qui
1712 4776 1818 4833 sanctis

64 4876 134 4918 nore
147 4864 354 4930 perpatesceret
376 4857 487 4927 (britti,
511 4873 538 4925 v,
566 4855 648 4928 xxv),
669 4856 915 4927 exspargescentis
969 4861 1040 4927 suis,
1065 4859 1128 4931 ejus
1156 4859 1305 4930 preceptis
1332 4862 1376 4930 pie
1404 4860 1681 4930 obtemperantibus,
1714 4869 1818 4931 praesto

64 4950 154 5019 ipsius
169 4947 272 5003 abraso
286 4946 391 5001 erroris
403 4946 525 5013 tramite,
538 4945 714 5016 evangelico,
729 4945 916 5015 inquantum
969 4962 1030 5005 esse
1058 4947 1218 5004 consuevit.
1241 4946 1315 5014 Quid
1340 4947 1433 5004 multa
1448 4949 1463 5002 ‘l
1477 4947 1575 5004 Puella
1598 4947 1731 5019 sospitate
1754 4963 1818 5021 per·

65 5037 206 5094 Dominus
232 5033 363 5100 contulit,
381 5033 462 5089 vcrhi
478 5047 615 5090 mucrone
636 5033 792 5100 truncavit,
810 5032 917 5103 predi·
970 5042 1053 5106 cepta
1068 5035 1220 5091 incolumis
1233 5043 1274 5091 est
1287 5035 1429 5092 restituta.

64 5140 135 5182 cans
149 5122 304 5180 Dominum
320 5129 451 5178 nostrum
466 5122 564 5178 lesum
579 5120 737 5189 Christum,
753 5121 831 5192 quod
844 5120 917 5178 sicut
1318 5179 1323 5195 ι

65 5213 96 5269 in
121 5211 277 5268 Divinitatc
299 5208 495 5280 equalitatem
519 5207 566 5264 Dei
596 5207 689 5265 Patris
716 5207 920 5278 omnipotentis
1097 5269 1099 5274 .
1304 5176 1419 5235 (APUT
1438 5177 1486 5236 lv·

68 5300 195 5366 haberet,
212 5299 251 5356 ita
273 5305 302 5354 et
326 5296 537 5354 humanitatem
562 5296 684 5352 materni
707 5297 843 5367 corporis,
864 5310 920 5353 no·
1008 5299 1121 5356 Interea
1135 5314 1201 5356 cum
1223 5298 1260 5355 ad
1277 5299 1408 5370 perlecta
1419 5300 1511 5358 aetatis
1529 5300 1705 5373 pervenisset
1720 5315 1822 5375 annos,

67 5396 215 5459 suamque
239 5393 386 5452 naturam,
412 5397 502 5455 qnam
522 5384 582 5454 ipse
608 5384 784 5454 condiderat,
810 5384 921 5455 absque
974 5393 1108 5458 parentes
1144 5386 1208 5458 ejus
1237 5401 1304 5444 cum
1332 5388 1471 5460 vidissent
1494 5389 1620 5461 puellam
1644 5389 1823 5460 gliscentem,

70 5483 184 5549 peccato
193 5475 359 5545 susciperet,
381 5479 409 5529 et
428 5469 540 5530 nullam
563 5472 781 5531 imminuentem
806 5472 921 5531 unionis
975 5474 1165 5547 moribusque
1177 5480 1321 5544 ornatam,
1345 5475 1497 5534 eratenim
1523 5478 1626 5534 decora
1645 5486 1826 5552 venustaque

249 5564 386 5631 Parnon.
411 5561 516 5632 cett.
1628 5571 1670 5632 39
