3818 6008
75 111 125 163 iil
681 106 863 162 dauatttttt
882 107 917 161 ΙΝ
937 105 1088 162 Guausttt
1110 105 1175 163 tta.
1191 107 1224 162 X.
1776 114 1827 166 322

75 238 193 294 animus
216 237 377 304 utilitatem,
397 250 462 307 quae
487 236 586 292 multis
610 236 740 306 prodesse
764 235 900 306 delegerit
913 251 921 304 3
942 237 1142 294 aterrtitatem
1167 237 1367 306 experiamini,
1392 237 1440 293 cui
1463 251 1504 294 est
1524 252 1590 295 cum
1615 239 1672 295 Deo
1691 239 1749 310 jarn
1776 256 1824 310 per

74 327 162 396 quus
183 340 290 390 senten,
314 326 339 380 id
367 334 408 380 est
424 325 588 394 exemplum
605 327 697 394 operis
720 326 748 379 in
765 326 923 380 tnttltorunt
978 325 1127 380 uictoriam
1147 326 1332 394 principatus.
1358 327 1447 382 lsrael
1475 341 1601 398 namque
1623 332 1749 398 princeps
1764 346 1824 384 cam

75 416 246 469 ituruutctas
278 414 481 468 tutiiticatioues
504 416 655 484 propagari
680 423 777 483 utpote
802 414 923 468 imitabi-
981 414 1161 468 beodicitur.

76 503 134 558 lius
158 504 269 572 poterit.
296 503 370 556 lluic
394 504 491 557 sensui
524 502 925 571 aaaqraeriamntatttartbae
1015 501 1099 557 Vens.
1123 505 1147 568 3,
1165 503 1191 554 i.
1210 502 1350 556 —Rabcn
1369 505 1565 571 primogenitas
1594 520 1677 570 occas,
1700 507 1824 571 treforti-

75 591 112 645 ad
128 592 284 645 Dittrtiuuut
310 590 467 646 laborantis
491 590 520 644 in
545 591 703 661 Evartgclio
724 591 864 645 adversus
878 605 920 645 so·
981 588 1044 641 tado
1062 603 1132 651 mea,
1155 593 1180 640 ct
1198 591 1366 657 principiam
1388 589 1488 642 doloris
1513 592 1575 657 mei,
1594 592 1672 657 prior
1692 591 1824 658 iudanis,

76 679 399 746 rorentcouciuittbac.
424 693 451 744 x,
469 678 524 745 ill.
542 678 685 733 Benedirit
710 687 804 734 tamen
829 678 869 733 eis
894 679 934 746 in¹
980 677 1068 742 major
1091 679 1214 744 imperio.
1242 678 1352 743 Effusas
1382 693 1408 729 es
1439 682 1509 730 sicat
1533 694 1615 744 captari,
1634 693 1687 732 ιιοιι
1709 693 1823 745 crescas,

76 768 138 835 ipso
153 774 288 835 tempore,
312 766 382 820 duur
408 765 595 833 nrttltiplicari
625 765 653 819 in
671 767 801 834 utrisque
818 767 925 834 appetit
980 767 1045 832 paria
1060 766 1206 818 ascendisti
1218 766 1303 819 ctcbiic
1315 768 1407 834 patris
1423 769 1472 831 rai,
1497 772 1521 818 ct
1547 767 1691 819 maculasti
1705 770 1823 819 stratam

75 855 105 909 iu
139 857 191 910 boc
218 855 315 909 eodem
355 863 431 910 statu
474 853 711 908 considerationis
738 868 807 908 strae.
840 855 922 921 ticet,
979 852 1385 921 cjrts.ltubeninterpretatur
1407 855 1500 906 videtis
1526 856 1555 905 ia
1577 853 1672 907 medio.
1699 853 1825 908 Medium

75 944 183 1012 inquit,
210 943 402 1012 plurimorum
426 942 578 996 actualitas
602 943 795 997 etnoiumeuto
819 941 923 1009 valeat,
979 948 1075 995 atatem
1095 943 1293 1008 procommtmi
1317 955 1431 1010 ponere,
1455 949 1482 995 et
1506 941 1640 996 butracum
1662 955 1695 996 ac
1720 941 1826 996 divine

75 1033 167 1086 fateor
183 1038 277 1085 taruen
294 1032 370 1100 quod
387 1031 416 1084 in
440 1039 474 1097 te,
500 1046 516 1085 o
543 1030 780 1097 intellectualitas,
805 1030 925 1084 internae
979 1028 1092 1098 paginae
1107 1028 1301 1083 inolituutest.
1335 1029 1428 1082 Videas
1454 1045 1521 1099 crgo
1547 1033 1576 1082 ia
1601 1029 1691 1083 medio
1718 1029 1760 1084 vis
1776 1043 1827 1084 ra-

76 1117 282 1173 beuedictionis
298 1116 493 1186 principalitas
514 1116 671 1176 consistat:
693 1117 785 1170 virtus
799 1129 925 1184 namque
980 1116 1146 1172 tiottalitatis
1165 1117 1315 1185 accipitur,
1337 1132 1402 1186 ttrite
1427 1118 1598 1187 generaliter
1614 1126 1671 1172 tota
1695 1132 1761 1187 quae
1775 1118 1827 1172 bo-

74 1207 190 1263 lsraelis
204 1220 254 1275 per
270 1215 305 1274 te,
332 1207 359 1261 id
384 1215 425 1261 cst
451 1205 579 1272 rationis,
596 1204 746 1271 exuberat,
763 1212 790 1260 et
807 1204 869 1259 ideo
882 1203 927 1259 di-
981 1204 1151 1260 mittissuut
1176 1205 1291 1273 provido
1318 1218 1420 1260 curare
1448 1205 1635 1273 dignoscitur.
1670 1206 1719 1261 Est
1755 1219 1824 1276 ergo

74 1303 175 1352 cetur:
192 1297 288 1349 Faciat
309 1296 360 1348 tibi
386 1298 458 1349 Deus
480 1298 551 1348 sicat
575 1296 718 1362 Ephraim,
742 1296 850 1347 etsicat
866 1294 925 1346 lita·
981 1293 1090 1348 dicore:
1117 1293 1184 1349 blibi
1209 1292 1312 1348 rationi
1337 1292 1536 1362 principaliter
1563 1293 1829 1363 ingenitadignitas

73 1399 164 1446 nasse,
181 1383 231 1438 tibi
247 1382 387 1449 videlicet,
409 1397 426 1437 o
448 1382 577 1450 spiritus
604 1380 741 1435 fulciatur
765 1380 927 1434 animalitas
980 1396 1010 1435 es
1031 1364 1216 1450 provitlcutiae
1236 1390 1286 1436 aut
1311 1381 1500 1447 discretionis
1527 1395 1592 1450 attice
1618 1382 1681 1436 licet
1712 1381 1827 1436 tortitu-

75 1472 151 1527 sicut
178 1469 260 1538 adipe
286 1477 313 1523 et
352 1469 537 1538 pinguedine,
577 1466 701 1536 proiecto
727 1466 925 1521 lructiticando
982 1469 1077 1523 dinem
1093 1477 1193 1523 eontra
1207 1469 1383 1539 emergentia
1400 1469 1468 1523 vitia
1484 1468 1695 1535 substituistres,
1719 1470 1829 1538 princi-

74 1559 205 1614 exterius
233 1559 260 1612 in
289 1556 475 1621 cultibitione,
510 1563 537 1611 et
579 1555 726 1610 imbuetur
755 1555 926 1609 intrinsecus
949 1533 1168 1625 Bpa'amtauten
1194 1558 1293 1609 datoris
1318 1557 1524 1625 maiuscula
1549 1571 1606 1625 qtro
1633 1557 1724 1627 tnagis
1748 1557 1829 1612 addis

75 1648 178 1717 gratia
194 1660 280 1701 succo
293 1647 421 1699 omnium
437 1658 454 1697 a
470 1651 562 1698 monte
586 1642 741 1697 visibilium
760 1641 924 1697 abolitione.
981 1645 1141 1707 scientiam,
1159 1652 1237 1698 tanto
1251 1644 1331 1698 addis
1346 1644 1417 1698 scita
1433 1644 1524 1699 lacero
1541 1659 1598 1698 aron
1616 1643 1722 1712 potenti
1739 1643 1829 1699 tristi-

113 1733 313 1798 donstitcitpac
340 1731 473 1797 Epitratm
498 1736 561 1780 crate
592 1732 741 1793 alariassm,
776 1725 845 1794 (puin
873 1740 927 1780 ne·
982 1734 1189 1800 tiarn3etcurn
1207 1732 1245 1787 sis
1258 1735 1336 1801 prior
1353 1733 1512 1787 secundum
1535 1733 1679 1788 excellens
1699 1731 1830 1802 sapiendi

75 1834 154 1876 cesse
178 1826 221 1873 est
249 1818 331 1872 bonis
359 1818 439 1885 prius
461 1817 574 1871 actibus
599 1816 744 1881 insudare,
770 1823 925 1883 autequam
982 1821 1100 1884 diarium,
1117 1823 1245 1888 etmajor
1260 1821 1293 1874 ad
1311 1820 1486 1889 exigendum
1513 1821 1723 1888 corporalitatis
1743 1819 1830 1875 serri-

74 1907 271 1977 corporalium
305 1905 445 1975 irttagines
475 1904 589 1958 ualeant
622 1903 764 1958 eliminari
789 1915 805 1955 a
832 1902 925 1956 corde.
983 1908 1065 1974 tium,
1093 1908 1286 1977 corruptionis
1314 1915 1408 1962 tamen
1433 1906 1516 1962 duxu
1539 1923 1589 1976 per
1612 1907 1830 1963 affectualitates

76 1996 175 2064 (Vens.
200 1995 258 2064 il.)
279 1994 574 2063 calauritanae,
601 1997 626 2045 ci
647 1995 699 2045 crit
724 1993 854 2045 Dominus
877 2005 927 2043 va·
981 1994 1148 2061 effunderis,
1168 1995 1194 2049 in
1211 2009 1336 2064 quarum
1355 1995 1425 2050 nolit
1446 1996 1521 2051 Deus
1536 1996 1708 2052 distensione
1724 2002 1756 2052 ut
1770 1995 1830 2051 ullo

76 2086 191 2149 biscam,
208 2084 368 2150 reducetque
394 2097 439 2135 cos
459 2081 496 2134 ad
521 2087 620 2133 terram
642 2086 752 2147 ttairttm
767 2083 925 2132 aestrorum.
982 2083 1064 2139 modo
1080 2083 1231 2153 superbias
1246 2099 1253 2152 ;
1270 2082 1338 2138 solet
1354 2084 1429 2139 enirn
1455 2083 1592 2152 improbis
1608 2083 1830 2154 cogitationibus

76 2175 120 2226 En
136 2185 187 2241 per
209 2170 391 2226 continentiae
407 2169 543 2234 lructum,
567 2177 595 2222 et
619 2181 715 2223 rerum
733 2165 928 2222 tractabilium
982 2170 1087 2225 laetitiae
1112 2172 1205 2225 inanis
1231 2179 1327 2226 tumor
1359 2171 1525 2236 increscere,
1556 2185 1621 2225 cum
1647 2171 1830 2240 voluptatum

76 2258 298 2327 despectionem,
315 2257 504 2313 saecularibus
527 2255 675 2310 desideriis
690 2255 814 2317 ruarior;
835 2261 861 2308 et
876 2254 926 2319 sic,
982 2259 1035 2314 stbi
1051 2258 1178 2314 arriserit
1198 2258 1407 2328 opportunitas.
1432 2259 1564 2314 Gaudent
1585 2260 1663 2314 enim
1687 2259 1717 2313 in
1741 2259 1829 2315 rebus

76 2346 277 2415 aspiritualis
302 2354 405 2410 mitius,
433 2343 566 2399 abscissis
591 2343 742 2399 allectibus
766 2342 928 2398 alienisdi-
983 2348 1111 2417 possimis
1132 2348 1220 2418 (Proo.
1247 2362 1274 2414 u,
1309 2347 1360 2414 ti),
1383 2356 1528 2401 santientes
1558 2348 1708 2401 andaciam
1731 2348 1765 2403 de
1790 2347 1830 2402 ui·

78 2437 167 2490 cinus
182 2433 374 2490 commanebit
395 2447 475 2488 autor
500 2433 590 2500 robis,
614 2432 665 2503 qui
689 2447 740 2487 vos
765 2432 879 2486 reducet
892 2430 927 2484 ad
944 2468 946 2473 -
983 2436 1096 2491 arietata
1108 2435 1246 2491 criminis.
1262 2435 1362 2501 Versa,
1385 2437 1488 2504 intrant,
1505 2442 1535 2490 tu
1552 2435 1623 2489 ratio
1639 2435 1668 2489 in
1683 2435 1828 2502 allectum,

78 2530 186 2578 terram
202 2522 353 2577 soliditatis
367 2528 491 2585 {illiniti
519 2535 606 2590 quatu
631 2520 765 2575 ailliSlS‘dS
793 2519 821 2573 iu
838 2519 926 2588 patri·
982 2533 1010 2579 ct
1026 2524 1060 2578 dc
1085 2524 1204 2579 veritate
1228 2524 1301 2578 lacta
1327 2523 1518 2590 mendacium,
1544 2523 1579 2578 ab
1600 2521 1705 2578 intimis
1728 2523 1829 2578 subre-

79 2611 136 2665 bus
161 2610 269 2680 primis.
291 2610 414 2678 Spiritus
437 2609 513 2664 enim
539 2615 666 2673 sanctus,
690 2607 740 2677 qui
770 2621 852 2661 amor
875 2613 926 2671 est,
984 2611 1075 2680 pendo
1092 2612 1195 2666 mentis
1219 2612 1355 2681 quietem,
1378 2610 1464 2681 iqttod
1482 2610 1624 2681 signilioat
1640 2610 1747 2677 cubile)
1762 2623 1830 2681 per-

79 2699 202 2752 deducet
224 2711 276 2753 nos
292 2699 322 2751 iu
351 2705 456 2752 terram
480 2705 596 2751 rectam.
623 2696 719 2765 (Vens
745 2695 801 2766 Ἡ.)
825 2698 865 2749 bo
880 2697 931 2747 tibi
984 2700 1132 2765 trtrbasmt
1154 2700 1282 2768 turpium
1300 2699 1512 2754 'desideriorum
1538 2699 1710 2754 adulterinis
1729 2697 1829 2753 incur·

78 2792 186 2855 partem
200 2800 283 2838 anam
297 2791 376 2838 caira
398 2787 500 2850 fratres
526 2789 594 2850 taos,
621 2799 703 2851 paam
726 2784 778 2837 tati
801 2783 833 2836 dc
847 2798 929 2836 mana
948 2787 1072 2877 Csibus,
1094 2787 1236 2841 virtutum
1252 2793 1409 2840 stramenta
1430 2785 1633 2841 commaculas.
1661 2785 1727 2839 llaec
1741 2784 1831 2840 verba

79 2875 237 2928 Amorriaei
257 2877 285 2926 in
298 2873 392 2938 gladio
408 2878 432 2926 ct
446 2889 512 2926 arca
526 2887 592 2925 meo.
611 2872 680 2926 Pars
695 2871 747 2926 ista
767 2885 832 2941 aare
845 2877 928 2925 cntra
983 2875 1101 2942 spiritus
1125 2872 1377 2928 intercolumnia
1401 2873 1501 2942 patris,
1525 2872 1559 2927 de
1584 2871 1665 2941 proci
1688 2870 1830 2941 appetitus

79 2963 183 3016 iratres
196 2962 298 3030 ioscpb
325 2962 421 3026 datur,
450 2960 575 3030 cognitio
602 2959 766 3014 Divinitatis
792 2967 846 3026 est,
863 2973 928 3028 quae
984 2960 1163 3016 immersione
1182 2960 1303 3015 subdola
1318 2960 1530 3030 conquerentis.

79 3064 137 3104 non
150 3049 301 3104 oculorum
317 3049 431 3116 risioni,
459 3063 517 3103 uon
540 3048 769 3103 extrinsecorum
790 3059 928 3102 sensuum
1020 3049 1103 3105 Vuns.
1120 3050 1146 3116 ὃ,
1161 3052 1188 3102 6.
1205 3049 1364 3104 —Simcoa
1393 3054 1417 3101 ct
1444 3051 1508 3103 dcci
1531 3051 1655 3114 [ratiost
1682 3063 1749 3102 uasa
1770 3048 1829 3102 ini·

79 3136 144 3199 ulli,
162 3151 219 3191 nou
233 3135 430 3204 imaginationi
452 3134 669 3205 cogitationum,
686 3149 742 3189 nou
759 3133 927 3189 interiorum
984 3139 1098 3204 quitatis
1119 3136 1256 3190 ballata'ia.
1283 3138 1312 3190 ln
1333 3137 1444 3190 cottsilio
1464 3151 1553 3189 coram
1579 3151 1611 3188 ae
1630 3138 1720 3188 ccttt'at
1735 3136 1828 3201 aniate

79 3223 235 3278 habituum
259 3224 319 3288 ulli,
336 3223 471 3293 quamvis
497 3222 742 3288 ratiocinantium,
759 3221 809 3277 soli
828 3229 930 3291 praetcr
982 3240 1049 3290 mea,
1067 3228 1091 3277 ct
1107 3227 1136 3276 ia
1161 3230 1228 3278 crata
1252 3224 1360 3277 iliarum
1386 3239 1439 3277 aaa
1457 3226 1494 3277 sii
1513 3225 1603 3290 gloria
1627 3239 1695 3290 mec,
1718 3225 1785 3291 qaia
1800 3224 1831 3276 in

79 3310 132 3363 ltos
154 3323 252 3364 omues
274 3309 511 3365 intellectualitati
540 3309 719 3365 attribuitur.
744 3309 930 3364 Amorrhaeus
983 3314 1076 3378 sacrare
1109 3328 1156 3365 sao
1190 3311 1345 3365 occiderant
1373 3315 1472 3378 uirum,
1500 3317 1526 3364 et
1555 3313 1584 3364 in
1610 3312 1748 3364 coiuttiaie
1781 3323 1832 3364 saa

81 3397 263 3466 ipsedicitur
281 3400 446 3464 amaricans,
471 3399 617 3452 carnalem
646 3396 760 3466 spiritui
786 3397 931 3453 intensum
983 3400 1153 3469 suffoderant
1181 3416 1297 3453 mitram.
1329 3399 1440 3454 Sinteon
1469 3398 1575 3453 dicitnr
1602 3398 1716 3451 audiens
1744 3400 1833 3452 tristi·

80 3485 217 3541 allectum
234 3485 386 3555 siguificat,
405 3486 439 3540 de
459 3486 543 3555 cujus
560 3499 659 3554 manu,
683 3485 767 3541 idest
784 3492 929 3554 potestate,
985 3489 1061 3540 ticam.
1081 3487 1147 3541 Levi
1163 3487 1288 3553 adciitas,
1307 3486 1349 3540 rel
1365 3490 1530 3552 assumptas.
1548 3484 1585 3549 Si,
1609 3486 1695 3555 jttrta
1711 3484 1833 3553 Propbe-

80 3574 309 3638 etactu,dit‘ini
336 3574 480 3629 subtilitas
506 3575 621 3641 aratoris,
652 3588 685 3628 ac
715 3573 738 3629 si
762 3587 876 3644 gemma
897 3574 931 3628 de
985 3581 1055 3641 tam,
1083 3588 1139 3629 nou
1168 3581 1209 3628 est
1235 3573 1368 3646 ,gaudere
1394 3571 1498 3641 impiis,
1532 3572 1600 3626 dicit
1636 3571 1835 3627 bomtans:at

81 3662 225 3727 sordibus,
250 3662 345 3732 gladio
364 3661 552 3728 discretionis,
573 3669 601 3717 et
626 3661 744 3731 superui
768 3675 839 3718 arcu
855 3661 932 3716 tinto
987 3662 1137 3731 gaudium,
1154 3662 1314 3716 secundam
1332 3659 1439 3724 Patres,
1463 3659 1492 3714 in
1510 3660 1583 3714 bono
1607 3659 1757 3728 accipitur,
1783 3658 1834 3715 tri·
1881 3666 1885 3673 ·

80 3751 132 3815 ris,
152 3749 255 3805 alacie
277 3749 362 3817 ouius
387 3757 418 3804 ut
441 3749 534 3820 fugiat
559 3750 612 3805 sibi
636 3750 805 3820 signiticatio
833 3750 930 3816 datur,
986 3750 1069 3805 stitiae
1099 3749 1207 3804 auditio
1240 3749 1275 3802 ad
1304 3748 1412 3803 malum
1453 3747 1567 3814 dicitur,
1599 3755 1631 3802 ut
1665 3760 1753 3803 causa
1783 3761 1835 3817 pro

81 3838 276 3896 sollicitudine
290 3837 410 3893 rationis
428 3837 559 3907 eripitur.
987 3836 1090 3892 edecta
1115 3838 1248 3906 ponatur,
1275 3835 1345 3904 quia
1368 3835 1390 3889 si
1421 3835 1559 3904 gaudium
1583 3842 1610 3889 et
1631 3847 1689 3904 pax
1713 3848 1836 3905 regnum

405 3925 521 3980 CAPUT
541 3924 641 3979 xutx.
988 3925 1048 3991 Dei,
1070 3940 1129 3979 non
1153 3936 1227 3988 esca,
1249 3930 1276 3978 ot
1299 3930 1383 3992 potus
1411 3928 1479 3976 aaa
1506 3922 1541 3977 ab
1569 3922 1704 3991 apostolo
1728 3922 1837 3978 dicitur

118 4016 204 4072 Vnus.
224 4018 248 4081 l,
269 4016 294 4068 ’2.
310 4044 344 4054 -
371 4016 481 4068 Vocaoit
507 4019 596 4066 autem
618 4011 699 4066 Jacob
720 4013 791 4079 ilios
813 4026 886 4080 suos,
907 4015 932 4065 ct
988 4014 1072 4084 (Rom.
1088 4026 1147 4079 xiv,
1170 4013 1224 4079 tt),
1239 4011 1305 4080 iure
1330 4025 1451 4080 regnunt
1475 4010 1579 4065 diaboli
1601 4010 1716 4066 tristitia
1736 4018 1763 4067 et
1788 4011 1836 4066 in-

81 4107 124 4158 ait
151 4107 208 4158 ets:
249 4104 457 4171 Corcyregamim'
486 4105 515 4154 at
540 4103 697 4154 aarcunticm
726 4115 785 4168 que
816 4104 934 4155 vectura
952 4086 1126 4172 unietudo
1150 4107 1287 4167 vocatur3
1313 4098 1420 4168 peccati
1447 4100 1524 4153 ettim
1556 4098 1652 4154 studia
1675 4098 1730 4155 boc
1752 4113 1837 4155 omne

82 4192 520 4248 suntcodisdiebasnouissimis.
545 4190 763 4255 congregamini,
778 4193 803 4241 et
827 4189 933 4249 cadim.
987 4190 1183 4258 consequitur.
1213 4187 1340 4241 dutliens
1363 4200 1441 4256 ergo,
1467 4185 1555 4241 idest
1583 4186 1756 4257 intelligam,
1780 4189 1837 4243 imo

81 4279 240 4350 atiilccob,
257 4280 351 4332 cadite
373 4279 463 4334 lsrael
486 4282 593 4346 patrem
619 4282 747 4330 cestram.
764 4276 844 4329 Jacob
862 4277 934 4344 fitics
988 4277 1152 4333 obedienter
1161 4274 1308 4344 excipiens
1331 4273 1495 4343 tutiusnrodi
1515 4273 1668 4341 tristitiam,
1686 4289 1743 4330 non
1759 4274 1837 4346 quod

82 4375 178 4434 uocat,
209 4381 275 4422 cum
306 4366 513 4437 cogitationum
550 4365 757 4435 dispersionem
799 4362 934 4432 parcius
989 4364 1054 4420 inde
1075 4364 1213 4431 tristetur,
1237 4363 1285 4418 sed
1309 4363 1385 4432 tpuod
1407 4362 1459 4417 sibi
1483 4363 1555 4416 iram
1581 4361 1609 4416 in
1631 4362 1676 4417 die
1698 4362 1746 4418 irae
1768 4362 1837 4418 ltiuc

83 4454 325 4525 quempramisit
349 4467 434 4509 arcus
459 4453 668 4523 providentiam
693 4452 764 4507 ratio
789 4451 935 4520 restringit
990 4452 1182 4508 thesaurizare
1202 4459 1347 4518 noscatur,
1373 4449 1492 4505 allectus
1517 4449 1576 4519 ipse
1591 4450 1771 4520 intelligitur,
1790 4450 1837 4507 cui

83 4553 112 4599 et
125 4543 238 4612 alligat.
256 4541 340 4596 lluuo
364 4551 460 4597 autem
486 4552 588 4595 arcum
615 4553 700 4595 suunt
722 4539 854 4606 superius
867 4539 935 4594 dicit
988 4555 1055 4594 cum
1071 4539 1183 4594 tructus
1207 4538 1446 4609 concupiscentiae
1465 4553 1524 4592 sun
1540 4538 1666 4604 additur,
1691 4539 1766 4594 liunt
1779 4538 1836 4595 duo

84 4633 156 4702 quia
169 4630 233 4701 ejus
246 4630 300 4685 sibi
324 4644 421 4698 usum,
437 4637 465 4684 et
488 4629 691 4685 exercitionem
713 4628 872 4697 specialiter
888 4627 935 4682 in·
989 4628 1118 4695 pessimae
1144 4627 1310 4696 capacitatis
1329 4640 1409 4691 vasa,
1432 4640 1497 4695 otta
1519 4624 1641 4680 belliset
1664 4627 1837 4683 tumultibus

83 4717 164 4774 dicit.
192 4717 237 4773 ad
260 4717 390 4785 tationis,
422 4715 526 4787 innuit,
553 4717 650 4772 sinum
673 4718 751 4771 visco
771 4730 822 4771 vos
845 4715 933 4769 divini
988 4715 1268 4769 adversusauimam
1285 4712 1692 4781 militantibus-adimplentur.

84 4815 181 4862 metus
196 4806 374 4861 ttuauimiter
389 4805 491 4876 cogite,
505 4813 536 4861 ut
548 4804 670 4874 siugulis
687 4804 789 4860 attentis
811 4803 935 4859 motibus
1025 4803 1057 4856 ln
1075 4803 1177 4857 borum
1194 4802 1312 4857 consilio
1338 4816 1372 4856 ue
1397 4803 1494 4855 veniat
1517 4800 1614 4855 anima
1629 4814 1646 4854 a
1664 4799 1767 4869 spiritu
1782 4816 1835 4872 op-

83 4893 255 4950 denuntiem
279 4907 345 4962 quae
368 4892 483 4948 valeant
506 4892 636 4960 fortunae,
662 4891 705 4947 vel
731 4891 887 4947 infortunia
906 4890 934 4945 iu
991 4898 1078 4956 tatur,
1096 4903 1195 4945 curna
1218 4889 1361 4958 proposito
1383 4897 1496 4943 terrena
1520 4888 1668 4956 ambienti,
1686 4895 1713 4944 et
1728 4888 1837 4945 ambita

85 4980 224 5036 extremis
238 4980 361 5044 dierum,
376 4979 403 5034 id
425 4990 467 5035 est
480 4979 622 5034 virtutum
638 4979 819 5034 successibus
835 4993 934 5048 prove·
991 4978 1139 5034 libidinose
1164 4985 1225 5046 post
1248 4978 1455 5032 assecutionem
1478 4977 1596 5044 tricenti,
1623 4977 1742 5033 intentio
1763 4977 1837 5033 iute-

85 5071 159 5124 uire.
183 5067 493 5139 congregassetque
518 5068 548 5121 in
575 5067 690 5121 dissidio
718 5075 745 5122 et
768 5066 936 5136 evagatione
989 5068 1073 5121 rioris
1099 5065 1223 5120 bominis
1252 5064 1288 5118 ab
1315 5063 1376 5133 ipso
1405 5071 1529 5119 arcetur.
1559 5065 1717 5121 Consilium
1740 5073 1835 5121 autem

85 5171 246 5228 nusquam,
264 5169 321 5211 vtrx
335 5155 434 5211 divina
445 5154 612 5225 percipitur,
630 5161 657 5210 et
670 5155 766 5220 iacob,
782 5155 808 5209 id
819 5162 935 5224 estsup·
989 5168 1087 5211 eorum
1100 5161 1151 5221 cst,
1170 5161 1197 5209 ct
1213 5165 1327 5221 cupere,
1344 5159 1371 5206 et
1386 5152 1413 5205 in
1433 5152 1593 5222 concupitis
1613 5166 1679 5208 cum
1701 5151 1837 5209 abuerint

86 5243 261 5315 plantatoris
279 5242 416 5299 uitiorum
442 5242 568 5313 primurn
592 5242 707 5298 monitis
726 5241 860 5298 obaudite
875 5243 936 5312 spi·
990 5240 1131 5296 lascivire.
1147 5240 1227 5298 Unde
1241 5239 1310 5294 tob:
1329 5241 1412 5304 Quia,
1431 5238 1534 5306 introit,
1550 5254 1603 5293 aon
1622 5245 1685 5294 scat
1706 5242 1735 5293 in
1754 5255 1837 5296 mana

85 5335 168 5397 ritus
184 5337 218 5387 ut
239 5329 421 5398 postmodum
437 5329 554 5386 victoris
572 5330 701 5399 eiusdem
725 5329 865 5398 placidam
883 5342 936 5399 pa·
989 5345 1082 5383 eoram
1107 5329 1174 5383 bonu
1217 5343 1278 5394 sau,
1307 5327 1448 5382 consiliam
1477 5342 1569 5383 corum
1595 5327 1671 5392 laniae
1694 5329 1769 5381 sita
1795 5343 1837 5382 me
