3818 6008
486 225 530 281 DE
549 225 762 283 eletionibus
780 225 1000 282 SANCTORUbl.
1019 255 1052 266 -
1065 222 1130 281 LlB.
1151 225 1187 281 ll.
1649 229 1702 283 6³0

56 373 84 414 m
100 365 197 414 tamen
215 357 353 413 aliorsum
368 371 434 413 vere
459 357 496 412 sil
521 357 627 412 bonum
649 357 725 426 quod
751 357 795 411 la·
813 357 1119 423 subumbilicum
1142 356 1285 426 propbetae
1303 363 1354 412 aut
1372 356 1444 426 justi
1469 355 1604 413 meritum
1624 371 1701 426 pra·

56 459 78 500 ‚a
95 445 180 516 plane
191 444 213 498 si
229 453 361 501 sanctum
378 445 444 515 quis
465 445 596 511 aestimet,
617 459 704 515 quern
730 458 796 501 san·
852 445 1001 516 miumque
1017 444 1129 502 sortiris
1149 445 1267 512 (Mutila.
1285 459 1314 512 x,
1335 445 1375 513 i),
1398 438 1458 515 quo'
1481 445 1528 501 ille
1550 447 1648 515 justus
1667 460 1702 501 ac

56 533 168 606 quidem
196 534 252 589 dici
273 534 381 600 audiat,
405 541 537 590 sanctum
560 547 626 590 vero
650 548 710 589 esse
738 548 797 589 non
852 535 989 603 propbeta
1014 533 1176 601 lraudatur,
1200 534 1252 605 qui
1281 534 1375 590 solum
1403 534 1568 591 utriuslibet
1595 548 1700 589 nomen

56 638 69 691 ι,
93 622 207 678 sicum
231 621 461 691 praecordialiter,
482 628 510 677 et
529 622 689 679 secundum
712 622 794 678 iidem
852 623 1042 694 habitumque
1058 623 1216 694 praetendit.
1241 623 1275 678 Et
1296 630 1372 679 certe
1394 623 1477 678 multi
1503 636 1605 692 parum
1629 622 1701 678 littu-

56 711 119 780 ·llet,
150 711 227 782 apud
251 712 352 776 Deum,
380 711 431 781 qui
456 724 544 767 causa
565 719 593 767 el
618 712 729 768 tructus
755 719 797 768 est
852 712 906 767 rati
930 711 959 767 in
988 712 1049 769 suis
1076 712 1248 768 creberrime
1278 710 1410 781 precibus
1439 711 1629 777 mentiuntur,
1651 711 1699 766 sed

56 801 94 867 iis,
119 800 238 855 intentio
266 800 446 868 deprecantis
470 806 527 854 tota
551 799 696 870 deligitur,
728 814 797 870 quo
851 801 931 856 auris
947 800 1230 856 divinaintentiones
1250 800 1446 870 potiusquam
1464 801 1551 856 verba
1571 800 1697 855 metitur.

56 888 165 944 amodo
188 886 304 943 animus
329 901 381 958 per
403 887 613 957 simplicitatem
636 901 723 957 super
743 902 796 943 suo
851 886 878 944 si
902 888 990 958 enim,
1020 903 1088 945 cum
1113 889 1215 944 debeas
1230 889 1346 944 dicere:
1368 887 1466 956 Adsit,
1491 884 1700 944 dicas1Abcil

57 990 134 1033 ssore
156 989 254 1032 errare
277 975 421 1040 videatur,
442 984 470 1032 et
494 976 570 1046 quod
592 976 647 1031 sub
663 990 710 1047 spe
727 975 795 1032 boni
849 976 933 1033 uobis
949 976 1078 1045 Domine,
1090 978 1184 1033 virtus
1197 975 1326 1048 Spiritus
1343 975 1447 1044 suncti,
1462 977 1483 1032 si
1499 990 1564 1032 cum
1585 974 1699 1045 singul-

56 1072 296 1136 ennumquam
329 1077 347 1120 a
374 1063 441 1120 boni
471 1063 703 1120 remuneratione
736 1078 797 1120 cas·
851 1063 928 1121 tibus
942 1079 1015 1132 ures,
1030 1080 1087 1121 non
1113 1065 1277 1123 tibiuilicit.
1297 1065 1360 1120 Nun
1382 1072 1424 1120 est
1446 1065 1522 1121 Deus
1550 1075 1699 1134 gramma-

850 1152 912 1208 ticae
937 1155 1087 1224 curiosus;
1109 1168 1168 1210 vox
1186 1168 1253 1210 eum
1280 1153 1361 1210 nulla
1377 1159 1515 1224 penetrat,
1532 1159 1631 1222 pectus
1654 1151 1697 1206 in-

56 1243 101 1298 dm
115 1240 236 1312 recipias
254 1241 422 1312 proplietam
444 1241 473 1297 in
502 1241 617 1298 nomine
636 1243 794 1313 propbeta,
849 1242 950 1298 tendit.

56 1329 100 1402 qui
115 1330 220 1398 solum,
231 1329 292 1386 sine
304 1343 343 1398 re,
359 1336 410 1385 aut
423 1328 494 1400 justi
509 1337 559 1386 aut
582 1329 725 1400 propbeta
744 1345 795 1387 no-

622 1471 763 1517 Explicit
785 1473 874 1518 creuit
897 1436 1022 1519 eutius.

558 1696 730 1783 uissun
759 1675 1071 1785 suuuuuus

101 1857 153 1923 llll
178 1857 358 1925 CORPORE
382 1856 523 1922 DOMINI
547 1855 783 1934 lllPllll‘l'lTO,
808 1857 1040 1924 PlthclPilLl
1066 1859 1246 1927 SCllellT
1270 1861 1321 1928 bc
1345 1860 1531 1928 trisulco.

221 2119 336 2176 CAPUT
357 2119 509 2177 PRIMUM.
808 2119 935 2190 Balteri,
952 2122 1029 2192 quod
1040 2121 1076 2177 ad
1090 2121 1208 2191 ejus,·ut
1223 2121 1264 2178 sic
1278 2122 1382 2191 dicam,
1401 2123 1538 2180 vicariam
1559 2123 1694 2181 identita-

58 2207 126 2276 rils,
150 2222 184 2264 ac
199 2207 221 2264 si
247 2207 384 2277 prooemio
407 2208 512 2264 lutura
534 2212 638 2263 nostrae
658 2205 791 2276 disputa·
845 2217 902 2265 tem
917 2210 972 2266 sub
985 2211 1048 2281 ejus
1062 2209 1193 2280 exemplo
1208 2211 1354 2267 successit.

65 2296 218 2367 explicitis,
239 2297 275 2351 ad
304 2296 525 2353 tundamentum
547 2294 625 2365 quod
649 2294 679 2349 in
705 2294 792 2350 initiis
880 2298 980 2355 lndea
1002 2310 1046 2355 me
1067 2299 1247 2370 potissimum
1269 2298 1339 2355 illud
1360 2298 1485 2369 primum
1510 2301 1617 2357 veritas
1640 2313 1693 2370 ap-

56 2399 73 2452 r,
91 2385 227 2455 pretiosos
243 2385 333 2440 tidelis
348 2384 454 2454 eloquii
474 2383 582 2453 lapides
597 2396 788 2453 apponamus,
844 2385 977 2457 pellatur,
992 2387 1028 2443 de
1043 2401 1100 2458 quo
1124 2387 1178 2444 isla
1202 2402 1267 2458 quae
1289 2386 1403 2459 agimus
1426 2388 1588 2445 tractabilia
1611 2388 1693 2444 nobis

56 2488 117 2530 euru
136 2473 313 2530 dillicillimre
329 2480 357 2529 et
381 2487 398 2528 a
423 2472 522 2528 multis
542 2471 614 2526 mibi
640 2470 790 2541 propositae
844 2482 1023 2532 sacramenta
1043 2484 1209 2543 manarunt,
1230 2476 1299 2545 quia
1322 2475 1556 2547 qualemcunque
1575 2475 1693 2546 recipiat

56 2563 108 2618 tuis
138 2563 264 2629 terendo,
290 2571 317 2618 et
346 2562 430 2631 quasi
459 2560 593 2618 dentibus
613 2558 789 2630 effringendo
842 2562 992 2619 veritatem
1010 2562 1080 2620 illud
1096 2564 1173 2633 quod
1194 2565 1319 2633 aprimo
1341 2564 1396 2619 sub
1413 2563 1507 2635 ligura
1519 2562 1689 2630 demittitur,

56 2664 116 2706 nus.
153 2650 195 2705 Ob
232 2651 286 2706 boc
320 2663 420 2719 nempe
453 2648 622 2705 densissima
650 2652 789 2703 tractatus
840 2647 1081 2722 primumtamen
1109 2653 1305 2724 principaliter
1326 2666 1426 2708 verum
1449 2660 1501 2721 est,
1518 2654 1594 2724 quod
1621 2666 1690 2708 cau·

56 2739 75 2795 li
107 2739 194 2795 veluti
220 2739 326 2795 rudera
364 2740 564 2805 exhausimus,
597 2743 629 2794 ut
656 2736 788 2793 licentius
842 2751 903 2793 sam
924 2738 1124 2795 subministrat
1151 2739 1203 2805 illi,
1227 2740 1304 2809 quod
1330 2740 1366 2796 ab
1392 2754 1426 2797 eo
1445 2739 1608 2797 derivatum
1636 2746 1688 2796 est.

56 2826 147 2894 idum,
169 2829 278 2883 utinam
303 2827 360 2884 Deo
374 2827 496 2894 latente,
518 2825 679 2895 solubilem,
695 2824 789 2882 elabo·
842 2826 916 2882 lllud
937 2828 1013 2883 enim
1031 2828 1129 2897 procul
1148 2828 1237 2884 dubio
1251 2829 1357 2885 veritas
1374 2828 1539 2898 principalis
1554 2835 1582 2884 et
1600 2836 1643 2885 est
1663 2832 1710 2899 et

58 2929 178 2972 ssetiius.
841 2914 897 2971 dici
913 2923 1013 2985 potest,
1032 2917 1060 2971 iri
1082 2931 1141 2986 quo
1159 2916 1201 2972 nil
1218 2916 1298 2973 aliud
1314 2916 1507 2974 adumbratur
1525 2931 1613 2987 quam
1628 2917 1689 2986 capi

74 3005 190 3074 quidem
220 3018 307 3075 super
342 3012 508 3060 sanctorum
537 3001 676 3074 reliquiis,
716 3003 787 3074 quid
841 3002 1015 3060 intuentium
1039 3012 1126 3074 atque
1153 3005 1336 3061 tractantium
1358 3014 1417 3062 tatu
1441 3005 1573 3063 sensibus
1601 3019 1689 3076 quam

56 3092 134 3155 dum.
147 3093 216 3162 quid
233 3093 378 3164 agendum
391 3093 426 3148 sit
443 3093 595 3163 bucusque
615 3092 785 3158 dixerimus,
841 3092 1031 3149 intellectibus
1053 3094 1140 3150 valet.
1162 3094 1195 3149 ln
1211 3093 1300 3150 altero
1315 3102 1421 3162 autem,
1435 3102 1463 3152 et
1485 3094 1507 3150 si
1523 3093 1616 3151 omnis
1636 3094 1690 3151 ba-

57 3180 204 3249 spusitiuui
225 3190 330 3237 nosltae
350 3181 514 3237 omnimodo
529 3180 688 3250 supersedit
709 3179 785 3249 quod
842 3182 934 3239 benda
950 3182 1054 3238 veritas
1081 3191 1132 3250 est,
1160 3183 1318 3253 principale
1341 3192 1511 3239 tamennon
1537 3190 1589 3250 est,
1619 3183 1689 3253 quia

65 3270 233 3336 bullatoris,
250 3287 336 3343 quem
363 3271 503 3328 novennis
520 3272 637 3328 lorsitan
652 3271 785 3343 exigente
840 3284 857 3326 a
872 3271 1023 3341 principali
1040 3271 1195 3328 inllectitur
1207 3272 1284 3343 quod
1301 3279 1352 3339 est,
1369 3280 1396 3328 et
1408 3272 1444 3328 ad
1465 3272 1492 3328 id
1516 3272 1688 3342 reciprocari

58 3363 184 3418 etiiisisse
201 3361 333 3431 potuerit,
350 3360 468 3431 quidam
482 3360 510 3415 in
522 3361 629 3416 vicinia
643 3369 742 3416 nostra
755 3374 784 3416 se
803 3411 823 3466 C
839 3359 892 3415 sibi
907 3373 1019 3429 semper
1029 3359 1173 3428 convenit,
1190 3360 1276 3431 cuius
1290 3360 1398 3431 species
1411 3374 1444 3417 ac
1459 3360 1613 3417 relativum
1634 3367 1686 3416 cst.

71 3449 259 3505 contendunt.
289 3449 346 3506 Nec
371 3450 476 3505 desunt
498 3448 545 3504 alii
573 3447 623 3520 qui
655 3448 783 3504 umbilici
874 3447 1001 3519 Speciem
1017 3463 1084 3504 veru
1106 3463 1162 3505 non
1190 3449 1455 3518 particularitatem,
1480 3448 1528 3504 sed
1551 3447 1686 3519 liguram,

56 3537 133 3595 luum
148 3538 225 3608 quod
241 3551 334 3608 nuper
349 3537 424 3593 natis
443 3536 632 3602 abscinditur,
650 3543 717 3591 sunt
733 3535 784 3605 qui
838 3550 928 3607 quam
944 3551 1015 3593 usus
1028 3537 1154 3593 exterior
1169 3538 1328 3607 pretendit,
1347 3537 1465 3607 accipio,
1488 3550 1555 3593 cum
1571 3537 1607 3591 sit
1632 3535 1687 3592 boc

56 3626 96 3682 :isi
115 3626 286 3697 praeputium
310 3626 399 3695 ipsius
425 3625 537 3681 Domini
563 3624 667 3681 babere
686 3639 715 3680 se
738 3637 783 3680 as·
838 3631 931 3681 totum
947 3624 1024 3695 quod
1039 3635 1079 3680 est
1097 3625 1365 3694 precedenssuum.
1381 3625 1461 3682 Unde
1475 3633 1502 3680 et
1525 3625 1553 3679 iri
1579 3623 1686 3693 psalmo

62 3714 169 3785 dequo
186 3714 470 3785 magnusOrlgenes,
489 3735 499 3761 ι
518 3713 617 3780 Fuere,
642 3712 691 3774 ait.
715 3713 784 3782 qui·
837 3714 960 3782 spiritus
974 3712 1141 3783 principalis
1170 3713 1253 3769 Pater
1274 3712 1435 3783 appellatur
1464 3711 1557 3781 (Psoi.
1580 3727 1606 3777 u,
1629 3711 1684 3779 ll),

56 3801 69 3858 i
83 3802 118 3857 de
134 3803 195 3873 ipsa
216 3802 327 3858 bornini
344 3801 561 3859 circumcisione
577 3815 634 3857 non
656 3800 784 3857 erubuc-
837 3816 895 3857 nnn
908 3800 985 3871 quod
999 3801 1159 3857 secundum
1174 3800 1302 3858 divinam
1322 3799 1472 3857 essentiam
1492 3799 1562 3856 Filio
1576 3799 1602 3855 ei
1623 3812 1686 3854 san-

56 3890 280 3946 irosscribere.»
838 3896 882 3946 cto
906 3887 1024 3959 Spiritui
1051 3887 1240 3957 principetur,
1267 3888 1315 3944 sed
1349 3886 1425 3958 quod
1456 3885 1518 3943 Filii
1534 3899 1567 3942 ac
1594 3885 1685 3941 sancti

64 3979 184 4036 Duobus
208 3994 275 4049 ergo
309 3979 497 4049 sequentibus
528 3977 650 4045 omissis,
691 3976 784 4048 primo
837 3977 960 4047 Spiritus
974 3977 1010 4033 ab
1025 3976 1085 4046 ipso
1100 3976 1179 4048 origo
1194 3976 1354 4033 deducitur.
1373 3975 1453 4032 Unde
1468 3975 1518 4046 qui
1534 3976 1561 4030 in
1578 3973 1685 4044 psalmo

56 4087 60 4119 t
88 4069 164 4139 quod
190 4083 242 4124 nos
264 4067 459 4139 propinquius
492 4075 576 4137 urget
613 4067 782 4122 haereamus.
838 4064 1004 4136 principalis
1024 4064 1139 4130 dicitur,
1165 4079 1353 4134 personarum
1376 4072 1470 4121 lacten
1493 4064 1612 4120 ultimus
1630 4077 1685 4119 no-

56 4154 92 4211 im
118 4156 265 4227 abrogato,
291 4153 429 4225 liquidius
450 4152 656 4210 exinanientur
680 4159 708 4207 et
729 4166 784 4208 ca·
838 4154 976 4220 minatur,
988 4167 1104 4210 cumex
1120 4153 1210 4223 ipsius
1222 4168 1270 4210 ore
1292 4153 1353 4210 Filii
1377 4153 1407 4209 in
1425 4154 1517 4210 tribus
1536 4151 1685 4209 vocabulis

56 4243 83 4301 si
101 4243 214 4314 probari
239 4252 330 4314 potest
354 4243 406 4299 boc
432 4243 459 4298 in
486 4250 563 4299 terra
591 4243 728 4297 resedisse
750 4242 785 4298 de
836 4242 928 4312 primo
944 4249 1120 4313 ponatur,ut
1136 4243 1302 4312 apropbeta
1316 4242 1463 4298 euidenter
1486 4242 1635 4308 innuatur,
1654 4241 1685 4296 iu

56 4333 144 4403 oprin,
172 4333 260 4388 miror
279 4346 367 4402 quam
388 4331 611 4388 vicissitudinem
632 4330 714 4386 uobis
729 4343 784 4385 no·
837 4337 942 4386 natura
963 4330 1011 4387 illa
1027 4329 1105 4400 quod
1133 4330 1174 4385 nil
1195 4331 1285 4400 prius,
1312 4329 1351 4385 nil
1369 4330 1507 4399 posterius
1531 4329 1682 4396 habeatur,

56 4420 185 4477 liruittere
210 4421 238 4475 in
267 4433 387 4490 corpore
418 4420 551 4491 ligurato,
580 4419 712 4490 llgurato,
739 4418 784 4472 in·
837 4419 901 4475 licet
915 4426 999 4490 grata
1012 4418 1113 4474 levitas
1131 4418 1299 4475 substantiis
1320 4418 1569 4475 subsistentiarum
1600 4416 1684 4487 quasi

56 4506 707 4580 quodsieumbrafitsecuudumspecietnut
725 4519 783 4561 non
838 4507 962 4579 origines
989 4521 1148 4577 supponere
1176 4508 1367 4574 machinetur,
1390 4521 1457 4562 cum
1488 4513 1623 4562 neutrum
1653 4504 1683 4559 in

56 4603 75 4651 it
90 4609 107 4652 a
123 4595 239 4652 virtutis
251 4596 378 4652 eitlcaria
392 4596 553 4652 secundum
578 4595 782 4664 precedentem
838 4595 938 4651 divina
955 4595 1077 4652 essentia
1098 4596 1160 4664 capi
1176 4609 1256 4665 posse
1270 4595 1413 4662 videatur,
1434 4609 1501 4650 cunt
1515 4592 1575 4649 sula
1587 4606 1683 4648 essen·

57 4698 96 4740 m.
123 4684 288 4741 Praecedens
320 4694 427 4750 autem,
454 4684 514 4754 ipsa
543 4692 584 4740 est
627 4681 784 4749 personalis
801 4708 824 4762 0
839 4686 889 4752 tia,
904 4684 1020 4740 dumne
1036 4684 1141 4740 divinis
1155 4684 1280 4754 agimus,
1301 4684 1357 4739 dici
1372 4682 1589 4738 convenientius
1604 4680 1684 4737 aesti·

68 4771 98 4828 in
122 4786 210 4841 quatu
232 4771 356 4827 reicitur
373 4779 399 4827 et
424 4771 618 4828 identificatur
637 4769 781 4843 significa-
837 4780 941 4830 metur.
970 4773 1137 4830 cumcuim
1161 4772 1347 4828 subsistentia
1376 4770 1413 4827 ab
1442 4769 1590 4840 aliquibus
1614 4768 1682 4824 sub-

56 4859 104 4916 tod
121 4862 198 4916 euim
215 4861 251 4917 ob
271 4859 316 4916 sui
344 4861 510 4915 memoriam
534 4859 651 4915 tradidit
674 4859 780 4915 lacien·
836 4860 949 4918 stantia
965 4860 1046 4929 origo
1061 4861 1185 4927 dicatur,
1201 4859 1253 4930 qui
1267 4859 1368 4930 vigilat
1382 4857 1534 4928 diligenter
1555 4856 1683 4914 attendat

56 4946 189 5004 udubiam
205 4963 265 5005 aute
291 4947 471 5018 proprietatis
484 4948 663 5018 pras-curiam
685 4947 780 5004 relert.
836 4948 980 5021 quomodo
992 4949 1022 5004 in
1037 4950 1129 5005 Deum
1146 4949 1276 5004 substare
1291 4960 1324 5004 ac
1333 4946 1489 5003 subsistere
1507 4945 1600 5011 cadat,
1615 4958 1682 5000 cum

56 5051 116 5094 men
133 5039 179 5094 bic
199 5037 360 5109 praesentia,
383 5037 406 5092 si
430 5036 510 5093 aliud
526 5044 598 5094 esset
615 5050 705 5107 quam
721 5037 782 5105 ipsa
837 5037 956 5094 bunrani
970 5039 1115 5108 capacitas
1132 5037 1248 5110 ingenii,
1261 5036 1406 5107 etlinguae
1422 5035 1556 5090 bumana
1569 5034 1683 5090 licentia

55 5134 107 5193 tas,
124 5141 181 5183 non
198 5127 290 5198 major
304 5135 376 5182 esset
391 5140 479 5198 quarn
495 5126 596 5183 annuli
622 5125 783 5197 coniugalis
836 5126 878 5183 nil
893 5135 997 5197 praeter
1014 5127 1167 5184 essentiam
1180 5127 1214 5182 de
1228 5127 1283 5181 Deo
1296 5124 1422 5181 babillus
1436 5122 1521 5179 dicat.

56 5228 168 5272 uxorem
189 5215 364 5286 prestantia.
390 5215 431 5271 dd
453 5217 553 5272 uxoris
575 5215 651 5271 enim
675 5227 783 5271 memn-
1171 5213 1287 5271 caetis
1307 5213 1341 5271 ll.

57 5302 167 5360 nnulus
182 5303 349 5360 vicissitudo
363 5302 441 5359 ileret
453 5302 558 5359 mariti.
575 5302 705 5358 Alterum
715 5315 783 5372 ergo
873 5300 926 5374 31.
956 5303 1007 5360 llis
1035 5318 1085 5375 per
1099 5316 1256 5360 excursum
1280 5302 1371 5370 dictis,
1389 5300 1505 5360 taudem
1520 5307 1683 5370 repetamus

56 5391 175 5449 ascendo
201 5392 235 5449 dc
260 5392 388 5464 Virgine,
413 5390 545 5461 patiendo
566 5389 595 5445 in
623 5402 707 5446 cruce
728 5390 784 5446 ali·
838 5391 953 5448 omissa.
969 5390 1041 5447 lllud
1062 5389 1160 5461 itaque
1175 5390 1333 5463 principale
1351 5403 1463 5462 corpus,
1487 5389 1565 5460 quod
1589 5397 1682 5445 mate-

56 5479 84 5536 la
107 5486 270 5551 temporum
300 5493 380 5537 mora
405 5477 548 5549 praeccslt,
575 5477 652 5534 dedit
682 5491 785 5536 causas
839 5480 912 5536 dam
925 5479 1113 5551 sequentibus
1127 5478 1257 5549 prestitit
1275 5478 1472 5547 sacramentis,
1497 5477 1520 5536 si
1546 5478 1590 5534 sui
1608 5476 1681 5534 resi-
