3818 6008
515 179 516 182 Ἴ
572 110 754 167 nonnhtntt
775 111 809 166 IN
829 110 977 168 Gnhnsht
1000 111 1065 166 hin.
1088 110 1132 166 tx.
1665 110 1718 166 274

56 256 97 301 rur
119 244 155 299 ad
180 241 307 312 seipsum
334 242 495 312 pertiuens;
521 242 635 297 tertium
661 255 778 311 quoque
799 254 817 296 a
834 246 854 298 Α
871 240 917 296 rel
932 239 1049 296 vincula
1067 239 1173 309 solvat3
1198 239 1270 309 quia
1290 237 1469 296 clandestina
1489 240 1672 311 suggestione
1687 241 1720 296 de

56 331 127 388 isius
148 331 279 400 exemplo
308 329 344 385 ad
368 328 492 399 proximi
515 329 695 384 dilectionem
723 329 816 398 respi-
869 334 945 383 terra
965 330 1146 388 Hebraeorum,
1171 324 1198 383 id
1221 335 1263 384 est
1285 328 1320 382 de
1345 327 1487 384 soliditate
1510 327 1717 399 cogitationum

72 422 116 477 lta
129 422 206 477 enim
222 427 305 475 sonan
323 432 357 475 ac
372 418 393 474 si
407 418 666 485 dicatur:ntttges
680 418 814 486 teipsum,
866 418 928 486 jam
956 417 992 473 ab
1021 417 1084 473 imis
1119 417 1153 472 ad
1193 431 1319 486 superna
1347 417 1560 472 transeuntium
1587 417 1719 472 sublatus

56 513 181 566 ocimum
203 515 279 563 taum
307 510 377 563 sicut
401 511 516 577 teipsam
539 507 649 577 (datan.
675 520 736 574 xlx,
762 505 815 575 lu).
870 520 945 571 sum,
970 514 997 561 et
1019 508 1048 560 in
1072 507 1158 561 laeum
1184 504 1381 562 fluctuationis
1408 513 1503 560 tannen
1528 505 1564 560 ab
1589 506 1719 575 appetitu

56 613 92 654 tae
116 598 253 668 paulatim
284 604 438 662 crescunt,
468 609 535 650 cum
564 603 641 651 certa
671 593 816 664 proposita
871 594 1004 665 peccandi
1044 597 1169 650 innocens
1207 598 1306 649 missas
1344 609 1417 647 snm.
1458 593 1525 649 ilaee
1561 602 1719 665 augmenta

56 686 128 743 itatis
145 685 198 755 piae
214 685 335 741 interius
352 683 532 754 cogitationis
551 684 628 738 succi
643 683 814 752 exculpunt.
869 696 1003 752 querens
1017 682 1136 738 nneetns
1152 684 1188 739 ab
1212 697 1262 747 ea,
1286 698 1350 753 quae
1374 683 1427 739 sibi
1449 689 1620 753 cooperatur
1644 683 1718 738 bona

56 789 83 830 rc
99 775 244 843 potentin,
261 774 332 844 quia
346 773 449 845 grandi
464 771 633 827 diiiicultate
651 773 710 827 haec
731 771 813 826 lium.
870 773 1017 826 voluntate
1030 770 1202 840 expostulat.

56 864 134 932 nores
155 876 219 917 uvae
245 868 454 928 maturescunt,
483 873 550 915 cum
576 868 639 930 post
665 858 817 915 exhibitio
907 860 990 916 Vens.
1018 862 1059 924 ro,
1086 864 1127 915 ιι.
1154 892 1188 901 -
1215 861 1314 916 videns
1333 863 1469 930 pistorum
1493 862 1623 927 magister
1645 860 1718 928 qaod

56 964 179 1022 sperum,
194 965 260 1020 quae
277 959 443 1006 sanctarum
463 948 637 1019 fragrantias
648 949 815 1018 opinionum
870 950 1004 1003 somnium
1033 949 1182 1018 prudenter
1209 950 1395 1015 dissolvisset,
1425 951 1464 1002 an
1490 964 1496 1001 :
1522 950 1557 1002 nt
1580 963 1629 1015 ega
1656 948 1718 1003 aidi

56 1054 163 1110 :nuque
186 1038 363 1106 diliundunt,
384 1036 563 1094 conscientiae
582 1036 733 1093 dulcedine
747 1050 816 1092 san·
870 1038 1013 1103 samnium,
1038 1037 1111 1104 anad
1134 1037 1260 1091 laederem
1282 1039 1337 1091 trin
1360 1039 1483 1091 connisa
1514 1038 1613 1103 farinae
1636 1052 1717 1105 snper

56 1128 127 1183 toris
148 1125 252 1183 vividae
275 1126 444 1196 adplenum
469 1124 631 1194 proficiunt.
649 1120 729 1182 Calin¹
746 1126 814 1182 Pha·
871 1130 952 1193 capiat
971 1140 1058 1178 meam
1079 1139 1085 1177 :
1109 1131 1133 1178 et
1152 1127 1182 1179 in
1203 1141 1256 1179 uno
1278 1129 1395 1180 cannino
1415 1125 1488 1195 quod
1501 1131 1561 1179 crat
1574 1126 1716 1190 excelsius,

56 1230 65 1272 s
89 1216 119 1272 in
145 1229 234 1272 manu
248 1222 300 1282 est,
325 1228 392 1270 cum
414 1212 549 1284 quaelibet
577 1213 660 1283 pravi
684 1213 817 1269 desiderii
870 1218 979 1283 portare
993 1228 1034 1266 me
1057 1228 1145 1268 amites
1168 1213 1239 1269 cibos
1263 1216 1311 1281 qut
1323 1215 1394 1282 finnt
1414 1218 1474 1268 arte
1494 1215 1622 1283 pistoria,
1640 1229 1716 1268 ones-

56 1303 227 1359 ·adiabolo
252 1303 390 1367 immissa,
413 1302 467 1357 sub
489 1301 637 1358 rationalis
661 1302 817 1358 voluntatis
871 1315 922 1368 qne
936 1300 1071 1353 camenae
1093 1316 1127 1354 en
1150 1316 1187 1354 co.
1216 1300 1350 1372 iutelligit
1374 1301 1540 1370 principalis
1563 1309 1674 1368 nostra,
1700 1315 1718 1356 a

58 1401 105 1449 ate
121 1392 252 1449 abstenta
274 1400 326 1448 est.
342 1390 426 1447 Tollit
447 1406 509 1458 erpa
524 1406 601 1458 unas,
628 1398 660 1446 ut
682 1391 817 1460 exprimit
872 1389 928 1445 Deo
949 1388 1055 1444 scilicet
1071 1389 1232 1445 illuminata
1256 1389 1336 1456 ratio,
1362 1389 1438 1445 unde
1462 1397 1489 1444 ct
1510 1389 1639 1444 omnium
1660 1389 1716 1445 bu-

56 1482 102 1536 h'ee
117 1495 204 1552 quem
221 1487 307 1548 tenet,
329 1494 394 1536 cum
410 1479 539 1535 divinam
562 1494 627 1550 quae
650 1479 727 1536 intra
748 1480 816 1536 latot
872 1490 1024 1532 manarum
1049 1478 1194 1534 rationum
1219 1478 1357 1549 magistra
1377 1486 1432 1545 est,
1458 1477 1535 1548 quod
1552 1477 1717 1547 proficiendi

56 1568 162 1637 linem,
184 1569 365 1638 passionibus
386 1582 460 1639 quas
482 1581 557 1639 aegre
575 1567 680 1637 sepius
702 1568 813 1636 tolerat,
834 1539 1014 1636 Bappetitus
1034 1565 1139 1636 optime
1171 1566 1408 1632 benevolentiam,
1437 1581 1503 1637 quae
1530 1565 1640 1636 praevia
1663 1573 1716 1631 est,

56 1665 119 1728 net3
137 1655 328 1727 exprimimus
345 1655 432 1718 enim,
449 1668 515 1710 cum
534 1668 622 1710 manu
637 1654 816 1711 discretionis
869 1654 903 1710 de
931 1653 1126 1711 invisibilibus
1142 1655 1298 1721 imbuisset,
1324 1655 1377 1711 hoc
1391 1655 1467 1711 enirn
1485 1655 1597 1724 praten
1612 1668 1718 1710 nomen

56 1746 142 1802 timus
159 1745 286 1801 loturam
303 1743 435 1813 gloriam,
450 1758 515 1813 quan
530 1742 707 1798 revelabitur
721 1743 750 1798 in
764 1758 815 1799 no·
869 1743 972 1800 somnii
999 1745 1122 1815 propriis
1145 1743 1303 1811 clientibus,
1328 1752 1356 1800 ct
1379 1744 1441 1814 ipsa
1465 1744 1559 1799 inlcrt.
1584 1745 1649 1799 Tria
1670 1746 1715 1810 sn-

56 1836 127 1889 nam.
153 1848 213 1901 vm,
240 1834 301 1899 re),
327 1839 358 1887 ut
390 1829 599 1887 amaritudines
627 1831 715 1902 hujus
741 1839 814 1888 lem·
868 1835 940 1887 rinae
962 1835 1086 1887 canistra
1108 1847 1138 1888 se
1162 1832 1268 1888 babere
1290 1832 1358 1889 dicit
1384 1845 1471 1903 super
1498 1839 1586 1902 caput
1609 1845 1714 1897 sunm,

60 1922 241 1979 condiamus.
258 1920 359 1976 Calicis
379 1919 494 1974 nomine
515 1919 675 1989 passionem
694 1919 813 1991 signari,
869 1920 938 1976 dum
965 1920 1020 1977 tria
1041 1920 1211 1990 principalia
1234 1920 1329 1976 oldaia
1351 1918 1529 1990 cogitationis
1553 1934 1582 1975 se
1611 1919 1716 1975 habere

57 2018 101 2067 est
116 2009 310 2081 Evangelinm
337 2023 342 2063 :
373 2009 494 2073 Potestis,
521 2005 570 2075 ait,
594 2007 683 2061 bidae
705 2009 815 2063 calicem
868 2006 1015 2078 cognoscit
1040 2007 1193 2073 inruente,
1222 2007 1382 2062 intellectus
1405 2006 1520 2072 scilicet,
1547 2005 1713 2070 voluntatis,

56 2103 75 2153 ι.
100 2113 151 2164 xx,
177 2101 227 2165 ‘tt;
252 2099 327 2153 blora
351 2110 381 2163 x,
410 2096 466 2163 38),
496 2103 549 2151 etc.
575 2094 644 2151 Inde
673 2096 815 2151 tradimus
868 2108 901 2149 ac
916 2095 1070 2150 memoriae.
1087 2094 1190 2165 Liquet
1209 2100 1289 2164 capnt
1305 2095 1333 2149 in
1360 2093 1515 2164 Scriptnris
1537 2094 1602 2164 poni
1624 2093 1715 2150 solere

56 2200 102 2242 nm
130 2184 294 2252 Pharaoni,
321 2183 391 2238 dnm
419 2183 445 2239 ei
473 2182 661 2239 retribuimus
688 2183 815 2239 retribu-
868 2197 919 2252 pro
942 2189 1037 2238 mente.
1059 2185 1166 2237 Farina
1192 2192 1286 2239 anilem
1315 2183 1351 2239 ob
1379 2183 1517 2238 minutias
1532 2191 1607 2239 recte
1633 2183 1713 2253 poni·

56 2289 70 2329 n
95 2287 190 2338 suam,
215 2287 302 2343 quam
327 2271 461 2328 retribuit
480 2270 562 2327 nobis
584 2271 666 2341 (Psoi.
692 2285 813 2338 exurar,
868 2279 982 2340 turpro
1003 2274 1174 2338 capitatione.
1206 2272 1285 2329 Unde
1309 2280 1350 2327 est
1380 2286 1386 2325 :
1417 2272 1486 2327 Tolle
1511 2272 1619 2338 matam,
1647 2271 1716 2324 mate

56 2378 65 2416 ι
92 2363 197 2432 poculo,
227 2361 285 2429 ait,
312 2376 364 2429 pua
386 2362 496 2414 miscuit
524 2359 615 2425 vobis,
641 2361 747 2414 miscete
771 2361 816 2414 illi
867 2359 991 2426 farinam
1007 2359 1077 2432 (Iso.
1101 2360 1145 2428 li,
1169 2360 1209 2430 2).
1234 2360 1328 2416 Unum
1344 2359 1503 2415 canistrum
1527 2358 1715 2429 otrodexccl-

56 2466 80 2504 nn
100 2449 197 2520 (apae.
220 2463 302 2515 xvrn,
327 2451 365 2518 6).
383 2448 559 2504 Pharaonem
576 2461 641 2501 vero
661 2446 712 2516 qui
727 2446 814 2502 dissi·
867 2448 928 2504 sius
941 2448 1051 2506 caeteris
1069 2457 1120 2515 est,
1139 2449 1200 2519 ipsa
1214 2448 1287 2503 ratio
1302 2456 1353 2514 cst,
1370 2462 1435 2518 qliae
1450 2447 1590 2502 voluntati
1607 2460 1640 2502 ac
1653 2461 1715 2502 me-

59 2539 177 2607 dicitur,
194 2538 339 2594 diabolum
361 2535 561 2607 intelligimus.
867 2527 966 2593 moriae
977 2550 1094 2607 prorsus
1108 2537 1281 2606 praeeminet.
1297 2537 1340 2592 lbi
1355 2545 1502 2605 portamus
1514 2549 1612 2591 amnes
1626 2535 1714 2602 cibos,

56 2642 87 2685 rs.
107 2629 150 2695 lt,
182 2630 223 2680 tu.
246 2656 280 2666 -
304 2624 452 2694 nespondtt
467 2624 571 2693 reseph
598 2640 604 2678 :
630 2626 689 2678 Hac
710 2630 749 2678 est
772 2627 813 2678 tn·
867 2625 1008 2696 quibunt
1028 2632 1089 2681 arte
1108 2624 1234 2695 pistoria,
1259 2625 1327 2694 quia
1344 2625 1381 2681 ibi
1397 2624 1577 2680 continemus
1592 2637 1716 2694 ortaque

56 2717 124 2769 totio
137 2717 237 2771 samnii
262 2729 268 2768 z
290 2715 353 2768 Pras
370 2715 546 2783 propagines,
566 2716 619 2767 tres
645 2713 734 2767 adlinc
755 2714 813 2769 alias
867 2711 977 2778 vitalia,
1000 2729 1065 2785 quae
1091 2714 1232 2770 discutere
1257 2722 1347 2783 potest
1360 2712 1537 2769 discretionis
1556 2712 1713 2783 diligentia.

57 2805 119 2870 post
143 2814 208 2869 onos
231 2798 419 2853 recordabitur
443 2797 570 2851 Phaenea
593 2799 809 2865 ministrentur,
831 2803 1027 2886 crastines
1049 2809 1146 2858 autem
1174 2803 1238 2858 inde
1253 2802 1415 2865 comedunt,
1438 2816 1504 2857 cum
1520 2814 1571 2871 per
1585 2800 1716 2856 elationis

56 2889 134 2942 n'tnet
154 2892 179 2941 te
201 2889 230 2940 in
251 2886 369 2953 crudum
388 2887 547 2956 pristinum,
570 2885 702 2954 dabisque
725 2887 750 2938 en·
764 2902 810 2940 cn·
867 2891 970 2946 vitium
986 2891 1047 2961 ipsa
1072 2891 1147 2947 elata
1167 2891 1308 2947 demonia
1331 2906 1383 2946 nos
1407 2890 1547 2959 deceptos,
1571 2897 1714 2960 parantum

61 2976 150 3045 juata
179 2978 298 3043 alnetum
324 2979 420 3040 itum,
448 2977 519 3028 sicat
545 2977 635 3041 inrue
658 2980 720 3026 ante
747 2989 812 3028 cun·
868 2979 903 3034 ad
935 2980 1008 3035 bona
1031 2986 1140 3050 spectat
1161 2995 1228 3051 qne
1252 2980 1406 3049 prudentor
1437 2977 1617 3049 attingimus,
1646 2992 1715 3034 con-

57 3079 98 3119 os.
133 3065 184 3119 Ad*
212 3064 281 3119 bene
308 3063 474 3134 agendum,
506 3062 621 3132 inquit,
655 3071 754 3117 sancta
783 3063 812 3116 in
867 3075 997 3124 sumunt,

81 3151 246 3222 proficiendi
270 3150 393 3206 aviditas
421 3164 456 3206 ex
487 3158 537 3205 tua
557 3150 716 3205 conditione
737 3163 812 3219 prae-
902 3157 989 3214 vnns.
1016 3160 1059 3220 ts,
1085 3157 1126 3210 tn.
1149 3187 1183 3196 -
1212 3157 1295 3220 Trio,
1322 3157 1417 3226 inqtrit
1440 3156 1553 3226 loseph,
1582 3156 1714 3218 connistra,

57 3255 82 3308 ³2
107 3240 156 3297 sed
181 3240 216 3296 ad
239 3253 273 3296 en
296 3254 361 3310 quae
388 3239 474 3310 digne
495 3238 584 3294 sentis
606 3240 718 3309 agenda
741 3238 812 3293 ruiti
867 3246 1024 3300 tresadhuc
1049 3245 1106 3298 dies
1127 3249 1360 3314 erantpastores
1383 3247 1489 3311 auferet
1510 3246 1715 3313 Pharnacoput
1746 3230 1749 3238 ¹

56 3344 79 3387 s.
98 3331 162 3384 Tres
176 3330 350 3399 propagines,
371 3335 424 3382 tres
439 3328 496 3382 dies
510 3333 586 3396 stant,
602 3326 671 3397 quia
686 3326 811 3397 primum
867 3338 953 3398 tuum,
969 3349 1001 3387 oc
1024 3333 1169 3403 suspendet
1183 3338 1208 3387 te
1227 3336 1255 3387 in
1275 3349 1360 3400 cruce,
1376 3339 1402 3388 et
1416 3333 1572 3388 lacerabunt
1594 3333 1714 3387 colunes

56 3432 83 3474 >s
105 3431 187 3474 amor
210 3417 342 3484 illustrat,
365 3416 467 3472 deinde
491 3430 543 3472 nos
561 3415 649 3471 nostri
671 3415 771 3471 notitia
785 3423 812 3472 et
866 3438 960 3476 cantes
975 3427 1046 3476 taos.
1071 3422 1244 3485 Intellectus,
1268 3423 1405 3478 memoria
1428 3436 1461 3478 ac
1475 3421 1619 3488 voluntas,
1646 3433 1713 3491 cum

56 3506 199 3571 {lariilcah
217 3513 248 3561 ui
263 3506 299 3561 ad
314 3506 476 3574 proximum
496 3504 549 3560 lux
565 3513 669 3561 nostrae
684 3504 812 3561 dilectio·
867 3510 1011 3582 quaedam,
1035 3517 1067 3566 ut
1089 3509 1130 3565 sic
1155 3509 1264 3572 dicam,
1287 3509 1400 3566 diurnae
1422 3510 1500 3566 luces
1527 3509 1616 3564 animi
1644 3508 1711 3570 sint,

56 3595 287 3666 templorumque
308 3592 451 3649 deveniat·
479 3593 544 3648 Post
569 3595 630 3649 haeu
646 3593 813 3649 recordatur
866 3599 991 3655 canistra
1014 3607 1110 3655 tamen
1134 3606 1217 3666 sunt,
1243 3598 1278 3653 ad
1303 3611 1403 3653 cannae
1426 3597 1542 3653 modum
1559 3610 1595 3652 ex
1617 3594 1713 3651 caruis

56 3698 77 3741 ο
99 3681 251 3737 ministerii
275 3680 378 3749 nostri,
409 3688 437 3737 et
457 3680 488 3736 in
509 3681 633 3752 gradum
657 3680 811 3752 pristinum
866 3687 1027 3744 conditione
1052 3686 1173 3759 tragilia.
1199 3685 1251 3743 Sed
1273 3687 1460 3755 Pharaapost
1481 3686 1533 3741 hos
1557 3684 1713 3752 dicscopnt

56 3771 98 3837 rit,
114 3784 182 3825 cum
200 3769 344 3825 recordari
368 3783 419 3824 nos
442 3769 509 3825 lacit
532 3769 681 3838 pretence
696 3777 809 3837 nostrae,
866 3777 968 3842 aufert,
993 3790 1058 3831 cum
1084 3782 1145 3846 post
1160 3775 1328 3832 interiorum
1352 3788 1488 3830 sensuum
1508 3771 1712 3829 illustrationes

56 3858 89 3915 td
112 3865 242 3914 nostrum
265 3858 412 3914 interitum
439 3857 551 3913 uranon
573 3857 808 3923 inserviebamus,
865 3863 1002 3934 snperbia
1025 3863 1167 3929 illabente,
1189 3864 1321 3935 caprinus
1343 3863 1447 3928 virtus,
1463 3876 1529 3932 que
1544 3868 1586 3917 est
1601 3859 1713 3915 hunttr-

56 3945 137 4018 tati83
162 3947 201 4002 ita
221 3953 252 4002 ut
275 3945 435 4002 innumeris
456 3946 646 4002 tentationum
677 3947 810 4017 ingeniu-
865 3960 918 4020 tas,
935 3965 953 4008 a
971 3952 1114 4008 virtutum
1131 3952 1268 4009 membris
1284 3958 1415 4022 separata
1429 3950 1565 4020 disparet.
1583 3948 1712 4017 Suspen-

66 4034 104 4091 ιι
125 4049 192 4092 aum
207 4049 265 4106 nuo
288 4034 440 4091 seculares
461 4033 812 4101 calmosiacenses
865 4042 906 4098 en
922 4041 1031 4097 ennena
1052 4041 1082 4095 n
1097 4056 1184 4106 nana,
1204 4054 1271 4096 eum
1295 4038 1446 4109 principari
1463 4037 1624 4093 unnrtnne
1645 4035 1712 4092 sun

56 4138 92 4180 ao
110 4123 262 4180 videantur
285 4123 411 4179 abducti.
437 4121 489 4178 Sed
517 4121 620 4178 damus
643 4121 669 4178 ei
692 4120 808 4179 calicem
828 4109 932 4193 illata,
949 4141 967 4184 a
983 4135 1039 4184 toto
1057 4129 1198 4185 bonorum
1213 4142 1332 4199 opernm
1351 4141 1431 4183 meus
1451 4126 1598 4193 damnata,
1620 4123 1712 4194 impos

72 4211 199 4269 odicium
216 4220 357 4279 lustrum,
378 4212 452 4267 situi
468 4219 534 4266 tuit
557 4224 810 4277 cursuurrruruub
864 4225 892 4273 et
919 4217 1013 4272 inanis
1034 4216 1134 4273 ciiecta
1160 4216 1326 4273 destituitur
1349 4229 1489 4285 corpore3
1516 4223 1543 4271 et
1569 4214 1630 4269 haee
1652 4219 1711 4268 tata

56 4300 160 4357 brnter
175 4301 210 4355 ad
229 4314 278 4356 cnr
298 4300 457 4368 redeuntes,
479 4299 554 4355 siunt
568 4298 699 4370 dignitati
721 4299 811 4353 ratio-
864 4304 1005 4362 adiabolo
1033 4304 1117 4371 hunt,
1145 4304 1239 4375 typico
1262 4304 1368 4362 scilicet
1396 4305 1554 4360 Pharaone.
1586 4301 1711 4356 Volaenes

57 4388 94 4445 tis
114 4395 218 4444 nostra
241 4387 384 4457 competit,
408 4395 435 4443 et
456 4402 474 4443 a
498 4393 624 4457 tempore
646 4386 810 4443 conversio·
863 4408 957 4448 carnes
971 4393 1135 4460 comedunt,
1155 4392 1224 4449 dum
1240 4394 1366 4463 superba
1380 4392 1522 4449 daemonia
1545 4388 1712 4447 carnalibus

58 4476 227 4532 mnevimns
246 4474 361 4532 calicem
379 4474 504 4545 recimre
525 4473 762 4546 inipugnanonts,
780 4475 810 4530 in
861 4480 921 4549 jam
941 4495 1007 4551 qne
1021 4488 1187 4551 sequuntur
1199 4481 1335 4551 operibus
1355 4481 1459 4537 nostris
1479 4493 1539 4535 sese
1567 4475 1709 4532 renerum.

56 4578 110 4621 mm
126 4577 288 4634 possumus,
305 4564 443 4620 audacter
457 4563 615 4621 interimus.
865 4566 991 4625 Allectus
1004 4583 1074 4640 crgo
1101 4577 1206 4637 noster,
1233 4570 1260 4625 id
1285 4577 1328 4626 cst
1350 4569 1452 4640 loseph
1470 4568 1530 4637 jam
1553 4561 1711 4635 spiritualis

56 4665 86 4708 tn
114 4655 156 4717 ¹4,
174 4653 216 4706 ¹5·
237 4682 272 4690 -
295 4653 411 4706 iunium
431 4658 561 4707 memento
581 4654 642 4717 mei,
665 4669 725 4708 runt
748 4653 811 4706 utne
863 4658 1010 4728 augmenti
1033 4665 1191 4727 appetens,
1217 4671 1268 4727 per
1291 4658 1417 4712 divinam
1447 4653 1628 4724 prudentiam
1653 4649 1710 4705 dno

56 4742 129 4806 terit,
149 4745 176 4794 et
196 4743 282 4805 socies
296 4756 398 4796 mecum
417 4741 641 4808 miscricordiam,
661 4747 691 4795 nt
709 4755 810 4811 sange·
863 4743 918 4799 ista
931 4745 1066 4815 mysteria
1090 4759 1123 4801 ac
1145 4744 1169 4800 si
1188 4745 1246 4801 duo
1266 4740 1522 4810 somniaresolvi13
1548 4739 1578 4795 in
1602 4737 1711 4810 qrribus

56 4828 168 4882 lorcam
188 4833 217 4883 at
233 4828 329 4883 ederent
348 4845 389 4882 me
409 4829 442 4882 dc
456 4831 507 4883 ista
521 4843 636 4896 cereae,
653 4831 718 4898 quio
733 4832 810 4896 sarto
863 4831 912 4887 illa
927 4833 985 4889 duo
1010 4832 1224 4905 intelliguntur,
1245 4832 1372 4889 ebaritas
1393 4829 1532 4892 videlicet,
1558 4841 1624 4898 quae
1648 4825 1711 4895 ipsa

56 4931 87 4972 us
99 4931 161 4972 sum
181 4917 302 4972 deterre
323 4918 513 4983 Hebraeorum,
533 4921 558 4972 et
573 4918 616 4973 liic
634 4920 759 4972 innocens
779 4920 810 4972 in
862 4927 905 4976 est
923 4920 1131 4989 benevolentia,
1151 4935 1203 4992 per
1216 4921 1372 4991 principem
1390 4920 1594 4989 pincernarum
1610 4914 1711 4986 sigua-

67 5006 168 5059 nn'ssus
190 5020 259 5059 sam.
287 5007 413 5072 Pontum,
439 5005 544 5076 innuit,
568 5005 649 5077 jugis
679 5005 810 5061 intentio·
862 5013 903 5076 ta,
930 5014 958 5064 et
983 5008 1101 5064 seientia
1130 5023 1181 5080 per
1211 5010 1379 5080 magistrum
1407 5007 1547 5076 pistorum
1574 5003 1709 5074 figurata.

56 5093 188 5150 traiectus
212 5106 267 5149 nou
294 5101 456 5164 postponas,
481 5108 548 5150 oum
572 5093 648 5150 vires
671 5093 750 5149 calici
779 5093 809 5149 in
863 5094 1004 5164 Charitas,
1029 5112 1095 5167 qnae
1119 5112 1178 5154 uon
1206 5097 1361 5153 tentatione
1389 5094 1553 5165 probatur,
1585 5092 1711 5148 charitas

56 5195 141 5239 onem
165 5180 279 5237 terendo
298 5181 467 5251 susceperis,
483 5189 515 5238 ut
536 5188 577 5237 tot
599 5181 692 5252 ipsum
712 5182 807 5238 virtu·
862 5198 919 5239 non
941 5191 999 5250 est;
1024 5184 1072 5242 sed
1095 5185 1157 5256 ipsa
1183 5192 1236 5252 est,
1262 5197 1327 5255 qnae
1344 5183 1479 5252 poculum
1499 5179 1709 5246 retributionis,

56 5269 171 5327 actibus
192 5283 306 5338 urgeas.
331 5269 423 5327 donec
449 5269 544 5326 victus
568 5270 682 5334 educat,
714 5270 740 5325 id
765 5278 808 5327 est
861 5279 889 5328 ct
912 5286 929 5328 a
953 5273 1101 5329 Pharaone
1125 5271 1236 5329 fortiter
1262 5270 1441 5342 viriliterque
1463 5271 1558 5328 relert.
1584 5267 1710 5336 Simplex

63 5357 166 5416 nuens
188 5356 253 5413 belli
272 5357 353 5426 illati,
378 5357 446 5414 vetit
460 5357 539 5427 nolit,
554 5358 599 5414 vel
620 5357 806 5428 obsidionem,
861 5375 930 5433 ergo
945 5361 1080 5418 voluntas
1101 5360 1217 5433 perlatis
1240 5358 1423 5431 passionibus
1446 5357 1566 5432 prolicit.
1582 5354 1713 5413 Charitas
