3818 6008
107 250 155 301 511
547 246 578 302 V.
600 244 768 302 GUIBERTl
789 242 936 299 ABBATIS
954 241 984 297 S.
1005 243 1127 298 llthAE
1145 243 1191 298 DE
1210 242 1405 300 novianttro
1543 292 1545 300 ,
1806 244 1856 296 ‘ita

108 398 175 440 curn
203 383 276 440 doce
302 382 485 454 Vespasiano,
518 364 603 453 cujus
632 383 672 438 rei
702 380 767 436 linis
796 393 952 451 perennem
973 377 1119 449 higuera.
1149 380 1208 435 Hoc
1232 388 1327 435 tamen
1356 378 1424 445 scio,
1445 378 1516 450 qnia
1542 379 1563 434 si
1590 379 1631 435 sic
1658 379 1856 446 eminensest,

108 472 176 527 inihi
195 470 376 527 habitationis
391 471 518 526 iudaicae
532 472 622 540 pariet
632 476 803 531 vastitatem.

141 563 177 615 Et
203 565 265 628 post
285 560 347 614 balli
370 562 449 627 fictam
473 558 557 628 (Dant.
584 576 621 629 tx,
650 563 707 634 26),
737 562 828 617 fixum
847 557 953 614 iaciens

108 647 184 716 quod
199 645 283 708 dixit,
304 646 486 717 ingeminat:
520 648 729 706 Exterrttininm
756 649 828 704 idern
845 653 953 702 statuta

106 734 277 791 desolatione
306 734 477 790 lirmahitur.
511 736 692 805 Cottfirmabit
725 743 814 792 autem
842 740 953 805 pactam

105 823 198 876 maltis
227 822 394 876 hebdomada
421 839 477 877 atta
501 839 507 876 ε
537 829 562 879 et
584 828 614 879 in
640 827 754 881 dimidio
778 822 952 879 hebdomadis

105 911 210 980 deficiet
234 912 322 965 hostia
347 917 372 964 et
400 913 595 979 sacrificium:
634 921 659 969 et
699 917 729 969 in
767 914 863 982 templo
898 913 953 966 erit

105 999 269 1053 abominatio
293 999 475 1062 desolationis,
499 1006 524 1054 at
547 1003 682 1071 usquead
699 1002 953 1058 consummationem

104 1091 129 1140 et
149 1089 228 1156 fittcm
254 1087 438 1156 perseoeaabit
461 1087 590 1144 desolatio
622 1091 714 1154 titini..
737 1090 793 1158 ιι).
818 1088 887 1156 Quae
911 1095 953 1143 cst

103 1175 179 1230 enim
195 1175 361 1242 hebdomas,
382 1189 442 1245 oua
456 1176 607 1233 confirmat
632 1178 730 1234 multis
755 1185 881 1248 pactum,
898 1176 952 1233 nisi

105 1264 182 1334 (tund
199 1263 270 1318 alias
296 1264 412 1327 dicitur,
445 1266 567 1334 Tempus,
583 1273 608 1320 et
630 1274 751 1336 tempora
765 1272 790 1320 ct
807 1266 953 1320 dimidiam

105 1353 232 1421 temporis
263 1353 362 1423 (Apoc.
392 1367 441 1418 xn,
475 1353 529 1421 11),
561 1362 617 1409 ιιεε
640 1355 771 1411 videlicet
815 1354 894 1419 anni,
925 1361 952 1411 et

106 1439 244 1496 dimidius
273 1439 483 1509 praedicationis
507 1442 671 1511 Dominicrc,
696 1451 723 1499 ct
746 1452 803 1499 tres
824 1457 889 1499 cuna
909 1442 952 1498 di·

105 1528 192 1584 midio
211 1528 429 1597 subsequentes,
458 1528 486 1584 in
510 1530 616 1599 quibus
644 1531 822 1601 potissimum
843 1545 953 1586 cuneus

1007 482 1065 522 non
1081 467 1156 524 alius
1180 482 1268 538 otram
1284 468 1415 525 Christus
1440 475 1490 524 cst.
1507 467 1587 535 Quod
1614 467 1636 523 si
1658 467 1790 524 Christus
1804 475 1856 532 εει,

1006 562 1034 610 ει
1049 555 1073 610 ιε
1088 557 1199 612 occisus
1217 556 1281 612 talis
1305 557 1441 626 temporis
1455 555 1626 612 diffinitione
1641 556 1792 625 probatur,
1810 555 1856 611 cui

1007 645 1120 699 aversio
1148 644 1244 715 populi
1269 653 1356 715 atque
1380 646 1504 716 argatio,
1525 645 1648 700 civitatis
1673 643 1799 715 dentone
1825 659 1858 700 aa

1007 733 1164 789 sanctuarii
1195 733 1342 803 dissipatio
1378 732 1413 788 ad
1443 733 1587 804 integrum
1628 732 1763 803 congruit
1791 747 1857 788 cum

1007 821 1079 877 duce
1104 821 1231 891 praelato,
1261 821 1338 877 Paeti
1370 836 1496 892 qnoque,
1525 821 1601 890 (puori
1627 835 1685 876 non
1713 828 1754 877 cst
1778 819 1856 876 aliud

1006 924 1094 981 quarn
1120 911 1280 980 promissio,
1305 911 1387 982 regni
1417 909 1538 965 eoelestis
1554 908 1744 965 contirmatio.
1763 910 1855 976 natta,

1007 998 1055 1065 alt,
1066 1000 1260 1067 penitentiam,
1274 997 1511 1092 appropinquabit
1531 997 1592 1068 inl,
1609 997 1855 1068 appropinquavit]

1006 1089 1076 1139 enim
1103 1102 1214 1152 raparum
1238 1088 1363 1141 calorum
1391 1086 1496 1154 (illailla.
1515 1101 1555 1152 nr,
1573 1087 1608 1154 2).
1636 1088 1671 1140 El
1694 1085 1854 1140 indimidio

1007 1174 1190 1241 ltebdomadis,
1243 1189 1309 1230 eum
1359 1173 1490 1230 Christus
1542 1188 1571 1229 se
1622 1174 1698 1229 Patri
1740 1173 1853 1240 obtulit,

1007 1261 1106 1318 hostiae
1131 1263 1321 1333 sacrificiique
1346 1262 1475 1322 tinnientia.
1505 1261 1541 1317 ad
1573 1261 1706 1318 ultimum
1738 1260 1792 1316 loci
1819 1260 1854 1316 alt

1007 1349 1217 1405 habitatoribus
1253 1350 1401 1420 tripliciter
1442 1351 1562 1420 repetita
1595 1350 1752 1405 damnatio.
1782 1349 1853 1415 Quid

1006 1436 1114 1503 dicetis,
1145 1436 1196 1506 qni
1224 1439 1366 1493 neminem
1394 1436 1440 1492 eni
1465 1437 1616 1492 conveniat
1645 1437 1699 1491 nisi
1717 1436 1852 1492 huncin-

1007 1523 1080 1579 ierre
1108 1525 1245 1594 potestis?
1273 1527 1332 1580 Αιιι
1354 1539 1421 1595 orgo
1453 1533 1563 1581 vostras
1595 1526 1665 1580 rnihi
1694 1525 1855 1595 Scripturas

105 1616 287 1686 apostolicus,
306 1630 372 1672 curn
397 1617 475 1672 omni
495 1617 670 1687 discipulatu
694 1620 802 1689 pariter
829 1634 858 1676 sc
884 1634 951 1675 cum
972 1614 1150 1710 Bexponite,
1178 1621 1209 1669 ut
1234 1627 1251 1668 a
1275 1620 1433 1683 praetaxata
1460 1614 1531 1670 serio
1566 1614 1733 1683 explanatio
1762 1621 1855 1669 vestra

104 1703 210 1760 ludaeis
247 1704 377 1760 exercuit
413 1713 440 1760 et
477 1706 584 1762 multos
621 1707 656 1763 ab
692 1722 788 1763 errore
824 1707 949 1764 diduxit,
1007 1717 1064 1757 non
1094 1702 1243 1772 discrepet,
1272 1710 1323 1758 aut
1358 1701 1514 1758 intellectui
1538 1701 1700 1759 Christiano
1736 1701 1852 1772 acquie-

104 1791 345 1860 Quorumtamen
375 1792 505 1849 omniurn
536 1794 666 1851 doctrina
690 1796 757 1852 iesu
777 1796 953 1852 Dominise-
1006 1790 1188 1860 scitaaqno
1205 1791 1369 1861 itmlthellca
1382 1790 1503 1847 intenlio
1516 1806 1573 1846 11011
1590 1791 1735 1847 abhorret-

51 1891 56 1901 ·
104 1880 261 1936 minuriunt
287 1879 349 1936 luit.
373 1881 406 1936 ln
427 1881 513 1952 cujus
528 1882 646 1938 dimidio
672 1884 856 1940 hebdomadis
870 1884 953 1941 sacri·
1042 1877 1069 1932 Sl
1086 1878 1136 1933 libi
1152 1878 1249 1933 minus
1264 1878 1413 1948 hessiissfla
1440 1878 1501 1934 haec
1522 1887 1599 1946 Sfflll,
1623 1879 1720 1949 iiiiii
1743 1878 1855 1935 eviden-

103 1968 201 2025 iicium
227 1969 327 2024 deiecit
355 1977 382 2025 ει
412 1969 515 2037 hostia,
543 1975 612 2041 ania
640 1987 767 2042 corpore,
801 1973 879 2044 quod
911 1981 952 2030 εει
1005 1966 1650 2036 1ὶῦδῑιϋῑΰᾱ11ΠῑΑ5Ρῑθῑθῦαιιῑ,ᾶῑῑίᾶθῐῐιιῑιῑ
1676 1971 1853 2036 vssttwcit'h

102 2056 242 2123 chrisma,
278 2057 425 2125 exhibitio,
462 2058 619 2114 vitulorum
649 2068 677 2117 et
704 2068 855 2118 taurorum
883 2062 951 2134 iiam

102 2144 175 2200 nihil
206 2144 311 2215 proluit
338 2145 449 2201 umbra.
490 2147 522 2202 ln
552 2146 657 2217 ternplo
690 2148 742 2205 luit
776 2151 951 2207 abominatio

102 2232 293 2300 desolationis,
310 2234 381 2303 quia
407 2235 455 2290 uhi
474 2235 548 2291 Deris
571 2251 628 2291 non
658 2244 712 2306 est,
738 2252 833 2309 neque
858 2239 950 2295 ullum

103 2320 275 2394 benamesi
298 2336 392 2388 οιιιειι,
421 2338 515 2395 neque
543 2324 667 2380 habitari
694 2325 750 2382 dici
774 2335 875 2397 potest,
902 2327 951 2384 uhi

102 2408 202 2466 nullus
229 2418 280 2467 est.
304 2410 378 2479 Quia
399 2412 476 2467 enim
505 2412 637 2469 diabolus
665 2430 723 2470 non
753 2423 883 2483 vercest,
900 2415 951 2472 ubi

102 2511 171 2554 vera
199 2500 323 2555 essentia
347 2514 406 2555 non
432 2506 484 2566 cst,
514 2500 620 2557 misera
646 2500 770 2558 solitudo
785 2511 827 2560 εει
844 2519 850 2558 ;
868 2504 949 2574 Ecce,

103 2587 207 2658 inquit.
220 2589 388 2656 relinquetur
401 2589 478 2644 uobis
490 2589 584 2644 domus
600 2598 691 2661 uestra
710 2592 817 2646 deserta
839 2593 948 2664 (natet.

1005 2059 1031 2109 et
1045 2071 1101 2109 ecce
1113 2058 1142 2109 in
1166 2056 1282 2109 anubibus
1305 2057 1367 2110 coeli
1381 2059 1463 2124 qnasi
1476 2057 1556 2125 filias
1581 2059 1696 2111 hominis
1721 2057 1852 2124 cantabat,

1005 2151 1030 2198 et
1042 2160 1126 2213 usquc
1141 2144 1179 2197 ad
1198 2146 1350 2215 Antiquam
1374 2144 1480 2200 diuam
1494 2149 1628 2215 peruenit,
1646 2152 1672 2201 et
1701 2148 1730 2199 in
1750 2161 1855 2215 conspe·

1005 2237 1049 2288 ctat
1074 2233 1132 2301 ejas
1160 2233 1313 2287 altitalcraat
1332 2249 1411 2292 eam:
1436 2240 1460 2287 et
1486 2234 1561 2288 dedit
1585 2237 1611 2288 ei
1632 2239 1802 2304 potestatam,
1830 2237 1854 2286 ct

1007 2323 1142 2387 honorem,
1177 2326 1203 2374 et
1234 2337 1357 2390 reanum,
1391 2326 1417 2376 ει
1449 2339 1538 2377 amnas
1569 2322 1675 2392 papali,
1707 2323 1807 2389 tribas,
1830 2326 1853 2375 et

1005 2410 1106 2481 liapaae
1139 2412 1254 2464 saeuiant
1292 2413 1318 2464 ci
1351 2412 1427 2482 [Data.
1461 2427 1507 2478 vn,
1535 2414 1577 2476 13,
1611 2413 1663 2478 li).
1691 2411 1852 2481 Antiquam

1004 2500 1117 2557 dierum
1131 2500 1208 2555 haud
1225 2500 1346 2556 dubium
1363 2501 1435 2572 quin
1449 2500 1543 2570 ipsum
1560 2501 1648 2557 Deum
1668 2501 1850 2573 intelligatis;

1005 2589 1053 2645 sed
1068 2590 1134 2660 quis
1148 2598 1190 2645 est
1216 2589 1293 2646 itlius
1323 2589 1455 2658 hominia,
1478 2590 1528 2661 qtti
1545 2591 1726 2661 pervenitad
1749 2589 1852 2646 illum?

102 2678 253 2745 xx111,38;
279 2678 344 2731 hoc.
369 2692 429 2741 xm,
459 2677 513 2748 35).
540 2678 651 2734 Etenim
682 2681 786 2736 umbra
808 2682 951 2751 quomodo
1003 2677 1143 2748 Nunquid
1169 2678 1852 2748 comparabiturihomoFactorisuoiPotestas

103 2777 163 2818 esse
193 2772 301 2832 poterat
329 2765 440 2835 absque
469 2765 610 2835 corporat
640 2767 716 2838 Ergo
739 2768 780 2823 nil
806 2768 950 2824 inibinon
1004 2766 1092 2832 enim,
1120 2765 1213 2821 honor
1240 2775 1268 2822 et
1290 2780 1411 2837 regnum
1443 2767 1470 2823 in
1495 2768 1653 2823 aeternitate
1677 2767 1726 2823 illa
1746 2767 1851 2824 nemini

103 2864 317 2920 supervacuum
332 2865 402 2908 erat.
1004 2854 1101 2928 datur,
1117 2853 1172 2910 nisi
1188 2855 1223 2920 ei,
1241 2854 1291 2924 qui
1317 2856 1389 2910 bens
1406 2854 1558 2910 habeatur.
1580 2854 1692 2925 Populi,
1709 2855 1853 2924 tribunat

138 2940 173 2994 Et
201 2947 233 2995 ut
261 2948 337 2995 certo
371 2941 477 2997 certius
516 2949 677 3000 teneremus
710 2945 787 3014 quod
818 2945 895 3002 atilio
923 2955 951 3003 et
970 2940 1112 3012 elingua
1136 2940 1173 2996 ihi
1204 2940 1276 2997 nulli
1301 2941 1442 3010 serviunt,
1470 2941 1523 2996 nisi
1549 2943 1853 3011 qttemtranscendcre

102 3025 227 3096 amplius
252 3028 334 3084 anuis
356 3028 416 3099 jam
440 3031 595 3100 perstitisse
623 3032 764 3102 videmus,
787 3036 869 3091 tertio
885 3049 949 3091 sen·
1004 3029 1091 3084 totins
1115 3029 1184 3098 jura
1209 3028 1398 3084 humanitatis
1423 3029 1529 3086 sciunt.
1549 3029 1613 3084 idco
1637 3030 1717 3086 hunc
1741 3031 1772 3086 in
1790 3046 1854 3087 con-

102 3116 221 3171 tentiam
246 3115 429 3173 desolationis
453 3117 588 3175 inculcat.
619 3121 819 3191 Perseverabit,
845 3123 950 3194 inquit,
1003 3126 1103 3187 spectu
1118 3117 1167 3173 1)θί
1184 3115 1318 3184 ΟΠΒΓΗῦῑι
1336 3119 1405 3187 quia
1429 3132 1495 3173 0¹1OE
1516 3118 1625 3188 auique
1641 3117 1738 3175 ⁰1¹0!ssss
1761 3120 1853 3177 ⁵⁰¹⁰OE

102 3203 231 3257 desolatio
260 3208 339 3268 (batt.
366 3220 404 3273 nr,
427 3205 483 3276 27),
517 3207 588 3263 dum
620 3216 648 3265 ot
685 3211 895 3267 consummatio
923 3220 950 3268 et
1003 3206 1080 3262 Patri
1126 3204 1358 3276 conspicabilem,
1397 3206 1474 3260 Patri
1515 3206 1676 3276 specialiter
1715 3207 1852 3277 placitum

65 3350 76 3369 .
103 3291 494 3350 hnisvioeticetsaeeulornm
510 3295 654 3353 deveniat.
679 3298 778 3365 Dicite,
797 3299 950 3369 protanam
1003 3294 1134 3349 credunt.
1162 3295 1242 3349 tl'erno
1267 3296 1338 3348 enaim
1363 3295 1622 3348 nocitFiiiamnisi
1647 3296 1743 3359 Pater,
1769 3312 1853 3366 aeaut

102 3385 130 3436 ει
143 3379 275 3450 pertinax
290 3382 405 3453 vulgus,
415 3383 532 3439 cuinam
543 3384 595 3440 ista
606 3385 774 3455 judicabitis
787 3388 950 3457 pertineret
1002 3383 1111 3437 Petram
1139 3384 1201 3452 qais
1223 3384 1278 3436 nisi
1303 3382 1404 3446 Filias,
1424 3385 1508 3437 ataui
1535 3383 1650 3436 coluerit
1665 3384 1760 3452 {Filios
1782 3400 1854 3440 roca

102 3467 232 3523 Forsitan
248 3468 283 3523 ad
298 3469 469 3538 Hircanum,
490 3486 576 3542 quern
591 3482 755 3530 extremum
771 3490 836 3531 cum
861 3477 951 3546 ponti·
1002 3470 1080 3525 lare?
1096 3471 1205 3541 (netto.
1224 3485 1262 3537 lx,
1287 3471 1346 3541 27)
1373 3471 1434 3540 lpse
1449 3472 1534 3527 eliam
1556 3471 1709 3543 Sssbl'flssgil
1726 3473 1849 3531 lbidflffli

100 3554 154 3612 lico
169 3555 212 3627 is,
230 3557 372 3628 pontifice,
387 3560 429 3613 oei
444 3560 597 3632 pontificio]
610 3576 703 3633 regern
716 3563 884 3620 habueritis.
897 3564 950 3621 Sed
1003 3559 1100 3615 Omnia
1125 3561 1193 3613 mihi
1218 3559 1323 3614 tradita
1351 3563 1415 3614 sant
1432 3576 1450 3614 a
1474 3562 1555 3615 Patre
1585 3576 1642 3614 mco
1668 3561 1766 3633 (ibid.)
1793 3563 1851 3618 Et:

75 3644 414 3714 ‘quidistaadillum‘l
431 3648 566 3718 nunquid
591 3650 726 3719 populus,
743 3653 948 3722 quicjuserat‚
1005 3650 1077 3704 nata
1103 3653 1142 3702 est
1169 3650 1239 3702 mihi
1265 3651 1352 3704 omnis
1378 3653 1498 3719 potestas
1527 3651 1557 3703 in
1585 3650 1646 3704 coelo
1672 3656 1698 3704 et
1720 3654 1751 3705 in
1780 3656 1854 3706 teano

100 3731 234 3803 negavit?
249 3734 383 3804 nunquid
407 3750 465 3791 non
482 3736 581 3806 parchi
597 3737 661 3808 ejus
675 3738 872 3807 desecuerant,
892 3755 950 3795 non
1004 3736 1114 3805 (llatth¹
1141 3752 1239 3805 xxvia,
1279 3738 1334 3810 18).
1378 3737 1423 3794 Sic
1454 3738 1584 3808 pervenit
1617 3738 1653 3794 ad
1689 3739 1852 3810 Antiquam

100 3820 186 3891 terro,
208 3823 256 3878 sen
278 3823 413 3880 uentibus
437 3838 533 3892 aures,
560 3833 592 3884 ut
612 3829 771 3885 saoernouo
795 3829 950 3886 damnare·
1003 3824 1128 3891 aterum,
1144 3825 1214 3895 quta
1229 3824 1320 3895 autin
1334 3825 1391 3882 sote
1406 3834 1538 3895 posonen
1553 3827 1784 3896 tabernaeotum,
1802 3827 1853 3900 oui

102 3910 176 3966 turi
207 3909 307 3980 aeone
343 3911 420 3967 enim
447 3926 464 3967 a
490 3915 594 3984 populo
620 3925 671 3972 aut
695 3918 765 3984 vita,
791 3926 841 3974 ant
863 3933 951 3990 regno
1004 3921 1143 3983 tanquam
1169 3927 1291 3982 sponsus
1315 3913 1349 3969 do
1376 3913 1502 3969 thalamo
1528 3915 1852 3986 snoegressusluerat,

102 3997 233 4068 privatus
259 4007 309 4053 εει.
337 3998 428 4055 Velim
456 4001 572 4071 planca
600 4003 682 4060 vohis
711 4020 801 4074 nosse,
830 4021 895 4077 quac
915 4007 951 4063 sit
1004 4001 1055 4072 qui
1081 4001 1235 4072 plusquam
1265 4002 1359 4070 homo,
1403 4003 1465 4059 1⁶0⁰
1490 4003 1581 4074 gigas,
1611 4004 1647 4059 «td
1678 4005 1851 4061 currendam

102 4092 164 4156 post
178 4085 423 4143 abbreviationem
447 4092 632 4161 septuaginta
653 4093 866 4150 hebdomadum
886 4110 952 4150 con·
1003 4088 1199 4145 exsultaverat
1223 4087 1312 4158 viam,
1340 4090 1425 4161 cujus
1452 4106 1586 4163 egressus
1613 4107 1757 4159 asumma
1783 4095 1853 4152 eoelo

100 4174 254 4229 summario
293 4177 539 4244 prevaricationis
564 4187 592 4234 et
622 4182 740 4248 peccati,
776 4182 852 4237 unde
881 4191 950 4238 tunc
1004 4177 1123 4243 exstitit,
1152 4193 1291 4235 occursus
1319 4194 1437 4251 quoque
1470 4180 1506 4235 ad
1531 4196 1679 4238 summum
1716 4184 1789 4253 ejus,
1817 4185 1853 4241 ad

101 4260 177 4330 linis,
194 4275 260 4332 quac
289 4262 449 4333 iniquitatis
474 4265 602 4335 delectio,
628 4267 694 4338 quis
715 4275 783 4323 tunc
795 4269 950 4326 adduxerit
968 4277 989 4331 n
1005 4266 1117 4322 Patrem
1134 4267 1264 4324 videlicet
1281 4267 1334 4324 luit
1347 4268 1430 4339 (Psoi.
1442 4284 1521 4336 xvnt,
1538 4272 1576 4337 5).

98 4349 239 4421 justitiam
281 4354 495 4422 sempiternam.
538 4353 679 4422 Conlerte,
716 4356 877 4425 mendaces,
921 4366 948 4414 ct

101 4446 175 4494 certe
200 4453 386 4510 nequaquam
413 4441 538 4512 reperire
576 4442 713 4513 poteritis,
738 4444 816 4514 quod
837 4445 948 4516 aliquid

101 4527 205 4584 horum
222 4527 262 4584 illi
279 4529 435 4586 ullomodo
458 4530 579 4599 tempori
593 4531 687 4587 valeat
710 4536 871 4590 cortvonire.
888 4536 948 4590 lmo

101 4613 156 4671 suh
182 4616 265 4672 novis
284 4617 400 4688 regibus
425 4617 565 4673 bellorum
601 4632 634 4675 ac
658 4621 779 4676 caedium
812 4623 946 4693 plurima,

100 4705 261 4761 secundum
277 4705 420 4772 historica,
439 4715 622 4762 excrementa
632 4710 756 4765 saevisse.

136 4792 175 4849 lle
193 4792 300 4850 visione
326 4800 353 4849 ct
380 4795 521 4866 propheta
534 4795 605 4866 quid
618 4797 744 4855 sentiant
757 4799 855 4867 miror,
879 4801 949 4871 quia

100 4878 172 4935 nihil
200 4882 266 4936 novi
293 4881 453 4937 meandum
480 4883 560 4952 quod
584 4883 752 4954 opinantur,
781 4893 854 4941 m
892 4888 948 4944 illis

100 4967 201 5025 diebus
226 4968 372 5025 acciderit.
400 4970 436 5025 Et
462 4984 528 5026 cum
544 4985 688 5029 annorum
703 4975 773 5030 adeo
800 4975 948 5033 evidenter

101 5055 237 5126 praelixas
249 5057 285 5113 sit
300 5056 450 5126 terminus,
476 5067 508 5116 nt
524 5068 684 5131 temporum
698 5063 799 5118 notitia
813 5064 947 5121 vacillare

100 5156 158 5198 non
200 5145 296 5214 possit,
328 5154 356 5201 ct
401 5146 455 5217 ipsi
496 5163 555 5204 non
591 5149 702 5219 aliquid
736 5151 945 5221 propheticum,

99 5228 238 5286 visionive
256 5233 440 5301 conveniens,
466 5249 499 5292 eo
524 5235 575 5293 loci
603 5244 671 5293 tnnc
692 5239 821 5294 evenisse
844 5248 948 5297 testen-

99 5323 148 5372 tur
174 5330 180 5369 :
209 5332 275 5387 quac
302 5320 356 5376 crit
384 5321 470 5392 illius,
507 5338 616 5394 quaeso,
647 5325 742 5382 Sancti
780 5336 947 5385 sanctorum

99 5401 218 5459 unctio?
256 5406 285 5462 Si
322 5407 444 5466 Sanctus
480 5419 646 5469 sanctorum
688 5420 740 5481 est,
779 5424 945 5473 sanctorum

98 5488 230 5549 omnium
253 5496 418 5565 precipuos
440 5505 497 5566 est,
522 5513 609 5570 quern
635 5515 688 5558 vos
716 5501 795 5559 hunc
819 5507 947 5563 sentiatis

1037 4362 1063 4415 ls
1080 4363 1226 4429 percisum
1241 4363 1326 4415 anoctis
1340 4363 1421 4429 quasi
1440 4361 1530 4415 Filias
1553 4361 1671 4416 hominis
1685 4363 1810 4418 sentiebat
1824 4367 1853 4418 in

1002 4448 1119 4503 nubibas
1143 4453 1222 4517 (Dan.
1248 4464 1296 4514 vu,
1327 4451 1379 4518 13).
1401 4449 1475 4513 Quia
1494 4450 1615 4506 obscure
1644 4451 1761 4508 omnino
1786 4467 1853 4508 ven·

1003 4545 1088 4593 turns
1121 4537 1332 4607 praedicabatur
1372 4537 1401 4592 in
1446 4537 1617 4607 propheticis
1658 4537 1853 4597 locutionibus

1003 4625 1087 4696 quasi
1102 4625 1188 4681 homo
1204 4639 1314 4696 purus;
1332 4625 1376 4681 vel
1394 4626 1478 4697 quasi
1504 4623 1579 4682 itlius
1592 4627 1728 4694 hominis,
1745 4628 1799 4684 ltoc
1811 4637 1851 4685 est

1001 4728 1102 4770 revera
1132 4712 1210 4769 filius
1239 4713 1381 4784 hominis3
1404 4713 1483 4785 quoti
1509 4730 1566 4770 non
1592 4724 1634 4770 εει
1664 4716 1745 4773 aliud
1762 4731 1850 4787 quarn

1002 4801 1139 4874 Virginis.
1174 4803 1209 4859 Ut
1242 4809 1284 4858 est
1321 4802 1411 4858 illud:
1440 4805 1526 4868 Quasi
1557 4805 1695 4871 linipcniti
1726 4822 1744 4860 a
1771 4807 1852 4861 Patre

1002 4888 1093 4958 (ioan.
1122 4904 1138 4954 ι,
1179 4889 1232 4958 tt).
1273 4889 1438 4961 Sequitur:
1472 4892 1593 4946 Potestas
1633 4892 1693 4960 ejas
1732 4898 1852 4961 potestas

1000 4983 1111 5045 aterna,
1129 4994 1188 5047 paae
1201 4993 1254 5032 nott
1266 4981 1415 5047 auferetur,
1432 4984 1458 5034 et
1472 4995 1585 5048 reanum
1612 4981 1682 5050 ejus,
1706 4981 1781 5052 qaod
1800 4997 1852 5038 aton

1001 5072 1187 5136 eonampetar
1210 5069 1290 5135 (Dan.
1320 5081 1369 5134 vni,
1398 5069 1450 5136 ili).
1480 5067 1507 5123 st
1538 5067 1615 5124 itlius
1644 5069 1771 5126 hominis
1798 5079 1850 5140 est,

1000 5162 1028 5211 et
1047 5164 1170 5225 potestas
1192 5156 1256 5226 ejus
1278 5161 1402 5225 potestas
1431 5164 1549 5224 aterna,
1571 5157 1736 5227 immobilis,
1753 5158 1852 5216 incor-

1000 5242 1206 5314 ruptibilisque
1220 5251 1270 5310 est,
1290 5257 1358 5314 ergo
1385 5244 1460 5300 Deus
1481 5252 1509 5300 et
1533 5244 1620 5302 homo
1641 5253 1692 5303 εει.
1719 5246 1784 5318 Ipse
1809 5255 1851 5305 est

1000 5330 1085 5387 homo
1117 5331 1178 5388 sine
1215 5331 1357 5402 adJatorio
1386 5331 1460 5387 inter
1493 5340 1621 5389 mortuos
1653 5333 1728 5390 liber
1766 5337 1848 5407 (Psoi.

1001 5433 1128 5484 cxxxvii,
1145 5421 1180 5484 6).

1038 5504 1161 5570 duhest
1176 5505 1261 5562 etiam
1276 5506 1353 5576 apud
1368 5505 1448 5562 hunc
1473 5505 1567 5577 ipsum
1590 5507 1761 5578 prophetam
1777 5509 1849 5581 lapis
