3818 6008
78 225 130 281 696
521 220 553 275 V.
573 182 905 276 661666616666116
925 220 952 274 S.
974 219 1092 274 MARIAE
1110 218 1157 274 DE
1188 218 1381 276 noviuurtvo
1783 219 1832 274 696

78 353 192 428 quiri.»
210 351 446 421 Quodsivcrum
465 357 516 416 est,
541 348 731 420 quaerendum
752 349 831 419 apud
853 349 926 421 Age·
947 349 1101 406 66666116
1119 363 1153 406 66
1174 349 1338 406 eiieminata
1360 348 1526 429 reddiderit,
1550 364 1617 422 que
1639 348 1747 407 usibus
1766 350 1834 406 miii·
1863 404 1867 437 Ι

78 445 221 502 riaoeuses
235 449 277 498 est
300 440 464 507 monachos,
485 439 520 494 de
545 439 630 510 cujus
654 438 785 508 Baptiste
811 438 948 523 loannis,
983 437 1029 494 tie
1048 439 1108 509 1661
1136 454 1193 496 666
1214 439 1376 496 666666166
1400 439 1492 506 611116,
1522 438 1579 495 1166
1605 439 1642 496 ad
1671 438 1834 496 detrimenti

79 532 171 602 666116
183 530 352 603 glorientur,
373 542 505 598 cumpro
525 536 601 583 certo
626 528 784 584 habeamus
801 543 808 582 :
834 541 929 597 neque
984 527 1144 595 cumulum,
1161 527 1327 584 abscidatur
1340 528 1370 582 in
1381 526 1451 597 ipsis
1464 541 1590 599 propago
1606 526 1721 596 lutura,
1754 527 1835 598 cujus

79 620 151 677 duos
165 621 288 674 loannes
304 616 392 672 inisse
413 616 565 686 Baptistas,
586 629 680 686 neque
704 629 796 673 unum
821 615 927 685 ipsum,
983 613 1166 673 incrementis
1188 616 1296 687 sperari
1319 614 1447 672 valerent
1475 623 1576 672 contra
1598 616 1697 672 666166
1713 614 1833 672 auxilia.

79 708 158 779 quod
191 705 246 762 dici
273 705 353 762 nolas
389 712 441 773 est,
471 704 531 759 iteri
560 704 684 774 potuisse
717 703 871 774 bicipitem.
893 705 928 760 Et
982 703 1036 768 661
1051 718 1119 776 ergo
1137 705 1318 761 damnaverit
1334 704 1410 762 61166
1430 705 1556 776 6661616
1579 718 1714 776 querere
1735 704 1834 761 merito

78 795 304 852 considerandus
328 794 414 851 etiam
438 793 493 849 sub
522 793 576 847 bac
601 791 758 856 occasione,
785 792 929 862 plurimus
983 792 1097 863 cogitur
1110 793 1215 849 aliena.

79 883 206 956 quidem,
229 883 353 940 sednon
377 881 554 953 perniciosus
575 894 665 949 error,
692 881 741 952 qui
768 879 929 938 Gallicanas
1017 879 1071 936 Sed
1098 880 1304 937 attendendum
1331 881 1419 938 ctiam
1441 881 1520 952 quod
1541 881 1566 936 is
1593 880 1656 951 ipse
1680 880 1835 951 imperator

78 972 233 1045 precipue,
260 972 295 1028 de
324 978 489 1027 sanctorum
512 970 682 1040 corporibus
701 969 811 1026 obsedit
836 969 929 1025 Eccie
982 982 1040 1024 nou
1062 983 1099 1025 ev
1124 969 1251 1041 legitima
1275 984 1434 1041 purpuram
1457 969 1637 1026 successione
1661 970 1834 1039 susceperit;

78 1059 136 1118 sias
152 1059 224 1132 (at);
240 1059 300 1116 istis
327 1059 419 1127 iilum,
447 1058 501 1115 illis
516 1058 660 1123 eumdem,
683 1072 734 1113 seu
762 1064 927 1127 martyrem,
982 1057 1520 1129 666661666616616116666616111666
1537 1058 1675 1129 principe,
1693 1057 1757 1129 qui,
1783 1057 1834 1113 nisi

77 1161 129 1205 seu
158 1147 348 1203 confessorem
379 1161 408 1202 66
433 1146 538 1203 666616
561 1145 749 1216 iactantibus
775 1159 841 1200 cum
870 1145 929 1201 due
982 1145 1074 1213 iallor,
1100 1145 1220 1202 llicbael
1244 1147 1412 1214 vocabatur,
1444 1151 1518 1201 m
1552 1154 1635 1215 osset,
1667 1153 1697 1203 et
1720 1145 1834 1203 cuidam

78 1233 210 1292 locanou
228 1234 321 1291 valeat
337 1248 478 1305 occupare
494 1234 603 1305 integer
619 1248 705 1291 unus.
731 1234 810 1298 Quod
838 1240 928 1290 totum
984 1234 1106 1305 portioni
1127 1235 1258 1304 plurime
1287 1234 1507 1291 occidentalium
1539 1235 1665 1291 miiitum
1693 1242 1833 1305 preesset,

78 1324 269 1380 contentionis
286 1323 396 1379 malum
416 1323 483 1379 inde
506 1322 595 1379 sumit
610 1321 751 1393 originem
766 1322 843 1392 6666
866 1335 929 1378 san·
983 1337 1056 1393 quos
1074 1322 1289 1378 excellentiores
1307 1322 1383 1391 apud
1415 1320 1548 1378 Graecum
1570 1322 1788 1393 imperatorem,
1810 1329 1835 1377 61

46 1438 57 1451 .
79 1411 189 1467 611666
211 1411 419 1481 permittuntur
440 1410 545 1465 babere
565 1408 667 1464 debite
691 1415 718 1463 ct
740 1408 929 1464 immutabilis
983 1410 1019 1465 66
1035 1409 1099 1479 6166
1112 1408 1271 1465 6661661616
1292 1409 1384 1481 magis
1409 1410 1559 1481 contiguos
1579 1409 1713 1480 ingenita
1736 1424 1834 1466 eorum

78 1499 235 1570 sepulture
260 1499 394 1569 quietem.
420 1498 551 1568 11161666
575 1511 611 1553 66
631 1497 735 1567 6161616
750 1496 928 1553 descendisse
983 1497 1109 1567 probitas
1134 1497 1209 1566 iecit,
1225 1495 1395 1553 6611661666
1414 1498 1551 1568 666166116
1572 1498 1717 1554 militibus
1748 1498 1833 1555 auda-

78 1601 138 1643 1166
153 1587 267 1658 ambigo
283 1588 361 1657 6666
374 1601 475 1643 666616
497 1599 616 1656 corpora
644 1593 764 1657 argento
791 1585 927 1656 operiun-
983 1586 1037 1653 cia,
1061 1599 1151 1641 novas
1170 1599 1215 1640 res
1238 1593 1338 1641 contra
1359 1585 1454 1656 ipsurn
1480 1586 1638 1657 principem
1661 1585 1759 1642 moliri
1782 1600 1834 1642 ce·

79 1680 129 1730 tur
143 1682 171 1730 61
186 1674 333 1741 6666;666
352 1674 413 1745 1661
428 1674 553 1731 61166611
571 1681 599 1730 et
615 1673 737 1730 61611616
752 1674 831 1743 16661
855 1686 927 1728 ava·
948 1648 969 1702 Β
984 1673 1034 1744 611.
1060 1674 1115 1742 661
1147 1673 1463 1744 Constantinopolitano
1495 1682 1597 1731 centra
1633 1674 1832 1744 imperatorem

80 1760 152 1817 ritie
170 1761 302 1824 militant,
323 1770 351 1818 et
374 1763 481 1819 ossium
496 1762 680 1830 ostensiones,
697 1767 724 1819 et
746 1761 927 1829 ieretrorum,
983 1763 1098 1819 civitate
1118 1776 1248 1833 pervasa,
1269 1769 1386 1832 captum
1411 1762 1544 1818 eumdem
1570 1762 1736 1819 luminibus
1765 1760 1834 1818 iiiico

79 1849 116 1905 ad
142 1850 279 1919 pecunias
301 1852 496 1922 corrogandas
508 1850 750 1907 circumlationes.
774 1851 843 1915 666
867 1865 927 1906 om·
983 1851 1221 1920 ieraliterprivat,
1241 1858 1268 1907 et
1288 1850 1317 1906 in
1343 1850 1470 1920 quodam
1493 1849 1654 1920 municipio
1678 1859 1835 1907 66616166-

80 1938 129 1993 nia
157 1937 335 2004 desivissent,
359 1938 383 1993 si
411 1946 577 2006 661616,61
599 1938 688 2008 ipsius
710 1938 825 1994 Domini
850 1939 927 2006 lesu,
983 1940 1081 1997 6166116
1099 1941 1254 2010 1116661661,
1269 1939 1378 2009 611666
1395 1938 1506 2009 16166611
1531 1939 1618 1996 161166
1641 1953 1752 2009 expers
1764 1939 1835 2010 iuris

79 2024 145 2081 16111
169 2026 295 2095 66666116
330 2027 410 2083 66166
432 2026 569 2083 immobili
604 2027 809 2083 clauderentur
839 2040 927 2083 mem·
984 2037 1114 2099 usurpat.
1144 2028 1196 2097 661
1223 2029 1348 2084 Francos
1375 2028 1502 2098 quidem,
1532 2041 1567 2084 66
1587 2041 1679 2098 66616
1708 2027 1834 2084 diximus

21 2105 27 2122 ‘
78 2112 132 2170 bra
170 2113 311 2183 sepulcro.
348 2113 402 2170 Sed
431 2113 476 2171 bis
508 2115 620 2171 omissis
648 2115 797 2185 sequeutia
838 2115 929 2171 attiu-
984 2120 1149 2175 necessitate
1190 2117 1364 2186 compulsus,
1413 2116 1544 2186 expetiit3
1582 2116 1632 2172 666
1683 2125 1834 2188 postquam

80 2215 193 2273 gamus.
984 2215 1070 2263 tante
1100 2206 1248 2278 dignitatis
1277 2219 1408 2276 proceres
1430 2205 1597 2261 convenisse
1621 2204 1695 2261 adeo
1725 2205 1834 2262 iustru-

117 2291 209 2357 anm
240 2307 377 2363 perversa
403 2292 588 2364 imperatoris
608 2308 698 2349 mens.
726 2323 761 2334 -
789 2293 929 2349 Preterea
984 2302 1043 2351 ctos
1067 2294 1205 2350 modestia
1233 2297 1261 2349 61
1284 2294 1382 2360 armis,
1405 2292 1517 2364 equites
1544 2292 1625 2360 vidit,
1653 2292 1833 2349 multitudini

79 2381 233 2452 661161161,
253 2382 305 2439 «61
319 2382 460 2439 66616611
473 2381 608 2439 cohibitio
622 2381 701 2448 mali,
721 2381 745 2436 si
769 2395 827 2436 nou
853 2395 928 2450 pre·
985 2384 1119 2451 multum,
1133 2383 1181 2439 scd
1200 2383 1291 2438 166116
1312 2381 1437 2451 66161166
1457 2382 1617 2452 prudentie
1640 2395 1746 2438 eorum
1769 2382 1834 2438 invi-

78 2471 203 2528 tatorum
237 2480 403 2528 sanctorum
432 2471 468 2526 ati
508 2472 563 2527 hoc
590 2471 686 2542 ipsum
710 2484 757 2527 666
789 2468 929 2527 animaret
984 2473 1035 2528 611.
1057 2472 1106 2528 661
1131 2471 1180 2527 661
1198 2472 1234 2527 66
1260 2469 1392 2526 ellectum
1418 2484 1518 2527 eorum
1545 2470 1676 2541 pervenit
1703 2470 1832 2538 intentio,

78 2573 170 2625 amor,
190 2560 290 2617 saitem
316 2561 381 2616 auri
403 2560 584 2631 argentique,
610 2574 734 2630 quorum
759 2560 929 2615 innumera·
984 2561 1075 2618 crevit
1088 2561 1176 2630 116166
1189 2567 1290 2614 666166
1313 2567 1476 2615 6661666616
1492 2558 1649 2614 6116661661
1667 2558 1834 2617 invidentia

78 2646 150 2703 biles
171 2647 229 2703 illic
252 2647 396 2704 habentur
425 2647 524 2717 copie,
545 2648 686 2717 cupiditas
709 2646 863 2703 illiceret.»
886 2647 929 2700 ln·
984 2648 1163 2718 magnitudo,
1191 2647 1261 2702 durn
1290 2654 1353 2717 post
1384 2647 1650 2717 ierosolymitanam
1683 2647 1834 2704 victoriam

78 2734 132 2791 lert
146 2735 271 2805 denique
285 2742 313 2791 et
327 2735 465 2806 quiddam
493 2735 634 2791 bonorum
651 2735 778 2791 virorum
804 2734 927 2806 irugali-
983 2744 1110 2803 veretur,
1133 2750 1168 2791 ne
1190 2735 1317 2791 victricia
1339 2736 1367 2790 in
1387 2750 1416 2790 se
1437 2748 1519 2790 arma
1543 2742 1742 2806 retorqueant,
1767 2750 1834 2807 prae

78 2822 130 2878 tati
157 2823 361 2892 incompetens,
387 2830 417 2878 ut
442 2822 582 2890 videlicet,
609 2844 619 2871 ι
646 2832 749 2893 preter
772 2823 833 2878 baec
860 2822 928 2880 uni·
983 2825 1080 2880 sertim
1095 2839 1160 2880 cum
1176 2837 1209 2881 66
1225 2826 1362 2894 potiorem
1373 2824 1427 2879 sibi
1438 2824 1587 2892 emulum,
1606 2825 1682 2880 inter
1700 2826 1835 2883 nationes

78 2924 163 2966 versa
189 2911 451 2981 pulcherrimarum
480 2910 652 2967 leminarum
689 2911 835 2982 voluptate
872 2919 929 2967 tra·
983 2927 1170 2985 nequaquam
1189 2926 1250 2969 esse
1272 2913 1441 2968 didicerant.
1468 2912 1608 2968 Auditum
1627 2920 1727 2970 tamen
1753 2916 1835 2972 uobis

78 2997 197 3067 bantur,
212 3020 226 3049 »
243 3001 325 3069 quasi
344 3000 510 3056 Graecarum
537 2999 691 3057 mulierum
719 3000 826 3069 specics
851 3007 930 3056 tauta
949 2993 1291 3072 06666161661666166
1313 3001 1367 3057 viae
1386 3009 1563 3071 compertum
1586 3001 1757 3072 primordia,
1774 3018 1833 3061 ma-

78 3095 160 3156 esset,
177 3095 209 3144 61
220 3088 335 3145 Gallicis
352 3089 435 3145 modo
456 3089 583 3160 quolibet
606 3090 817 3158 praeferrentur,
852 3089 930 3146 sola·
984 3090 1146 3146 1161116666
1161 3089 1483 3161 babuissesortilegam;
1505 3089 1640 3160 quaesibi
1660 3105 1739 3162 sepe
1761 3106 1832 3162 pre

79 3190 136 3246 666
155 3189 257 3232 6616111
272 3191 361 3232 66666
377 3178 553 3233 Francorum
567 3177 710 3233 exercitus
726 3177 755 3231 in
777 3178 927 3234 Thraciam
983 3179 1098 3246 6166661,
1122 3179 1192 3249 6616
1214 3192 1250 3234 611
1268 3178 1386 3234 Francis
1413 3178 1553 3249 originem
1577 3178 1706 3244 duceret,
1734 3182 1785 3252 qui
1808 3182 1834 3239 61

78 3272 223 3335 ageretur.
239 3266 314 3321 Dum
330 3267 391 3322 bec
406 3265 620 3322 sordidissimus
642 3266 688 3322 ille
708 3274 850 3336 tyrannus
867 3266 928 3323 edi·
982 3268 1135 3337 imperium
1155 3268 1302 3338 vitamque
1318 3266 1465 3323 adimeret.
1491 3266 1582 3339 Cujus
1604 3268 1760 3326 oraculum
1780 3270 1834 3341 ipsi

34 3380 40 3388 ·
78 3360 165 3420 ceret,
187 3353 350 3411 meminisse
375 3355 512 3411 debuerat
527 3355 604 3424 6666
619 3355 654 3411 66
672 3355 726 3410 666
741 3355 844 3426 166661,
867 3355 928 3410 itanc
981 3355 1128 3413 eliectibus
1149 3356 1264 3426 expiere
1286 3355 1404 3411 iorsitan
1424 3356 1608 3412 Boemuudus
1623 3355 1750 3414 allectat.
1780 3357 1833 3426 661

78 3440 132 3496 6161
162 3443 281 3512 6616666
308 3443 465 3500 adversitas
491 3443 671 3513 potissimum
701 3443 847 3514 ingeneret
862 3443 926 3514 161,
981 3444 1330 3515 1661666161111111616111,
1360 3452 1391 3501 ut
1411 3457 1607 3514 sepenumero
1630 3460 1699 3501 eum
1733 3447 1833 3504 eodem

78 3528 245 3602 ingrueretl,
263 3531 332 3603 quia
354 3531 446 3588 evicto
470 3531 584 3599 celebri,
609 3532 643 3588 de
659 3531 791 3600 pluribus
814 3533 929 3588 uuiver—
980 3534 1137 3605 confligens
1164 3542 1274 3589 vertere
1302 3541 1383 3604 terga
1406 3532 1586 3603 compulerit,
1618 3541 1646 3589 et
1674 3534 1835 3604 plurimam

77 3633 174 3675 sorum
202 3619 326 3689 filiabus,
358 3632 446 3676 unam
475 3635 526 3691 per
552 3636 636 3677 omne
665 3621 816 3691 imperium
840 3635 927 3677 suum
981 3621 1193 3691 provinciarum
1219 3622 1282 3691 6166
1308 3629 1419 3690 6611661
1452 3635 1512 3676 sue
1540 3620 1641 3677 6111661
1676 3621 1832 3680 addixerit.

77 3708 210 3778 prostitui
221 3709 346 3779 juberet,
362 3717 389 3765 et
406 3709 473 3765 lisco
495 3709 611 3780 proprio
625 3709 739 3766 lucrum
765 3709 927 3766 foedissime
981 3709 1034 3777 661
1046 3724 1112 3765 curn
1128 3724 1219 3781 genus
1229 3724 1265 3765 ex
1288 3709 1498 3766 Northmaunia
1520 3710 1607 3767 ducat
1625 3725 1717 3781 quam
1741 3712 1835 3769 Fran·

76 3796 635 3866 66661661616161661.11666116661666,
652 3797 729 3869 6666
745 3798 779 3853 66
794 3798 928 3869 61661666
980 3799 1031 3855 cie
1049 3806 1158 3868 partein
1177 3812 1237 3854 esse
1256 3805 1376 3866 constat,
1392 3798 1428 3854 nb
1452 3799 1505 3855 666
1519 3798 1564 3854 161
1585 3798 1715 3856 61661166
1740 3800 1835 3857 Frau-

77 3883 153 3952 filiis,
169 3900 261 3941 66661
277 3886 473 3953 66666616611,
499 3887 566 3942 6616
587 3886 720 3956 praecepti
745 3887 924 3956 auctoritate,
980 3901 1032 3943 cus
1043 3886 1207 3957 habebitur,
1228 3887 1297 3958 quia
1309 3888 1386 3959 regis
1409 3888 1587 3944 Francorum
1603 3887 1672 3944 filie
1695 3891 1835 3963 conjugio

77 3973 266 4037 mandaverit,
289 3982 317 4031 61
345 3988 464 4044 corpora
491 3975 615 4032 marium
647 3974 788 4045 ademptis
814 3975 926 4032 viribus
978 3974 1038 4045 16111
1054 3975 1171 4046 6611166.

688 4231 856 4319 LIBER
889 4231 1205 4325 SECUNDUS.

358 4544 474 4603 CAPUT
493 4547 641 4604 PRIMUM,
943 4511 1074 4581 Dostie,
1087 4512 1217 4585 Gregorii
1231 4512 1342 4584 septimi
1358 4527 1440 4585 pape
1461 4515 1557 4586 jussu,
1583 4515 1749 4575 destinatur
1771 4518 1828 4588 epi-

977 4616 1096 4673 scopus;
1122 4604 1159 4659 66
1190 4610 1354 4659 6616661661
1388 4603 1550 4674 apostolice
1583 4604 1645 4662 sotii
1671 4605 1830 4676 praeficitur

109 4685 154 4756 [1.]
168 4684 281 4743 Urbani
292 4687 535 4759 pnpaeprecoaia.
552 4690 623 4744 Pori
631 4690 751 4744 moriem
760 4689 858 4744 616116
868 4689 924 4745 nti·
977 4691 1105 4760 pontiiex
1116 4705 1255 4747 summus.
1272 4691 1362 4762 Cujus
1375 4700 1485 4762 quanta
1495 4692 1723 4763 magnanimitas
1741 4693 1829 4751 exsti·

72 4774 191 4829 reculis.
206 4775 389 4833 —Urbanus
404 4791 486 4847 papa,
505 4785 572 4834 ante
594 4786 732 4847 papatum
756 4780 815 4836 Ode
839 4794 922 4836 voca·
976 4779 1020 4847 tit,
1037 4780 1126 4850 66166
1137 4779 1318 4850 666166116616
1333 4780 1476 4837 incentivo
1495 4781 1631 4849 innotuit,
1649 4783 1730 4853 6666
1759 4783 1828 4840 6661

73 4861 168 4930 66166,
184 4876 220 4919 ex
232 4862 349 4920 Francis
364 4865 441 4921 claro
466 4866 594 4937 germine
611 4867 763 4936 oriundus,
785 4883 821 4925 66
843 4869 923 4925 16661-
976 4869 1088 4938 prirnus
1101 4869 1161 4939 ipse
1181 4869 1312 4938 prebuit,
1337 4883 1464 4940 quouarn
1485 4878 1568 4940 pacto
1587 4870 1615 4925 id
1641 4871 1730 4933 lieret,
1754 4880 1829 4929 totus

73 4950 145 5008 torio
164 4960 192 5008 et
206 4953 281 5008 clero
303 4954 444 5023 1161116661,
466 4963 495 5012 et
508 4956 645 5023 existens,
673 4965 704 5012 61
734 4957 840 5023 161661,
866 4960 920 5015 6161
976 4957 1104 5013 mundus
1129 4957 1286 5027 obstupuit.
1322 4963 1478 5014 6116616161
1509 4959 1597 5015 616161
1621 4960 1729 5016 mentis
1763 4959 1829 5016 linis

71 5035 223 5107 falluntur,
236 5052 311 5111 papa
325 5041 481 5110 primusex
498 5043 623 5099 Francis.
641 5044 668 5100 ls
683 5044 812 5101 cluniaci
829 5046 921 5102 iactus
973 5047 1036 5117 6166
1061 5047 1213 5115 splendens
1237 5046 1394 5103 miraculis.
1425 5047 1565 5104 Deiuncto
1589 5048 1697 5104 etenim
1734 5061 1769 5105 ac
1788 5063 1829 5106 se

71 5126 221 5185 excierico
232 5130 400 5198 monachus,
422 5139 485 5202 post
499 5132 632 5188 abbatem
655 5132 786 5204 gloriosae
808 5148 919 5192 memo-
974 5135 1054 5205 pulto
1069 5149 1111 5201 eo,
1123 5136 1198 5192 siout
1211 5137 1367 5192 succedens
1379 5136 1405 5192 61
1419 5134 1557 5193 0611611616
1575 5135 1690 5206 scripsit
1720 5139 1828 5209 661666

72 5211 122 5268 rie
135 5214 187 5285 qui
202 5215 316 5285 adjuvit
328 5217 477 5289 liugouem
493 5233 551 5276 unu
566 5220 657 5276 multo
674 5228 737 5290 post
755 5221 831 5278 rexit
854 5221 919 5277 oili·
973 5237 1037 5293 pus,
1051 5237 1117 5279 oum
1131 5222 1257 5293 plurima
1270 5224 1354 5294 sigua
1366 5225 1427 5295 1616
1451 5224 1560 5292 1166661,
1584 5225 1675 5281 astitit
1705 5227 1826 5298 quidam

71 5299 149 5357 cium
178 5303 332 5373 prioratus.
363 5307 433 5364 lude
462 5308 626 5378 proliciente
658 5311 768 5378 merito,
808 5311 918 5368 civitati
971 5311 1100 5381 sepulcro
1114 5312 1193 5369 illius
1199 5313 1326 5384 iuvenis,
1340 5320 1368 5370 et
1390 5315 1585 5371 membrorum
1607 5314 1750 5372 damnum
1771 5315 1825 5373 sibi

107 5423 164 5495 (31)
185 5424 327 5483 1166116166
341 5428 376 5483 66
403 5428 447 5485 1116
473 5429 501 5486 16
530 5438 655 5489 16661616
683 5433 723 5488 116
738 5432 908 5505 pignoribus
922 5441 1098 5502 sanctorum,
1118 5433 1198 5491 1161.
