<?xml version="1.0" encoding="UTF-8"?>
<!DOCTYPE html PUBLIC "-//W3C//DTD XHTML 1.0 Transitional//EN"
    "http://www.w3.org/TR/xhtml1/DTD/xhtml1-transitional.dtd">
<html xmlns="http://www.w3.org/1999/xhtml" xml:lang="en" lang="en">
 <head>
  <title>
</title>
<meta http-equiv="Content-Type" content="text/html;charset=utf-8" />
  <meta name='ocr-system' content='tesseract 3.04.00' />
  <meta name='ocr-capabilities' content='ocr_page ocr_carea ocr_par ocr_line ocrx_word'/>
</head>
<body>
  <div class='ocr_page' id='page_1' title='image "./patrologiaecurs05unkngoog_0101.png"; bbox 0 0 3818 6008; ppageno 0'>
   <div class='ocr_carea' id='block_1_1' title="bbox 77 235 1833 294">
    <p class='ocr_par' dir='ltr' id='par_1_1' title="bbox 77 235 1833 294">
     <span class='ocr_line' id='line_1_1' title="bbox 77 235 1833 294; baseline -0.001 -4"><span class='ocrx_word' id='word_1_1' title='bbox 77 235 123 290; x_wconf 88' lang='grc'>191</span> <span class='ocrx_word' id='word_1_2' title='bbox 159 282 162 287; x_wconf 69' lang='grc'><strong>,</strong></span> <span class='ocrx_word' id='word_1_3' title='bbox 527 237 556 291; x_wconf 90' lang='lat' dir='ltr'>V.</span> <span class='ocrx_word' id='word_1_4' title='bbox 578 235 957 294; x_wconf 77' lang='grc'><strong>661661111111611166.</strong></span> <span class='ocrx_word' id='word_1_5' title='bbox 981 239 1101 294; x_wconf 78' lang='lat' dir='ltr'>MARlAE</span> <span class='ocrx_word' id='word_1_6' title='bbox 1122 239 1166 294; x_wconf 82' lang='lat' dir='ltr'>DE</span> <span class='ocrx_word' id='word_1_7' title='bbox 1185 236 1379 293; x_wconf 76' lang='lat' dir='ltr'>bellonime</span> <span class='ocrx_word' id='word_1_8' title='bbox 1783 237 1833 290; x_wconf 79' lang='grc'>191</span> 
     </span>
    </p>
   </div>
   <div class='ocr_carea' id='block_1_2' title="bbox 75 363 1837 3007">
    <p class='ocr_par' dir='ltr' id='par_1_2' title="bbox 81 363 1834 615">
     <span class='ocr_line' id='line_1_2' title="bbox 81 363 1834 438; baseline -0.002 -16"><span class='ocrx_word' id='word_1_9' title='bbox 81 366 178 423; x_wconf 82' lang='lat' dir='ltr'>dirimi</span> <span class='ocrx_word' id='word_1_10' title='bbox 202 367 338 437; x_wconf 89' lang='lat' dir='ltr'>patimur.</span> <span class='ocrx_word' id='word_1_11' title='bbox 362 370 417 434; x_wconf 84' lang='lat' dir='ltr'>lbi,</span> <span class='ocrx_word' id='word_1_12' title='bbox 439 367 611 436; x_wconf 86' lang='grc'><strong>6616166616</strong></span> <span class='ocrx_word' id='word_1_13' title='bbox 630 368 753 424; x_wconf 86' lang='lat' dir='ltr'>verbum</span> <span class='ocrx_word' id='word_1_14' title='bbox 772 374 823 435; x_wconf 91' lang='lat' dir='ltr'>est,</span> <span class='ocrx_word' id='word_1_15' title='bbox 845 363 1048 423; x_wconf 81' lang='lat' dir='ltr'>bonaeAbaec</span> <span class='ocrx_word' id='word_1_16' title='bbox 1071 367 1132 438; x_wconf 89' lang='lat' dir='ltr'>ipsa</span> <span class='ocrx_word' id='word_1_17' title='bbox 1152 367 1223 422; x_wconf 86' lang='lat' dir='ltr'>vitia</span> <span class='ocrx_word' id='word_1_18' title='bbox 1243 375 1271 421; x_wconf 88' lang='lat' dir='ltr'>et</span> <span class='ocrx_word' id='word_1_19' title='bbox 1295 366 1323 420; x_wconf 91' lang='lat' dir='ltr'>iu</span> <span class='ocrx_word' id='word_1_20' title='bbox 1355 365 1713 435; x_wconf 77' lang='grc'><strong>66616116611166666116,</strong></span> <span class='ocrx_word' id='word_1_21' title='bbox 1743 372 1834 433; x_wconf 78' lang='lat' dir='ltr'>portae</span> 
     </span>
     <span class='ocr_line' id='line_1_3' title="bbox 83 454 1832 527; baseline 0 -17"><span class='ocrx_word' id='word_1_22' title='bbox 83 455 241 512; x_wconf 89' lang='lat' dir='ltr'>veluntatis</span> <span class='ocrx_word' id='word_1_23' title='bbox 255 463 362 512; x_wconf 90' lang='lat' dir='ltr'>statum</span> <span class='ocrx_word' id='word_1_24' title='bbox 377 454 529 527; x_wconf 80' lang='lat' dir='ltr'>significat,</span> <span class='ocrx_word' id='word_1_25' title='bbox 548 457 610 512; x_wconf 90' lang='lat' dir='ltr'>sine</span> <span class='ocrx_word' id='word_1_26' title='bbox 632 471 692 527; x_wconf 90' lang='grc'>666</span> <span class='ocrx_word' id='word_1_27' title='bbox 707 457 751 512; x_wconf 90' lang='lat' dir='ltr'>bis</span> <span class='ocrx_word' id='word_1_28' title='bbox 765 456 929 512; x_wconf 80' lang='lat' dir='ltr'>cohabitare</span> <span class='ocrx_word' id='word_1_29' title='bbox 983 457 1082 512; x_wconf 92' lang='lat' dir='ltr'>mortis</span> <span class='ocrx_word' id='word_1_30' title='bbox 1101 456 1184 527; x_wconf 88' lang='lat' dir='ltr'>(Psoi.</span> <span class='ocrx_word' id='word_1_31' title='bbox 1205 471 1260 523; x_wconf 86' lang='lat' dir='ltr'>cvi,</span> <span class='ocrx_word' id='word_1_32' title='bbox 1284 454 1327 524; x_wconf 84' lang='grc'>18)</span> <span class='ocrx_word' id='word_1_33' title='bbox 1346 462 1373 511; x_wconf 90' lang='grc'>61</span> <span class='ocrx_word' id='word_1_34' title='bbox 1393 462 1481 524; x_wconf 82' lang='lat' dir='ltr'>portae</span> <span class='ocrx_word' id='word_1_35' title='bbox 1501 463 1642 510; x_wconf 87' lang='lat' dir='ltr'>vocantur</span> <span class='ocrx_word' id='word_1_36' title='bbox 1672 456 1832 511; x_wconf 86' lang='lat' dir='ltr'>interorum</span> 
     </span>
     <span class='ocr_line' id='line_1_4' title="bbox 82 543 1240 615; baseline -0.002 -16"><span class='ocrx_word' id='word_1_37' title='bbox 82 544 148 614; x_wconf 89' lang='grc'><strong>6616</strong></span> <span class='ocrx_word' id='word_1_38' title='bbox 162 552 297 615; x_wconf 79' lang='lat' dir='ltr'>nequeat.</span> <span class='ocrx_word' id='word_1_39' title='bbox 984 545 1092 612; x_wconf 83' lang='lat' dir='ltr'>(liettb.</span> <span class='ocrx_word' id='word_1_40' title='bbox 1113 551 1168 611; x_wconf 78' lang='lat' dir='ltr'>xvi,</span> <span class='ocrx_word' id='word_1_41' title='bbox 1187 543 1240 613; x_wconf 86' lang='grc'><strong>18).</strong></span> 
     </span>
    </p>

    <p class='ocr_par' dir='ltr' id='par_1_3' title="bbox 75 632 1837 2741">
     <span class='ocr_line' id='line_1_5' title="bbox 119 632 1832 703; baseline -0.001 -14"><span class='ocrx_word' id='word_1_42' title='bbox 119 634 205 690; x_wconf 77' lang='lat' dir='ltr'>Vens.</span> <span class='ocrx_word' id='word_1_43' title='bbox 227 637 270 700; x_wconf 82' lang='lat'>55,</span> <span class='ocrx_word' id='word_1_44' title='bbox 294 636 336 687; x_wconf 78' lang='grc'>16.</span> <span class='ocrx_word' id='word_1_45' title='bbox 356 661 391 674; x_wconf 98' lang='grc'><strong>-</strong></span> <span class='ocrx_word' id='word_1_46' title='bbox 410 635 529 702; x_wconf 77' lang='lat' dir='ltr'>surgens</span> <span class='ocrx_word' id='word_1_47' title='bbox 555 640 644 689; x_wconf 82' lang='lat' dir='ltr'>autem</span> <span class='ocrx_word' id='word_1_48' title='bbox 667 651 745 689; x_wconf 89' lang='lat' dir='ltr'>mane</span> <span class='ocrx_word' id='word_1_49' title='bbox 768 635 871 689; x_wconf 86' lang='lat' dir='ltr'>locutus</span> <span class='ocrx_word' id='word_1_50' title='bbox 890 639 928 689; x_wconf 89' lang='lat' dir='ltr'>est</span> <span class='ocrx_word' id='word_1_51' title='bbox 1019 632 1164 697; x_wconf 76' lang='grc' dir='ltr'>Ι11116661.</span> <span class='ocrx_word' id='word_1_52' title='bbox 1185 663 1219 674; x_wconf 91' lang='lat'>-</span> <span class='ocrx_word' id='word_1_53' title='bbox 1238 635 1328 701; x_wconf 76' lang='grc'><strong>161166</strong></span> <span class='ocrx_word' id='word_1_54' title='bbox 1344 633 1467 700; x_wconf 79' lang='lat' dir='ltr'>Rebecca,</span> <span class='ocrx_word' id='word_1_55' title='bbox 1489 638 1513 686; x_wconf 90' lang='lat' dir='ltr'>et</span> <span class='ocrx_word' id='word_1_56' title='bbox 1528 633 1624 702; x_wconf 79' lang='grc'><strong>6661166</strong></span> <span class='ocrx_word' id='word_1_57' title='bbox 1638 633 1696 703; x_wconf 82' lang='lat' dir='ltr'>ejus</span> <span class='ocrx_word' id='word_1_58' title='bbox 1713 636 1832 687; x_wconf 82' lang='lat' dir='ltr'>escercsis</span> 
     </span>
     <span class='ocr_line' id='line_1_6' title="bbox 79 721 1833 792; baseline -0.001 -16"><span class='ocrx_word' id='word_1_59' title='bbox 79 737 177 792; x_wconf 85' lang='lat' dir='ltr'>puer:</span> <span class='ocrx_word' id='word_1_60' title='bbox 213 724 322 777; x_wconf 77' lang='lat' dir='ltr'>Dimitte</span> <span class='ocrx_word' id='word_1_61' title='bbox 345 739 395 789; x_wconf 90' lang='lat' dir='ltr'>me,</span> <span class='ocrx_word' id='word_1_62' title='bbox 421 728 451 776; x_wconf 89' lang='lat' dir='ltr'>at</span> <span class='ocrx_word' id='word_1_63' title='bbox 477 721 577 777; x_wconf 86' lang='lat' dir='ltr'>oedem</span> <span class='ocrx_word' id='word_1_64' title='bbox 600 722 637 775; x_wconf 92' lang='lat' dir='ltr'>ed</span> <span class='ocrx_word' id='word_1_65' title='bbox 665 723 803 777; x_wconf 85' lang='lat' dir='ltr'>deminum</span> <span class='ocrx_word' id='word_1_66' title='bbox 830 736 926 775; x_wconf 88' lang='lat' dir='ltr'>meum.</span> <span class='ocrx_word' id='word_1_67' title='bbox 983 723 1090 776; x_wconf 84' lang='lat' dir='ltr'>camelis</span> <span class='ocrx_word' id='word_1_68' title='bbox 1105 727 1201 776; x_wconf 79' lang='lat' dir='ltr'>secutae</span> <span class='ocrx_word' id='word_1_69' title='bbox 1219 727 1282 777; x_wconf 89' lang='lat' dir='ltr'>sent</span> <span class='ocrx_word' id='word_1_70' title='bbox 1305 724 1404 776; x_wconf 87' lang='lat' dir='ltr'>uirum.</span> <span class='ocrx_word' id='word_1_71' title='bbox 1431 723 1486 786; x_wconf 83' lang='lat' dir='ltr'>Qui</span> <span class='ocrx_word' id='word_1_72' title='bbox 1504 724 1621 788; x_wconf 79' lang='lat' dir='ltr'>festinus</span> <span class='ocrx_word' id='word_1_73' title='bbox 1642 722 1833 777; x_wconf 70' lang='lat' dir='ltr'>revertebatur</span> 
     </span>
     <span class='ocr_line' id='line_1_7' title="bbox 81 809 1832 881; baseline -0.001 -15"><span class='ocrx_word' id='word_1_74' title='bbox 81 811 286 880; x_wconf 77' lang='lat' dir='ltr'>Responderunt</span> <span class='ocrx_word' id='word_1_75' title='bbox 310 813 411 877; x_wconf 73' lang='lat' dir='ltr'>fratres</span> <span class='ocrx_word' id='word_1_76' title='bbox 427 810 495 881; x_wconf 87' lang='lat' dir='ltr'>ejus,</span> <span class='ocrx_word' id='word_1_77' title='bbox 523 816 548 866; x_wconf 89' lang='lat' dir='ltr'>et</span> <span class='ocrx_word' id='word_1_78' title='bbox 575 816 684 866; x_wconf 77' lang='grc'><strong>6161661</strong></span> <span class='ocrx_word' id='word_1_79' title='bbox 706 813 816 865; x_wconf 81' lang='lat' dir='ltr'>Maneat</span> <span class='ocrx_word' id='word_1_80' title='bbox 836 811 929 879; x_wconf 84' lang='lat' dir='ltr'>puella</span> <span class='ocrx_word' id='word_1_81' title='bbox 983 809 1020 864; x_wconf 91' lang='lat' dir='ltr'>ed</span> <span class='ocrx_word' id='word_1_82' title='bbox 1041 810 1180 865; x_wconf 88' lang='lat' dir='ltr'>deminum</span> <span class='ocrx_word' id='word_1_83' title='bbox 1203 825 1291 864; x_wconf 90' lang='lat' dir='ltr'>suum.</span> <span class='ocrx_word' id='word_1_84' title='bbox 1316 811 1436 864; x_wconf 79' lang='lat' dir='ltr'>Rebecca</span> <span class='ocrx_word' id='word_1_85' title='bbox 1463 810 1573 880; x_wconf 90' lang='lat' dir='ltr'>puellas</span> <span class='ocrx_word' id='word_1_86' title='bbox 1599 811 1684 867; x_wconf 88' lang='lat' dir='ltr'>babet</span> <span class='ocrx_word' id='word_1_87' title='bbox 1702 811 1832 875; x_wconf 85' lang='lat' dir='ltr'>comites,</span> 
     </span>
     <span class='ocr_line' id='line_1_8' title="bbox 81 899 1834 970; baseline 0 -17"><span class='ocrx_word' id='word_1_88' title='bbox 81 899 176 953; x_wconf 89' lang='lat' dir='ltr'>saltem</span> <span class='ocrx_word' id='word_1_89' title='bbox 194 899 282 954; x_wconf 81' lang='lat' dir='ltr'>decem</span> <span class='ocrx_word' id='word_1_90' title='bbox 301 899 398 955; x_wconf 78' lang='lat' dir='ltr'>diebus</span> <span class='ocrx_word' id='word_1_91' title='bbox 419 899 926 970; x_wconf 73' lang='grc'><strong>6666116661666166666661666166.</strong></span> <span class='ocrx_word' id='word_1_92' title='bbox 983 899 1050 969; x_wconf 89' lang='grc'><strong>6616</strong></span> <span class='ocrx_word' id='word_1_93' title='bbox 1072 899 1215 969; x_wconf 83' lang='lat' dir='ltr'>patientiae</span> <span class='ocrx_word' id='word_1_94' title='bbox 1232 914 1283 955; x_wconf 90' lang='lat' dir='ltr'>noc</span> <span class='ocrx_word' id='word_1_95' title='bbox 1306 899 1424 955; x_wconf 89' lang='lat' dir='ltr'>humilis</span> <span class='ocrx_word' id='word_1_96' title='bbox 1443 899 1626 967; x_wconf 86' lang='lat' dir='ltr'>verecundia,</span> <span class='ocrx_word' id='word_1_97' title='bbox 1649 914 1743 969; x_wconf 88' lang='grc'><strong>66666</strong></span> <span class='ocrx_word' id='word_1_98' title='bbox 1764 899 1834 954; x_wconf 90' lang='lat' dir='ltr'>sirn-</span> 
     </span>
     <span class='ocr_line' id='line_1_9' title="bbox 80 986 1837 1058; baseline -0.001 -14"><span class='ocrx_word' id='word_1_99' title='bbox 80 989 175 1055; x_wconf 86' lang='lat' dir='ltr'>Netite,</span> <span class='ocrx_word' id='word_1_100' title='bbox 196 991 247 1056; x_wconf 85' lang='lat' dir='ltr'>ait,</span> <span class='ocrx_word' id='word_1_101' title='bbox 272 1004 313 1042; x_wconf 85' lang='lat' dir='ltr'>me</span> <span class='ocrx_word' id='word_1_102' title='bbox 334 991 458 1054; x_wconf 83' lang='lat' dir='ltr'>retinere,</span> <span class='ocrx_word' id='word_1_103' title='bbox 487 989 552 1058; x_wconf 82' lang='lat' dir='ltr'>quie</span> <span class='ocrx_word' id='word_1_104' title='bbox 572 987 676 1041; x_wconf 77' lang='lat' dir='ltr'>diremit</span> <span class='ocrx_word' id='word_1_105' title='bbox 703 986 828 1040; x_wconf 87' lang='lat' dir='ltr'>deminus</span> <span class='ocrx_word' id='word_1_106' title='bbox 854 988 929 1039; x_wconf 88' lang='lat' dir='ltr'>eiam</span> <span class='ocrx_word' id='word_1_107' title='bbox 981 987 1063 1057; x_wconf 86' lang='lat' dir='ltr'>plicis</span> <span class='ocrx_word' id='word_1_108' title='bbox 1087 989 1283 1058; x_wconf 77' lang='lat' dir='ltr'>temperantiae</span> <span class='ocrx_word' id='word_1_109' title='bbox 1318 989 1422 1043; x_wconf 89' lang='lat' dir='ltr'>desunt</span> <span class='ocrx_word' id='word_1_110' title='bbox 1446 989 1642 1058; x_wconf 86' lang='lat' dir='ltr'>cogitationes.</span> <span class='ocrx_word' id='word_1_111' title='bbox 1669 989 1837 1044; x_wconf 80' lang='lat' dir='ltr'>ascendunt</span> 
     </span>
     <span class='ocr_line' id='line_1_10' title="bbox 80 1074 1833 1147; baseline 0.001 -18"><span class='ocrx_word' id='word_1_112' title='bbox 80 1091 176 1130; x_wconf 89' lang='lat' dir='ltr'>meam.</span> <span class='ocrx_word' id='word_1_113' title='bbox 200 1077 269 1130; x_wconf 84' lang='lat' dir='ltr'>Puer</span> <span class='ocrx_word' id='word_1_114' title='bbox 295 1092 373 1131; x_wconf 89' lang='lat' dir='ltr'>mene</span> <span class='ocrx_word' id='word_1_115' title='bbox 396 1077 500 1147; x_wconf 81' lang='lat' dir='ltr'>surgit,</span> <span class='ocrx_word' id='word_1_116' title='bbox 526 1089 592 1131; x_wconf 91' lang='lat' dir='ltr'>cum</span> <span class='ocrx_word' id='word_1_117' title='bbox 617 1074 712 1130; x_wconf 87' lang='lat' dir='ltr'>debita</span> <span class='ocrx_word' id='word_1_118' title='bbox 736 1074 888 1131; x_wconf 75' lang='lat' dir='ltr'>sedulitate</span> <span class='ocrx_word' id='word_1_119' title='bbox 911 1088 928 1130; x_wconf 91' lang='lat' dir='ltr'>a</span> <span class='ocrx_word' id='word_1_120' title='bbox 982 1077 1833 1147; x_wconf 72' lang='grc'><strong>66616166,6166666616661666,661666611166116611616</strong></span> 
     </span>
     <span class='ocr_line' id='line_1_11' title="bbox 80 1161 1835 1235; baseline 0 -15"><span class='ocrx_word' id='word_1_121' title='bbox 80 1164 185 1220; x_wconf 90' lang='lat' dir='ltr'>mentis</span> <span class='ocrx_word' id='word_1_122' title='bbox 201 1164 323 1220; x_wconf 87' lang='grc'><strong>16166116</strong></span> <span class='ocrx_word' id='word_1_123' title='bbox 339 1165 368 1220; x_wconf 92' lang='grc'>16</span> <span class='ocrx_word' id='word_1_124' title='bbox 389 1164 471 1220; x_wconf 85' lang='lat' dir='ltr'>virile</span> <span class='ocrx_word' id='word_1_125' title='bbox 493 1163 582 1219; x_wconf 90' lang='lat' dir='ltr'>robur</span> <span class='ocrx_word' id='word_1_126' title='bbox 599 1162 715 1218; x_wconf 86' lang='lat' dir='ltr'>virtutis</span> <span class='ocrx_word' id='word_1_127' title='bbox 734 1162 854 1218; x_wconf 79' lang='lat' dir='ltr'>abiectus</span> <span class='ocrx_word' id='word_1_128' title='bbox 873 1161 928 1217; x_wconf 91' lang='lat' dir='ltr'>eiti-</span> <span class='ocrx_word' id='word_1_129' title='bbox 981 1163 1124 1221; x_wconf 85' lang='lat' dir='ltr'>virtutum</span> <span class='ocrx_word' id='word_1_130' title='bbox 1149 1166 1256 1235; x_wconf 88' lang='lat' dir='ltr'>pariter</span> <span class='ocrx_word' id='word_1_131' title='bbox 1276 1164 1453 1232; x_wconf 88' lang='lat' dir='ltr'>innitantur,</span> <span class='ocrx_word' id='word_1_132' title='bbox 1476 1173 1504 1220; x_wconf 92' lang='lat' dir='ltr'>ot</span> <span class='ocrx_word' id='word_1_133' title='bbox 1529 1165 1687 1234; x_wconf 86' lang='lat' dir='ltr'>appetitum</span> <span class='ocrx_word' id='word_1_134' title='bbox 1712 1165 1835 1220; x_wconf 77' lang='lat' dir='ltr'>celestis</span> 
     </span>
     <span class='ocr_line' id='line_1_12' title="bbox 76 1250 1835 1324; baseline -0.001 -15"><span class='ocrx_word' id='word_1_135' title='bbox 76 1266 134 1309; x_wconf 76' lang='lat' dir='ltr'>can</span> <span class='ocrx_word' id='word_1_136' title='bbox 153 1268 183 1309; x_wconf 92' lang='lat' dir='ltr'>se</span> <span class='ocrx_word' id='word_1_137' title='bbox 205 1253 334 1323; x_wconf 88' lang='lat' dir='ltr'>proripit.</span> <span class='ocrx_word' id='word_1_138' title='bbox 355 1253 437 1309; x_wconf 88' lang='lat' dir='ltr'>blane</span> <span class='ocrx_word' id='word_1_139' title='bbox 457 1266 508 1323; x_wconf 91' lang='lat' dir='ltr'>pro</span> <span class='ocrx_word' id='word_1_140' title='bbox 528 1251 679 1307; x_wconf 85' lang='lat' dir='ltr'>sedulitate</span> <span class='ocrx_word' id='word_1_141' title='bbox 700 1250 768 1321; x_wconf 90' lang='lat' dir='ltr'>peni</span> <span class='ocrx_word' id='word_1_142' title='bbox 790 1252 867 1306; x_wconf 92' lang='lat' dir='ltr'>testis</span> <span class='ocrx_word' id='word_1_143' title='bbox 885 1258 928 1306; x_wconf 90' lang='lat' dir='ltr'>est</span> <span class='ocrx_word' id='word_1_144' title='bbox 982 1254 1049 1311; x_wconf 74' lang='lat' dir='ltr'>birni</span> <span class='ocrx_word' id='word_1_145' title='bbox 1069 1255 1153 1324; x_wconf 86' lang='grc'><strong>66661</strong></span> <span class='ocrx_word' id='word_1_146' title='bbox 1174 1256 1275 1310; x_wconf 91' lang='lat' dir='ltr'>ducem</span> <span class='ocrx_word' id='word_1_147' title='bbox 1295 1255 1461 1323; x_wconf 77' lang='lat' dir='ltr'>virumque,</span> <span class='ocrx_word' id='word_1_148' title='bbox 1483 1269 1542 1322; x_wconf 87' lang='grc'>666</span> <span class='ocrx_word' id='word_1_149' title='bbox 1558 1267 1669 1323; x_wconf 85' lang='lat' dir='ltr'>semper</span> <span class='ocrx_word' id='word_1_150' title='bbox 1683 1253 1835 1308; x_wconf 75' lang='lat' dir='ltr'>fecunden-</span> 
     </span>
     <span class='ocr_line' id='line_1_13' title="bbox 82 1340 1831 1413; baseline -0.001 -16"><span class='ocrx_word' id='word_1_151' title='bbox 82 1342 209 1413; x_wconf 88' lang='lat' dir='ltr'>psalmus</span> <span class='ocrx_word' id='word_1_152' title='bbox 235 1358 242 1396; x_wconf 79' lang='lat' dir='ltr'><strong><em>z</em></strong></span> <span class='ocrx_word' id='word_1_153' title='bbox 272 1345 352 1398; x_wconf 86' lang='grc'><strong>111666</strong></span> <span class='ocrx_word' id='word_1_154' title='bbox 381 1344 468 1397; x_wconf 88' lang='lat' dir='ltr'>oratio</span> <span class='ocrx_word' id='word_1_155' title='bbox 497 1357 557 1395; x_wconf 88' lang='lat' dir='ltr'>mcc</span> <span class='ocrx_word' id='word_1_156' title='bbox 588 1343 734 1410; x_wconf 76' lang='lat' dir='ltr'>praeveniet</span> <span class='ocrx_word' id='word_1_157' title='bbox 770 1345 794 1394; x_wconf 89' lang='lat' dir='ltr'>te</span> <span class='ocrx_word' id='word_1_158' title='bbox 838 1340 925 1409; x_wconf 87' lang='lat' dir='ltr'>(Psoi.</span> <span class='ocrx_word' id='word_1_159' title='bbox 982 1351 1040 1406; x_wconf 90' lang='lat' dir='ltr'>tur,</span> <span class='ocrx_word' id='word_1_160' title='bbox 1063 1351 1241 1413; x_wconf 82' lang='grc'><strong>6666116166.</strong></span> <span class='ocrx_word' id='word_1_161' title='bbox 1274 1343 1301 1398; x_wconf 91' lang='grc'>16</span> <span class='ocrx_word' id='word_1_162' title='bbox 1324 1342 1423 1397; x_wconf 87' lang='grc'><strong>1661166</strong></span> <span class='ocrx_word' id='word_1_163' title='bbox 1443 1343 1480 1395; x_wconf 86' lang='grc'>66</span> <span class='ocrx_word' id='word_1_164' title='bbox 1502 1342 1640 1396; x_wconf 91' lang='lat' dir='ltr'>deminum</span> <span class='ocrx_word' id='word_1_165' title='bbox 1659 1342 1831 1413; x_wconf 77' lang='lat' dir='ltr'>regreditur,</span> 
     </span>
     <span class='ocr_line' id='line_1_14' title="bbox 80 1428 1832 1502; baseline -0.002 -16"><span class='ocrx_word' id='word_1_166' title='bbox 80 1446 204 1498; x_wconf 81' lang='lat' dir='ltr'>cxnxcu,</span> <span class='ocrx_word' id='word_1_167' title='bbox 224 1432 276 1502; x_wconf 80' lang='lat' dir='ltr'>ti).</span> <span class='ocrx_word' id='word_1_168' title='bbox 295 1432 328 1486; x_wconf 83' lang='lat' dir='ltr'>Et</span> <span class='ocrx_word' id='word_1_169' title='bbox 343 1449 351 1484; x_wconf 89' lang='lat'>:</span> <span class='ocrx_word' id='word_1_170' title='bbox 368 1432 518 1499; x_wconf 77' lang='lat' dir='ltr'>castigatio</span> <span class='ocrx_word' id='word_1_171' title='bbox 537 1446 596 1483; x_wconf 82' lang='lat' dir='ltr'>med</span> <span class='ocrx_word' id='word_1_172' title='bbox 620 1432 648 1482; x_wconf 88' lang='lat' dir='ltr'>in</span> <span class='ocrx_word' id='word_1_173' title='bbox 672 1431 816 1483; x_wconf 80' lang='lat' dir='ltr'>matutinis</span> <span class='ocrx_word' id='word_1_174' title='bbox 836 1429 925 1497; x_wconf 82' lang='lat' dir='ltr'>(Psal.</span> <span class='ocrx_word' id='word_1_175' title='bbox 983 1431 1107 1502; x_wconf 79' lang='grc'><strong>661666</strong></span> <span class='ocrx_word' id='word_1_176' title='bbox 1127 1429 1375 1496; x_wconf 83' lang='grc'><strong>66166661616116,</strong></span> <span class='ocrx_word' id='word_1_177' title='bbox 1395 1442 1429 1483; x_wconf 90' lang='lat' dir='ltr'>ac</span> <span class='ocrx_word' id='word_1_178' title='bbox 1450 1428 1474 1484; x_wconf 89' lang='lat' dir='ltr'>si</span> <span class='ocrx_word' id='word_1_179' title='bbox 1497 1428 1571 1499; x_wconf 89' lang='lat' dir='ltr'>iguis</span> <span class='ocrx_word' id='word_1_180' title='bbox 1590 1428 1625 1483; x_wconf 86' lang='lat' dir='ltr'>ad</span> <span class='ocrx_word' id='word_1_181' title='bbox 1645 1429 1767 1490; x_wconf 77' lang='lat' dir='ltr'>excelsa,</span> <span class='ocrx_word' id='word_1_182' title='bbox 1788 1428 1832 1495; x_wconf 81' lang='grc'>166</span> 
     </span>
     <span class='ocr_line' id='line_1_15' title="bbox 79 1517 1832 1589; baseline -0.002 -14"><span class='ocrx_word' id='word_1_183' title='bbox 79 1533 165 1586; x_wconf 81' lang='lat' dir='ltr'>cxxii,</span> <span class='ocrx_word' id='word_1_184' title='bbox 191 1520 242 1589; x_wconf 73' lang='lat' dir='ltr'>lbi.</span> <span class='ocrx_word' id='word_1_185' title='bbox 268 1521 411 1586; x_wconf 82' lang='lat' dir='ltr'>Dirnittite,</span> <span class='ocrx_word' id='word_1_186' title='bbox 434 1519 473 1574; x_wconf 92' lang='lat' dir='ltr'>ait</span> <span class='ocrx_word' id='word_1_187' title='bbox 497 1524 526 1572; x_wconf 89' lang='lat' dir='ltr'>nt</span> <span class='ocrx_word' id='word_1_188' title='bbox 555 1518 655 1573; x_wconf 84' lang='lat' dir='ltr'>cadam</span> <span class='ocrx_word' id='word_1_189' title='bbox 677 1519 713 1572; x_wconf 90' lang='lat' dir='ltr'>ad</span> <span class='ocrx_word' id='word_1_190' title='bbox 729 1518 876 1584; x_wconf 87' lang='lat' dir='ltr'>deminum,</span> <span class='ocrx_word' id='word_1_191' title='bbox 899 1517 927 1571; x_wconf 88' lang='lat' dir='ltr'>id</span> <span class='ocrx_word' id='word_1_192' title='bbox 982 1534 1048 1576; x_wconf 84' lang='lat' dir='ltr'>euin</span> <span class='ocrx_word' id='word_1_193' title='bbox 1072 1533 1088 1574; x_wconf 90' lang='lat' dir='ltr'>a</span> <span class='ocrx_word' id='word_1_194' title='bbox 1110 1534 1167 1589; x_wconf 88' lang='grc'>666</span> <span class='ocrx_word' id='word_1_195' title='bbox 1187 1520 1275 1575; x_wconf 89' lang='lat' dir='ltr'>datur</span> <span class='ocrx_word' id='word_1_196' title='bbox 1302 1517 1456 1574; x_wconf 81' lang='lat' dir='ltr'>insatiabili</span> <span class='ocrx_word' id='word_1_197' title='bbox 1478 1517 1623 1587; x_wconf 87' lang='lat' dir='ltr'>appetitus</span> <span class='ocrx_word' id='word_1_198' title='bbox 1645 1530 1832 1589; x_wconf 76' lang='grc'><strong>616616666-</strong></span> 
     </span>
     <span class='ocr_line' id='line_1_16' title="bbox 78 1605 1103 1711; baseline 0 -49"><span class='ocrx_word' id='word_1_199' title='bbox 78 1614 121 1662; x_wconf 90' lang='grc'>661</span> <span class='ocrx_word' id='word_1_200' title='bbox 149 1614 251 1663; x_wconf 85' lang='lat' dir='ltr'>vestrae</span> <span class='ocrx_word' id='word_1_201' title='bbox 275 1606 425 1663; x_wconf 78' lang='lat' dir='ltr'>infusionis</span> <span class='ocrx_word' id='word_1_202' title='bbox 447 1607 576 1663; x_wconf 88' lang='lat' dir='ltr'>ubertate</span> <span class='ocrx_word' id='word_1_203' title='bbox 600 1620 678 1661; x_wconf 86' lang='lat' dir='ltr'>meas</span> <span class='ocrx_word' id='word_1_204' title='bbox 698 1605 814 1661; x_wconf 89' lang='lat' dir='ltr'>dilatate</span> <span class='ocrx_word' id='word_1_205' title='bbox 839 1619 928 1676; x_wconf 85' lang='lat' dir='ltr'>angu-</span> <span class='ocrx_word' id='word_1_206' title='bbox 946 1607 1103 1711; x_wconf 82' lang='lat' dir='ltr'>Bveritur.</span> 
     </span>
     <span class='ocr_line' id='line_1_17' title="bbox 78 1692 1833 1765; baseline -0.003 -14"><span class='ocrx_word' id='word_1_207' title='bbox 78 1695 157 1763; x_wconf 88' lang='lat' dir='ltr'>stias,</span> <span class='ocrx_word' id='word_1_208' title='bbox 174 1704 206 1751; x_wconf 93' lang='lat' dir='ltr'>ut</span> <span class='ocrx_word' id='word_1_209' title='bbox 220 1695 401 1753; x_wconf 83' lang='lat' dir='ltr'>dominatrici</span> <span class='ocrx_word' id='word_1_210' title='bbox 415 1695 545 1752; x_wconf 90' lang='lat' dir='ltr'>omnium</span> <span class='ocrx_word' id='word_1_211' title='bbox 560 1695 665 1751; x_wconf 86' lang='lat' dir='ltr'>rationi</span> <span class='ocrx_word' id='word_1_212' title='bbox 684 1695 856 1765; x_wconf 81' lang='lat' dir='ltr'>mujungar.</span> <span class='ocrx_word' id='word_1_213' title='bbox 874 1693 926 1749; x_wconf 91' lang='lat' dir='ltr'>Sed</span> <span class='ocrx_word' id='word_1_214' title='bbox 1018 1696 1105 1752; x_wconf 82' lang='lat' dir='ltr'>Vens.</span> <span class='ocrx_word' id='word_1_215' title='bbox 1122 1698 1166 1762; x_wconf 77' lang='grc'>61,</span> <span class='ocrx_word' id='word_1_216' title='bbox 1187 1698 1220 1750; x_wconf 83' lang='grc'>63</span> <span class='ocrx_word' id='word_1_217' title='bbox 1249 1726 1283 1735; x_wconf 94' lang='grc'><strong>-</strong></span> <span class='ocrx_word' id='word_1_218' title='bbox 1300 1698 1338 1750; x_wconf 81' lang='lat' dir='ltr'>Re</span> <span class='ocrx_word' id='word_1_219' title='bbox 1355 1700 1472 1764; x_wconf 83' lang='lat' dir='ltr'>tempere</span> <span class='ocrx_word' id='word_1_220' title='bbox 1484 1696 1564 1750; x_wconf 85' lang='lat' dir='ltr'>isaac</span> <span class='ocrx_word' id='word_1_221' title='bbox 1577 1692 1768 1748; x_wconf 84' lang='lat' dir='ltr'>deambulabat</span> <span class='ocrx_word' id='word_1_222' title='bbox 1784 1708 1833 1760; x_wconf 81' lang='lat' dir='ltr'>per</span> 
     </span>
     <span class='ocr_line' id='line_1_18' title="bbox 78 1781 1832 1854; baseline -0.004 -14"><span class='ocrx_word' id='word_1_223' title='bbox 78 1784 180 1840; x_wconf 87' lang='lat' dir='ltr'>matris</span> <span class='ocrx_word' id='word_1_224' title='bbox 195 1784 352 1851; x_wconf 85' lang='lat' dir='ltr'>eharitatis,</span> <span class='ocrx_word' id='word_1_225' title='bbox 374 1792 601 1854; x_wconf 78' lang='lat' dir='ltr'>caeterorumque</span> <span class='ocrx_word' id='word_1_226' title='bbox 620 1783 762 1838; x_wconf 88' lang='lat' dir='ltr'>bonorum</span> <span class='ocrx_word' id='word_1_227' title='bbox 777 1781 928 1852; x_wconf 83' lang='lat' dir='ltr'>respondet</span> <span class='ocrx_word' id='word_1_228' title='bbox 981 1786 1056 1838; x_wconf 86' lang='lat' dir='ltr'>uiam</span> <span class='ocrx_word' id='word_1_229' title='bbox 1076 1801 1135 1853; x_wconf 79' lang='lat' dir='ltr'>guae</span> <span class='ocrx_word' id='word_1_230' title='bbox 1149 1785 1223 1839; x_wconf 88' lang='lat' dir='ltr'>ducit</span> <span class='ocrx_word' id='word_1_231' title='bbox 1246 1785 1283 1838; x_wconf 93' lang='lat' dir='ltr'>ed</span> <span class='ocrx_word' id='word_1_232' title='bbox 1303 1789 1424 1854; x_wconf 84' lang='lat' dir='ltr'>puteum,</span> <span class='ocrx_word' id='word_1_233' title='bbox 1443 1784 1519 1851; x_wconf 87' lang='lat' dir='ltr'>eujus</span> <span class='ocrx_word' id='word_1_234' title='bbox 1544 1799 1638 1836; x_wconf 82' lang='lat' dir='ltr'>nornen</span> <span class='ocrx_word' id='word_1_235' title='bbox 1664 1784 1784 1838; x_wconf 85' lang='lat' dir='ltr'>Viuentis</span> <span class='ocrx_word' id='word_1_236' title='bbox 1808 1786 1832 1834; x_wconf 91' lang='lat' dir='ltr'>ct</span> 
     </span>
     <span class='ocr_line' id='line_1_19' title="bbox 77 1870 1832 1941; baseline -0.005 -11"><span class='ocrx_word' id='word_1_237' title='bbox 77 1870 265 1940; x_wconf 77' lang='grc'><strong>6116666661</strong></span> <span class='ocrx_word' id='word_1_238' title='bbox 282 1873 370 1927; x_wconf 88' lang='lat' dir='ltr'>decem</span> <span class='ocrx_word' id='word_1_239' title='bbox 385 1872 478 1927; x_wconf 86' lang='grc'><strong>616666</strong></span> <span class='ocrx_word' id='word_1_240' title='bbox 503 1872 581 1941; x_wconf 87' lang='lat' dir='ltr'>apud</span> <span class='ocrx_word' id='word_1_241' title='bbox 604 1885 633 1927; x_wconf 91' lang='lat' dir='ltr'>se</span> <span class='ocrx_word' id='word_1_242' title='bbox 653 1885 769 1926; x_wconf 85' lang='lat' dir='ltr'>manere</span> <span class='ocrx_word' id='word_1_243' title='bbox 790 1871 924 1941; x_wconf 86' lang='grc'><strong>66611616,</strong></span> <span class='ocrx_word' id='word_1_244' title='bbox 985 1873 1117 1927; x_wconf 83' lang='lat' dir='ltr'>Videntis.</span> <span class='ocrx_word' id='word_1_245' title='bbox 1131 1873 1278 1927; x_wconf 85' lang='lat' dir='ltr'>Habitobet</span> <span class='ocrx_word' id='word_1_246' title='bbox 1293 1875 1363 1925; x_wconf 81' lang='grc'><strong>66116</strong></span> <span class='ocrx_word' id='word_1_247' title='bbox 1380 1874 1408 1924; x_wconf 83' lang='lat' dir='ltr'>in</span> <span class='ocrx_word' id='word_1_248' title='bbox 1425 1876 1498 1925; x_wconf 90' lang='lat' dir='ltr'>terra</span> <span class='ocrx_word' id='word_1_249' title='bbox 1512 1872 1631 1924; x_wconf 86' lang='lat' dir='ltr'>australi</span> <span class='ocrx_word' id='word_1_250' title='bbox 1647 1885 1653 1923; x_wconf 92' lang='lat'>:</span> <span class='ocrx_word' id='word_1_251' title='bbox 1670 1874 1832 1936; x_wconf 71' lang='lat' dir='ltr'>crearemus</span> 
     </span>
     <span class='ocr_line' id='line_1_20' title="bbox 77 1958 1831 2031; baseline -0.003 -15"><span class='ocrx_word' id='word_1_252' title='bbox 77 1974 129 2031; x_wconf 85' lang='grc'>666</span> <span class='ocrx_word' id='word_1_253' title='bbox 144 1961 359 2017; x_wconf 86' lang='lat' dir='ltr'>universitatem</span> <span class='ocrx_word' id='word_1_254' title='bbox 375 1961 475 2031; x_wconf 87' lang='grc'><strong>611666</strong></span> <span class='ocrx_word' id='word_1_255' title='bbox 492 1959 589 2031; x_wconf 71' lang='grc'><strong>1116166</strong></span> <span class='ocrx_word' id='word_1_256' title='bbox 611 1961 757 2028; x_wconf 88' lang='lat' dir='ltr'>temporis,</span> <span class='ocrx_word' id='word_1_257' title='bbox 786 1959 862 2029; x_wconf 90' lang='grc'><strong>6666</strong></span> <span class='ocrx_word' id='word_1_258' title='bbox 883 1975 925 2015; x_wconf 90' lang='lat' dir='ltr'>se·</span> <span class='ocrx_word' id='word_1_259' title='bbox 980 1963 1073 2028; x_wconf 76' lang='lat' dir='ltr'>sumat</span> <span class='ocrx_word' id='word_1_260' title='bbox 1088 1962 1125 2015; x_wconf 89' lang='lat' dir='ltr'>ad</span> <span class='ocrx_word' id='word_1_261' title='bbox 1137 1962 1324 2015; x_wconf 86' lang='lat' dir='ltr'>meditandum</span> <span class='ocrx_word' id='word_1_262' title='bbox 1341 1963 1369 2014; x_wconf 84' lang='lat' dir='ltr'>in</span> <span class='ocrx_word' id='word_1_263' title='bbox 1383 1976 1449 2029; x_wconf 75' lang='lat' dir='ltr'>agre</span> <span class='ocrx_word' id='word_1_264' title='bbox 1464 1961 1597 2014; x_wconf 86' lang='lat' dir='ltr'>inclinate</span> <span class='ocrx_word' id='word_1_265' title='bbox 1605 1959 1665 2028; x_wconf 81' lang='lat' dir='ltr'>jam</span> <span class='ocrx_word' id='word_1_266' title='bbox 1679 1958 1734 2012; x_wconf 83' lang='lat' dir='ltr'>die.</span> <span class='ocrx_word' id='word_1_267' title='bbox 1751 1961 1831 2013; x_wconf 80' lang='lat' dir='ltr'>Cum·</span> 
     </span>
     <span class='ocr_line' id='line_1_21' title="bbox 78 2048 1829 2120; baseline -0.001 -17"><span class='ocrx_word' id='word_1_268' title='bbox 78 2055 153 2118; x_wconf 90' lang='lat' dir='ltr'>ptem</span> <span class='ocrx_word' id='word_1_269' title='bbox 169 2048 270 2105; x_wconf 89' lang='lat' dir='ltr'>diebus</span> <span class='ocrx_word' id='word_1_270' title='bbox 288 2048 395 2120; x_wconf 89' lang='lat' dir='ltr'>agitur,</span> <span class='ocrx_word' id='word_1_271' title='bbox 419 2049 506 2105; x_wconf 87' lang='lat' dir='ltr'>trium</span> <span class='ocrx_word' id='word_1_272' title='bbox 523 2064 589 2119; x_wconf 84' lang='lat' dir='ltr'>quae</span> <span class='ocrx_word' id='word_1_273' title='bbox 611 2048 754 2118; x_wconf 81' lang='lat' dir='ltr'>praeeipue</span> <span class='ocrx_word' id='word_1_274' title='bbox 774 2048 926 2104; x_wconf 90' lang='lat' dir='ltr'>molestant</span> <span class='ocrx_word' id='word_1_275' title='bbox 981 2066 1031 2118; x_wconf 85' lang='grc'>666</span> <span class='ocrx_word' id='word_1_276' title='bbox 1046 2051 1158 2104; x_wconf 84' lang='lat' dir='ltr'>levasset</span> <span class='ocrx_word' id='word_1_277' title='bbox 1172 2051 1261 2104; x_wconf 85' lang='lat' dir='ltr'>ocules</span> <span class='ocrx_word' id='word_1_278' title='bbox 1275 2064 1347 2113; x_wconf 89' lang='lat' dir='ltr'>sees,</span> <span class='ocrx_word' id='word_1_279' title='bbox 1364 2049 1436 2102; x_wconf 84' lang='lat' dir='ltr'>cidit</span> <span class='ocrx_word' id='word_1_280' title='bbox 1451 2050 1564 2103; x_wconf 88' lang='lat' dir='ltr'>cameles</span> <span class='ocrx_word' id='word_1_281' title='bbox 1578 2053 1712 2101; x_wconf 84' lang='lat' dir='ltr'>oercimtes</span> <span class='ocrx_word' id='word_1_282' title='bbox 1723 2048 1829 2115; x_wconf 89' lang='lat' dir='ltr'>procul.</span> 
     </span>
     <span class='ocr_line' id='line_1_22' title="bbox 76 2136 1830 2209; baseline -0.002 -16"><span class='ocrx_word' id='word_1_283' title='bbox 76 2152 142 2194; x_wconf 91' lang='lat' dir='ltr'>cum</span> <span class='ocrx_word' id='word_1_284' title='bbox 169 2153 225 2195; x_wconf 92' lang='lat' dir='ltr'>usu</span> <span class='ocrx_word' id='word_1_285' title='bbox 247 2139 389 2195; x_wconf 90' lang='lat' dir='ltr'>virtutum</span> <span class='ocrx_word' id='word_1_286' title='bbox 409 2139 600 2194; x_wconf 77' lang='lat' dir='ltr'>exercendam</span> <span class='ocrx_word' id='word_1_287' title='bbox 630 2137 794 2208; x_wconf 86' lang='lat' dir='ltr'>patientiam</span> <span class='ocrx_word' id='word_1_288' title='bbox 817 2137 925 2209; x_wconf 88' lang='lat' dir='ltr'>cogita·</span> <span class='ocrx_word' id='word_1_289' title='bbox 981 2138 1040 2193; x_wconf 91' lang='lat' dir='ltr'>Rae</span> <span class='ocrx_word' id='word_1_290' title='bbox 1054 2138 1142 2193; x_wconf 90' lang='lat' dir='ltr'>animi</span> <span class='ocrx_word' id='word_1_291' title='bbox 1158 2143 1323 2206; x_wconf 86' lang='lat' dir='ltr'>tempestate</span> <span class='ocrx_word' id='word_1_292' title='bbox 1339 2137 1411 2192; x_wconf 88' lang='lat' dir='ltr'>votis</span> <span class='ocrx_word' id='word_1_293' title='bbox 1428 2137 1546 2207; x_wconf 74' lang='lat' dir='ltr'>ubique</span> <span class='ocrx_word' id='word_1_294' title='bbox 1560 2136 1739 2192; x_wconf 81' lang='lat' dir='ltr'>icruentibus</span> <span class='ocrx_word' id='word_1_295' title='bbox 1753 2137 1830 2190; x_wconf 84' lang='lat' dir='ltr'>isaac</span> 
     </span>
     <span class='ocr_line' id='line_1_23' title="bbox 79 2225 1831 2297; baseline -0.002 -15"><span class='ocrx_word' id='word_1_296' title='bbox 79 2225 164 2282; x_wconf 89' lang='lat' dir='ltr'>tionis</span> <span class='ocrx_word' id='word_1_297' title='bbox 191 2227 306 2291; x_wconf 82' lang='lat' dir='ltr'>scilicet,</span> <span class='ocrx_word' id='word_1_298' title='bbox 331 2227 494 2293; x_wconf 90' lang='lat' dir='ltr'>locutionis,</span> <span class='ocrx_word' id='word_1_299' title='bbox 526 2234 554 2283; x_wconf 90' lang='grc'>61</span> <span class='ocrx_word' id='word_1_300' title='bbox 582 2227 685 2296; x_wconf 85' lang='grc'><strong>666116,</strong></span> <span class='ocrx_word' id='word_1_301' title='bbox 715 2236 745 2284; x_wconf 88' lang='grc'>61</span> <span class='ocrx_word' id='word_1_302' title='bbox 774 2241 840 2282; x_wconf 91' lang='lat' dir='ltr'>cum</span> <span class='ocrx_word' id='word_1_303' title='bbox 865 2227 925 2283; x_wconf 72' lang='lat' dir='ltr'>baec</span> <span class='ocrx_word' id='word_1_304' title='bbox 977 2225 1831 2297; x_wconf 76' lang='grc'><strong>6666166666161161616666661166661666,66616666</strong></span> 
     </span>
     <span class='ocr_line' id='line_1_24' title="bbox 77 2314 1827 2387; baseline -0.002 -17"><span class='ocrx_word' id='word_1_305' title='bbox 77 2315 223 2386; x_wconf 88' lang='lat' dir='ltr'>religionis</span> <span class='ocrx_word' id='word_1_306' title='bbox 252 2317 318 2387; x_wconf 85' lang='lat' dir='ltr'>jure</span> <span class='ocrx_word' id='word_1_307' title='bbox 355 2314 517 2385; x_wconf 79' lang='lat' dir='ltr'>defregerit,</span> <span class='ocrx_word' id='word_1_308' title='bbox 551 2315 740 2385; x_wconf 83' lang='lat' dir='ltr'>proficiscitur</span> <span class='ocrx_word' id='word_1_309' title='bbox 772 2314 808 2369; x_wconf 85' lang='lat' dir='ltr'>au</span> <span class='ocrx_word' id='word_1_310' title='bbox 834 2315 922 2381; x_wconf 88' lang='lat' dir='ltr'>isaac,</span> <span class='ocrx_word' id='word_1_311' title='bbox 978 2318 1095 2385; x_wconf 90' lang='lat' dir='ltr'>superni</span> <span class='ocrx_word' id='word_1_312' title='bbox 1120 2314 1218 2385; x_wconf 85' lang='lat' dir='ltr'>gaudii</span> <span class='ocrx_word' id='word_1_313' title='bbox 1234 2329 1363 2385; x_wconf 88' lang='lat' dir='ltr'>pereum</span> <span class='ocrx_word' id='word_1_314' title='bbox 1385 2315 1435 2384; x_wconf 89' lang='grc'>661</span> <span class='ocrx_word' id='word_1_315' title='bbox 1451 2315 1500 2370; x_wconf 83' lang='lat' dir='ltr'>via</span> <span class='ocrx_word' id='word_1_316' title='bbox 1523 2314 1559 2368; x_wconf 90' lang='lat' dir='ltr'>ad</span> <span class='ocrx_word' id='word_1_317' title='bbox 1574 2314 1756 2369; x_wconf 83' lang='lat' dir='ltr'>secantibus</span> <span class='ocrx_word' id='word_1_318' title='bbox 1777 2320 1827 2381; x_wconf 86' lang='lat' dir='ltr'>est,</span> 
     </span>
     <span class='ocr_line' id='line_1_25' title="bbox 77 2401 1830 2475; baseline -0.001 -17"><span class='ocrx_word' id='word_1_319' title='bbox 77 2403 176 2472; x_wconf 86' lang='lat' dir='ltr'>gaudii</span> <span class='ocrx_word' id='word_1_320' title='bbox 193 2405 294 2460; x_wconf 79' lang='grc'><strong>1616661</strong></span> <span class='ocrx_word' id='word_1_321' title='bbox 315 2403 451 2475; x_wconf 85' lang='lat' dir='ltr'>jubilum.</span> <span class='ocrx_word' id='word_1_322' title='bbox 476 2404 619 2459; x_wconf 89' lang='lat' dir='ltr'>Denarius</span> <span class='ocrx_word' id='word_1_323' title='bbox 638 2410 733 2458; x_wconf 81' lang='grc'><strong>661661</strong></span> <span class='ocrx_word' id='word_1_324' title='bbox 761 2417 797 2458; x_wconf 82' lang='lat' dir='ltr'>ex</span> <span class='ocrx_word' id='word_1_325' title='bbox 816 2410 924 2472; x_wconf 88' lang='lat' dir='ltr'>septem</span> <span class='ocrx_word' id='word_1_326' title='bbox 979 2404 1137 2474; x_wconf 86' lang='lat' dir='ltr'>gradiendo</span> <span class='ocrx_word' id='word_1_327' title='bbox 1154 2403 1264 2473; x_wconf 85' lang='lat' dir='ltr'>proiicit</span> <span class='ocrx_word' id='word_1_328' title='bbox 1279 2404 1315 2458; x_wconf 89' lang='lat' dir='ltr'>ad</span> <span class='ocrx_word' id='word_1_329' title='bbox 1330 2402 1394 2473; x_wconf 79' lang='grc'><strong>6166</strong></span> <span class='ocrx_word' id='word_1_330' title='bbox 1411 2401 1502 2472; x_wconf 87' lang='grc'><strong>166166</strong></span> <span class='ocrx_word' id='word_1_331' title='bbox 1515 2402 1719 2473; x_wconf 89' lang='lat' dir='ltr'>cognitionem,</span> <span class='ocrx_word' id='word_1_332' title='bbox 1732 2402 1784 2472; x_wconf 81' lang='lat' dir='ltr'>qui</span> <span class='ocrx_word' id='word_1_333' title='bbox 1802 2409 1830 2457; x_wconf 92' lang='lat' dir='ltr'>et</span> 
     </span>
     <span class='ocr_line' id='line_1_26' title="bbox 75 2491 1830 2563; baseline -0.001 -16"><span class='ocrx_word' id='word_1_334' title='bbox 75 2498 104 2547; x_wconf 90' lang='lat' dir='ltr'>et</span> <span class='ocrx_word' id='word_1_335' title='bbox 129 2493 221 2548; x_wconf 88' lang='lat' dir='ltr'>tribus</span> <span class='ocrx_word' id='word_1_336' title='bbox 251 2500 371 2549; x_wconf 90' lang='lat' dir='ltr'>constat.</span> <span class='ocrx_word' id='word_1_337' title='bbox 407 2492 512 2560; x_wconf 82' lang='lat' dir='ltr'>Quare,</span> <span class='ocrx_word' id='word_1_338' title='bbox 544 2491 595 2559; x_wconf 91' lang='lat' dir='ltr'>ait,</span> <span class='ocrx_word' id='word_1_339' title='bbox 619 2505 637 2547; x_wconf 88' lang='grc'>6</span> <span class='ocrx_word' id='word_1_340' title='bbox 664 2498 759 2546; x_wconf 87' lang='lat' dir='ltr'>vestra</span> <span class='ocrx_word' id='word_1_341' title='bbox 784 2491 924 2561; x_wconf 87' lang='lat' dir='ltr'>parcitate</span> <span class='ocrx_word' id='word_1_342' title='bbox 979 2493 1167 2563; x_wconf 87' lang='grc'><strong>1666661666,</strong></span> <span class='ocrx_word' id='word_1_343' title='bbox 1192 2492 1279 2548; x_wconf 89' lang='grc'><strong>16661</strong></span> <span class='ocrx_word' id='word_1_344' title='bbox 1302 2491 1492 2562; x_wconf 80' lang='lat' dir='ltr'>profunditas,</span> <span class='ocrx_word' id='word_1_345' title='bbox 1515 2491 1723 2560; x_wconf 79' lang='grc' dir='ltr'><strong>661666166ιὶ6</strong></span> <span class='ocrx_word' id='word_1_346' title='bbox 1744 2492 1830 2546; x_wconf 91' lang='lat' dir='ltr'>totius</span> 
     </span>
     <span class='ocr_line' id='line_1_27' title="bbox 77 2579 1828 2651; baseline -0.002 -15"><span class='ocrx_word' id='word_1_347' title='bbox 77 2579 222 2646; x_wconf 91' lang='lat' dir='ltr'>cobibeer,</span> <span class='ocrx_word' id='word_1_348' title='bbox 245 2581 296 2651; x_wconf 90' lang='grc'>661</span> <span class='ocrx_word' id='word_1_349' title='bbox 313 2581 373 2651; x_wconf 87' lang='lat' dir='ltr'>jam</span> <span class='ocrx_word' id='word_1_350' title='bbox 399 2581 504 2637; x_wconf 80' lang='grc'><strong>1616616</strong></span> <span class='ocrx_word' id='word_1_351' title='bbox 524 2579 687 2636; x_wconf 85' lang='lat' dir='ltr'>directionis</span> <span class='ocrx_word' id='word_1_352' title='bbox 711 2594 780 2636; x_wconf 85' lang='lat' dir='ltr'>meae</span> <span class='ocrx_word' id='word_1_353' title='bbox 802 2582 921 2651; x_wconf 79' lang='lat' dir='ltr'>gloriam</span> <span class='ocrx_word' id='word_1_354' title='bbox 978 2581 1149 2638; x_wconf 81' lang='grc'><strong>6166166116</strong></span> <span class='ocrx_word' id='word_1_355' title='bbox 1170 2582 1384 2645; x_wconf 83' lang='lat' dir='ltr'>thesaurorum,</span> <span class='ocrx_word' id='word_1_356' title='bbox 1406 2580 1484 2650; x_wconf 87' lang='lat' dir='ltr'>cajus</span> <span class='ocrx_word' id='word_1_357' title='bbox 1507 2594 1675 2635; x_wconf 84' lang='grc'><strong>66666666</strong></span> <span class='ocrx_word' id='word_1_358' title='bbox 1697 2581 1828 2645; x_wconf 72' lang='grc'><strong>16666116,</strong></span> 
     </span>
     <span class='ocr_line' id='line_1_28' title="bbox 76 2666 1831 2741; baseline 0.001 -18"><span class='ocrx_word' id='word_1_359' title='bbox 76 2666 253 2737; x_wconf 89' lang='lat' dir='ltr'>speculando</span> <span class='ocrx_word' id='word_1_360' title='bbox 270 2668 435 2739; x_wconf 81' lang='lat' dir='ltr'>praegusto‘i</span> <span class='ocrx_word' id='word_1_361' title='bbox 976 2677 1005 2727; x_wconf 90' lang='lat' dir='ltr'>et</span> <span class='ocrx_word' id='word_1_362' title='bbox 1019 2685 1084 2726; x_wconf 84' lang='lat' dir='ltr'>cuni</span> <span class='ocrx_word' id='word_1_363' title='bbox 1095 2677 1184 2726; x_wconf 88' lang='lat' dir='ltr'>suaet</span> <span class='ocrx_word' id='word_1_364' title='bbox 1195 2669 1335 2741; x_wconf 87' lang='lat' dir='ltr'>generalis</span> <span class='ocrx_word' id='word_1_365' title='bbox 1349 2671 1476 2725; x_wconf 83' lang='lat' dir='ltr'>uranium</span> <span class='ocrx_word' id='word_1_366' title='bbox 1493 2669 1529 2726; x_wconf 93' lang='lat' dir='ltr'>sit</span> <span class='ocrx_word' id='word_1_367' title='bbox 1540 2669 1608 2738; x_wconf 86' lang='lat' dir='ltr'>vita,</span> <span class='ocrx_word' id='word_1_368' title='bbox 1625 2683 1729 2724; x_wconf 92' lang='lat' dir='ltr'>nomen</span> <span class='ocrx_word' id='word_1_369' title='bbox 1744 2668 1831 2724; x_wconf 87' lang='lat' dir='ltr'>babet</span> 
     </span>
    </p>

    <p class='ocr_par' dir='ltr' id='par_1_4' title="bbox 76 2756 1830 3007">
     <span class='ocr_line' id='line_1_29' title="bbox 113 2756 1830 2828; baseline 0.001 -17"><span class='ocrx_word' id='word_1_370' title='bbox 113 2756 199 2812; x_wconf 84' lang='lat' dir='ltr'>Vnus.</span> <span class='ocrx_word' id='word_1_371' title='bbox 217 2760 262 2821; x_wconf 83' lang='lat'>57,</span> <span class='ocrx_word' id='word_1_372' title='bbox 279 2759 322 2822; x_wconf 77' lang='lat'>58,</span> <span class='ocrx_word' id='word_1_373' title='bbox 341 2761 384 2824; x_wconf 83' lang='grc'>66,</span> <span class='ocrx_word' id='word_1_374' title='bbox 400 2760 444 2812; x_wconf 90' lang='grc'>66.</span> <span class='ocrx_word' id='word_1_375' title='bbox 469 2788 503 2797; x_wconf 94' lang='grc'><strong>-</strong></span> <span class='ocrx_word' id='word_1_376' title='bbox 523 2758 659 2818; x_wconf 82' lang='lat' dir='ltr'>Vecemas,</span> <span class='ocrx_word' id='word_1_377' title='bbox 676 2757 824 2827; x_wconf 84' lang='lat' dir='ltr'>inquiunt,</span> <span class='ocrx_word' id='word_1_378' title='bbox 845 2760 923 2827; x_wconf 84' lang='lat' dir='ltr'>puel·</span> <span class='ocrx_word' id='word_1_379' title='bbox 976 2759 1062 2816; x_wconf 91' lang='lat' dir='ltr'>etiam</span> <span class='ocrx_word' id='word_1_380' title='bbox 1087 2759 1219 2825; x_wconf 81' lang='lat' dir='ltr'>l&#39;identis,</span> <span class='ocrx_word' id='word_1_381' title='bbox 1239 2758 1364 2827; x_wconf 88' lang='lat' dir='ltr'>seipsum</span> <span class='ocrx_word' id='word_1_382' title='bbox 1390 2757 1494 2814; x_wconf 90' lang='lat' dir='ltr'>scilicet</span> <span class='ocrx_word' id='word_1_383' title='bbox 1518 2759 1568 2828; x_wconf 90' lang='grc'>661</span> <span class='ocrx_word' id='word_1_384' title='bbox 1589 2761 1631 2814; x_wconf 87' lang='grc'>661</span> <span class='ocrx_word' id='word_1_385' title='bbox 1647 2758 1708 2814; x_wconf 87' lang='lat' dir='ltr'>vita</span> <span class='ocrx_word' id='word_1_386' title='bbox 1734 2758 1830 2814; x_wconf 89' lang='lat' dir='ltr'>videre</span> 
     </span>
     <span class='ocr_line' id='line_1_30' title="bbox 78 2845 1830 2916; baseline 0.002 -17"><span class='ocrx_word' id='word_1_387' title='bbox 78 2846 142 2910; x_wconf 90' lang='lat' dir='ltr'>lem,</span> <span class='ocrx_word' id='word_1_388' title='bbox 170 2848 195 2898; x_wconf 89' lang='lat' dir='ltr'>et</span> <span class='ocrx_word' id='word_1_389' title='bbox 214 2860 366 2912; x_wconf 72' lang='lat' dir='ltr'>quaerimus</span> <span class='ocrx_word' id='word_1_390' title='bbox 382 2847 470 2914; x_wconf 86' lang='lat' dir='ltr'>ipsius</span> <span class='ocrx_word' id='word_1_391' title='bbox 493 2845 666 2899; x_wconf 85' lang='lat' dir='ltr'>veluntatem.</span> <span class='ocrx_word' id='word_1_392' title='bbox 690 2847 808 2914; x_wconf 82' lang='lat' dir='ltr'>dumque</span> <span class='ocrx_word' id='word_1_393' title='bbox 827 2852 923 2902; x_wconf 83' lang='lat' dir='ltr'>necate</span> <span class='ocrx_word' id='word_1_394' title='bbox 976 2856 1003 2904; x_wconf 91' lang='grc'>61</span> <span class='ocrx_word' id='word_1_395' title='bbox 1018 2848 1089 2904; x_wconf 85' lang='grc'><strong>61166</strong></span> <span class='ocrx_word' id='word_1_396' title='bbox 1116 2847 1252 2906; x_wconf 80' lang='lat' dir='ltr'>incientis.</span> <span class='ocrx_word' id='word_1_397' title='bbox 1281 2849 1313 2901; x_wconf 88' lang='lat' dir='ltr'>in</span> <span class='ocrx_word' id='word_1_398' title='bbox 1340 2849 1458 2901; x_wconf 87' lang='lat' dir='ltr'>australi</span> <span class='ocrx_word' id='word_1_399' title='bbox 1481 2860 1607 2916; x_wconf 83' lang='lat' dir='ltr'>namque</span> <span class='ocrx_word' id='word_1_400' title='bbox 1629 2851 1713 2912; x_wconf 82' lang='lat' dir='ltr'>terra,</span> <span class='ocrx_word' id='word_1_401' title='bbox 1736 2846 1764 2901; x_wconf 89' lang='lat' dir='ltr'>id</span> <span class='ocrx_word' id='word_1_402' title='bbox 1788 2853 1830 2902; x_wconf 89' lang='lat' dir='ltr'>est</span> 
     </span>
     <span class='ocr_line' id='line_1_31' title="bbox 76 2933 1826 3007; baseline -0.002 -16"><span class='ocrx_word' id='word_1_403' title='bbox 76 2935 200 2996; x_wconf 83' lang='lat' dir='ltr'>emisset,</span> <span class='ocrx_word' id='word_1_404' title='bbox 217 2935 349 2987; x_wconf 85' lang='lat' dir='ltr'>sciscitati</span> <span class='ocrx_word' id='word_1_405' title='bbox 368 2938 439 2996; x_wconf 85' lang='lat' dir='ltr'>sunt,</span> <span class='ocrx_word' id='word_1_406' title='bbox 456 2933 593 2988; x_wconf 82' lang='lat' dir='ltr'>dieentes:</span> <span class='ocrx_word' id='word_1_407' title='bbox 612 2935 658 2988; x_wconf 79' lang='lat' dir='ltr'>Vis</span> <span class='ocrx_word' id='word_1_408' title='bbox 674 2935 715 2988; x_wconf 86' lang='lat' dir='ltr'>ire</span> <span class='ocrx_word' id='word_1_409' title='bbox 737 2949 797 2989; x_wconf 84' lang='lat' dir='ltr'>eum</span> <span class='ocrx_word' id='word_1_410' title='bbox 818 2934 922 2988; x_wconf 80' lang='lat' dir='ltr'>nemine</span> <span class='ocrx_word' id='word_1_411' title='bbox 941 2937 961 2994; x_wconf 87' lang='lat' dir='ltr'>C</span> <span class='ocrx_word' id='word_1_412' title='bbox 977 2937 1005 2992; x_wconf 92' lang='lat' dir='ltr'>in</span> <span class='ocrx_word' id='word_1_413' title='bbox 1019 2936 1179 3007; x_wconf 85' lang='lat' dir='ltr'>spiritualis</span> <span class='ocrx_word' id='word_1_414' title='bbox 1196 2935 1316 2991; x_wconf 80' lang='lat' dir='ltr'>terreris</span> <span class='ocrx_word' id='word_1_415' title='bbox 1335 2949 1368 2990; x_wconf 90' lang='lat' dir='ltr'>ac</span> <span class='ocrx_word' id='word_1_416' title='bbox 1385 2935 1536 2992; x_wconf 87' lang='lat' dir='ltr'>soliditatis</span> <span class='ocrx_word' id='word_1_417' title='bbox 1547 2935 1650 3006; x_wconf 89' lang='lat' dir='ltr'>gratia,</span> <span class='ocrx_word' id='word_1_418' title='bbox 1672 2935 1826 3000; x_wconf 81' lang='lat' dir='ltr'>latitabat,</span> 
     </span>
    </p>
   </div>
   <div class='ocr_carea' id='block_1_3' title="bbox 75 3023 925 3622">
    <p class='ocr_par' dir='ltr' id='par_1_5' title="bbox 75 3023 925 3622">
     <span class='ocr_line' id='line_1_32' title="bbox 77 3023 924 3092; baseline 0.002 -16"><span class='ocrx_word' id='word_1_419' title='bbox 77 3024 149 3076; x_wconf 82' lang='lat' dir='ltr'>iste?</span> <span class='ocrx_word' id='word_1_420' title='bbox 174 3023 240 3088; x_wconf 86' lang='lat' dir='ltr'>Quae</span> <span class='ocrx_word' id='word_1_421' title='bbox 252 3024 316 3092; x_wconf 72' lang='grc' dir='ltr'>6111Ι</span> <span class='ocrx_word' id='word_1_422' title='bbox 336 3023 449 3077; x_wconf 86' lang='lat' dir='ltr'>Vadam.</span> <span class='ocrx_word' id='word_1_423' title='bbox 468 3025 634 3077; x_wconf 79' lang='lat' dir='ltr'>dimiserunt</span> <span class='ocrx_word' id='word_1_424' title='bbox 650 3038 715 3086; x_wconf 90' lang='lat' dir='ltr'>eam,</span> <span class='ocrx_word' id='word_1_425' title='bbox 737 3028 765 3077; x_wconf 88' lang='lat' dir='ltr'>et</span> <span class='ocrx_word' id='word_1_426' title='bbox 791 3025 924 3078; x_wconf 87' lang='lat' dir='ltr'>nutricem</span> 
     </span>
     <span class='ocr_line' id='line_1_33' title="bbox 78 3110 922 3182; baseline 0.001 -17"><span class='ocrx_word' id='word_1_427' title='bbox 78 3110 146 3179; x_wconf 86' lang='lat' dir='ltr'>ejas,</span> <span class='ocrx_word' id='word_1_428' title='bbox 172 3127 331 3181; x_wconf 81' lang='lat' dir='ltr'>seruumque</span> <span class='ocrx_word' id='word_1_429' title='bbox 363 3112 513 3175; x_wconf 85' lang='lat' dir='ltr'>Abrabam,</span> <span class='ocrx_word' id='word_1_430' title='bbox 546 3116 571 3166; x_wconf 87' lang='lat' dir='ltr'>ct</span> <span class='ocrx_word' id='word_1_431' title='bbox 594 3113 700 3166; x_wconf 86' lang='lat' dir='ltr'>comites</span> <span class='ocrx_word' id='word_1_432' title='bbox 727 3110 797 3182; x_wconf 84' lang='lat' dir='ltr'>ejus,</span> <span class='ocrx_word' id='word_1_433' title='bbox 822 3115 922 3182; x_wconf 87' lang='lat' dir='ltr'>impre-</span> 
     </span>
     <span class='ocr_line' id='line_1_34' title="bbox 79 3199 925 3270; baseline -0.001 -15"><span class='ocrx_word' id='word_1_434' title='bbox 79 3204 170 3255; x_wconf 84' lang='lat' dir='ltr'>cantes</span> <span class='ocrx_word' id='word_1_435' title='bbox 195 3215 328 3270; x_wconf 82' lang='lat' dir='ltr'>prespere</span> <span class='ocrx_word' id='word_1_436' title='bbox 351 3202 439 3255; x_wconf 85' lang='lat' dir='ltr'>sorori</span> <span class='ocrx_word' id='word_1_437' title='bbox 462 3215 526 3265; x_wconf 79' lang='lat' dir='ltr'>sua,</span> <span class='ocrx_word' id='word_1_438' title='bbox 555 3204 637 3267; x_wconf 87' lang='lat' dir='ltr'>etque</span> <span class='ocrx_word' id='word_1_439' title='bbox 662 3199 804 3254; x_wconf 72' lang='lat' dir='ltr'>dicantes:</span> <span class='ocrx_word' id='word_1_440' title='bbox 841 3201 925 3257; x_wconf 85' lang='lat' dir='ltr'>Soror</span> 
     </span>
     <span class='ocr_line' id='line_1_35' title="bbox 75 3289 924 3358; baseline 0.001 -15"><span class='ocrx_word' id='word_1_441' title='bbox 75 3293 170 3343; x_wconf 89' lang='lat' dir='ltr'>nestra</span> <span class='ocrx_word' id='word_1_442' title='bbox 190 3304 227 3354; x_wconf 89' lang='lat' dir='ltr'>es,</span> <span class='ocrx_word' id='word_1_443' title='bbox 252 3304 355 3344; x_wconf 87' lang='lat' dir='ltr'>cresces</span> <span class='ocrx_word' id='word_1_444' title='bbox 378 3289 498 3344; x_wconf 86' lang='lat' dir='ltr'>inmitte</span> <span class='ocrx_word' id='word_1_445' title='bbox 521 3289 619 3353; x_wconf 88' lang='lat' dir='ltr'>millia,</span> <span class='ocrx_word' id='word_1_446' title='bbox 636 3295 663 3343; x_wconf 89' lang='lat' dir='ltr'>et</span> <span class='ocrx_word' id='word_1_447' title='bbox 681 3289 821 3358; x_wconf 83' lang='lat' dir='ltr'>possideat</span> <span class='ocrx_word' id='word_1_448' title='bbox 835 3305 924 3344; x_wconf 89' lang='lat' dir='ltr'>semen</span> 
     </span>
     <span class='ocr_line' id='line_1_36' title="bbox 76 3377 921 3446; baseline 0.001 -15"><span class='ocrx_word' id='word_1_449' title='bbox 76 3382 153 3431; x_wconf 91' lang='lat' dir='ltr'>tuum</span> <span class='ocrx_word' id='word_1_450' title='bbox 182 3382 275 3446; x_wconf 87' lang='lat' dir='ltr'>pertus</span> <span class='ocrx_word' id='word_1_451' title='bbox 292 3379 464 3432; x_wconf 85' lang='lat' dir='ltr'>inimieorum</span> <span class='ocrx_word' id='word_1_452' title='bbox 482 3392 601 3430; x_wconf 88' lang='lat' dir='ltr'>suerum.</span> <span class='ocrx_word' id='word_1_453' title='bbox 627 3377 770 3433; x_wconf 85' lang='lat' dir='ltr'>Vacemus</span> <span class='ocrx_word' id='word_1_454' title='bbox 793 3379 921 3446; x_wconf 85' lang='lat' dir='ltr'>puellam,</span> 
     </span>
     <span class='ocr_line' id='line_1_37' title="bbox 76 3465 922 3534; baseline 0.002 -15"><span class='ocrx_word' id='word_1_455' title='bbox 76 3478 143 3520; x_wconf 92' lang='lat' dir='ltr'>cum</span> <span class='ocrx_word' id='word_1_456' title='bbox 160 3466 260 3522; x_wconf 89' lang='lat' dir='ltr'>matris</span> <span class='ocrx_word' id='word_1_457' title='bbox 275 3472 302 3521; x_wconf 90' lang='grc'>61</span> <span class='ocrx_word' id='word_1_458' title='bbox 318 3465 452 3534; x_wconf 80' lang='lat' dir='ltr'>fratrum,</span> <span class='ocrx_word' id='word_1_459' title='bbox 468 3465 628 3521; x_wconf 89' lang='lat' dir='ltr'>secundum</span> <span class='ocrx_word' id='word_1_460' title='bbox 649 3466 725 3534; x_wconf 89' lang='grc'><strong>6666</strong></span> <span class='ocrx_word' id='word_1_461' title='bbox 741 3465 848 3521; x_wconf 89' lang='lat' dir='ltr'>dietum</span> <span class='ocrx_word' id='word_1_462' title='bbox 870 3472 922 3533; x_wconf 92' lang='lat' dir='ltr'>est,</span> 
     </span>
     <span class='ocr_line' id='line_1_38' title="bbox 76 3552 923 3622; baseline 0.001 -14"><span class='ocrx_word' id='word_1_463' title='bbox 76 3552 194 3622; x_wconf 87' lang='lat' dir='ltr'>aspirati</span> <span class='ocrx_word' id='word_1_464' title='bbox 220 3553 337 3610; x_wconf 88' lang='lat' dir='ltr'>oonsilio</span> <span class='ocrx_word' id='word_1_465' title='bbox 367 3560 495 3609; x_wconf 84' lang='lat' dir='ltr'>nestram</span> <span class='ocrx_word' id='word_1_466' title='bbox 518 3567 556 3608; x_wconf 92' lang='lat' dir='ltr'>an</span> <span class='ocrx_word' id='word_1_467' title='bbox 584 3566 767 3622; x_wconf 88' lang='lat' dir='ltr'>perseverare</span> <span class='ocrx_word' id='word_1_468' title='bbox 793 3552 861 3609; x_wconf 85' lang='lat' dir='ltr'>velit</span> <span class='ocrx_word' id='word_1_469' title='bbox 894 3553 923 3609; x_wconf 90' lang='lat' dir='ltr'>in</span> 
     </span>
    </p>
   </div>
   <div class='ocr_carea' id='block_1_4' title="bbox 976 3023 1829 3624">
    <p class='ocr_par' dir='ltr' id='par_1_6' title="bbox 976 3023 1829 3624">
     <span class='ocr_line' id='line_1_39' title="bbox 978 3023 1825 3094; baseline -0.002 -14"><span class='ocrx_word' id='word_1_470' title='bbox 978 3024 1453 3082; x_wconf 76' lang='grc'><strong>6661666616]6611666661666166</strong></span> <span class='ocrx_word' id='word_1_471' title='bbox 1468 3038 1555 3094; x_wconf 82' lang='grc'><strong>66616</strong></span> <span class='ocrx_word' id='word_1_472' title='bbox 1567 3038 1690 3092; x_wconf 88' lang='grc'><strong>6666666</strong></span> <span class='ocrx_word' id='word_1_473' title='bbox 1704 3025 1731 3078; x_wconf 91' lang='grc'>16</span> <span class='ocrx_word' id='word_1_474' title='bbox 1749 3023 1825 3080; x_wconf 88' lang='lat' dir='ltr'>Can-</span> 
     </span>
     <span class='ocr_line' id='line_1_40' title="bbox 976 3112 1826 3183; baseline -0.004 -14"><span class='ocrx_word' id='word_1_475' title='bbox 976 3114 1040 3170; x_wconf 92' lang='lat' dir='ltr'>ticis</span> <span class='ocrx_word' id='word_1_476' title='bbox 1065 3114 1100 3168; x_wconf 86' lang='lat' dir='ltr'>ad</span> <span class='ocrx_word' id='word_1_477' title='bbox 1123 3112 1271 3183; x_wconf 80' lang='lat' dir='ltr'>perflanda</span> <span class='ocrx_word' id='word_1_478' title='bbox 1294 3120 1424 3167; x_wconf 84' lang='lat' dir='ltr'>aromata</span> <span class='ocrx_word' id='word_1_479' title='bbox 1447 3112 1826 3183; x_wconf 86' lang='lat' dir='ltr'>suasollicitat.(Gant,1v,</span> 
     </span>
     <span class='ocr_line' id='line_1_41' title="bbox 978 3200 1825 3272; baseline -0.002 -15"><span class='ocrx_word' id='word_1_480' title='bbox 978 3203 1032 3270; x_wconf 87' lang='grc'><strong>16).</strong></span> <span class='ocrx_word' id='word_1_481' title='bbox 1059 3202 1111 3258; x_wconf 92' lang='lat' dir='ltr'>Sed</span> <span class='ocrx_word' id='word_1_482' title='bbox 1128 3211 1188 3272; x_wconf 87' lang='lat' dir='ltr'>post</span> <span class='ocrx_word' id='word_1_483' title='bbox 1205 3200 1363 3271; x_wconf 90' lang='lat' dir='ltr'>spiritualis</span> <span class='ocrx_word' id='word_1_484' title='bbox 1377 3201 1576 3257; x_wconf 87' lang='lat' dir='ltr'>excellentiam</span> <span class='ocrx_word' id='word_1_485' title='bbox 1592 3216 1695 3258; x_wconf 90' lang='lat' dir='ltr'>sensus</span> <span class='ocrx_word' id='word_1_486' title='bbox 1711 3202 1749 3255; x_wconf 91' lang='lat' dir='ltr'>ed</span> <span class='ocrx_word' id='word_1_487' title='bbox 1769 3218 1825 3256; x_wconf 88' lang='lat' dir='ltr'>me-</span> 
     </span>
     <span class='ocr_line' id='line_1_42' title="bbox 978 3290 1829 3360; baseline 0.001 -15"><span class='ocrx_word' id='word_1_488' title='bbox 978 3291 1122 3345; x_wconf 86' lang='lat' dir='ltr'>ditandum</span> <span class='ocrx_word' id='word_1_489' title='bbox 1143 3296 1171 3344; x_wconf 88' lang='lat' dir='ltr'>in</span> <span class='ocrx_word' id='word_1_490' title='bbox 1193 3306 1260 3359; x_wconf 81' lang='lat' dir='ltr'>egro</span> <span class='ocrx_word' id='word_1_491' title='bbox 1274 3291 1368 3356; x_wconf 75' lang='lat' dir='ltr'>scierat</span> <span class='ocrx_word' id='word_1_492' title='bbox 1387 3304 1520 3357; x_wconf 81' lang='lat' dir='ltr'>egressus,</span> <span class='ocrx_word' id='word_1_493' title='bbox 1543 3291 1612 3345; x_wconf 89' lang='lat' dir='ltr'>dum</span> <span class='ocrx_word' id='word_1_494' title='bbox 1638 3290 1674 3346; x_wconf 90' lang='lat' dir='ltr'>ad</span> <span class='ocrx_word' id='word_1_495' title='bbox 1688 3290 1829 3360; x_wconf 87' lang='lat' dir='ltr'>discepta-</span> 
     </span>
     <span class='ocr_line' id='line_1_43' title="bbox 977 3375 1829 3448; baseline -0.004 -13"><span class='ocrx_word' id='word_1_496' title='bbox 977 3379 1083 3435; x_wconf 90' lang='lat' dir='ltr'>tionem</span> <span class='ocrx_word' id='word_1_497' title='bbox 1099 3377 1263 3448; x_wconf 89' lang='lat' dir='ltr'>passionum</span> <span class='ocrx_word' id='word_1_498' title='bbox 1275 3376 1413 3445; x_wconf 89' lang='lat' dir='ltr'>corporis,</span> <span class='ocrx_word' id='word_1_499' title='bbox 1429 3376 1506 3445; x_wconf 89' lang='grc'><strong>6666</strong></span> <span class='ocrx_word' id='word_1_500' title='bbox 1522 3376 1585 3446; x_wconf 86' lang='lat' dir='ltr'>agri</span> <span class='ocrx_word' id='word_1_501' title='bbox 1597 3389 1674 3431; x_wconf 92' lang='lat' dir='ltr'>more</span> <span class='ocrx_word' id='word_1_502' title='bbox 1685 3375 1768 3432; x_wconf 92' lang='lat' dir='ltr'>nobis</span> <span class='ocrx_word' id='word_1_503' title='bbox 1782 3391 1829 3432; x_wconf 86' lang='lat' dir='ltr'>ex·</span> 
     </span>
     <span class='ocr_line' id='line_1_44' title="bbox 976 3463 1828 3531; baseline -0.002 -9"><span class='ocrx_word' id='word_1_504' title='bbox 976 3466 1126 3522; x_wconf 87' lang='lat' dir='ltr'>colendum</span> <span class='ocrx_word' id='word_1_505' title='bbox 1146 3475 1197 3531; x_wconf 90' lang='lat' dir='ltr'>est,</span> <span class='ocrx_word' id='word_1_506' title='bbox 1215 3464 1375 3520; x_wconf 87' lang='lat' dir='ltr'>necessarie</span> <span class='ocrx_word' id='word_1_507' title='bbox 1391 3463 1553 3519; x_wconf 90' lang='lat' dir='ltr'>sublimitas</span> <span class='ocrx_word' id='word_1_508' title='bbox 1567 3463 1721 3519; x_wconf 88' lang='lat' dir='ltr'>deducitur</span> <span class='ocrx_word' id='word_1_509' title='bbox 1741 3464 1828 3520; x_wconf 86' lang='lat' dir='ltr'>intel-</span> 
     </span>
     <span class='ocr_line' id='line_1_45' title="bbox 977 3552 1828 3624; baseline 0 -14"><span class='ocrx_word' id='word_1_510' title='bbox 977 3554 1076 3611; x_wconf 85' lang='lat' dir='ltr'>lectus.</span> <span class='ocrx_word' id='word_1_511' title='bbox 1097 3554 1253 3624; x_wconf 82' lang='lat' dir='ltr'>Egreditur</span> <span class='ocrx_word' id='word_1_512' title='bbox 1271 3555 1301 3606; x_wconf 86' lang='lat' dir='ltr'>in</span> <span class='ocrx_word' id='word_1_513' title='bbox 1319 3568 1386 3622; x_wconf 78' lang='grc'><strong>6666</strong></span> <span class='ocrx_word' id='word_1_514' title='bbox 1404 3552 1441 3606; x_wconf 89' lang='grc'>66</span> <span class='ocrx_word' id='word_1_515' title='bbox 1461 3553 1659 3620; x_wconf 86' lang='lat' dir='ltr'>meditandum,</span> <span class='ocrx_word' id='word_1_516' title='bbox 1675 3553 1720 3609; x_wconf 84' lang='lat' dir='ltr'>vel</span> <span class='ocrx_word' id='word_1_517' title='bbox 1741 3553 1828 3623; x_wconf 79' lang='lat' dir='ltr'>juxta</span> 
     </span>
    </p>
   </div>
   <div class='ocr_carea' id='block_1_5' title="bbox 74 3641 1828 4242">
    <p class='ocr_par' dir='ltr' id='par_1_7' title="bbox 74 3641 1828 4242">
     <span class='ocr_line' id='line_1_46' title="bbox 75 3641 1827 3712; baseline -0.001 -14"><span class='ocrx_word' id='word_1_518' title='bbox 75 3641 236 3698; x_wconf 85' lang='lat' dir='ltr'>sanctitatis</span> <span class='ocrx_word' id='word_1_519' title='bbox 257 3642 354 3699; x_wconf 90' lang='lat' dir='ltr'>studio</span> <span class='ocrx_word' id='word_1_520' title='bbox 371 3641 560 3712; x_wconf 82' lang='lat' dir='ltr'>disquirimus</span> <span class='ocrx_word' id='word_1_521' title='bbox 584 3642 796 3697; x_wconf 86' lang='lat' dir='ltr'>conscientiam.</span> <span class='ocrx_word' id='word_1_522' title='bbox 821 3643 924 3697; x_wconf 84' lang='lat' dir='ltr'>Vacata</span> <span class='ocrx_word' id='word_1_523' title='bbox 976 3643 1109 3712; x_wconf 80' lang='lat' dir='ltr'>quaedam</span> <span class='ocrx_word' id='word_1_524' title='bbox 1127 3642 1312 3711; x_wconf 84' lang='lat' dir='ltr'>exemplaria,</span> <span class='ocrx_word' id='word_1_525' title='bbox 1330 3641 1548 3706; x_wconf 83' lang='grc'><strong>6666166666,</strong></span> <span class='ocrx_word' id='word_1_526' title='bbox 1568 3641 1682 3696; x_wconf 84' lang='grc'><strong>661666</strong></span> <span class='ocrx_word' id='word_1_527' title='bbox 1700 3641 1827 3698; x_wconf 90' lang='lat' dir='ltr'>thalamo</span> 
     </span>
     <span class='ocr_line' id='line_1_47' title="bbox 75 3727 1828 3800; baseline 0.002 -17"><span class='ocrx_word' id='word_1_528' title='bbox 75 3727 202 3796; x_wconf 83' lang='lat' dir='ltr'>advenit,</span> <span class='ocrx_word' id='word_1_529' title='bbox 219 3744 284 3785; x_wconf 90' lang='lat' dir='ltr'>cum</span> <span class='ocrx_word' id='word_1_530' title='bbox 301 3729 419 3786; x_wconf 88' lang='lat' dir='ltr'>rationis</span> <span class='ocrx_word' id='word_1_531' title='bbox 438 3729 634 3785; x_wconf 86' lang='lat' dir='ltr'>concionantis</span> <span class='ocrx_word' id='word_1_532' title='bbox 646 3729 756 3798; x_wconf 89' lang='lat' dir='ltr'>judicie</span> <span class='ocrx_word' id='word_1_533' title='bbox 772 3736 829 3784; x_wconf 90' lang='lat' dir='ltr'>tota</span> <span class='ocrx_word' id='word_1_534' title='bbox 849 3730 922 3785; x_wconf 88' lang='lat' dir='ltr'>assi·</span> <span class='ocrx_word' id='word_1_535' title='bbox 976 3731 1095 3787; x_wconf 79' lang='lat' dir='ltr'>internae</span> <span class='ocrx_word' id='word_1_536' title='bbox 1110 3730 1322 3800; x_wconf 80' lang='lat' dir='ltr'>speculationis,</span> <span class='ocrx_word' id='word_1_537' title='bbox 1339 3729 1375 3784; x_wconf 90' lang='lat' dir='ltr'>ad</span> <span class='ocrx_word' id='word_1_538' title='bbox 1395 3729 1607 3785; x_wconf 85' lang='lat' dir='ltr'>meditationem</span> <span class='ocrx_word' id='word_1_539' title='bbox 1622 3729 1737 3800; x_wconf 89' lang='lat' dir='ltr'>cogitur</span> <span class='ocrx_word' id='word_1_540' title='bbox 1748 3745 1828 3786; x_wconf 90' lang='lat' dir='ltr'>mens</span> 
     </span>
     <span class='ocr_line' id='line_1_48' title="bbox 75 3817 1826 3890; baseline 0.002 -18"><span class='ocrx_word' id='word_1_541' title='bbox 75 3817 133 3873; x_wconf 92' lang='lat' dir='ltr'>stit.</span> <span class='ocrx_word' id='word_1_542' title='bbox 160 3818 314 3874; x_wconf 87' lang='lat' dir='ltr'>Desideriis</span> <span class='ocrx_word' id='word_1_543' title='bbox 342 3818 431 3889; x_wconf 87' lang='lat' dir='ltr'>igitur</span> <span class='ocrx_word' id='word_1_544' title='bbox 452 3817 615 3874; x_wconf 79' lang='lat' dir='ltr'>cmlcstibus</span> <span class='ocrx_word' id='word_1_545' title='bbox 637 3826 664 3874; x_wconf 91' lang='grc'>61</span> <span class='ocrx_word' id='word_1_546' title='bbox 686 3818 736 3873; x_wconf 87' lang='lat' dir='ltr'>Dei</span> <span class='ocrx_word' id='word_1_547' title='bbox 761 3818 871 3888; x_wconf 78' lang='lat' dir='ltr'>gratia,</span> <span class='ocrx_word' id='word_1_548' title='bbox 895 3825 923 3873; x_wconf 94' lang='grc'>61</span> <span class='ocrx_word' id='word_1_549' title='bbox 973 3817 1446 3890; x_wconf 71' lang='grc'><strong>6666661616116166666666666</strong></span> <span class='ocrx_word' id='word_1_550' title='bbox 1462 3818 1593 3884; x_wconf 86' lang='lat' dir='ltr'>actualis,</span> <span class='ocrx_word' id='word_1_551' title='bbox 1610 3818 1712 3874; x_wconf 88' lang='grc'><strong>66166</strong></span> <span class='ocrx_word' id='word_1_552' title='bbox 1731 3819 1826 3887; x_wconf 77' lang='grc'><strong>661611-</strong></span> 
     </span>
     <span class='ocr_line' id='line_1_49' title="bbox 75 3905 1827 3979; baseline 0.001 -17"><span class='ocrx_word' id='word_1_553' title='bbox 75 3905 223 3962; x_wconf 84' lang='grc'><strong>6666116116</strong></span> <span class='ocrx_word' id='word_1_554' title='bbox 250 3905 366 3963; x_wconf 88' lang='grc'><strong>61166161</strong></span> <span class='ocrx_word' id='word_1_555' title='bbox 394 3906 476 3976; x_wconf 91' lang='grc'><strong>61666</strong></span> <span class='ocrx_word' id='word_1_556' title='bbox 498 3906 673 3976; x_wconf 87' lang='lat' dir='ltr'>respondens</span> <span class='ocrx_word' id='word_1_557' title='bbox 699 3907 790 3970; x_wconf 86' lang='grc'><strong>166161,</strong></span> <span class='ocrx_word' id='word_1_558' title='bbox 817 3905 923 3962; x_wconf 90' lang='lat' dir='ltr'>scilicet</span> <span class='ocrx_word' id='word_1_559' title='bbox 975 3909 1112 3979; x_wconf 91' lang='lat' dir='ltr'>gendum,</span> <span class='ocrx_word' id='word_1_560' title='bbox 1134 3908 1186 3963; x_wconf 87' lang='lat' dir='ltr'>sibi</span> <span class='ocrx_word' id='word_1_561' title='bbox 1205 3916 1295 3962; x_wconf 89' lang='lat' dir='ltr'>metas</span> <span class='ocrx_word' id='word_1_562' title='bbox 1314 3919 1457 3975; x_wconf 75' lang='lat' dir='ltr'>corporeae</span> <span class='ocrx_word' id='word_1_563' title='bbox 1471 3905 1659 3962; x_wconf 89' lang='lat' dir='ltr'>restrictionis</span> <span class='ocrx_word' id='word_1_564' title='bbox 1684 3908 1827 3977; x_wconf 82' lang='lat' dir='ltr'>compellit</span> 
     </span>
     <span class='ocr_line' id='line_1_50' title="bbox 76 3993 1825 4064; baseline -0.001 -13"><span class='ocrx_word' id='word_1_565' title='bbox 76 3994 185 4061; x_wconf 85' lang='lat' dir='ltr'>Laban,</span> <span class='ocrx_word' id='word_1_566' title='bbox 208 3995 349 4064; x_wconf 88' lang='lat' dir='ltr'>Batbucli,</span> <span class='ocrx_word' id='word_1_567' title='bbox 374 4003 401 4051; x_wconf 92' lang='lat' dir='ltr'>et</span> <span class='ocrx_word' id='word_1_568' title='bbox 421 3996 516 4064; x_wconf 88' lang='lat' dir='ltr'>matri,</span> <span class='ocrx_word' id='word_1_569' title='bbox 535 4010 663 4063; x_wconf 87' lang='lat' dir='ltr'>servum,</span> <span class='ocrx_word' id='word_1_570' title='bbox 687 4000 737 4050; x_wconf 78' lang='grc'><strong>1111</strong></span> <span class='ocrx_word' id='word_1_571' title='bbox 758 3995 784 4049; x_wconf 89' lang='grc'>16</span> <span class='ocrx_word' id='word_1_572' title='bbox 805 3994 922 4064; x_wconf 83' lang='grc'><strong>661616</strong></span> <span class='ocrx_word' id='word_1_573' title='bbox 975 3995 1105 4051; x_wconf 91' lang='lat' dir='ltr'>animum</span> <span class='ocrx_word' id='word_1_574' title='bbox 1129 3995 1231 4051; x_wconf 76' lang='lat' dir='ltr'>subitae</span> <span class='ocrx_word' id='word_1_575' title='bbox 1250 3993 1567 4050; x_wconf 83' lang='grc'><strong>6616611616616116616.</strong></span> <span class='ocrx_word' id='word_1_576' title='bbox 1594 3994 1673 4059; x_wconf 84' lang='lat' dir='ltr'>Quod</span> <span class='ocrx_word' id='word_1_577' title='bbox 1697 3995 1726 4050; x_wconf 89' lang='lat' dir='ltr'>tit</span> <span class='ocrx_word' id='word_1_578' title='bbox 1745 3998 1825 4050; x_wconf 90' lang='lat' dir='ltr'>ineli-</span> 
     </span>
     <span class='ocr_line' id='line_1_51' title="bbox 76 4082 1823 4153; baseline 0.001 -13"><span class='ocrx_word' id='word_1_579' title='bbox 76 4082 141 4140; x_wconf 86' lang='grc'><strong>16116</strong></span> <span class='ocrx_word' id='word_1_580' title='bbox 154 4082 288 4152; x_wconf 90' lang='grc'><strong>66661166</strong></span> <span class='ocrx_word' id='word_1_581' title='bbox 303 4083 472 4153; x_wconf 89' lang='lat' dir='ltr'>appetitum,</span> <span class='ocrx_word' id='word_1_582' title='bbox 494 4093 521 4138; x_wconf 92' lang='grc'>61</span> <span class='ocrx_word' id='word_1_583' title='bbox 541 4084 569 4138; x_wconf 91' lang='grc'>16</span> <span class='ocrx_word' id='word_1_584' title='bbox 585 4083 777 4152; x_wconf 89' lang='lat' dir='ltr'>amplitudine</span> <span class='ocrx_word' id='word_1_585' title='bbox 795 4090 922 4140; x_wconf 89' lang='lat' dir='ltr'>contem·</span> <span class='ocrx_word' id='word_1_586' title='bbox 974 4089 1042 4138; x_wconf 92' lang='lat' dir='ltr'>nate</span> <span class='ocrx_word' id='word_1_587' title='bbox 1052 4084 1114 4152; x_wconf 81' lang='lat' dir='ltr'>jam</span> <span class='ocrx_word' id='word_1_588' title='bbox 1130 4083 1182 4148; x_wconf 85' lang='lat' dir='ltr'>die,</span> <span class='ocrx_word' id='word_1_589' title='bbox 1206 4083 1233 4138; x_wconf 90' lang='lat' dir='ltr'>id</span> <span class='ocrx_word' id='word_1_590' title='bbox 1247 4089 1289 4138; x_wconf 92' lang='lat' dir='ltr'>est</span> <span class='ocrx_word' id='word_1_591' title='bbox 1303 4083 1451 4139; x_wconf 86' lang='lat' dir='ltr'>subtracta</span> <span class='ocrx_word' id='word_1_592' title='bbox 1467 4082 1615 4152; x_wconf 90' lang='lat' dir='ltr'>paulisper</span> <span class='ocrx_word' id='word_1_593' title='bbox 1630 4083 1736 4141; x_wconf 87' lang='lat' dir='ltr'>divinae</span> <span class='ocrx_word' id='word_1_594' title='bbox 1752 4100 1823 4141; x_wconf 91' lang='lat' dir='ltr'>con-</span> 
     </span>
     <span class='ocr_line' id='line_1_52' title="bbox 74 4170 1824 4242; baseline 0.003 -17"><span class='ocrx_word' id='word_1_595' title='bbox 74 4170 813 4240; x_wconf 72' lang='grc'><strong>61611661661161666616661666666616166666,</strong></span> <span class='ocrx_word' id='word_1_596' title='bbox 839 4171 921 4226; x_wconf 81' lang='lat' dir='ltr'>vide·</span> <span class='ocrx_word' id='word_1_597' title='bbox 975 4172 1168 4241; x_wconf 84' lang='lat' dir='ltr'>temptationis</span> <span class='ocrx_word' id='word_1_598' title='bbox 1188 4171 1260 4227; x_wconf 91' lang='grc'><strong>1666.</strong></span> <span class='ocrx_word' id='word_1_599' title='bbox 1287 4170 1339 4227; x_wconf 89' lang='lat' dir='ltr'>Sed</span> <span class='ocrx_word' id='word_1_600' title='bbox 1361 4172 1534 4227; x_wconf 81' lang='grc'><strong>1616616661</strong></span> <span class='ocrx_word' id='word_1_601' title='bbox 1563 4173 1663 4238; x_wconf 89' lang='lat' dir='ltr'>oculos,</span> <span class='ocrx_word' id='word_1_602' title='bbox 1685 4172 1824 4242; x_wconf 83' lang='lat' dir='ltr'>videtque</span> 
     </span>
    </p>
   </div>
   <div class='ocr_carea' id='block_1_6' title="bbox 71 4257 921 5215">
    <p class='ocr_par' dir='ltr' id='par_1_8' title="bbox 71 4257 921 5215">
     <span class='ocr_line' id='line_1_53' title="bbox 73 4257 921 4330; baseline 0.004 -17"><span class='ocrx_word' id='word_1_603' title='bbox 73 4257 139 4315; x_wconf 92' lang='lat' dir='ltr'>licet</span> <span class='ocrx_word' id='word_1_604' title='bbox 159 4258 349 4328; x_wconf 89' lang='lat' dir='ltr'>providentia,</span> <span class='ocrx_word' id='word_1_605' title='bbox 370 4273 435 4329; x_wconf 84' lang='lat' dir='ltr'>quae</span> <span class='ocrx_word' id='word_1_606' title='bbox 451 4274 486 4315; x_wconf 91' lang='lat' dir='ltr'>ne</span> <span class='ocrx_word' id='word_1_607' title='bbox 505 4261 575 4328; x_wconf 87' lang='grc'><strong>6616</strong></span> <span class='ocrx_word' id='word_1_608' title='bbox 596 4261 682 4315; x_wconf 91' lang='lat' dir='ltr'>nimis</span> <span class='ocrx_word' id='word_1_609' title='bbox 701 4260 750 4315; x_wconf 89' lang='grc'><strong>1161</strong></span> <span class='ocrx_word' id='word_1_610' title='bbox 765 4273 921 4330; x_wconf 89' lang='lat' dir='ltr'>procurare</span> 
     </span>
     <span class='ocr_line' id='line_1_54' title="bbox 74 4346 918 4418; baseline 0.001 -16"><span class='ocrx_word' id='word_1_611' title='bbox 74 4346 185 4415; x_wconf 89' lang='lat' dir='ltr'>debeat,</span> <span class='ocrx_word' id='word_1_612' title='bbox 212 4354 239 4403; x_wconf 91' lang='lat' dir='ltr'>et</span> <span class='ocrx_word' id='word_1_613' title='bbox 263 4347 299 4402; x_wconf 87' lang='lat' dir='ltr'>ab</span> <span class='ocrx_word' id='word_1_614' title='bbox 320 4361 440 4403; x_wconf 81' lang='lat' dir='ltr'>excessu</span> <span class='ocrx_word' id='word_1_615' title='bbox 464 4355 574 4418; x_wconf 86' lang='lat' dir='ltr'>arceat;</span> <span class='ocrx_word' id='word_1_616' title='bbox 600 4364 759 4418; x_wconf 76' lang='lat' dir='ltr'>seuumque</span> <span class='ocrx_word' id='word_1_617' title='bbox 788 4349 918 4414; x_wconf 78' lang='lat' dir='ltr'>Abrabae,</span> 
     </span>
     <span class='ocr_line' id='line_1_55' title="bbox 73 4434 921 4506; baseline 0.004 -16"><span class='ocrx_word' id='word_1_618' title='bbox 73 4434 232 4506; x_wconf 88' lang='lat' dir='ltr'>appetitum</span> <span class='ocrx_word' id='word_1_619' title='bbox 255 4436 355 4505; x_wconf 90' lang='grc'><strong>611666</strong></span> <span class='ocrx_word' id='word_1_620' title='bbox 376 4436 534 4492; x_wconf 89' lang='lat' dir='ltr'>intellectui</span> <span class='ocrx_word' id='word_1_621' title='bbox 552 4437 746 4506; x_wconf 83' lang='lat' dir='ltr'>undecunque</span> <span class='ocrx_word' id='word_1_622' title='bbox 767 4437 921 4494; x_wconf 84' lang='lat' dir='ltr'>subactum</span> 
     </span>
     <span class='ocr_line' id='line_1_56' title="bbox 73 4523 921 4598; baseline 0.005 -19"><span class='ocrx_word' id='word_1_623' title='bbox 73 4537 140 4579; x_wconf 91' lang='lat' dir='ltr'>cum</span> <span class='ocrx_word' id='word_1_624' title='bbox 155 4523 298 4592; x_wconf 88' lang='lat' dir='ltr'>spirituali</span> <span class='ocrx_word' id='word_1_625' title='bbox 314 4524 456 4579; x_wconf 89' lang='lat' dir='ltr'>virtutum</span> <span class='ocrx_word' id='word_1_626' title='bbox 472 4524 587 4580; x_wconf 88' lang='lat' dir='ltr'>comitia</span> <span class='ocrx_word' id='word_1_627' title='bbox 602 4523 688 4581; x_wconf 90' lang='lat' dir='ltr'>libere</span> <span class='ocrx_word' id='word_1_628' title='bbox 704 4526 836 4597; x_wconf 90' lang='lat' dir='ltr'>progredi</span> <span class='ocrx_word' id='word_1_629' title='bbox 851 4541 921 4598; x_wconf 91' lang='lat' dir='ltr'>gau-</span> 
     </span>
     <span class='ocr_line' id='line_1_57' title="bbox 72 4611 919 4683; baseline 0.004 -15"><span class='ocrx_word' id='word_1_630' title='bbox 72 4611 150 4678; x_wconf 91' lang='lat' dir='ltr'>dent,</span> <span class='ocrx_word' id='word_1_631' title='bbox 172 4614 358 4680; x_wconf 80' lang='lat' dir='ltr'>imprecantes,</span> <span class='ocrx_word' id='word_1_632' title='bbox 379 4612 456 4681; x_wconf 91' lang='grc'><strong>6666</strong></span> <span class='ocrx_word' id='word_1_633' title='bbox 476 4621 519 4668; x_wconf 86' lang='grc'>661</span> <span class='ocrx_word' id='word_1_634' title='bbox 539 4613 691 4683; x_wconf 87' lang='lat' dir='ltr'>imprecari</span> <span class='ocrx_word' id='word_1_635' title='bbox 712 4613 847 4670; x_wconf 85' lang='lat' dir='ltr'>iacientes</span> <span class='ocrx_word' id='word_1_636' title='bbox 866 4616 919 4671; x_wconf 89' lang='lat' dir='ltr'>sibi</span> 
     </span>
     <span class='ocr_line' id='line_1_58' title="bbox 73 4700 920 4774; baseline 0.006 -19"><span class='ocrx_word' id='word_1_637' title='bbox 73 4700 126 4770; x_wconf 84' lang='lat' dir='ltr'>ipsi</span> <span class='ocrx_word' id='word_1_638' title='bbox 155 4700 292 4766; x_wconf 89' lang='lat' dir='ltr'>animam,</span> <span class='ocrx_word' id='word_1_639' title='bbox 318 4700 446 4757; x_wconf 90' lang='lat' dir='ltr'>studium</span> <span class='ocrx_word' id='word_1_640' title='bbox 474 4701 593 4757; x_wconf 85' lang='lat' dir='ltr'>meliora</span> <span class='ocrx_word' id='word_1_641' title='bbox 619 4702 746 4773; x_wconf 86' lang='lat' dir='ltr'>gerendi,</span> <span class='ocrx_word' id='word_1_642' title='bbox 778 4703 833 4759; x_wconf 92' lang='lat' dir='ltr'>sibi</span> <span class='ocrx_word' id='word_1_643' title='bbox 859 4704 920 4774; x_wconf 86' lang='lat' dir='ltr'>jam</span> 
     </span>
     <span class='ocr_line' id='line_1_59' title="bbox 72 4789 920 4862; baseline 0.005 -18"><span class='ocrx_word' id='word_1_644' title='bbox 72 4802 210 4862; x_wconf 87' lang='lat' dir='ltr'>germane</span> <span class='ocrx_word' id='word_1_645' title='bbox 231 4789 425 4859; x_wconf 87' lang='lat' dir='ltr'>conjunctam.</span> <span class='ocrx_word' id='word_1_646' title='bbox 453 4790 535 4846; x_wconf 88' lang='lat' dir='ltr'>Soror</span> <span class='ocrx_word' id='word_1_647' title='bbox 558 4795 651 4844; x_wconf 88' lang='lat' dir='ltr'>nestra</span> <span class='ocrx_word' id='word_1_648' title='bbox 674 4806 710 4845; x_wconf 88' lang='lat' dir='ltr'>cs.</span> <span class='ocrx_word' id='word_1_649' title='bbox 733 4793 774 4847; x_wconf 79' lang='lat' dir='ltr'>Ac</span> <span class='ocrx_word' id='word_1_650' title='bbox 798 4793 820 4847; x_wconf 90' lang='lat' dir='ltr'>si</span> <span class='ocrx_word' id='word_1_651' title='bbox 841 4792 920 4849; x_wconf 87' lang='lat' dir='ltr'>dice-</span> 
     </span>
     <span class='ocr_line' id='line_1_60' title="bbox 72 4876 920 4948; baseline 0.002 -14"><span class='ocrx_word' id='word_1_652' title='bbox 72 4885 154 4934; x_wconf 89' lang='lat' dir='ltr'>rent:</span> <span class='ocrx_word' id='word_1_653' title='bbox 179 4878 221 4933; x_wconf 75' lang='grc'>116</span> <span class='ocrx_word' id='word_1_654' title='bbox 245 4876 336 4933; x_wconf 85' lang='lat' dir='ltr'>divini</span> <span class='ocrx_word' id='word_1_655' title='bbox 356 4876 559 4934; x_wconf 89' lang='lat' dir='ltr'>communione</span> <span class='ocrx_word' id='word_1_656' title='bbox 581 4878 720 4948; x_wconf 89' lang='lat' dir='ltr'>germinis</span> <span class='ocrx_word' id='word_1_657' title='bbox 748 4879 836 4935; x_wconf 89' lang='lat' dir='ltr'>babes</span> <span class='ocrx_word' id='word_1_658' title='bbox 859 4894 920 4937; x_wconf 91' lang='lat' dir='ltr'>esse</span> 
     </span>
     <span class='ocr_line' id='line_1_61' title="bbox 72 4964 919 5036; baseline 0.004 -15"><span class='ocrx_word' id='word_1_659' title='bbox 72 4967 166 5022; x_wconf 87' lang='lat' dir='ltr'>virtus</span> <span class='ocrx_word' id='word_1_660' title='bbox 186 4966 352 5034; x_wconf 86' lang='lat' dir='ltr'>nobiscum3</span> <span class='ocrx_word' id='word_1_661' title='bbox 374 4964 512 5035; x_wconf 87' lang='lat' dir='ltr'>patientia</span> <span class='ocrx_word' id='word_1_662' title='bbox 530 4965 607 5020; x_wconf 90' lang='lat' dir='ltr'>enim</span> <span class='ocrx_word' id='word_1_663' title='bbox 625 4965 679 5022; x_wconf 92' lang='lat' dir='ltr'>nisi</span> <span class='ocrx_word' id='word_1_664' title='bbox 701 4980 751 5036; x_wconf 93' lang='lat' dir='ltr'>pre</span> <span class='ocrx_word' id='word_1_665' title='bbox 767 4968 822 5023; x_wconf 87' lang='lat' dir='ltr'>beo</span> <span class='ocrx_word' id='word_1_666' title='bbox 841 4968 919 5024; x_wconf 90' lang='lat' dir='ltr'>steli-</span> 
     </span>
     <span class='ocr_line' id='line_1_62' title="bbox 71 5051 919 5120; baseline 0.001 -10"><span class='ocrx_word' id='word_1_667' title='bbox 71 5053 146 5110; x_wconf 89' lang='lat' dir='ltr'>ditns</span> <span class='ocrx_word' id='word_1_668' title='bbox 163 5061 215 5120; x_wconf 88' lang='lat' dir='ltr'>est,</span> <span class='ocrx_word' id='word_1_669' title='bbox 232 5053 427 5110; x_wconf 89' lang='lat' dir='ltr'>nobilitaberis</span> <span class='ocrx_word' id='word_1_670' title='bbox 446 5051 622 5110; x_wconf 76' lang='lat' dir='ltr'>fecunditate</span> <span class='ocrx_word' id='word_1_671' title='bbox 635 5054 787 5112; x_wconf 90' lang='lat' dir='ltr'>virtutum.</span> <span class='ocrx_word' id='word_1_672' title='bbox 805 5057 919 5111; x_wconf 80' lang='lat' dir='ltr'>crescas</span> 
     </span>
     <span class='ocr_line' id='line_1_63' title="bbox 71 5141 920 5215; baseline 0.002 -18"><span class='ocrx_word' id='word_1_673' title='bbox 71 5146 101 5198; x_wconf 83' lang='lat' dir='ltr'>in</span> <span class='ocrx_word' id='word_1_674' title='bbox 115 5142 188 5196; x_wconf 85' lang='lat' dir='ltr'>mille</span> <span class='ocrx_word' id='word_1_675' title='bbox 205 5143 306 5209; x_wconf 85' lang='lat' dir='ltr'>millia,</span> <span class='ocrx_word' id='word_1_676' title='bbox 323 5141 520 5211; x_wconf 89' lang='lat' dir='ltr'>promovearis</span> <span class='ocrx_word' id='word_1_677' title='bbox 536 5141 642 5198; x_wconf 89' lang='lat' dir='ltr'>scilicet</span> <span class='ocrx_word' id='word_1_678' title='bbox 664 5144 833 5214; x_wconf 76' lang='lat' dir='ltr'>perfectione</span> <span class='ocrx_word' id='word_1_679' title='bbox 849 5144 920 5215; x_wconf 66' lang='lat' dir='ltr'>jom-</span> 
     </span>
    </p>
   </div>
   <div class='ocr_carea' id='block_1_7' title="bbox 939 4259 1824 4346">
    <p class='ocr_par' dir='ltr' id='par_1_9' title="bbox 939 4259 1824 4346">
     <span class='ocr_line' id='line_1_64' title="bbox 939 4259 1824 4346; baseline 0.002 -32"><span class='ocrx_word' id='word_1_680' title='bbox 939 4261 1069 4346; x_wconf 58' lang='grc'><strong>9666661</strong></span> <span class='ocrx_word' id='word_1_681' title='bbox 1083 4262 1206 4327; x_wconf 89' lang='lat' dir='ltr'>cameles,</span> <span class='ocrx_word' id='word_1_682' title='bbox 1223 4259 1292 4315; x_wconf 91' lang='lat' dir='ltr'>dum</span> <span class='ocrx_word' id='word_1_683' title='bbox 1307 4272 1409 4315; x_wconf 88' lang='lat' dir='ltr'>rursus</span> <span class='ocrx_word' id='word_1_684' title='bbox 1423 4273 1440 4313; x_wconf 87' lang='lat' dir='ltr'>a</span> <span class='ocrx_word' id='word_1_685' title='bbox 1454 4260 1576 4329; x_wconf 83' lang='lat' dir='ltr'>propriae</span> <span class='ocrx_word' id='word_1_686' title='bbox 1598 4275 1685 4316; x_wconf 90' lang='lat' dir='ltr'>sensu</span> <span class='ocrx_word' id='word_1_687' title='bbox 1710 4260 1824 4332; x_wconf 81' lang='lat' dir='ltr'>tragili-</span> 
     </span>
    </p>
   </div>
   <div class='ocr_carea' id='block_1_8' title="bbox 973 4346 1826 5212">
    <p class='ocr_par' dir='ltr' id='par_1_10' title="bbox 974 4346 1824 4860">
     <span class='ocr_line' id='line_1_65' title="bbox 974 4346 1824 4411; baseline -0.002 -6"><span class='ocrx_word' id='word_1_688' title='bbox 974 4348 1041 4405; x_wconf 89' lang='lat' dir='ltr'>tatis</span> <span class='ocrx_word' id='word_1_689' title='bbox 1063 4349 1097 4403; x_wconf 90' lang='lat' dir='ltr'>ad</span> <span class='ocrx_word' id='word_1_690' title='bbox 1115 4348 1219 4404; x_wconf 80' lang='lat' dir='ltr'>diuinae</span> <span class='ocrx_word' id='word_1_691' title='bbox 1237 4346 1436 4402; x_wconf 90' lang='lat' dir='ltr'>celsitudinem</span> <span class='ocrx_word' id='word_1_692' title='bbox 1453 4346 1609 4403; x_wconf 87' lang='lat' dir='ltr'>suscitatur</span> <span class='ocrx_word' id='word_1_693' title='bbox 1629 4347 1757 4411; x_wconf 87' lang='lat' dir='ltr'>visionis,</span> <span class='ocrx_word' id='word_1_694' title='bbox 1773 4347 1824 4403; x_wconf 93' lang='lat' dir='ltr'>ubi</span> 
     </span>
     <span class='ocr_line' id='line_1_66' title="bbox 975 4434 1822 4507; baseline -0.004 -15"><span class='ocrx_word' id='word_1_695' title='bbox 975 4437 1112 4493; x_wconf 79' lang='lat' dir='ltr'>redivivae</span> <span class='ocrx_word' id='word_1_696' title='bbox 1135 4434 1347 4504; x_wconf 87' lang='lat' dir='ltr'>contemplatur</span> <span class='ocrx_word' id='word_1_697' title='bbox 1369 4436 1431 4506; x_wconf 88' lang='lat' dir='ltr'>jam</span> <span class='ocrx_word' id='word_1_698' title='bbox 1450 4434 1563 4505; x_wconf 88' lang='lat' dir='ltr'>regredi</span> <span class='ocrx_word' id='word_1_699' title='bbox 1586 4434 1677 4490; x_wconf 91' lang='lat' dir='ltr'>robur</span> <span class='ocrx_word' id='word_1_700' title='bbox 1695 4434 1822 4507; x_wconf 71' lang='lat' dir='ltr'>uirtutis.</span> 
     </span>
     <span class='ocr_line' id='line_1_67' title="bbox 974 4522 1822 4593; baseline -0.007 -11"><span class='ocrx_word' id='word_1_701' title='bbox 974 4526 1092 4582; x_wconf 79' lang='lat' dir='ltr'>Cometes</span> <span class='ocrx_word' id='word_1_702' title='bbox 1107 4532 1214 4589; x_wconf 91' lang='lat' dir='ltr'>autem,</span> <span class='ocrx_word' id='word_1_703' title='bbox 1231 4524 1352 4579; x_wconf 87' lang='lat' dir='ltr'>virtutes</span> <span class='ocrx_word' id='word_1_704' title='bbox 1371 4523 1505 4590; x_wconf 89' lang='lat' dir='ltr'>dicimus,</span> <span class='ocrx_word' id='word_1_705' title='bbox 1522 4530 1549 4579; x_wconf 91' lang='lat' dir='ltr'>et</span> <span class='ocrx_word' id='word_1_706' title='bbox 1569 4523 1640 4593; x_wconf 88' lang='grc'><strong>6616</strong></span> <span class='ocrx_word' id='word_1_707' title='bbox 1660 4522 1822 4590; x_wconf 91' lang='lat' dir='ltr'>ruminant,</span> 
     </span>
     <span class='ocr_line' id='line_1_68' title="bbox 974 4610 1824 4682; baseline -0.004 -14"><span class='ocrx_word' id='word_1_708' title='bbox 974 4614 1085 4682; x_wconf 87' lang='grc'><strong>616616</strong></span> <span class='ocrx_word' id='word_1_709' title='bbox 1104 4612 1288 4677; x_wconf 79' lang='lat' dir='ltr'>enervitate,</span> <span class='ocrx_word' id='word_1_710' title='bbox 1305 4611 1333 4665; x_wconf 91' lang='lat' dir='ltr'>id</span> <span class='ocrx_word' id='word_1_711' title='bbox 1352 4619 1394 4666; x_wconf 89' lang='lat' dir='ltr'>est</span> <span class='ocrx_word' id='word_1_712' title='bbox 1411 4611 1573 4667; x_wconf 89' lang='lat' dir='ltr'>bumilitate</span> <span class='ocrx_word' id='word_1_713' title='bbox 1592 4620 1743 4680; x_wconf 90' lang='lat' dir='ltr'>vocantur,</span> <span class='ocrx_word' id='word_1_714' title='bbox 1759 4618 1788 4666; x_wconf 91' lang='lat' dir='ltr'>et</span> <span class='ocrx_word' id='word_1_715' title='bbox 1801 4610 1824 4666; x_wconf 93' lang='lat' dir='ltr'>si</span> 
     </span>
     <span class='ocr_line' id='line_1_69' title="bbox 974 4698 1824 4771; baseline -0.006 -14"><span class='ocrx_word' id='word_1_716' title='bbox 974 4700 1115 4771; x_wconf 88' lang='lat' dir='ltr'>ungulam</span> <span class='ocrx_word' id='word_1_717' title='bbox 1141 4700 1257 4770; x_wconf 83' lang='lat' dir='ltr'>quidem</span> <span class='ocrx_word' id='word_1_718' title='bbox 1284 4714 1342 4755; x_wconf 91' lang='lat' dir='ltr'>non</span> <span class='ocrx_word' id='word_1_719' title='bbox 1372 4699 1496 4767; x_wconf 83' lang='grc'><strong>1166661,</strong></span> <span class='ocrx_word' id='word_1_720' title='bbox 1523 4698 1702 4755; x_wconf 89' lang='lat' dir='ltr'>discretionis</span> <span class='ocrx_word' id='word_1_721' title='bbox 1730 4706 1824 4754; x_wconf 88' lang='lat' dir='ltr'>tamen</span> 
     </span>
     <span class='ocr_line' id='line_1_70' title="bbox 974 4786 1645 4860; baseline -0.01 -14"><span class='ocrx_word' id='word_1_722' title='bbox 974 4791 1089 4860; x_wconf 89' lang='lat' dir='ltr'>signum</span> <span class='ocrx_word' id='word_1_723' title='bbox 1105 4802 1141 4844; x_wconf 81' lang='lat' dir='ltr'>er</span> <span class='ocrx_word' id='word_1_724' title='bbox 1158 4787 1238 4859; x_wconf 89' lang='lat' dir='ltr'>gibbi</span> <span class='ocrx_word' id='word_1_725' title='bbox 1252 4788 1297 4842; x_wconf 91' lang='lat' dir='ltr'>sui</span> <span class='ocrx_word' id='word_1_726' title='bbox 1313 4788 1465 4856; x_wconf 89' lang='lat' dir='ltr'>partitione</span> <span class='ocrx_word' id='word_1_727' title='bbox 1481 4786 1645 4856; x_wconf 71' lang='lat' dir='ltr'>praeierunt.</span> 
     </span>
    </p>

    <p class='ocr_par' dir='ltr' id='par_1_11' title="bbox 973 4875 1826 5212">
     <span class='ocr_line' id='line_1_71' title="bbox 1011 4875 1826 4944; baseline -0.005 -12"><span class='ocrx_word' id='word_1_728' title='bbox 1011 4876 1096 4932; x_wconf 79' lang='lat' dir='ltr'>Vnus.</span> <span class='ocrx_word' id='word_1_729' title='bbox 1126 4876 1169 4942; x_wconf 77' lang='grc'>61,</span> <span class='ocrx_word' id='word_1_730' title='bbox 1199 4879 1243 4942; x_wconf 82' lang='grc'>66,</span> <span class='ocrx_word' id='word_1_731' title='bbox 1273 4878 1316 4930; x_wconf 89' lang='grc'>66.</span> <span class='ocrx_word' id='word_1_732' title='bbox 1347 4905 1381 4915; x_wconf 86' lang='lat'><em>-</em></span> <span class='ocrx_word' id='word_1_733' title='bbox 1403 4875 1516 4930; x_wconf 88' lang='lat' dir='ltr'>Rebecca</span> <span class='ocrx_word' id='word_1_734' title='bbox 1545 4889 1660 4943; x_wconf 87' lang='grc'><strong>666666,</strong></span> <span class='ocrx_word' id='word_1_735' title='bbox 1686 4878 1826 4944; x_wconf 87' lang='lat' dir='ltr'>conspecte</span> 
     </span>
     <span class='ocr_line' id='line_1_72' title="bbox 973 4962 1825 5032; baseline -0.007 -10"><span class='ocrx_word' id='word_1_736' title='bbox 973 4967 1051 5022; x_wconf 85' lang='lat' dir='ltr'>isaeo</span> <span class='ocrx_word' id='word_1_737' title='bbox 1078 4964 1215 5019; x_wconf 85' lang='lat' dir='ltr'>descendit</span> <span class='ocrx_word' id='word_1_738' title='bbox 1244 4965 1277 5018; x_wconf 91' lang='lat' dir='ltr'>de</span> <span class='ocrx_word' id='word_1_739' title='bbox 1295 4966 1404 5028; x_wconf 92' lang='lat' dir='ltr'>cemele,</span> <span class='ocrx_word' id='word_1_740' title='bbox 1429 4969 1454 5017; x_wconf 89' lang='lat' dir='ltr'>et</span> <span class='ocrx_word' id='word_1_741' title='bbox 1479 4967 1519 5017; x_wconf 89' lang='lat' dir='ltr'>ait</span> <span class='ocrx_word' id='word_1_742' title='bbox 1543 4962 1581 5017; x_wconf 93' lang='lat' dir='ltr'>ad</span> <span class='ocrx_word' id='word_1_743' title='bbox 1598 4978 1734 5032; x_wconf 71' lang='lat' dir='ltr'>renerum:</span> <span class='ocrx_word' id='word_1_744' title='bbox 1756 4963 1825 5028; x_wconf 86' lang='lat' dir='ltr'>Quis</span> 
     </span>
     <span class='ocr_line' id='line_1_73' title="bbox 973 5052 1826 5122; baseline -0.004 -13"><span class='ocrx_word' id='word_1_745' title='bbox 973 5058 1013 5109; x_wconf 85' lang='lat' dir='ltr'>cst</span> <span class='ocrx_word' id='word_1_746' title='bbox 1027 5055 1073 5108; x_wconf 87' lang='lat' dir='ltr'>illc</span> <span class='ocrx_word' id='word_1_747' title='bbox 1083 5054 1169 5120; x_wconf 82' lang='lat' dir='ltr'>Reme,</span> <span class='ocrx_word' id='word_1_748' title='bbox 1190 5055 1324 5122; x_wconf 85' lang='grc'><strong>66166611</strong></span> <span class='ocrx_word' id='word_1_749' title='bbox 1348 5069 1396 5122; x_wconf 86' lang='lat' dir='ltr'>per</span> <span class='ocrx_word' id='word_1_750' title='bbox 1411 5068 1509 5119; x_wconf 82' lang='lat' dir='ltr'>egium</span> <span class='ocrx_word' id='word_1_751' title='bbox 1525 5055 1554 5107; x_wconf 86' lang='lat' dir='ltr'>in</span> <span class='ocrx_word' id='word_1_752' title='bbox 1573 5067 1713 5107; x_wconf 85' lang='lat' dir='ltr'>occursum</span> <span class='ocrx_word' id='word_1_753' title='bbox 1726 5052 1826 5106; x_wconf 85' lang='lat' dir='ltr'>nobis?</span> 
     </span>
     <span class='ocr_line' id='line_1_74' title="bbox 973 5141 1825 5212; baseline -0.005 -13"><span class='ocrx_word' id='word_1_754' title='bbox 973 5144 1035 5212; x_wconf 87' lang='grc'><strong>1666</strong></span> <span class='ocrx_word' id='word_1_755' title='bbox 1058 5147 1109 5209; x_wconf 84' lang='grc'><strong>661,</strong></span> <span class='ocrx_word' id='word_1_756' title='bbox 1134 5144 1236 5212; x_wconf 77' lang='lat' dir='ltr'>inquit,</span> <span class='ocrx_word' id='word_1_757' title='bbox 1262 5143 1386 5196; x_wconf 90' lang='lat' dir='ltr'>deminus</span> <span class='ocrx_word' id='word_1_758' title='bbox 1413 5156 1493 5195; x_wconf 89' lang='lat' dir='ltr'>meus.</span> <span class='ocrx_word' id='word_1_759' title='bbox 1520 5143 1560 5194; x_wconf 83' lang='lat' dir='ltr'>At</span> <span class='ocrx_word' id='word_1_760' title='bbox 1583 5141 1629 5194; x_wconf 90' lang='lat' dir='ltr'>ille</span> <span class='ocrx_word' id='word_1_761' title='bbox 1652 5141 1746 5196; x_wconf 88' lang='lat' dir='ltr'>tollens</span> <span class='ocrx_word' id='word_1_762' title='bbox 1772 5143 1825 5195; x_wconf 89' lang='lat' dir='ltr'>cite</span> 
     </span>
    </p>
   </div>
   <div class='ocr_carea' id='block_1_9' title="bbox 71 5228 1826 5658">
    <p class='ocr_par' dir='ltr' id='par_1_12' title="bbox 71 5228 1826 5658">
     <span class='ocr_line' id='line_1_75' title="bbox 71 5228 1826 5301; baseline -0.002 -15"><span class='ocrx_word' id='word_1_763' title='bbox 71 5228 204 5300; x_wconf 90' lang='lat' dir='ltr'>nimeda;</span> <span class='ocrx_word' id='word_1_764' title='bbox 226 5231 278 5286; x_wconf 91' lang='lat' dir='ltr'>boc</span> <span class='ocrx_word' id='word_1_765' title='bbox 299 5231 376 5286; x_wconf 90' lang='lat' dir='ltr'>enim</span> <span class='ocrx_word' id='word_1_766' title='bbox 394 5231 449 5287; x_wconf 87' lang='lat' dir='ltr'>ista</span> <span class='ocrx_word' id='word_1_767' title='bbox 472 5231 661 5289; x_wconf 88' lang='lat' dir='ltr'>numerositas</span> <span class='ocrx_word' id='word_1_768' title='bbox 677 5240 768 5299; x_wconf 90' lang='lat' dir='ltr'>sonat,</span> <span class='ocrx_word' id='word_1_769' title='bbox 788 5241 816 5288; x_wconf 90' lang='grc'>61</span> <span class='ocrx_word' id='word_1_770' title='bbox 831 5248 920 5288; x_wconf 87' lang='lat' dir='ltr'>semen</span> <span class='ocrx_word' id='word_1_771' title='bbox 970 5232 1088 5301; x_wconf 85' lang='lat' dir='ltr'>pellium</span> <span class='ocrx_word' id='word_1_772' title='bbox 1101 5233 1208 5299; x_wconf 75' lang='lat' dir='ltr'>enauit</span> <span class='ocrx_word' id='word_1_773' title='bbox 1222 5246 1258 5285; x_wconf 80' lang='lat' dir='ltr'>se.</span> <span class='ocrx_word' id='word_1_774' title='bbox 1286 5232 1384 5286; x_wconf 87' lang='lat' dir='ltr'>Seruus</span> <span class='ocrx_word' id='word_1_775' title='bbox 1406 5233 1496 5282; x_wconf 85' lang='lat' dir='ltr'>antem</span> <span class='ocrx_word' id='word_1_776' title='bbox 1516 5236 1612 5284; x_wconf 85' lang='lat' dir='ltr'>cuneta</span> <span class='ocrx_word' id='word_1_777' title='bbox 1632 5245 1693 5299; x_wconf 83' lang='lat' dir='ltr'>quse</span> <span class='ocrx_word' id='word_1_778' title='bbox 1705 5233 1826 5298; x_wconf 80' lang='lat' dir='ltr'>gesserat</span> 
     </span>
     <span class='ocr_line' id='line_1_76' title="bbox 73 5317 1826 5391; baseline -0.002 -16"><span class='ocrx_word' id='word_1_779' title='bbox 73 5319 148 5375; x_wconf 84' lang='lat' dir='ltr'>bona</span> <span class='ocrx_word' id='word_1_780' title='bbox 174 5318 273 5389; x_wconf 84' lang='lat' dir='ltr'>procul</span> <span class='ocrx_word' id='word_1_781' title='bbox 300 5317 388 5391; x_wconf 83' lang='lat' dir='ltr'>dubie</span> <span class='ocrx_word' id='word_1_782' title='bbox 423 5333 510 5388; x_wconf 86' lang='lat' dir='ltr'>opera</span> <span class='ocrx_word' id='word_1_783' title='bbox 540 5328 590 5377; x_wconf 90' lang='lat' dir='ltr'>tua</span> <span class='ocrx_word' id='word_1_784' title='bbox 619 5321 792 5391; x_wconf 84' lang='lat' dir='ltr'>possideant,</span> <span class='ocrx_word' id='word_1_785' title='bbox 820 5321 848 5377; x_wconf 91' lang='grc'>16</span> <span class='ocrx_word' id='word_1_786' title='bbox 878 5329 921 5379; x_wconf 85' lang='grc'>661</span> <span class='ocrx_word' id='word_1_787' title='bbox 972 5321 1100 5374; x_wconf 87' lang='lat' dir='ltr'>narrauit</span> <span class='ocrx_word' id='word_1_788' title='bbox 1117 5321 1203 5374; x_wconf 88' lang='lat' dir='ltr'>isaac.</span> <span class='ocrx_word' id='word_1_789' title='bbox 1230 5320 1344 5375; x_wconf 87' lang='lat' dir='ltr'>Rebecca</span> <span class='ocrx_word' id='word_1_790' title='bbox 1370 5317 1547 5387; x_wconf 90' lang='lat' dir='ltr'>conspiciens</span> <span class='ocrx_word' id='word_1_791' title='bbox 1569 5319 1659 5387; x_wconf 86' lang='lat' dir='ltr'>Isaac,</span> <span class='ocrx_word' id='word_1_792' title='bbox 1685 5319 1826 5374; x_wconf 82' lang='lat' dir='ltr'>descendit</span> 
     </span>
     <span class='ocr_line' id='line_1_77' title="bbox 72 5406 1825 5478; baseline -0.001 -14"><span class='ocrx_word' id='word_1_793' title='bbox 72 5407 231 5478; x_wconf 84' lang='lat' dir='ltr'>subjugent</span> <span class='ocrx_word' id='word_1_794' title='bbox 253 5411 349 5476; x_wconf 82' lang='lat' dir='ltr'>pertas</span> <span class='ocrx_word' id='word_1_795' title='bbox 366 5408 540 5462; x_wconf 86' lang='lat' dir='ltr'>inimicorum</span> <span class='ocrx_word' id='word_1_796' title='bbox 559 5423 680 5475; x_wconf 87' lang='lat' dir='ltr'>suerum,</span> <span class='ocrx_word' id='word_1_797' title='bbox 701 5406 771 5463; x_wconf 85' lang='lat' dir='ltr'>vitia</span> <span class='ocrx_word' id='word_1_798' title='bbox 795 5407 919 5478; x_wconf 86' lang='lat' dir='ltr'>proiecto</span> <span class='ocrx_word' id='word_1_799' title='bbox 973 5408 1128 5472; x_wconf 86' lang='grc'><strong>66666616,</strong></span> <span class='ocrx_word' id='word_1_800' title='bbox 1143 5407 1214 5463; x_wconf 90' lang='lat' dir='ltr'>dnm</span> <span class='ocrx_word' id='word_1_801' title='bbox 1236 5406 1372 5477; x_wconf 87' lang='lat' dir='ltr'>patientia</span> <span class='ocrx_word' id='word_1_802' title='bbox 1387 5407 1496 5464; x_wconf 89' lang='lat' dir='ltr'>visione</span> <span class='ocrx_word' id='word_1_803' title='bbox 1519 5406 1621 5463; x_wconf 87' lang='lat' dir='ltr'>intima</span> <span class='ocrx_word' id='word_1_804' title='bbox 1643 5408 1825 5478; x_wconf 86' lang='lat' dir='ltr'>perpendens</span> 
     </span>
     <span class='ocr_line' id='line_1_78' title="bbox 72 5494 1824 5569; baseline 0.001 -18"><span class='ocrx_word' id='word_1_805' title='bbox 72 5494 919 5567; x_wconf 78' lang='grc'><strong>6666661616616166(66666116616116166616,6616111161</strong></span> <span class='ocrx_word' id='word_1_806' title='bbox 973 5510 1061 5567; x_wconf 90' lang='lat' dir='ltr'>super</span> <span class='ocrx_word' id='word_1_807' title='bbox 1083 5494 1219 5564; x_wconf 72' lang='lat' dir='ltr'>caelestia,</span> <span class='ocrx_word' id='word_1_808' title='bbox 1244 5508 1328 5551; x_wconf 90' lang='lat' dir='ltr'>omne</span> <span class='ocrx_word' id='word_1_809' title='bbox 1349 5495 1379 5550; x_wconf 92' lang='lat' dir='ltr'>in</span> <span class='ocrx_word' id='word_1_810' title='bbox 1400 5509 1430 5552; x_wconf 91' lang='lat' dir='ltr'>se</span> <span class='ocrx_word' id='word_1_811' title='bbox 1451 5495 1513 5565; x_wconf 87' lang='lat' dir='ltr'>ipsa</span> <span class='ocrx_word' id='word_1_812' title='bbox 1538 5495 1654 5553; x_wconf 88' lang='lat' dir='ltr'>virtutis</span> <span class='ocrx_word' id='word_1_813' title='bbox 1674 5495 1824 5569; x_wconf 77' lang='lat' dir='ltr'>fastigium</span> 
     </span>
     <span class='ocr_line' id='line_1_79' title="bbox 71 5581 1826 5658; baseline 0 -17"><span class='ocrx_word' id='word_1_814' title='bbox 71 5582 170 5656; x_wconf 89' lang='lat' dir='ltr'>vulgo,</span> <span class='ocrx_word' id='word_1_815' title='bbox 187 5583 410 5642; x_wconf 83' lang='lat' dir='ltr'>antonomastice</span> <span class='ocrx_word' id='word_1_816' title='bbox 429 5589 568 5641; x_wconf 82' lang='lat' dir='ltr'>notantur</span> <span class='ocrx_word' id='word_1_817' title='bbox 584 5583 700 5642; x_wconf 91' lang='lat' dir='ltr'>nomine</span> <span class='ocrx_word' id='word_1_818' title='bbox 713 5583 918 5657; x_wconf 65' lang='grc' dir='ltr'>Ι1616166666</span> <span class='ocrx_word' id='word_1_819' title='bbox 974 5583 1091 5658; x_wconf 86' lang='lat' dir='ltr'>propria</span> <span class='ocrx_word' id='word_1_820' title='bbox 1117 5581 1306 5640; x_wconf 75' lang='lat' dir='ltr'>estimatione</span> <span class='ocrx_word' id='word_1_821' title='bbox 1337 5581 1453 5654; x_wconf 86' lang='lat' dir='ltr'>deponit</span> <span class='ocrx_word' id='word_1_822' title='bbox 1485 5599 1545 5641; x_wconf 94' lang='lat' dir='ltr'>non</span> <span class='ocrx_word' id='word_1_823' title='bbox 1571 5597 1633 5642; x_wconf 84' lang='lat' dir='ltr'>esse</span> <span class='ocrx_word' id='word_1_824' title='bbox 1667 5583 1826 5658; x_wconf 87' lang='lat' dir='ltr'>condignas</span> 
     </span>
    </p>
   </div>
   <div class='ocr_carea' id='block_1_10' title="bbox 0 0 1914 6008">
    <p class='ocr_par' dir='ltr' id='par_1_13' title="bbox 0 0 1914 6008">
     <span class='ocr_line' id='line_1_80' title="bbox 0 0 1914 6008; baseline 0 2"><span class='ocrx_word' id='word_1_825' title='bbox 0 0 1914 6008; x_wconf 95' lang='lat' dir='ltr'> </span> 
     </span>
    </p>
   </div>
  </div>
 </body>
</html>
