3818 6008
93 217 127 277 8³
543 219 572 274 V.
593 217 757 275 adiuuari
776 215 969 274 abbatiss.
994 215 1112 274 nanim
1132 214 1179 273 DE
1200 214 1395 275 nortberto
1808 219 1838 275 al
1862 162 1866 209 Ι

94 352 231 409 scientem
255 349 358 422 pieque
384 350 541 422 ignoscere,
567 349 702 407 babitans
723 348 754 407 in
777 357 852 407 terra
877 364 939 421 pro
957 351 980 405 Α
995 356 1110 406 vocatos
1128 349 1174 407 sui
1199 349 1348 407 occasione
1372 349 1511 408 devocare
1531 335 1610 408 solet.
1639 352 1766 420 Umorem,
1793 351 1838 420 air,
1868 337 1871 420 [

95 439 192 510 lugus,
223 439 314 510 ligens
345 439 452 495 scilicet
488 439 517 494 in
555 439 675 496 terronis
709 439 851 506 animum,
887 455 940 496 nec
995 438 1078 505 daci;
1107 443 1132 493 et
1161 439 1220 494 idco
1249 455 1302 494 aaa
1333 454 1442 507 possum
1469 444 1561 495 conire
1597 442 1670 508 (lac.
1700 442 1838 511 anatol:

97 527 175 584 illam
205 540 338 598 quaerens
362 526 517 593 civitatem,
546 526 631 598 cujus
663 527 760 598 opilcx
793 535 834 584 est
866 529 943 585 licus
996 528 1075 585 Uxor
1091 535 1186 584 autem
1203 527 1265 583 baec
1279 537 1319 583 est
1336 527 1467 596 rol-iptas
1481 543 1541 599 qua
1555 528 1585 584 in
1603 528 1770 586 transitoria
1785 543 1840 600 pos

97 616 191 689 (Hebe.
207 629 247 683 xi,
267 618 319 683 ill),
336 615 448 672 becrens
468 615 584 683 intimis,
606 616 655 672 sed
677 617 786 688 ubique
806 615 941 673 vitiorum
996 615 1120 671 sessione
1134 616 1259 672 etlaude
1281 617 1475 684 convellitur,
1501 616 1565 673 licet
1587 616 1643 673 alia
1667 616 1794 684 simulet,
1818 626 1842 674 et

96 703 261 776 diiiugiens,
298 719 357 774 quo
386 703 507 761 seminat
539 703 668 772 allectus,
704 713 838 762 versatur
867 705 943 761 circa
996 702 1298 760 sincerioraalicctare
1318 703 1460 761 videatur.
1487 704 1567 762 Unde
1587 713 1614 761 et
1640 705 1726 776 paulo
1748 704 1842 762 subter
1899 767 1909 782 Ἰ

96 793 263 850 οιιιιιιιιιπι
279 792 394 863 plagam
416 793 507 860 Eden,
535 792 613 863 quod
644 793 849 863 interpretatur
872 793 942 848 deli·
996 791 1125 862 ejusdem
1148 791 1218 848 Cain
1247 792 1431 863 generatione
1454 799 1588 849 contexta
1611 792 1718 850 Noema
1744 793 1843 849 mulier

97 883 212 937 ciorum.
238 880 302 938 Non
323 880 413 951 igitur
438 880 468 936 in
493 880 611 947 oriente,
638 887 670 936 ut
703 881 737 937 de
757 880 944 938 orientalibus
996 888 1129 936 extrema
1143 880 1291 947 attexitur,
1306 882 1506 951 quaeooluptoa
1521 881 1842 952 interpretatnr‚inqua

97 975 182 1036 esset,
198 968 274 1025 iuter
294 981 369 1039 quos
393 983 517 1039 magnus
540 976 602 1024 erat
625 968 686 1035 lob,
704 969 806 1026 elueri
822 968 945 1026 Orientis
998 966 1093 1023 linaiis
1108 968 1294 1038 reproborum
1312 969 1431 1026 intentio
1453 970 1615 1026 denotatur.
1641 970 1722 1025 lianc
1736 985 1842 1041 cogno·

99 1057 403 1120 luminelustraretur.
419 1058 468 1114 sed
483 1057 520 1112 od
535 1059 691 1112 orientalem
705 1058 827 1126 plagam,
856 1057 882 1113 id
904 1065 945 1114 est
998 1056 1050 1112 scit
1071 1056 1205 1127 quisquis
1229 1071 1278 1126 pro
1307 1056 1459 1113 dulcedine
1490 1057 1673 1128 praesentium
1700 1058 1843 1128 postponit

100 1146 136 1202 ad
161 1145 373 1202 simulationem
399 1145 565 1201 intentionis
587 1159 697 1211 eorum,
727 1160 852 1215 quorum
874 1160 945 1201 con·
999 1144 1205 1202 beatitudinem
1240 1145 1416 1213 luturorum,
1453 1147 1526 1202 banc
1557 1147 1714 1217 cognoscit,
1744 1147 1843 1202 misere
1906 1207 1909 1210 Α

99 1233 224 1290 versatio
240 1235 269 1290 in
293 1234 371 1289 omlis
390 1240 432 1289 est
452 1233 561 1303 lPltilip.
588 1248 628 1299 iu,
652 1233 705 1300 l0)‚
722 1233 830 1304 quibus
848 1232 946 1290 vivere
999 1234 1101 1304 utique
1114 1234 1272 1304 experitur,
1289 1234 1339 1304 qui
1361 1234 1384 1290 si
1402 1248 1513 1305 semper
1535 1235 1641 1291 durare
1656 1235 1753 1305 possit,
1770 1249 1842 1291 nun·
1877 1221 1893 1228 ”

100 1321 232 1380 Christus
249 1328 291 1377 est
306 1321 415 1390 (Philip.
432 1337 451 1389 1,
467 1321 521 1386 ill.
539 1321 650 1377 Deliciae
670 1328 764 1378 autem
779 1328 945 1378 sanctorum
1000 1336 1088 1393 quam
1104 1321 1182 1377 aliud
1195 1321 1336 1394 'sectilem
1356 1336 1386 1378 sc
1400 1323 1472 1378 velle
1490 1323 1603 1379 latetur.
1622 1323 1690 1379 lude
1711 1323 1842 1393 concipit,
1869 1388 1870 1395 ρ
1892 1391 1909 1404 ⁴

100 1417 169 1466 aunt
189 1423 271 1465 sacra
292 1409 418 1480 eloquia,
440 1409 469 1465 in
492 1410 599 1480 quibus
617 1424 646 1466 se
671 1410 851 1480 potissimum
875 1410 948 1467 dele·
999 1421 1027 1466 ct
1048 1411 1124 1480 parit
1147 1410 1273 1478 Honocb,
1295 1410 1323 1466 id
1343 1419 1397 1480 est,
1418 1411 1623 1480 dedicationem,
1641 1412 1712 1482 quia
1738 1418 1843 1475 tantus,
1868 1397 1909 1468 Ἰ

27 1490 29 1494 ’
100 1497 289 1568 clariaeque
309 1511 343 1554 ca
366 1505 488 1554 tractare
512 1498 634 1555 libenter
656 1504 809 1565 ostentant,
835 1506 863 1555 et
882 1499 948 1554 inde
1000 1506 1098 1555 ettam
1115 1498 1249 1569 pestilens
1269 1499 1369 1555 mundi
1385 1513 1466 1555 arnor
1479 1499 1581 1556 mentis
1602 1499 1630 1555 in
1655 1500 1738 1556 nobis
1761 1498 1844 1555 elllcit
1869 1503 1909 1559 Ι

101 1586 258 1657 hypocritae
280 1585 481 1657 spiritualibus
507 1601 537 1644 sc
566 1586 720 1658 Scripturae
746 1586 838 1655 dictis,
864 1586 947 1658 quasi
1001 1586 1236 1656 obstinationem3
1253 1585 1374 1644 iacimus
1395 1587 1471 1644 enirn
1489 1587 1704 1654 dedicationem,
1730 1601 1796 1644 cum
1812 1585 1843 1642 ad
1869 1592 1909 1662 μ

101 1674 229 1745 quadam
249 1674 381 1731 orientali
397 1675 459 1732 luce
480 1675 648 1732 clarilicant.
672 1676 704 1731 In
728 1675 771 1732 bis
794 1675 902 1732 deliciis
918 1677 948 1732 lu
968 1646 1100 1733 Bsaecull
1124 1675 1331 1732 oblectamenta
1352 1683 1569 1746 perseveranter
1602 1677 1728 1732 amanda
1759 1674 1846 1731 animi
1871 1663 1909 1749 μ’

101 1762 220 1821 Cantica
251 1763 356 1819 amoris
383 1777 487 1834 sponsa
513 1763 676 1818 charissima
706 1770 826 1820 vocatur
852 1764 945 1832 (Cant.
1003 1764 1181 1821 ostendimus
1210 1763 1450 1821 obfirmationem.
1468 1767 1503 1820 lit
1523 1764 1672 1833 edificavit
1690 1766 1844 1821 ciuitatem:
1871 1755 1909 1821 Ἰ

27 1860 30 1864 ·
102 1867 152 1917 vn,
175 1851 213 1923 6).
240 1852 320 1910 Unde
343 1852 418 1909 idem
443 1866 510 1908 cum
534 1858 647 1908 terrena
670 1866 788 1922 prorsus
812 1859 840 1908 et
863 1866 950 1923 opera
1004 1855 1031 1907 et
1048 1856 1154 1908 occavit
1169 1853 1338 1922 nomenoius
1356 1869 1390 1909 ce
1405 1855 1512 1908 nomiae
1525 1854 1579 1921 {ilii
1601 1855 1646 1907 sui
1666 1853 1783 1907 Henocb.
1805 1851 1849 1908 Ci·
1873 1858 1909 1930 ι

101 1939 190 1997 totius
220 1940 403 1997 obscuritatis
438 1939 580 2007 allectent,
615 1941 651 1996 de
683 1940 806 1998 videndo
836 1942 892 1998 Deo
923 1948 949 1998 et
1005 1939 1345 2007 vitasaediiicarur,cum
1369 1940 1422 1997 sibi
1443 1940 1580 1997 similium
1603 1939 1711 1996 bomini
1734 1939 1849 1995 cuilibet
1874 1946 1909 1997 Ι

101 2027 342 2097 contemplatione
357 2028 513 2084 caelestium
535 2026 679 2084 subtiliter
692 2027 862 2098 eloquendo,
878 2042 911 2085 ac
926 2029 950 2084 si
1006 2043 1131 2100 nequam
1146 2029 1378 2086 conventiculum
1401 2035 1586 2101 aggregatur.
1612 2032 1655 2085 Ec
1671 2044 1777 2083 nomiae
1799 2028 1849 2091 tilii
1875 2036 1909 2110 ς

102 2115 256 2187 cujusdam
285 2116 462 2186 voluptuose
476 2116 657 2173 claritudinis
678 2116 949 2188 gloriacircnmlusi
1006 2125 1099 2184 vocat,
1121 2131 1187 2174 cum
1211 2119 1245 2173 ad
1267 2118 1395 2175 eamdem
1423 2118 1538 2188 pessimi
1566 2118 1703 2189 propositi
1725 2116 1850 2172 destina·
1876 2109 1909 2190 ’ς

103 2203 204 2260 intima
231 2217 283 2260 sua
303 2204 422 2275 palliare
439 2205 540 2271 solent,
564 2212 592 2262 et
616 2205 703 2261 verbo
726 2205 858 2274 praelerre
884 2205 952 2263 libet
1006 2205 1111 2263 tionem
1129 2205 1311 2277 impaenitens
1329 2206 1499 2278 sequacium
1521 2220 1570 2262 cor
1591 2212 1736 2276 provocat.
1764 2205 1850 2261 llulta
1887 2215 1909 2284 q

103 2292 181 2364 quod
198 2293 343 2351 mentibus
355 2293 425 2350 atris
437 2307 624 2364 nequaquam
639 2294 776 2363 sapiendo
791 2298 877 2364 patet.
1006 2309 1092 2365 super
1113 2295 1158 2351 bis
1188 2302 1217 2352 et
1240 2295 1416 2366 quibusdam
1441 2310 1506 2366 quae
1529 2301 1694 2364 sequuntur
1716 2293 1849 2356 dicerem,
1891 2301 1909 2350 Ι

140 2380 225 2438 Vnus.
244 2382 287 2437 tt.
311 2413 345 2423 -
369 2383 503 2450 Cognovit
522 2387 612 2438 actem
634 2383 707 2436 Gaio
728 2397 840 2437 acorem
862 2397 950 2449 saum,
1006 2384 1062 2441 nisi
1086 2384 1201 2441 beatum
1226 2384 1423 2454 Augustinum
1449 2390 1476 2440 et
1509 2383 1626 2438 Petrum
1650 2380 1766 2452 aliquos
1790 2381 1851 2438 inde
1896 2371 1909 2441 i

104 2486 164 2541 qaae
177 2470 307 2541 concepit,
323 2475 349 2525 et
366 2473 472 2541 peperit
486 2472 601 2526 llenoclt.
627 2470 704 2526 Licet
728 2471 765 2526 ad
784 2471 951 2527 orientalem
1006 2480 1143 2530 tractasse
1158 2473 1267 2528 scirem.
1283 2473 1334 2528 llic
1349 2480 1445 2529 autem
1460 2477 1487 2527 et
1503 2470 1574 2527 alias
1594 2469 1701 2525 evitari
1717 2470 1851 2526 llcbrreo-
1895 2480 1909 2550 p

106 2557 274 2615 deliciarum
311 2566 419 2628 partem
447 2558 516 2615 Cain
544 2558 670 2615 habitari
695 2559 838 2626 videatur,
866 2558 952 2616 babet
1007 2574 1072 2617 cnm
1088 2559 1422 2631 nominumcongericm.

105 2653 203 2703 tarneu
224 2661 355 2716 uxorem,
390 2646 467 2704 illam
492 2646 598 2705 seilicet
623 2663 689 2718 quae
708 2647 744 2703 ad
767 2662 878 2704 carenam
903 2647 951 2704 Dei

646 2814 797 2857 EXPLlCl'I'
820 2814 916 2857 LIBER
937 2813 1112 2858 SECUNDUS
1135 2814 1322 2857 molismum.

700 3128 877 3202 ruerem
905 3128 1046 3202 creua
1074 3127 1277 3201 nunnius

509 3325 937 3432 MORALIUM
985 3325 1066 3429 IN
1115 3325 1464 3430 GENESIN.

977 3613 1109 3669 Cruento
1123 3613 1249 3682 ponitur,
1271 3620 1298 3670 et
1318 3614 1454 3670 scribitur
1469 3613 1592 3670 linaliter
1614 3629 1663 3684 per
1687 3615 1714 3670 d.
1741 3615 1858 3671 Percus-

452 3667 569 3726 CAPUT
586 3667 618 3723 V·
1014 3715 1064 3758 sus
1090 3708 1186 3757 autem
1215 3701 1363 3757 rationalis
1389 3709 1431 3757 est
1459 3702 1583 3769 animus,
1615 3703 1664 3774 qui
1700 3703 1728 3759 in
1753 3703 1807 3760 lob
1835 3712 1861 3759 et

149 3801 198 3853 ss
213 3797 299 3853 Vnus.
315 3795 360 3852 3¹.
376 3822 410 3834 -
429 3793 484 3848 Noc
501 3805 561 3846 cam
585 3793 793 3860 quingentorum
814 3795 884 3845 esset
907 3806 960 3845 aa·
1016 3789 1133 3859 psalmis
1143 3790 1262 3860 sagittas
1276 3790 1328 3846 sibi
1345 3789 1451 3846 iniixas
1471 3791 1692 3865 passibilitatum
1717 3793 1860 3863 queritur,

112 3899 218 3952 nomm,
247 3884 342 3952 genuit
370 3882 439 3947 Sem
472 3879 566 3944 ciram,
592 3884 618 3934 et
648 3878 776 3948 lapbctb.
812 3876 870 3934 Noe
906 3877 961 3934 luit
1014 3885 1042 3934 et
1055 3878 1245 3934 tentationum
1264 3878 1369 3948 jaculis
1393 3887 1560 3948 penetratur
1582 3880 1641 3950 (lob
1657 3895 1695 3946 vr,
1720 3880 1752 3951 ⁴3
1780 3881 1861 3936 Psoi.

114 3973 191 4031 lilius
201 3970 332 4028 Lamech.
345 3967 467 4024 bamccb
478 3966 628 4036 disciplina
640 3966 761 4036 dicitur3
773 3965 830 4022 Noe
842 3968 958 4034 requies.
1015 3980 1123 4032 xxxvu,
1140 3969 1177 4034 3).
1194 3965 1288 4021 lsdcm
1303 3980 1422 4036 quoque
1437 3968 1568 4038 percutit.
1582 3982 1648 4024 cum
1662 3969 1864 4039 ingruentibus

115 4061 156 4118 Ex
173 4059 325 4129 disciplina
339 4070 407 4128 crgo
432 4054 548 4129 requies
560 4054 664 4122 oritur,
680 4068 746 4124 qum
767 4053 820 4109 etsi
834 4053 862 4108 in
884 4067 960 4123 prae-
1015 4053 1125 4110 lortiter
1149 4068 1250 4110 earum
1281 4054 1416 4110 molestiis
1445 4055 1633 4126 repugnando
1657 4056 1772 4112 resistit.
1797 4058 1864 4114 'Noe

114 4148 188 4206 senti
205 4147 334 4204 maeroris
352 4151 404 4209 est,
422 4142 636 4213 pacatissimum
651 4149 748 4198 tamen
770 4141 896 4198 lructum
912 4141 959 4211 ju·
1015 4147 1124 4208 autem,
1147 4142 1225 4212 quod
1255 4149 1297 4198 est
1319 4142 1444 4213 requies,
1473 4143 1574 4214 gignit,
1595 4158 1661 4200 curn
1677 4144 1712 4198 ad
1736 4143 1864 4200 victoriae

115 4235 199 4294 stitiae
219 4233 318 4291 reddet
340 4230 503 4288 exercitatis
527 4230 557 4286 iu
583 4243 617 4286 ea
641 4229 734 4298 (debr.
759 4242 809 4297 xn,
832 4228 886 4292 ll).
910 4229 961 4284 In·
1016 4229 1254 4300 tranquillitatem
1283 4230 1421 4299 pervenit.
1453 4231 1553 4298 Habet,
1592 4231 1723 4302 inquam,
1749 4233 1865 4302 requies

115 4320 370 4384 tellectualisenim
392 4320 444 4376 istc
459 4319 581 4375 Lamecb
604 4317 645 4374 sic
670 4317 705 4373 de
727 4317 785 4374 Noe
806 4331 873 4373 cum
894 4331 961 4373 eum
1016 4317 1070 4372 ista
1087 4316 1209 4388 gradum
1225 4317 1306 4387 prius
1328 4331 1431 4387 nempe
1454 4319 1584 4375 exterius
1610 4320 1647 4375 ab
1671 4332 1753 4389 opere
1775 4333 1864 4390 pravo

116 4415 233 4482 generat
256 4407 317 4464 ait:
350 4409 403 4462 iste
432 4407 615 4463 consolabitur
641 4421 689 4461 nos
716 4405 963 4475 cooperientem
1016 4405 1193 4476 quiescimus
1216 4404 1343 4472 demum,
1376 4404 1424 4461 sed
1450 4405 1535 4462 valde
1558 4407 1704 4463 dilicilius
1726 4415 1822 4464 tannen
1848 4422 1865 4462 a

116 4498 256 4554 laboribus
280 4511 410 4552 manuum
431 4501 586 4551 nostrorum
608 4497 639 4549 io
661 4499 744 4560 terra,
760 4497 804 4548 coi
817 4494 963 4549 maledicit
1018 4507 1152 4563 perversa
1176 4493 1349 4562 cogitatione
1368 4506 1523 4549 cessamus.
1552 4494 1634 4550 Unde
1656 4497 1865 4565 quingentorum

120 4587 251 4642 Dominus
267 4587 347 4652 (Gen.
362 4601 388 4651 r,
399 4584 452 4652 29).
468 4583 540 4641 llam
557 4596 623 4639 curn
638 4595 690 4652 per
706 4581 877 4638 exercitium
898 4595 962 4638 cer-
1017 4597 1149 4637 annorum
1163 4582 1217 4637 Noe
1232 4580 1410 4650 perbihetur.
1437 4581 1492 4637 Per
1515 4581 1684 4652 quinarium
1708 4596 1863 4639 numerum

117 4672 234 4731 tamiuis
248 4674 401 4730 devenitur
414 4672 499 4729 etiam
521 4672 551 4727 in
576 4672 629 4728 boc
652 4671 756 4727 saeculo
777 4671 814 4727 ad
834 4671 962 4741 requiem
1016 4668 1197 4727 exterioritas
1206 4669 1243 4724 ob
1257 4668 1389 4739 quinque
1402 4662 1515 4726 sensus'
1528 4670 1679 4740 accipitur,
1701 4684 1751 4740 per
1774 4677 1865 4726 cente

117 4762 305 4832 aliquantulae
319 4760 566 4833 impassibilitatis,
580 4766 650 4815 tnnc
674 4772 775 4815 revera
790 4758 859 4826 Noe,
876 4773 962 4829 quem
1017 4757 1133 4814 narium
1159 4756 1292 4826 perlectio
1309 4757 1464 4829 liguratur,
1489 4758 1565 4829 quod
1590 4765 1633 4814 cst
1653 4758 1805 4814 exterioris
1821 4758 1866 4814 be

117 4850 270 4921 complexu
298 4850 456 4920 disciplinae
490 4848 655 4921 genuimus,
679 4846 844 4904 consolatur
867 4861 919 4903 nos
945 4860 962 4902 a
1019 4845 1114 4903 nelicii
1129 4844 1307 4916 plenitudine
1331 4859 1493 4916 anequam
1517 4846 1620 4903 studiis
1644 4857 1764 4903 cessare.
1789 4847 1865 4903 Anni

118 4939 259 5010 perpessis
282 4936 440 5004 laboribus,
466 4935 546 5002 dum,
574 4949 630 4991 non
651 4948 746 4991 aerem
766 4933 960 5002 verberantes,
982 4906 1116 4990 Dautern
1136 4934 1303 4991 divinorum
1327 4933 1447 5001 lumina,
1469 4942 1497 4991 et
1521 4934 1681 4991 hilaritates
1702 4933 1865 4991 ciliciorum

117 5027 154 5083 ad
169 5026 279 5097 aliquid
289 5025 412 5097 imperii,
426 5024 471 5081 vel
488 5023 594 5094 quietis
609 5022 787 5094 pertigimus,
803 5025 832 5077 et
851 5021 963 5077 exube—
1016 5030 1095 5088 sunt,
1123 5023 1231 5094 quibus
1256 5022 1309 5079 iste
1337 5024 1440 5080 mentis
1468 5029 1570 5090 status,
1602 5022 1652 5093 qui
1682 5023 1711 5079 in
1741 5023 1865 5078 canticis

118 5114 328 5185 rantiagratiae
345 5121 429 5170 terrae
450 5110 617 5179 maledictis,
641 5111 669 5167 id
696 5116 738 5166 est
758 5108 963 5166 deiectionibus
1017 5110 1137 5167 doridus
1165 5110 1272 5168 dicitur
1299 5111 1433 5169 Ecclesiae
1468 5110 1566 5178 lectus,
1604 5111 1739 5181 impletur
1768 5111 1862 5179 (cant.

117 5202 260 5272 mirporeis
288 5200 568 5271 superexcrevimus.
600 5197 653 5254 Sed
681 5197 789 5268 gradus
821 5196 962 5267 quosdam
1016 5197 1104 5267 qli).
1695 5236 1704 5250 ,

119 5287 660 5363 babetbaecrequies.1liciturautern
686 5283 819 5350 banrccb,
844 5284 962 5353 quando
1053 5286 1085 5342 ln
1104 5287 1157 5343 boc
1184 5287 1281 5358 itaque
1305 5287 1428 5345 sabbato
1455 5287 1586 5359 gignitur
1613 5288 1687 5355 scm,
1710 5287 1811 5353 libam,
1837 5294 1865 5342 et

118 5376 213 5447 perat
232 5375 377 5444 scribitur,
398 5375 537 5432 Hebraico
553 5387 721 5444 percussam,
745 5371 790 5427 vel
809 5373 962 5442 percotim-
1016 5375 1148 5445 Japbelb.
1165 5375 1228 5432 Seni
1246 5375 1632 5445 interpretaturmominatm;
1648 5374 1677 5430 in
1700 5389 1760 5445 quo
1784 5373 1864 5429 intel-

117 5469 171 5520 tcm
184 5478 301 5532 sonare;
316 5465 492 5535 disciplinam
506 5475 574 5519 vero
594 5468 718 5528 tantum,
745 5474 813 5516 cum
833 5473 885 5530 ριο
905 5460 962 5517 ele·
1017 5461 1118 5534 ligitur
1139 5463 1219 5530 tides,
1248 5463 1299 5520 ubi
1328 5476 1432 5519 nomen
1467 5463 1545 5533 quod
1570 5462 1756 5520 benedicetur
1778 5474 1865 5531 super
