3818 6008
72 259 125 314 aab
517 249 548 304 ll.
568 247 737 305 antbenrt
760 246 906 302 ABllthS
924 245 952 302 S.
974 244 1096 302 MARIAE
1115 245 1161 300 hit
1180 241 1377 300 novtunnto
1769 238 1822 292 tet

70 403 186 447 sensum
204 388 255 459 qui
271 387 300 442 in
324 383 545 456 presentiarum
564 381 788 452 persentiscitur,
806 393 869 448 spes
882 378 918 434 de
936 381 959 435 Α
975 377 1160 445 nujuscemodi
1174 377 1344 442 cortaioium3
1360 371 1443 427 valde
1457 370 1533 427 enim
1544 370 1664 426 horrent
1679 369 1775 424 latuos
1793 367 1822 421 in

71 478 207 548 sospitate
225 475 372 532 tribuitur.
395 473 491 539 (Vsus.
509 469 566 540 98.)
581 470 676 539 Sospes
698 474 747 534 est,
769 468 916 538 inquiunt,
973 466 1025 522 hoc
1041 466 1148 521 munda
1163 479 1192 520 se
1208 463 1268 519 lieri
1282 469 1399 532 propter
1411 459 1572 517 Christum.

71 581 163 621 serens
179 570 251 619 tuus.
269 565 332 632 lpse
354 574 422 616 sane
435 572 547 625 servus,
564 559 611 614 cui
632 566 806 613 aeternorum
830 557 918 626 impe·
1010 556 1095 612 Vsus.
1112 558 1157 621 33,
1182 556 1226 609 ti.
1241 583 1278 596 -
1299 553 1432 609 sederunt
1453 565 1515 617 erqo
1539 563 1627 603 coram
1653 563 1692 614 ec,
1717 548 1821 616 primo-

72 660 117 711 rat
132 652 286 723 appetitus.
311 651 345 705 tit
361 650 498 703 incurvati
519 661 615 701 rursus
628 661 687 700 eum
706 644 833 710 adorant,
849 645 920 714 quia
973 649 1080 714 qereitus
1091 650 1176 714 guala
1188 644 1371 712 primogenita
1385 655 1445 706 sua,
1465 644 1491 693 et
1509 640 1639 692 minimus
1652 637 1739 705 jueta
1756 639 1823 689 aeta·

73 742 124 812 qui
156 741 248 812 primo
272 746 367 794 mente
391 736 610 801 descenderant,
636 732 781 790 evidentia
803 732 918 788 demam
975 740 1027 789 tem
1052 749 1138 788 suam.
1170 735 1206 787 Et
1227 732 1401 786 mirabantur
1427 729 1520 792 nimis,
1551 727 1667 795 sumptis
1696 724 1824 794 partibus

72 831 166 900 operis
204 829 330 884 lructum
365 833 508 895 conceptae
549 822 722 878 humilitatis
760 821 918 876 insinuant.
974 837 1043 892 quas
1057 822 1091 875 ab
1106 837 1135 875 eo
1150 819 1480 889 acceperant2may'orque
1492 831 1559 886 pars
1575 817 1650 869 venit
1664 813 1821 882 Beniamin,

72 918 148 973 Eum
162 924 257 972 autem
282 922 325 970 est
344 913 475 980 adorare,
500 912 690 969 reuerentiam
705 910 849 979 proposito
871 922 921 977 per
975 913 1016 965 ita
1031 916 1061 964 ut
1084 912 1203 978 quinque
1223 908 1352 979 partibus
1372 905 1519 960 excederet.
1537 904 1638 957 Coram
1661 915 1690 956 ec
1711 900 1822 968 sedent,

73 1005 166 1063 olsscia
182 1004 316 1074 prebere.
340 1002 421 1059 Unde
445 1001 481 1056 ab
504 999 641 1070 Apostolo
661 998 748 1054 laceb
771 997 861 1068 virgae
876 997 921 1051 la·
973 999 1043 1055 dum
1054 1012 1112 1069 quo
1127 996 1252 1067 amplius
1270 995 1371 1065 loseph
1385 1007 1451 1051 vere
1465 999 1568 1049 auctus
1583 990 1718 1060 intelligit
1732 989 1822 1060 quid-

72 1094 189 1165 stigium
209 1091 311 1162 loseph
327 1091 434 1146 dicitur
448 1091 580 1146 adorasse
595 1088 687 1158 (ltebr.
704 1101 744 1154 xi,
755 1088 813 1154 tl).

108 1227 195 1284 Vttns.
220 1228 265 1280 29.
282 1254 319 1267 -
334 1223 471 1279 Attollens
494 1227 584 1276 aulam
606 1221 710 1291 Josept
729 1219 829 1287 oculas,
849 1217 922 1272 videt

73 1317 217 1385 ijamin
232 1318 349 1382 tratrem
364 1328 442 1367 suum
457 1312 602 1375 uterinum,
615 1315 640 1365 et
652 1313 692 1365 ait
707 1325 713 1364 :
729 1307 785 1364 Iste
800 1312 840 1363 est
859 1309 921 1374 sra-

74 1409 114 1459 ter
138 1407 226 1458 uester
247 1404 385 1466 minimus,
407 1401 440 1454 cle
464 1415 516 1468 quo
542 1399 677 1452 dixeratis
700 1397 787 1451 mitit
814 1394 922 1451 attollit

72 1493 171 1556 oculas,
193 1491 263 1546 ditm
287 1489 323 1544 ab
354 1489 418 1543 inus
447 1487 620 1557 profectibus
645 1485 818 1541 intentiones
838 1483 923 1554 erigit

75 1580 111 1636 ad
126 1592 274 1648 supernos.
298 1576 382 1633 Videt
398 1578 515 1642 tratrem
529 1578 677 1638 celerinum,
690 1573 761 1642 quia
776 1571 923 1642 perspica-

74 1667 144 1724 citer
161 1666 307 1722 attendere
330 1663 436 1720 sullicit
459 1662 517 1731 spei
537 1669 652 1717 aeterna
676 1660 802 1716 fructum
818 1673 854 1714 ex
874 1672 965 1742 suss

75 1754 259 1826 percalcans
282 1752 415 1808 Ecclesia
436 1757 534 1806 secum
560 1763 625 1806 vere
650 1750 748 1804 matris
766 1745 923 1816 exemplari

76 1851 158 1900 utero
184 1841 324 1913 genitum,
354 1841 479 1895 dexterae
504 1837 635 1894 videlicet
658 1837 760 1892 hlium.
789 1838 845 1892 ista
871 1843 922 1903 cst,

76 1931 181 2003 iuquit,
202 1931 261 2000 spei
281 1936 386 1985 sanctae
410 1927 563 1993 subtilitas,
581 1939 670 1997 quam
691 1926 807 1996 quidem
832 1923 926 1979 hacte-

76 2035 132 2076 nus
146 2032 216 2074 aure
241 2026 324 2073 tenus
339 2017 429 2086 attigi,
452 2015 500 2071 sed
515 2030 595 2071 nune
617 2014 743 2084 primum
766 2012 924 2068 exhibitam

76 2106 202 2177 experiri
218 2106 288 2177 quid
311 2106 404 2174 sapiat
424 2104 526 2159 merui.
549 2105 631 2168 llaec,
649 2116 735 2172 penes
756 2116 841 2172 quem
857 2100 926 2156 talia

75 2197 184 2265 valent,
209 2198 371 2250 misercatur
395 2195 444 2260 tut,
466 2207 531 2262 quae
553 2194 624 2262 quia
646 2205 683 2247 ex
703 2204 765 2246 meo
781 2188 926 2245 intellectu

78 2283 259 2355 processeris,
278 2283 372 2338 laeum
398 2280 546 2351 vicemque
568 2280 645 2350 apud
671 2294 717 2335 nte
739 2279 847 2335 obtinet
862 2278 924 2346 dlii,

77 2388 136 2430 non
160 2372 273 2429 leminea
288 2371 407 2437 desidia,
427 2369 474 2426 sed
490 2369 651 2425 masculina
673 2367 820 2424 alacritate
837 2366 926 2438 digna

77 2461 182 2518 notari.
221 2459 318 2531 (Vsus.
356 2461 413 2525 ab.)
444 2458 674 2525 Festinavitque,
704 2456 771 2525 quia
796 2459 926 2509 commota

76 2552 188 2617 sueram
211 2551 316 2602 viscera
339 2545 397 2618 ey'us
421 2561 503 2614 super
528 2547 617 2611 fratre
637 2559 695 2607 suo,
712 2548 737 2598 et
751 2543 927 2612 erumpebant

78 2638 213 2706 lacryma.
230 2640 257 2690 et
278 2637 409 2689 introiens
430 2633 582 2687 calliculam
597 2634 680 2700 fleuit.
700 2631 834 2698 Festinat,
855 2630 924 2686 dum

79 2725 116 2782 ad
135 2737 262 2794 superna
289 2736 355 2792 quae
382 2720 466 2777 semel
497 2722 634 2790 gustavit,
665 2725 808 2789 properat.
839 2718 928 2788 Super

78 2815 168 2880 fratre
181 2813 287 2866 viscera
308 2815 470 2871 moventur,
494 2815 522 2864 et
546 2807 651 2863 interni
676 2805 844 2863 incrementi
863 2814 927 2862 stu-

78 2899 158 2955 dium
188 2912 275 2968 super
294 2910 395 2954 eorum
414 2895 465 2966 qui
478 2894 538 2966 jnm
563 2896 599 2950 ad
628 2894 752 2951 caelestia
775 2900 927 2950 transeunt

79 2986 257 3044 fraternitate
278 2985 424 3051 incitatur,
447 2998 513 3040 cum
529 2997 559 3038 se
573 2984 602 3037 in
623 2981 745 3037 miseriis
761 2981 851 3051 posito
875 2981 925 3051 ipsi
946 2981 966 3036 C

79 3090 146 3131 cum
168 3075 224 3130 Deo
240 3072 410 3144 glorientur.
432 3073 571 3138 lacrymae
589 3076 755 3138 erumpunt,
771 3083 838 3125 cum
856 3067 925 3124 inte-

80 3163 149 3220 riori
166 3175 225 3233 qua
239 3159 420 3217 infundimur
433 3159 527 3231 gratia
540 3158 729 3227 exuberante,
742 3159 856 3215 interna
866 3171 928 3227 pro

77 3251 169 3322 posita
190 3250 226 3306 ad
240 3247 431 3305 exhibitiones
453 3261 487 3304 ac
509 3247 532 3304 si
547 3247 687 3303 violenter
712 3246 861 3316 prodeunt.
878 3247 926 3302 ln-

80 3343 178 3394 troiens
193 3341 223 3394 ia
237 3337 388 3393 cubiculum
407 3335 466 3406 liet,
484 3350 551 3392 cum
576 3335 606 3391 in
628 3335 724 3391 abdito
746 3334 927 3392 conscientiae

80 3425 214 3485 desiderii
229 3435 310 3483 tenor
323 3425 423 3481 terret.

115 3560 202 3618 Vrsae.
218 3563 263 3627 bl,
278 3561 321 3614 32.
337 3588 372 3598 -
386 3559 544 3626 Rursusque
564 3559 620 3612 lota
633 3558 705 3625 facie
717 3571 850 3629 eqressus,
864 3573 925 3612 con-

975 1087 1046 1158 quid
1067 1087 1208 1143 bonarum
1229 1085 1317 1140 menti
1341 1083 1453 1154 adjacet
1477 1081 1688 1147 tortitudinum,
1715 1079 1826 1148 pariter

905 1220 910 1230 .
975 1189 1088 1232 necesm
1102 1182 1154 1241 est,
1176 1175 1236 1244 ipso
1251 1172 1442 1244 spiritualiter
1454 1177 1596 1241 pascente,
1613 1182 1643 1223 se
1659 1167 1824 1223 humilient.

976 1260 1079 1317 Sedere
1115 1273 1219 1330 nempe
1255 1257 1403 1314 humiliari
1435 1254 1590 1327 signillcat.
1624 1255 1826 1321 Primoqcaitas

977 1349 1174 1421 primogenitis
1189 1348 1250 1404 suis
1269 1347 1405 1409 adhaeret,
1422 1359 1489 1401 cum
1506 1344 1592 1399 homo
1614 1340 1733 1397 interior
1752 1346 1824 1394 158

977 1438 1028 1510 qui
1045 1437 1167 1507 perlecta
1188 1437 1279 1505 primo
1303 1435 1338 1490 ad
1361 1435 1411 1490 Dei
1435 1432 1590 1503 imaginem
1615 1429 1749 1485 conditus
1772 1437 1825 1492 est,

976 1527 1175 1597 spiritualibus
1188 1525 1279 1588 bonis,
1297 1538 1363 1594 quae
1384 1530 1411 1578 et
1427 1523 1488 1592 ipsa
1503 1519 1649 1590 primitiva
1664 1524 1828 1574 noscuntur

977 1615 1089 1670 assidet.
1111 1613 1173 1669 Non
1188 1614 1265 1669 enim
1287 1612 1382 1667 caruis
1408 1607 1561 1665 maceratio
1590 1606 1682 1678 primo
1704 1605 1825 1669 homini,

979 1703 1028 1758 sed
1053 1716 1098 1758 res
1121 1701 1288 1773 spiritualis,
1312 1699 1476 1754 obedientia
1499 1697 1605 1752 scilieet
1623 1695 1754 1765 injuncta
1770 1701 1824 1748 est.

978 1792 1108 1847 Mittimus
1127 1803 1195 1845 vero
1215 1791 1300 1857 juata
1315 1792 1421 1842 atatem
1447 1786 1534 1853 sedet,
1549 1798 1615 1840 cum
1638 1785 1722 1839 homo
1745 1790 1826 1838 exte-

980 1880 1039 1934 rior
1053 1878 1176 1935 debitam
1192 1876 1318 1946 corporis
1331 1876 1367 1931 ab
1383 1875 1426 1930 sui
1438 1875 1534 1929 adhuc
1551 1872 1696 1929 lubricum
1712 1880 1828 1940 tempus

980 1967 1181 2023 abstinentiam
1195 1965 1301 2035 explet.
1316 1961 1548 2032 corruptibilitas
1562 1968 1657 2017 autem
1671 1960 1733 2030 ipsa
1747 1972 1828 2015 nuuc

978 2056 1041 2126 ejus
1053 2063 1095 2110 cst
1109 2063 1188 2120 aetas,
1205 2052 1307 2109 tribuit
1322 2052 1369 2107 cui
1382 2050 1469 2107 sessio
1484 2056 1574 2105 metas
1604 2049 1750 2105 Mirantur
1763 2046 1830 2102 inde

979 2146 1071 2208 nimis,
1087 2143 1157 2214 quia
1167 2143 1217 2213 qui
1233 2139 1463 2197 extraordinarie
1479 2138 1588 2208 pridem
1603 2137 1679 2192 intra
1693 2142 1720 2191 et
1744 2143 1829 2190 extra

980 2246 1104 2303 quaque
1138 2232 1310 2296 habuerant,
1340 2229 1547 2298 obstupescunt
1575 2223 1716 2280 miraculo
1746 2235 1830 2278 novae

981 2319 1070 2390 hujus
1081 2317 1278 2375 institutionis.
1292 2317 1417 2388 Sumptis¹
1425 2314 1552 2384 partibas
1570 2328 1638 2382 quas
1654 2312 1688 2367 ab
1700 2327 1730 2366 eo
1751 2326 1829 2365 accc-

977 2415 1087 2478 perant,
1102 2405 1191 2477 major
1204 2421 1270 2475 pars
1288 2405 1432 2474 Beniamin
1446 2405 1530 2469 uenit,
1546 2402 1617 2473 quia
1641 2403 1716 2457 iuter
1730 2399 1830 2456 otunia

980 2495 1088 2566 quibus
1101 2493 1296 2565 temporaliter
1307 2494 1335 2548 in
1351 2493 1459 2549 virtute
1474 2498 1663 2562 augmentum
1673 2488 1828 2552 sumimus,

981 2584 1072 2641 multo
1092 2582 1184 2653 maior
1206 2589 1247 2638 est
1262 2581 1407 2638 electionis
1430 2581 1549 2636 dextera
1570 2592 1660 2649 quam
1682 2584 1828 2648 optamus.

981 2673 1023 2729 lbi
1047 2686 1173 2742 namque
1196 2671 1304 2726 divinae
1330 2668 1476 2725 filiationis
1497 2675 1539 2724 est
1560 2680 1679 2723 munus.
1705 2666 1830 2735 Quinque

979 2762 1107 2832 partibus
1136 2758 1259 2826 excellit,
1285 2757 1430 2829 quidquid
1450 2755 1527 2812 enirn
1543 2755 1675 2825 quinque
1693 2753 1828 2810 sensibus

981 2849 1109 2920 corporis
1134 2847 1197 2918 capi
1226 2853 1325 2919 potest,
1362 2859 1479 2915 prorsus
1507 2843 1629 2899 excedit.
1660 2842 1758 2913 Ipsum
1786 2849 1828 2898 est

982 2946 1061 2999 sane,
1078 2933 1154 3001 Quod
1163 2936 1255 2989 oculus
1273 2933 1419 2998 concidit,
1435 2948 1482 2987 nee
1495 2935 1571 2987 auris
1586 2932 1695 2986 audien
1709 2932 1737 3001 (l
1762 2933 1826 2985 Cor.

980 3036 1010 3086 u,
1033 3021 1070 3092 9),
1093 3029 1146 3077 etc.
1170 3021 1355 3092 Biberunlque
1375 3026 1401 3076 et
1425 3020 1555 3075 inebriati
1581 3024 1645 3074 sunl
1671 3034 1763 3074 ceram
1787 3033 1825 3074 ea.

981 3109 1054 3166 lllud
1079 3110 1203 3180 prolecto
1229 3110 1330 3166 vinum
1363 3109 1441 3180 quod
1467 3107 1592 3163 laetificat
1619 3120 1669 3163 cor
1703 3105 1827 3162 hominis

979 3197 1062 3269 (Psat.
1080 3213 1138 3263 cur,
1156 3197 1210 3267 lb),
1225 3205 1253 3253 ct
1268 3197 1414 3252 malorum
1435 3195 1576 3276 oblivione
1596 3200 1720 3262 serenat,
1732 3203 1761 3252 et
1776 3195 1827 3250 hoc

980 3300 1077 3342 eoram
1101 3300 1143 3354 eo,
1173 3286 1203 3342 in
1232 3285 1279 3342 illo
1300 3284 1384 3356 plane
1407 3286 1497 3342 beata
1520 3282 1784 3350 intellectualitatis,
1801 3289 1827 3338 et

979 3378 1094 3430 aeternae
1109 3374 1353 3446 augmentationis
1368 3372 1541 3444 spectaculo.

1286 3472 1402 3529 CAPUT
1421 3469 1520 3528 xutv.

1015 3559 1101 3616 Vsus.
1120 3563 1144 3627 l,
1160 3561 1186 3613 2.
1207 3588 1243 3600 -
1256 3560 1386 3630 Praecepit
1403 3564 1493 3614 autem
1518 3557 1619 3628 loseph
1643 3556 1827 3627 dispensatori

80 3651 163 3704 tinuit
176 3664 214 3714 se,
230 3653 255 3703 et
276 3650 318 3701 ait
342 3663 349 3702 ε
374 3649 468 3702 Ponite
478 3661 575 3716 partes.
592 3647 695 3714 Quibus
708 3648 842 3716 appositis
857 3661 927 3700 seor·
979 3663 1038 3716 sue,
1064 3648 1176 3704 dicens:
1195 3648 1283 3718 lmple
1310 3661 1400 3703 saccos
1415 3663 1505 3702 eorum
1527 3647 1674 3717 frumento,
1695 3650 1827 3715 wantum

79 3753 139 3793 eum
165 3736 275 3806 loseph,
299 3744 324 3791 et
344 3749 462 3789 seorsum
485 3734 632 3802 fratribus,
661 3736 797 3804 AEqypta'is
821 3749 927 3805 quoqne
978 3740 1092 3806 possunt
1112 3751 1206 3805 capere
1224 3739 1249 3790 el
1269 3751 1342 3805 pone
1363 3737 1511 3805 pecuniam
1529 3736 1559 3788 in
1579 3735 1736 3788 summitate
1757 3732 1828 3788 sacci

79 3829 128 3896 qui
152 3826 328 3881 uescebantur
349 3837 468 3878 seorsum
483 3823 621 3892 (illicitum
645 3829 685 3878 est
704 3824 775 3878 enim
788 3824 926 3891 AEqyptiis
979 3824 1158 3892 singulorum.
1181 3824 1317 3894 Scyphum
1333 3813 1423 3879 autem
1441 3837 1527 3878 meam
1547 3825 1714 3891 argenteum,
1727 3825 1754 3875 et
1765 3835 1826 3890 pre-

79 3913 214 3969 comedere
237 3927 296 3966 cum
319 3911 459 3978 Hebraeis).
484 3913 600 3966 llursum
624 3909 723 3968 laeiem
749 3911 925 3978 latratuum
980 3915 1049 3968 tium
1070 3911 1143 3981 quod
1166 3912 1251 3979 dedit,
1279 3928 1346 3981 pone
1371 3916 1401 3965 iu
1423 3927 1468 3966 ore
1489 3914 1562 3966 sacci
1582 3911 1714 3980 junioris.
1746 3909 1826 3965 Ratio

80 4011 144 4074 post
162 4001 392 4072 compunctionis
417 4001 589 4056 munditiam
615 4000 809 4070 intelligentia
831 3999 876 4055 vis
890 3999 926 4055 ab
980 4011 1087 4071 nostra,
1112 4015 1178 4072 quae
1193 4009 1220 4057 et
1244 4002 1364 4072 spiritus
1382 4000 1498 4068 dicitur,
1522 3999 1636 4055 interna
1658 4006 1688 4055 et
1705 4005 1827 4055 externa

79 4091 159 4147 omni
176 4090 272 4146 laudis
286 4089 415 4160 appetitu
428 4096 580 4159 sepurgat.
595 4087 748 4158 Egreditur
761 4095 788 4144 et
800 4087 927 4144 continet
979 4091 1159 4161 dispensans,
1184 4103 1282 4147 saccos
1297 4103 1405 4160 asperae
1429 4088 1517 4159 lunius
1540 4085 1718 4144 carnalitatis
1735 4085 1826 4142 divini

80 4193 119 4248 se,
135 4191 202 4235 cum
218 4177 247 4233 iu
262 4191 347 4246 opera
363 4177 518 4247 procedens
532 4190 549 4231 a
565 4176 799 4232 latoribusarcet
811 4175 926 4232 buxum
980 4181 1124 4237 lcumento
1137 4179 1258 4245 consilii,
1276 4186 1418 4249 quantum
1433 4176 1598 4234 hnmanitas
1614 4175 1723 4232 divinis
1738 4181 1827 4246 potest

80 4266 260 4339 cogitationis
283 4279 376 4322 vanae.
397 4264 600 4335 Dispensatriei
621 4265 822 4335 mysteriorum
836 4265 924 4321 ratio·
946 4267 1075 4326 ltlnlciri
1099 4266 1220 4338 legibus,
1245 4266 1359 4335 opplere
1379 4265 1519 4335 jubetnr3
1543 4271 1571 4321 et
1588 4264 1617 4320 in
1635 4263 1696 4334 ipso
1717 4277 1827 4334 sugge-

81 4356 112 4412 ui
127 4362 159 4411 ut
173 4362 261 4425 ponat
271 4352 331 4424 iam
347 4367 436 4425 panes
458 4353 632 4423 praecipitur,
657 4351 821 4424 quianam
846 4367 927 4409 mens
981 4356 1091 4425 stionis,
1111 4370 1145 4411 ae
1166 4355 1190 4411 si
1205 4368 1319 4411 summo
1342 4354 1433 4416 aditu.
1459 4367 1548 4409 sacrae
1569 4350 1728 4408 sententias
1750 4349 1826 4407 Scri-

81 4445 164 4516 plene
179 4442 373 4513 restringitur,
395 4449 463 4498 tunc
483 4455 571 4511 panes
590 4447 618 4496 et
639 4441 799 4511 gratiarum
819 4448 846 4498 at
860 4443 927 4498 rita
980 4453 1072 4515 pturae
1099 4443 1222 4516 singulis
1255 4441 1461 4499 tentationibus
1486 4448 1687 4512 congruentes,
1722 4453 1827 4510 ponere

82 4532 182 4589 merito
196 4530 331 4602 gustandi
355 4536 552 4600 apponuntur.
573 4528 697 4584 Seorsum
720 4530 823 4601 loseph
838 4544 926 4602 appo·
980 4533 1144 4600 mandatur,
1165 4531 1272 4588 nedum
1297 4530 1325 4585 iu
1349 4529 1457 4585 divinis
1480 4528 1690 4600 aliquantisper
1714 4527 1827 4584 dilatari

81 4628 202 4687 huntur,
225 4619 297 4690 quia
313 4618 397 4689 longe
416 4617 503 4673 altius
515 4617 676 4687 spiritualia
691 4616 864 4674 charismata
879 4631 926 4673 ca·

80 4709 203 4779 piantur
224 4708 261 4764 ab
285 4706 429 4786 intellectu
453 4705 541 4777 (uude
564 4712 591 4762 at
614 4706 717 4777 loseph
742 4712 827 4777 typus
852 4706 926 4777 ejus,

81 4799 287 4866 interpretatur
306 4794 455 4865 adaugens)
480 4807 569 4865 quam
597 4807 614 4849 a
641 4794 761 4851 rationis
785 4793 925 4860 motibus,

980 4619 1164 4692 permittitur,
1181 4633 1338 4691 pravorum
1354 4618 1405 4689 qui
1420 4632 1487 4674 mox
1501 4617 1640 4689 subsequi
1657 4616 1750 4673 solent
1765 4629 1829 4672 mo-

981 4717 1064 4766 tuum
1080 4708 1204 4764 nimium
1224 4707 1258 4763 de
1278 4707 1381 4778 sejam
1406 4705 1458 4761 fisa
1472 4705 1671 4762 obliviscatur.
1697 4703 1828 4775 Scyphos

980 4797 1084 4868 loseph
1104 4805 1268 4869 argenteus,
1293 4795 1367 4852 sacri
1392 4794 1498 4865 eloquii
1513 4802 1556 4851 cst
1577 4792 1779 4850 intellectualis
1802 4795 1829 4847 et

81 4885 152 4955 quia
166 4884 202 4940 ab
217 4883 316 4940 eadem
332 4890 400 4940 sunt
415 4883 512 4939 anima
532 4882 620 4954 geniti
642 4881 787 4939 tratribus.
812 4881 929 4939 Intelle—
981 4885 1157 4957 anagogicus
1186 4898 1297 4942 sensus.
1314 4885 1341 4940 ls
1364 4882 1483 4954 ponitur
1498 4884 1527 4936 in
1546 4896 1591 4937 arc
1612 4882 1686 4935 sacci
1695 4879 1827 4950 iunioris,

81 4980 145 5030 etus
163 4973 268 5029 etenim
289 4972 324 5026 ad
347 4971 456 5040 divina,
482 4971 554 5027 ratio
568 4971 681 5041 proprie
704 4971 805 5028 attinet
827 4971 862 5026 ad
876 4970 928 5026 hu·
980 4988 1047 5029 cum
1060 4973 1197 5030 inseritur
1210 4972 1290 5028 initio
1305 4972 1430 5029 subortae
1440 4967 1655 5041 desperationis,
1673 4964 1830 5038 quaeralde

80 5073 179 5116 mana.
204 5059 329 5130 AEgyptii
353 5067 461 5126 annm,
486 5059 634 5116 secularis
655 5059 787 5116 videlicet
803 5058 928 5115 scientiae
982 5063 1111 5119 imminet
1127 5063 1186 5132 spei
1207 5060 1391 5132 prolectibus,
1413 5059 1463 5116 lilii
1490 5058 1598 5115 scilicet
1619 5055 1710 5113 nostri
1734 5054 1828 5112 subti-

82 5147 209 5213 babitus,
225 5162 344 5203 seorsum
366 5154 435 5204 sunt
455 5148 580 5218 penitus,
602 5149 673 5218 quia
694 5162 746 5204 nec
766 5147 928 5218 quidquam
982 5150 1071 5218 liaris,
1091 5158 1118 5206 et
1132 5150 1195 5206 ideo
1210 5148 1360 5207 charioris.
1386 5147 1518 5204 Minimas
1536 5146 1614 5203 euim
1636 5144 1755 5200 charius
1770 5155 1830 5198 am·

82 5241 206 5291 tractare
220 5234 369 5304 divinitus,
391 5250 445 5293 nee
466 5236 553 5306 probe
568 5235 680 5308 aliquid
693 5235 855 5292 discernere
871 5236 929 5291 hu·
982 5237 1145 5308 plectimur,
1166 5245 1194 5294 et
1208 5251 1260 5293 nos
1277 5235 1370 5307 magis
1391 5234 1541 5306 diligimus
1565 5233 1642 5304 quad
1667 5243 1828 5304 speramus.

82 5321 178 5378 manis
192 5330 300 5379 norunt
318 5323 354 5379 de
375 5323 514 5390 moribus,
536 5331 564 5380 et
587 5324 649 5380 ideo
672 5338 731 5377 cum
754 5323 883 5390 Hebraeis,
900 5323 928 5379 id
981 5325 1050 5395 Spes
1063 5325 1149 5382 etiarn
1172 5332 1284 5382 nostros
1298 5323 1372 5380 tilios
1396 5323 1566 5380 vocitamus.
1592 5321 1720 5377 Pretium
1749 5318 1825 5391 quod

81 5417 124 5466 est
139 5408 240 5464 ntundi
265 5411 477 5477 transitoribus,
494 5412 593 5466 nullus
609 5425 676 5467 cum
696 5410 838 5481 AEgyptiis
853 5410 929 5465 rele-
982 5413 1059 5468 dedit
1073 5415 1183 5483 pariter
1196 5417 1226 5468 ia
1241 5414 1314 5468 sacci
1327 5428 1371 5467 ore
1386 5411 1513 5481 ponitur,
1530 5409 1601 5481 quia
1618 5422 1684 5479 spes
1703 5421 1831 5479 praesen-

81 5497 187 5554 ctionis
206 5496 328 5554 iuterna
341 5497 417 5554 valet
436 5511 498 5554 esse
514 5498 602 5555 locus.
618 5501 656 5555 ut
668 5501 815 5570 protanam
830 5505 930 5568 pretium
983 5502 1066 5568 tium,
1082 5514 1169 5571 quam
1187 5501 1319 5572 deposuit
1331 5499 1438 5557 fiducia
1452 5497 1631 5565 luturorum,
1648 5511 1748 5569 pravae
1764 5496 1830 5552 illa·
