3818 6008
575 195 758 253 lionauhtt
779 197 812 252 ld
832 197 979 253 Genusia
1000 195 1066 252 hin.
1090 197 1133 252 lx.
1665 205 1717 259 282

65 331 120 401 ipsi
133 329 278 400 appetitus
297 343 364 385 cum
386 329 447 386 suis
462 329 595 399 stimulis,
612 332 762 402 quidpiam
784 335 1027 403 uilliconum,
1051 333 1157 405 inquit,
1182 335 1301 402 Pharao,
1330 335 1431 404 absque
1455 341 1499 392 tuo
1529 341 1642 407 imperio
1664 355 1718 394 non

56 420 148 476 icatur
166 418 332 486 virtuosiuS,
353 425 380 474 el
394 419 472 488 quod
493 419 585 491 magis
599 419 648 475 nei
672 428 815 492 congruat
871 423 987 479 monebit
1011 426 1158 492 quisquam
1183 437 1295 477 monum
1318 424 1474 493 autpedcm
1504 428 1532 480 in
1560 432 1615 481 totu
1644 433 1718 482 terra

56 509 84 565 ni
96 508 225 565 invenire
241 520 330 576 quam
346 505 520 563 intellectum
535 507 587 578 qui
603 514 642 563 tot
657 508 816 565 incommo-
871 515 993 583 AEqupti.
1009 513 1070 583 Ego
1089 512 1261 568 naturaliter
1275 527 1340 569 curn
1361 513 1415 569 sim
1435 512 1557 571 levitatis
1575 523 1603 571 et
1625 516 1718 573 malo-

58 598 134 654 alent
159 596 238 654 solus
265 594 426 652 obsistere?
454 595 550 666 (Vens.
574 597 631 667 39.)
660 599 731 662 Quin
753 613 816 665 erqo
871 614 938 656 rum
958 608 1106 670 appetens,
1133 599 1190 656 tuis
1212 613 1229 654 a
1250 600 1334 656 modo
1357 600 1494 671 imperiis,
1519 617 1571 659 uec
1591 607 1622 657 in
1643 610 1717 659 terre

56 685 84 740 lit
97 687 147 740 tibi
167 689 235 740 Deus
251 700 310 754 que
331 686 433 739 locutus
448 699 495 754 es;
510 684 539 740 id
554 693 596 742 est
611 685 684 755 quia
700 686 816 757 ingenio
870 691 995 761 AEqppti
1008 703 1137 759 corpore,
1161 688 1267 744 scilicet
1288 689 1467 758 corruptibili
1484 692 1562 760 quod
1576 700 1717 764 aggravat

56 774 137 831 niues
156 774 342 845 providentiae
361 774 450 830 abeo
470 773 522 831 tibi
543 775 619 841 dato,
645 776 716 845 quia
738 776 815 832 euim
870 779 997 834 animam
1015 777 1090 848 (sep.
1111 791 1150 844 nr,
1166 776 1220 847 lh),
1235 777 1329 847 peden
1351 776 1518 846 allectionis,
1544 784 1593 834 ciet
1606 797 1718 836 manuni

57 863 180 930 dbaeres,
196 877 274 919 unns
296 861 416 932 spiritus
433 876 473 918 es.
500 862 598 930 (Vnus.
623 862 681 934 to.)
700 863 741 917 Tu
761 865 816 919 cris
870 866 1043 936 operationis
1058 874 1191 922 moturus
1204 873 1246 922 est
1257 865 1389 937 deinceps
1403 867 1475 923 eitra
1488 868 1717 926 convenientiam

63 950 173 1006 donum
192 967 288 1018 mecm,
305 950 332 1005 id
353 958 395 1006 εει
412 956 438 1005 ιε
456 949 605 1019 praeleram
625 951 745 1017 mundo,
761 951 816 1008 do·
870 961 961 1009 tuam.

56 1040 194 1112 quondam
215 1053 293 1106 meae,
311 1037 437 1108 quamsi
459 1036 519 1094 iilia
540 1039 625 1110 Regis
642 1053 703 1096 esse
717 1040 814 1108 velim,
908 1042 992 1099 Vnus.
1007 1043 1052 1097 te.
1068 1072 1102 1081 —
1121 1044 1260 1112 vertitque
1279 1058 1374 1098 nornen
1392 1043 1478 1111 itlius,
1494 1050 1520 1100 et
1537 1049 1643 1101 occurit
1656 1062 1717 1102 eum

58 1128 98 1185 sci
120 1128 226 1199 jubeor
251 1127 340 1199 (Prot.
365 1141 441 1195 xciv,
469 1130 510 1194 ll,
535 1127 589 1198 li),
616 1127 687 1198 quia
710 1128 817 1185 veteris
871 1132 967 1199 linqua
989 1133 1132 1201 AEqypttu,
1157 1131 1325 1186 scientem
1342 1132 1447 1187 meandi.
1476 1134 1566 1188 Vertit
1591 1148 1669 1203 eruo,
1687 1133 1716 1191 id

56 1216 369 1274 rmeidiabnlidomus
387 1223 508 1282 estnec
526 1215 620 1272 solum
640 1216 688 1272 sed
705 1225 732 1272 et
745 1231 816 1273 con-
871 1228 913 1276 εει
940 1219 1013 1275 ιειιί
1043 1218 1109 1275 lacit
1140 1220 1228 1289 quod,
1260 1221 1419 1277 secundum
1447 1228 1569 1278 veterem
1598 1231 1716 1290 statum,

56 1306 155 1363 remiis
178 1306 253 1376 ejiis.
280 1307 316 1362 lit
342 1305 380 1359 cd
405 1307 461 1359 oris
483 1308 525 1359 tui
544 1307 689 1375 imperium
705 1310 816 1362 mactus
871 1321 980 1377 pravus
1002 1307 1161 1363 vocabatur
1189 1307 1342 1376 appetitus,
1367 1323 1446 1365 nunc
1470 1310 1577 1366 dicitur
1603 1311 1717 1381 pietatis

56 1395 209 1451 usobcdiet.
225 1393 275 1450 llle
290 1394 427 1450 nimirum
442 1394 493 1464 qui
509 1393 539 1448 in
554 1393 665 1463 psalmo
680 1392 817 1450 oblivioni
871 1394 999 1452 allectus.
1035 1395 1144 1464 Linque
1168 1398 1301 1466 AEqyptia
1340 1404 1423 1453 vocat
1454 1413 1514 1452 eum
1550 1400 1718 1454 salvotorem

56 1482 172 1553 jubetur
186 1496 252 1538 cum
265 1481 383 1552 praelata
401 1481 587 1538 Patrisdomo
602 1482 815 1552 (Psatmxxvr,
871 1485 976 1551 mundi,
1003 1484 1191 1554 quandoper
1212 1485 1420 1555 experientiam
1442 1485 1636 1543 tribulationis
1658 1502 1718 1544 sese

56 1571 80 1628 el
96 1571 161 1627 licet
174 1571 243 1637 oris,
263 1569 291 1626 id
307 1573 349 1627 est
369 1570 489 1626 rationis
503 1568 623 1639 imperio
638 1569 817 1640 popularitas
836 1613 858 1669 B
872 1573 1089 1645 coangustantis
1112 1572 1166 1629 boc
1187 1572 1264 1629 enim
1283 1580 1367 1629 sonat
1384 1574 1552 1646 AEgyptus3.
1568 1563 1672 1644 linqua,
1688 1575 1718 1632 id

57 1673 109 1717 um
128 1659 314 1729 obtemperet,
331 1672 390 1714 uno
405 1666 502 1715 tamen
525 1657 595 1714 solio
615 1658 741 1714 earnalis
762 1673 817 1728 ap-
872 1669 914 1717 est
941 1662 1084 1718 sententia
1116 1675 1168 1731 per
1197 1661 1394 1732 penitentiam
1425 1663 1553 1733 pristinae
1582 1663 1718 1720 vanitatis

55 1744 104 1801 tiae
121 1745 302 1816 precednur,
325 1746 557 1816 quiaanemine
580 1746 756 1814 mortalium,
771 1748 817 1804 vel
870 1757 1055 1817 commutata,
1089 1749 1244 1807 carnalitas
1277 1750 1524 1822 mundialitasque
1557 1752 1716 1809 coelestiuin

56 1834 148 1898 nimis,
164 1848 201 1890 ex
214 1842 448 1904 totosuperatur.
871 1839 1031 1908 appetitum
1052 1837 1152 1895 salutis
1167 1839 1290 1909 proprie
1313 1840 1419 1895 latetur
1438 1848 1595 1897 auctorem.
1617 1841 1717 1895 Dedit-

56 1937 92 1980 ιε.
107 1923 152 1978 4¹.
165 1954 200 1963 -
222 1923 301 1988 Εεεε,
326 1921 430 1993 inquit,
455 1923 627 1978 constituite
650 1938 732 1993 super
754 1926 817 1977 uni·
871 1927 977 1997 quatlli
991 1943 1102 1983 uuorem
1126 1928 1255 1988 Ascnetli,
1273 1929 1363 1993 filium
1387 1929 1547 1998 Putipbcrtr
1567 1930 1717 1985 sucerdotis

56 2027 77 2066 n
100 2018 202 2066 terrem
222 2013 346 2081 AEqqpti.
377 2011 405 2067 si
432 2010 536 2067 domus
556 2018 584 2066 ει
614 2011 740 2081 populus
765 2011 817 2068 tibi
870 2015 1195 2085 Heliopote·n.1lseneth
1218 2017 1301 2070 ruine
1322 2015 1544 2086 interpretatum
1565 2017 1718 2088 Putiphar,

56 2099 285 2170 rituntotaerqo
300 2098 452 2156 terrenitas
465 2098 667 2155 secularitatis
681 2099 817 2156 illicotibi
870 2119 899 2158 os
919 2102 1055 2158 inclinaris
1078 2103 1116 2158 cd
1139 2104 1350 2170 dissecandum
1372 2104 1561 2174 Heliopoleos,
1586 2107 1651 2162 culn
1674 2107 1718 2160 ci-

56 2198 226 2261 ecogetur.
242 2190 309 2247 Haee
327 2189 416 2246 verba
430 2190 485 2246 sub
500 2189 656 2246 Pharaonis
670 2191 763 2260 specie
777 2190 818 2247 sie
870 2195 953 2247 citor.
977 2192 1050 2249 Filia
1073 2193 1155 2263 pravi
1182 2193 1272 2249 nostri
1301 2191 1455 2263 appetitus,
1481 2192 1531 2262 qni
1556 2207 1597 2257 os,
1622 2193 1650 2250 id
1676 2200 1718 2250 est

56 2278 84 2335 lo
98 2285 282 2348 coaptantur,
297 2285 329 2334 ut
344 2291 402 2334 non
423 2277 631 2342 benevolentia,
650 2278 698 2335 sed
719 2293 816 2335 neces·
871 2280 983 2336 aditum
996 2280 1176 2337 conscientiae
1190 2294 1303 2350 semper
1318 2280 1446 2347 inclinat,
1463 2288 1496 2336 ut
1516 2281 1593 2351 quod
1614 2281 1717 2351 spiritu

66 2379 128 2436 qua
141 2365 224 2422 nobis
242 2365 337 2422 rictus
357 2380 415 2422 non
436 2365 550 2422 oiiieere
572 2366 687 2434 sinitur,
712 2367 816 2423 intelli·
872 2369 920 2426 bei
944 2368 1060 2426 unitum
1088 2377 1141 2434 est,
1166 2369 1284 2425 dissecet
1297 2376 1324 2425 ει
1349 2368 1475 2437 dirimat,
1500 2369 1586 2424 ruina
1610 2369 1718 2438 peccati

56 2469 77 2526 *3
92 2461 120 2511 ct
135 2453 176 2510 sie
190 2452 331 2524 appetitui
345 2452 522 2510 conveniunt
544 2466 633 2524 pravo
646 2462 681 2511 ut
693 2455 818 2511 eviden—
870 2458 1169 2528 est..Goncupiseentia
1189 2456 1266 2512 enim
1292 2472 1352 2511 cum
1382 2459 1530 2526 conceperit
1556 2455 1632 2526 parit
1651 2473 1717 2527 pec-

56 2542 212 2613 ectiusque
232 2541 348 2598 valeant
370 2542 543 2599 concordare
564 2550 699 2599 correcto.
717 2543 816 2611 (Vsus.
870 2550 960 2602 cuturn
987 2546 1056 2614 (lue.
1083 2561 1103 2611 ι,
1136 2545 1188 2615 lh).
1215 2544 1327 2601 Pharao
1355 2545 1461 2601 dieitur
1495 2546 1644 2615 dissipans,
1671 2545 1716 2602 rel

56 2631 172 2699 'ruitque
193 2631 323 2684 annulum
343 2631 377 2685 dc
391 2645 474 2685 manu
492 2646 554 2698 suu,
575 2635 601 2686 et
615 2631 691 2685 dedit
705 2634 734 2686 in
757 2648 816 2686 mn·
871 2622 1069 2704 discooperiens
1095 2649 1165 2688 cum.
1197 2634 1263 2689 Haec
1296 2646 1371 2689 uror
1401 2634 1503 2703 loseph
1529 2648 1546 2689 a
1570 2634 1718 2690 Pharaone

56 2735 100 2775 n:
130 2721 296 2789 Vestiuitque
310 2735 369 2774 eum
389 2721 460 2774 stole
474 2720 609 2788 insumo,
629 2724 656 2774 et
676 2720 742 2774 eollo
760 2725 818 2775 tor·
871 2723 968 2788 datur,
988 2721 1105 2793 quando
1126 2722 1163 2778 ab
1179 2721 1238 2791 ipso
1254 2734 1379 2792 nequam
1402 2722 1531 2792 appetitu
1556 2723 1592 2778 ob
1615 2736 1719 2779 εειιεεε

58 2808 373 2863 curcumcircundedit.
390 2807 818 2865 AnnulusinmanuPbarao·
871 2826 931 2867 suae
963 2811 1057 2882 primo
1084 2822 1135 2880 per
1166 2809 1237 2866 vitia
1268 2808 1463 2880 dissipationis
1494 2810 1613 2879 superni
1641 2824 1716 2881 aug·

56 2896 217 2967 nysterium
236 2903 278 2952 est
293 2896 453 2968 iniquitatis
469 2896 498 2952 in
518 2896 613 2953 studio
631 2898 816 2968 operationis,
837 2898 962 2966 ementi
990 2897 1139 2965 desiderio,
1167 2897 1248 2954 velut
1276 2911 1352 2954 uxor
1381 2898 1562 2971 adjungitur,
1592 2907 1624 2955 ut
1647 2899 1716 2955 dum

56 2985 262 3055 bipsolosepb
276 2985 372 3052 datur,
388 2999 456 3041 cum
474 2985 511 3041 ad
530 2986 691 3042 sanctitatis
705 2986 811 3043 deside
872 2994 1099 3058 perpetratorum
1121 2986 1263 3043 malorum
1286 2987 1372 3042 ruina
1393 2987 1591 3057 perpenditur,
1617 2995 1645 3043 ot
1668 2986 1719 3042 ini-

56 3070 179 3129 allectus
193 3086 211 3127 a
223 3072 414 3142 cupiditatum
430 3073 617 3143 perversitate
633 3074 816 3130 translertur.
873 3076 1019 3147 quitatum
1040 3076 1208 3132 earumdem
1227 3074 1349 3141 tructus,
1366 3088 1453 3146 quem
1474 3076 1569 3146 signat
1592 3076 1717 3132 Pharao-

58 3161 198 3217 loautem
212 3160 508 3233 celandasignantur,
526 3162 667 3233 perquod
682 3163 819 3233 nequitiae
872 3165 928 3233 nis,
955 3163 1178 3235 putipharisque
1202 3177 1316 3231 nomen,
1341 3163 1499 3219 attenditur
1507 3179 1516 3233 ;
1539 3163 1603 3219 inde
1626 3163 1719 3233 proles

56 3258 168 3307 rentum
187 3249 336 3319 accipitur.
361 3250 437 3306 Stola
465 3249 582 3321 byssina
602 3258 644 3308 est
667 3251 819 3321 incorrup·
873 3253 913 3324 pii
925 3252 1017 3322 operis
1028 3251 1199 3322 propensius
1220 3259 1407 3322 propagetur.
1427 3251 1567 3320 Putipbar
1587 3251 1719 3307 sacerdos

72 3338 167 3408 inspe
186 3339 248 3409 jam
270 3339 370 3409 gloria,
391 3338 437 3395 vel
461 3341 643 3397 conscientia
664 3340 817 3397 munditia.
872 3348 924 3409 est,
956 3340 1140 3411 heliopoleos,
1165 3339 1235 3410 quia
1256 3339 1386 3410 nequitia
1410 3340 1648 3409 concupiscentius
1671 3352 1717 3395 sa·

56 3427 203 3493 rosvestit,
220 3427 336 3484 eumad
360 3429 435 3484 banc
455 3428 631 3485 induendam
653 3443 710 3485 non
729 3431 818 3499 impe·
873 3444 931 3497 cra,
954 3428 981 3484 id
1003 3436 1046 3485 est
1067 3427 1253 3484 exsecrabilis
1275 3429 1336 3483 dux
1359 3435 1401 3483 est
1424 3426 1488 3493 viae,
1512 3441 1571 3497 qua
1598 3427 1656 3482 itur
1681 3426 1716 3482 ad

56 3515 141 3572 eccle
162 3516 354 3586 Evangelium
375 3516 410 3572 de
435 3517 563 3589 prodigo,
586 3518 634 3573 sed
658 3516 817 3587 poeuitenti,
873 3518 1028 3584 civitatem,
1047 3531 1103 3572 non
1123 3517 1184 3572 veri
1208 3515 1284 3584 solis,
1304 3516 1390 3584 cujus
1410 3516 1514 3571 artilex
1537 3524 1564 3571 ει
1587 3514 1717 3571 conditor

56 3618 122 3674 quae
137 3617 271 3660 reversus
290 3616 307 3658 a
326 3611 406 3674 patre
422 3605 498 3660 dona
520 3605 659 3676 percipiat
677 3606 753 3676 (buc.
770 3621 817 3674 xv,
874 3609 949 3664 Deus
971 3613 1014 3663 est
1038 3605 1129 3676 (liebr.
1151 3619 1190 3670 in,
1223 3605 1277 3670 lli),
1299 3604 1347 3660 sed
1383 3618 1472 3674 quain
1502 3617 1566 3659 eam
1595 3602 1718 3659 aedilicat

56 3690 120 3748 bilo
135 3705 232 3748 vocem
242 3692 410 3760 emittimus,
421 3692 617 3765 cibumqueet
627 3694 816 3761 admittimus,
873 3694 922 3751 ubi
934 3693 1046 3750 fervent
1062 3692 1195 3749 incendia
1208 3692 1357 3748 multifidae
1370 3692 1544 3747 tentationis.
1638 3748 1641 3753 ,

56 3780 113 3837 nod
130 3781 188 3836 rim
203 3780 313 3836 consilii
329 3780 496 3851 accipimus,
508 3783 586 3852 quod
599 3783 681 3839 uobis
695 3782 818 3855 aliisque
910 3784 994 3840 Vens.
1017 3783 1061 3836 46.
1085 3811 1121 3822 -
1144 3784 1276 3849 Eqressus
1304 3782 1397 3848 ireque
1428 3781 1525 3849 tereph
1551 3779 1589 3833 nd
1615 3785 1717 3833 terram

56 3867 173 3925 edimus.
191 3869 262 3925 nuic
272 3878 389 3939 torques
397 3883 487 3926 aurea
496 3871 734 3942 circumponitur,
751 3887 818 3929 curn
871 3872 984 3941 AEqypti
1006 3870 1135 3942 (tripinte
1152 3874 1243 3924 nutem
1261 3884 1394 3922 cinnor-um
1417 3872 1485 3931 erat,
1512 3867 1621 3938 qnando
1642 3870 1718 3922 stetit

56 3971 103 4014 ne
117 3957 289 4014 documento
308 3957 447 4022 veritatis,
464 3971 524 4026 qua
540 3958 582 4014 nil
598 3959 749 4029 pretiosius
763 3967 816 4027 est,
872 3964 900 4015 in
927 3965 1068 4029 mnspectu
1090 3961 1163 4025 repis
1190 3957 1351 4026 Pharaonis)
1379 3959 1533 4011 circumivit
1555 3971 1646 4011 omncs
1671 3971 1717 4010 re-

56 4045 146 4103 mitur
161 4045 313 4102 locutionis
327 4046 407 4103 nullo
425 4046 589 4114 obsistente,
609 4055 636 4104 et
656 4047 818 4105 illustratus
871 4053 963 4119 qioner
978 4050 1101 4119 AEqpptt.
1117 4048 1167 4102 Ad
1185 4052 1286 4101 terrum
1306 4049 1420 4116 AEpypti
1441 4046 1538 4118 egredi
1557 4044 1674 4114 dicitur,
1689 4053 1718 4102 ει

56 4150 75 4191 e
88 4134 269 4190 discretionis
282 4135 386 4192 virtus.
871 4139 913 4194 sie
927 4138 1048 4206 AEqupti
1070 4139 1191 4205 reqionea
1204 4134 1366 4200 circumire,
1381 4134 1452 4204 quia
1472 4134 1527 4189 nisi
1548 4133 1645 4190 saeculi
1664 4140 1718 4190 ter·

56 4226 84 4275 ο
106 4220 192 4278 Vens.
224 4222 269 4275 4³.
299 4252 335 4262 -
351 4223 424 4277 Fecit
442 4237 548 4293 quoque
570 4223 713 4278 ascendere
735 4240 818 4294 super
836 4207 857 4261 ⁰
872 4226 1021 4282 renitatem
1058 4224 1147 4280 animi
1186 4222 1334 4294 majestate
1368 4222 1586 4287 excesserimus,
1620 4235 1719 4278 omnes

56 4324 82 4365 ιι
97 4324 179 4365 mum
198 4311 354 4376 secundum,
377 4312 511 4366 clamante
532 4326 654 4381 precone
675 4317 706 4366 ut
729 4328 818 4369 omnes
870 4313 1065 4371 sensualitatis
1090 4320 1195 4369 nostre
1227 4320 1328 4381 partes,
1361 4311 1446 4381 quasi
1471 4311 1587 4383 AEgypti
1616 4310 1717 4378 lutera,

56 4413 112 4454 teo
137 4402 350 4468 qcnustceterent.
376 4399 487 4457 Currus
506 4400 666 4457 Pharaonis
694 4401 819 4470 impetus
871 4402 967 4458 debita
999 4401 1169 4457 alletoritate
1194 4399 1339 4471 despicere
1365 4413 1423 4454 non
1452 4413 1616 4469 possumus.
1642 4399 1718 4455 hicet

56 4485 200 4543 ubitiouis.
216 4486 365 4544 Secundus
380 4496 478 4545 autem
498 4496 669 4557 currusest,
685 4490 818 4561 uoniam
870 4505 938 4562 ergo
969 4490 998 4546 in
1025 4504 1143 4559 corpore
1166 4488 1323 4556 constituti,
1358 4495 1442 4544 extra
1472 4488 1536 4558 ejus
1568 4487 1716 4555 desideria,

56 4574 164 4631 ialinm
179 4575 330 4647 cupiditas,
345 4576 454 4633 sedilia
468 4592 534 4648 quae
549 4579 692 4648 praecipue
704 4586 818 4635 sanctos
871 4580 954 4652 quasi
969 4585 1051 4635 extra
1069 4586 1173 4645 castra,
1189 4577 1226 4632 ad
1242 4592 1319 4645 eum,
1345 4577 1395 4647 qui
1416 4583 1500 4632 extra
1515 4585 1627 4646 portam
1648 4589 1717 4647 pas-

56 4665 222 4721 voluntarie
250 4678 390 4735 pauperes
408 4665 529 4735 impetit,
558 4666 694 4723 humanae
723 4668 819 4724 laudis
871 4681 921 4725 sus
934 4674 987 4734 est,
1001 4667 1079 4723 exire
1098 4667 1234 4722 debemus
1255 4666 1346 4735 (hebr.
1371 4679 1432 4733 xiii,
1458 4663 1513 4732 tt).
1540 4661 1716 4719 sicutenim

56 4764 103 4808 aa.
118 4752 208 4822 llajor
223 4766 291 4808 vero
307 4754 411 4823 priore,
432 4755 579 4824 sequentis
593 4756 745 4812 acerbitas.
761 4757 818 4812 Su·
871 4756 1015 4826 quispiam
1046 4754 1184 4810 lateribus
1206 4763 1348 4820 assuetus,
1379 4751 1522 4807 miseriam
1556 4764 1643 4821 quam
1669 4764 1717 4818 pa·

55 4854 115 4897 unc
132 4841 286 4896 ascendere
298 4856 365 4898 enm
381 4841 457 4906 iacit,
475 4856 542 4897 cum
557 4843 662 4899 coelesti
678 4843 818 4900 desiderio
871 4845 942 4901 titur
957 4843 1068 4914 putoris
1091 4843 1213 4911 ignorat.
1239 4842 1328 4898 donec
1342 4841 1376 4896 ad
1398 4838 1478 4896 liberi
1491 4852 1525 4894 ac
1540 4837 1622 4893 nitidi
1643 4837 1718 4894 aeris

56 4928 98 4986 tiae
123 4942 281 4985 excursum
306 4929 427 4999 deprimi
451 4930 600 4999 permittit.
625 4930 659 4988 lli
683 4931 759 4987 enim
789 4934 817 4988 in
872 4932 1027 5002 puritatem
1052 4931 1196 5001 procedat,
1225 4931 1265 4986 ila
1287 4930 1423 4985 vitiorum
1450 4927 1617 4983 contusione
1645 4926 1717 4982 sub-

56 5031 104 5072 ›us
117 5024 145 5071 et
157 5015 185 5071 bi
197 5015 402 5086 jucundantur
416 5017 445 5071 in
460 5017 543 5087 equis
558 5019 647 5083 (Paul.
665 5033 721 5081 nx,
737 5019 775 5090 8),
787 5019 815 5075 id
871 5034 992 5084 mersus,
1024 5019 1101 5090 ipsas
1123 5018 1264 5074 malorum
1285 5030 1483 5088 nequaquam,
1510 5015 1617 5086 quibus
1639 5015 1717 5070 obsi-

56 5105 76 5161 ti
100 5104 129 5161 in
147 5103 364 5174 cupiditatibus,
390 5112 417 5162 et
439 5105 469 5161 bi
491 5106 520 5161 in
541 5106 694 5177 superbiis.
722 5108 818 5165 Praeco
871 5109 964 5178 detur,
981 5108 1143 5165 atrocitates
1158 5107 1289 5175 attendit,
1311 5106 1400 5161 donec
1425 5105 1501 5174 ipsas
1524 5111 1615 5175 pestes
1641 5118 1717 5172 prae-

56 5199 73 5249 it
91 5207 159 5248 eum
182 5204 273 5248 saera
287 5193 411 5264 pagine,
437 5202 488 5250 aut
511 5193 603 5250 divini
627 5195 738 5252 timoris
760 5210 818 5253 vox
872 5197 959 5254 libato
975 5205 1103 5253 oromate
1119 5195 1275 5252 honestatis
1295 5194 1423 5250 excedat.
1448 5193 1529 5250 Unde
1543 5200 1570 5249 et
1596 5192 1624 5246 in
1640 5193 1717 5262 Apo·

56 5299 63 5339 ι
84 5282 189 5339 erebro
212 5281 292 5337 cordi
317 5290 343 5338 et
365 5283 487 5339 auribus
510 5284 645 5340 enuntiat
668 5292 701 5340 ut
724 5285 818 5342 omnis
870 5286 1011 5357 calypsia
1033 5285 1117 5357 longe
1140 5284 1290 5340 dilectores
1313 5281 1465 5352 Babylonis
1482 5282 1622 5338 dicuntur
1642 5289 1718 5338 stare

56 5384 109 5429 reo
137 5369 299 5426 insolentias
328 5370 417 5441 rigor,
446 5371 484 5426 ad
509 5372 669 5442 appetenda
698 5382 816 5443 eterna,
871 5376 970 5445 (Aper.
986 5388 1065 5440 xviii,
1083 5374 1137 5441 lh),
1151 5379 1184 5429 ut
1197 5372 1328 5444 ejusdem
1346 5370 1494 5426 interitum
1509 5371 1546 5426 ab
1565 5383 1600 5426 ea
1616 5370 1719 5426 semoti

59 5459 111 5518 uid
126 5458 185 5516 sibi
200 5458 273 5515 inest
288 5458 491 5516 cervicositatis
505 5458 640 5518 inflectat.
658 5460 755 5533 (vnn.
770 5463 815 5518 ll.
870 5462 988 5519 valeant
1008 5475 1138 5534 pensare.
1163 5460 1318 5517 Pecuarius
1331 5459 1367 5515 ad
1379 5459 1559 5525 Trinitatem,
1581 5455 1723 5514 denarius
