3818 6008
78 207 129 259 565
763 210 808 266 bn
826 211 942 268 nabbe
961 210 989 265 S.
1012 209 1142 266 MARIAE.
1776 216 1827 269 566

77 340 199 410 privatae
213 341 255 397 rei
278 341 426 411 dispendio
436 342 537 412 juveni
553 357 619 399 cum
638 344 733 414 puella
753 346 808 402 sub
820 345 926 402 eisdem
944 344 1044 401 altum
1059 346 1138 409 lecto,
1166 358 1303 415 quocum
1324 344 1382 401 filia
1396 346 1526 404 cubitare
1549 355 1749 417 consueverat,
1775 364 1829 407 su·

76 429 189 486 cedibus
213 443 312 485 mensa
331 429 490 500 thorusque
505 428 610 486 forent.
630 432 701 489 Cum
718 433 808 504 igitur
828 434 856 490 in
872 447 926 504 pa·
980 433 1084 505 pinari,
1107 434 1274 506 sabanoque
1304 448 1338 490 ac
1360 435 1490 492 vestibus
1516 449 1550 491 ac
1564 436 1587 491 si
1616 436 1826 494 somnolentum

77 519 168 573 ternis
183 518 232 573 ilia
255 532 322 573 cum
344 519 407 573 viro
429 518 470 573 sic
485 523 592 589 ageret,
608 527 636 576 et
660 521 733 576 mira
752 529 844 578 mater
859 522 925 578 dili·
980 521 1095 591 operiri.

78 607 255 676 gentiacum
275 619 363 661 causa
379 604 445 661 dlire
459 606 610 674 excoleret,
629 623 686 664 non
708 610 800 679 major
816 617 926 680 poterat
1014 611 1123 667 Exacto
1139 610 1247 667 interea
1260 609 1367 681 exiguo
1382 611 1517 682 temporis
1530 612 1632 682 spatio,
1650 612 1827 669 1111111111

77 690 198 764 reperiri
223 694 325 764 pueilae
351 708 432 749 amor
455 694 490 749 ad
513 710 634 764 puerum
655 712 744 768 quam
769 712 867 754 socrus
889 698 925 753 ad
979 698 1096 754 domurn
1113 699 1227 765 redivit,
1251 713 1285 754 ac
1304 698 1377 767 ssiia3
1393 708 1420 755 et
1436 700 1470 755 dc
1486 701 1607 769 prandio
1631 700 1827 759 incommune

78 796 229 853 generum.
252 784 315 852 ipsa
335 782 424 852 igitur
446 783 607 839 celebribus
620 799 687 841 eum
702 786 823 842 ornabat
840 787 925 842 indn-
978 794 1101 844 tractare
1134 795 1293 858 cmperunt,
1319 789 1426 859 quibus
1460 788 1575 844 solitum
1601 789 1827 848 accelerantibus

76 870 141 936 viis,
154 870 271 941 opipare
301 870 449 941 satagebat
484 870 512 925 in
542 872 645 940 epulis,
675 873 736 943 ipsa
762 873 864 929 taciem
892 885 926 927 ac
978 876 1078 943 larem,
1094 875 1158 931 lrliae
1170 884 1262 931 mater
1278 876 1553 947 eloquiturziiade,
1571 877 1620 944 ait,
1636 884 1663 933 11
1677 878 1825 947 maritum,

76 957 172 1014 crines
191 958 297 1023 eluere,
321 958 452 1014 cubitum
474 959 559 1014 ituris
574 960 672 1015 mollia
694 969 924 1030 1111111111-
979 964 1030 1034 qui
1043 963 1126 1020 modo
1142 963 1298 1020 dormitum
1321 979 1381 1020 sese
1403 965 1546 1035 deposuit,
1562 965 1687 1021 excitare
1711 965 1824 1023 iestiua.

75 1045 150 1101 renti
179 1045 357 1115 mancipium
381 1043 474 1114 prima
496 1045 638 1114 assistere,
662 1046 799 1115 cilicium,
825 1055 925 1117 praeter
978 1054 1106 1110 Procedit
1131 1054 1167 1109 ad
1197 1062 1319 1110 stratum
1348 1069 1442 1126 usquc
1465 1055 1633 1126 juvencula,
1657 1064 1823 1125 soporatum

75 1133 227 1196 thalamos,
244 1135 272 1189 in
289 1133 424 1189 omnibus
446 1148 647 1204 praeoccupare
663 1135 737 1202 11111,
754 1142 791 1203 et,
804 1143 836 1191 ut
857 1136 923 1192 uni·
975 1142 1113 1212 juvenem
1142 1143 1257 1197 nominc
1286 1151 1380 1207 vocat,
1408 1149 1486 1199 tactu
1513 1157 1630 1213 quoque
1665 1151 1824 1200 morantem

73 1237 159 1278 versa
182 1223 362 1288 contraham,
381 1236 438 1277 non
459 1230 598 1279 matronae
615 1224 779 1295 imperium,
800 1225 848 1280 sed
863 1225 924 1280 dis·
976 1238 1125 1299 provocat3
1142 1245 1209 1286 cum
1232 1244 1267 1285 ne
1295 1231 1396 1300 utiquo
1417 1230 1464 1286 iiie
1481 1230 1664 1301 compellanti
1688 1244 1722 1286 ac
1740 1231 1825 1288 velli-

72 1325 178 1367 eursus
204 1311 341 1367 exhibere
364 1310 555 1381 pedissequam
577 1311 648 1367 nihii
666 1319 760 1368 tamen
783 1313 925 1368 adulteri·
977 1319 1053 1374 canti
1076 1318 1190 1390 conjugi
1215 1318 1408 1388 responderet,
1426 1319 1593 1375 deiunctnm
1609 1319 1721 1375 cunctis
1743 1333 1825 1374 coru-

72 1413 145 1454 num
169 1397 417 1455 moliebaturbaec
442 1412 522 1454 eura.
547 1398 583 1455 Ut
603 1399 709 1455 scilicet
733 1401 818 1470 quasi
840 1402 874 1456 ad
895 1416 925 1458 se
977 1406 1064 1476 plosis
1079 1406 1181 1475 palmis
1202 1405 1372 1463 inclamitat.
1396 1406 1563 1463 concitatur
1586 1406 1704 1474 iamiiia,
1718 1406 1824 1464 vicinia

70 1485 94 1540 ei
112 1485 299 1556 ingerendam
324 1484 534 1540 distraheretur
549 1499 566 1540 a
580 1485 648 1551 lilia,
671 1486 719 1542 sed
737 1494 769 1543 ut
783 1487 860 1542 aetati
875 1488 922 1543 lu·
977 1493 1163 1565 glomeratur,
1182 1503 1259 1550 tanto
1281 1495 1478 1550 miserabilius
1492 1494 1586 1550 subito
1603 1493 1680 1550 iliius
1707 1494 1822 1564 illacry-

70 1572 158 1629 bricae
189 1572 312 1643 propriis
341 1572 429 1628 stiiam
459 1573 604 1643 obsequiis
636 1575 858 1643 commendaret,
892 1583 919 1631 ct
938 1615 959 1670 Β
977 1588 1088 1637 mantes
1101 1580 1191 1648 casui,
1212 1588 1320 1652 quanto
1335 1581 1442 1652 justius
1456 1596 1542 1651 super
1558 1580 1622 1652 ejus
1643 1581 1824 1637 intestatione

70 1660 243 1717 adolescenti
267 1660 333 1717 totis
356 1660 571 1717 urbanitatibus
593 1670 728 1718 accurato
752 1662 817 1718 litiae
847 1662 919 1719 alie-
973 1668 1117 1724 dolebant.
1135 1669 1246 1724 Funere
1270 1668 1358 1740 igitur
1373 1669 1408 1725 ab
1426 1669 1561 1726 omnibus
1576 1682 1645 1725 vera
1659 1669 1823 1725 animorum

70 1756 149 1804 ilum
166 1748 301 1804 alliceret·
972 1755 1143 1826 egritudine
1154 1755 1340 1825 conclamato,
1360 1764 1452 1812 mater
1476 1757 1584 1827 generi,
1609 1757 1665 1813 imo
1687 1755 1824 1814 11111111-

104 1835 336 1893 intereadiabcli
350 1836 509 1906 versipellis
524 1837 631 1893 astutia
654 1837 682 1893 in
699 1844 809 1907 partem
826 1845 919 1894 retor—
973 1843 1078 1899 micida
1094 1843 1197 1899 ineatis
1220 1845 1392 1901 mceroribus
1412 1844 1601 1914 obstrepebat,
1627 1845 1737 1901 caeteris
1758 1844 1823 1914 pia-

69 1937 160 1994 quere
173 1923 317 1980 sinistram
335 1924 477 1995 quidquid
494 1924 633 1981 benevola
649 1924 806 1981 intentione
822 1924 919 1995 ilebat,
973 1931 1064 1987 111111
1089 1931 1227 2002 11111111.
1261 1933 1351 1988 Tanto
1388 1947 1456 2003 ergo
1491 1932 1705 1989 lamentabilius
1733 1933 1823 1989 bonas

68 2019 95 2067 et
125 2012 221 2068 socrui
247 2026 296 2082 per
325 2012 478 2069 maledicos
509 2027 625 2069 naevum
658 2013 757 2069 multae
784 2013 919 2070 ioeditatis
973 2018 1097 2074 bominis
1129 2018 1323 2086 habitudines,
1358 2018 1536 2089 lepiditatem
1573 2034 1698 2088 morum,
1740 2020 1821 2076 verbi

69 2099 197 2165 inurere,
218 2100 296 2170 quod
318 2101 448 2157 videlicet
468 2115 654 2172 nequaquam
669 2101 761 2172 gratia
781 2100 868 2170 prolis
890 2100 919 2157 id
971 2105 1153 2176 elegantiam,
1179 2105 1256 2162 scitae
1283 2105 1409 2177 insignia
1430 2106 1538 2174 iormae,
1570 2115 1599 2163 et
1622 2107 1659 2162 ad
1683 2106 1744 2163 baec
1767 2107 1821 2163 ob-

67 2188 185 2254 iaceret,
214 2189 262 2244 sed
286 2198 320 2245 ut
338 2189 429 2246 cidem
452 2205 504 2260 pro
527 2189 587 2246 iilia
610 2204 670 2246 sese
690 2197 824 2246 mutaret.
847 2188 918 2246 Cum
972 2199 1053 2248 tutus
1068 2194 1296 2263 prosequebatur
1318 2193 1435 2261 invisos,
1452 2202 1561 2265 quanto
1580 2194 1674 2265 magis
1688 2194 1821 2252 inlaustrc

68 2275 160 2346 igitur
188 2276 400 2333 incrementum
435 2285 561 2333 sumeret
585 2278 614 2333 in
634 2278 694 2333 dies
720 2285 777 2333 tam
801 2277 919 2334 absoleti
972 2279 1149 2334 crudelitatis
1161 2293 1251 2335 ausus
1267 2279 1328 2335 11111
1340 2280 1496 2337 verebatur
1508 2287 1631 2350 apertos.

66 2364 195 2420 rumoris
221 2364 371 2430 acerbitas,
395 2372 422 2420 et
448 2365 578 2421 mulieris
600 2365 729 2421 animum
755 2373 920 2422 concuteret
1009 2363 1131 2420 Paenitet
1146 2379 1182 2418 cc
1195 2363 1304 2421 crimen
1318 2364 1460 2421 sacerdoli
1473 2366 1577 2437 operit.
1592 2397 1626 2406 -
1640 2366 1701 2433 Quo
1715 2365 1821 2424 talibus

66 2461 154 2509 tantae
176 2452 307 2508 ialsitatis
339 2451 518 2508 intoleranda
545 2452 720 2522 malignitas
749 2461 857 2524 quanto
889 2448 919 2510 se
972 2452 1160 2519 modiselato,
1186 2453 1290 2509 mulier
1309 2461 1337 2509 11
1349 2462 1469 2510 1111111
1484 2453 1639 2524 utrobique
1657 2453 1745 2512 siluit.
1761 2455 1819 2512 Ve-

67 2532 918 2610 11111111111111111111111111111111111111111111111,11111
971 2554 1038 2594 rum
1057 2540 1163 2596 mulier
1182 2539 1249 2596 ioedi
1275 2540 1411 2597 iacinctis
1437 2543 1553 2598 conscia
1577 2543 1615 2598 ad
1643 2556 1672 2598 se
1702 2555 1820 2599 versum

67 2627 176 2696 agrius
194 2626 370 2685 ierebatdici
389 2629 467 2684 unde
487 2629 565 2699 quod
581 2629 693 2698 pietatis
715 2630 809 2686 studio
831 2644 918 2686 exer·
972 2627 1065 2696 prima
1091 2628 1212 2698 prosiliit
1237 2636 1264 2684 et
1292 2629 1462 2686 iniructuost
1493 2630 1671 2700 penitudine
1689 2630 1819 2687 criminis

67 2717 159 2785 cebat,
173 2715 252 2788 vulgi
278 2717 340 2787 ipsa
359 2724 519 2773 verteretur
535 2716 563 2772 in
583 2717 721 2773 tabulam.
746 2718 796 2773 iiis
820 2717 917 2788 itaque
971 2722 1034 2770 acta
1052 2715 1262 2786 presbyterum,
1281 2717 1365 2788 cujus
1386 2717 1538 2774 dioeceseos
1552 2726 1622 2784 erat,
1648 2717 1724 2774 iacta
1747 2733 1819 2774 con-

66 2811 129 2873 post
153 2803 271 2875 aliquod
301 2813 415 2876 tempus
434 2806 527 2862 evicta
551 2806 695 2874 molestiis,
723 2806 805 2876 coepit
830 2820 917 2877 quern
970 2802 1091 2860 lessione
1105 2804 1371 2877 consuluit;aquo
1395 2804 1562 2862 tantcmaio
1579 2805 1819 2862 convenientibus

67 2901 216 2964 tantopere
240 2902 350 2951 arserat
371 2896 466 2953 subito
492 2895 621 2951 lastidire
644 2896 848 2966 juvenculum,
867 2909 916 2951 ve·
935 2892 1084 2961 caddicta
1106 2892 1234 2964 jejuniis,
1264 2893 1437 2963 aliquandiu
1465 2894 1520 2950 sub
1546 2895 1643 2950 eodem
1668 2893 1818 2951 medicine

67 2994 134 3037 rens
151 2982 232 3039 node
249 2986 432 3038 caeteronota
448 2983 566 3049 viveret,
582 2982 686 3038 sicum
710 2982 837 3052 quotidie
859 2996 917 3052 prae
971 2978 1131 3049 spiritualis
1164 2979 1240 3035 iasce
1268 2980 1390 3037 delituit.
1428 2981 1555 3037 Plurimc
1580 2988 1677 3038 autern
1703 2995 1818 3039 emenso

66 3070 159 3125 oculis
182 3069 317 3137 haberet;
342 3070 419 3127 unde
441 3085 499 3125 non
520 3084 537 3125 a
561 3084 613 3126 suo
637 3084 714 3138 enm,
742 3070 819 3140 quod
848 3073 917 3127 satis
969 3075 1096 3138 tempore
1108 3068 1182 3125 inter
1198 3068 1288 3137 ipsam
1305 3075 1334 3124 11
1346 3069 1546 3139 presbyterum
1570 3068 1674 3125 oboriri
1698 3068 1818 3140 contigit

64 3158 352 3225 esset,oontubernio
375 3159 519 3224 dirimere,
545 3158 592 3214 sed
620 3157 758 3228 perimere
780 3158 839 3229 jam
863 3158 916 3213 de·
969 3154 1146 3222 simultates
1174 3168 1263 3226 quam
1293 3156 1440 3226 presbyter
1468 3157 1614 3213 canonicae
1647 3157 1818 3214 conditionis

65 3246 683 3314 111111.3111111111111111111111,111111
705 3246 916 3301 solummodoa
969 3241 1132 3312 impatiens,
1157 3258 1215 3314 quo
1242 3243 1375 3300 atrociori
1403 3245 1496 3314 potuit
1521 3244 1670 3316 jaculatur
1700 3244 1814 3316 probro.

65 3334 111 3391 sui
122 3333 288 3404 frequentia
301 3334 485 3400 dimovisset;
500 3341 530 3389 at
551 3333 650 3390 illaad
670 3332 778 3388 lerrcm
802 3346 831 3388 se
844 3347 916 3388 con-
969 3329 1069 3386 Generi
1086 3345 1183 3387 necem
1208 3331 1295 3388 ironti
1309 3332 1439 3391 mulieris
1453 3332 1579 3404 impegit.
1606 3333 1665 3389 Hoc
1685 3339 1817 3404 parentes

67 3421 145 3490 tulit,
163 3420 273 3478 malens
288 3421 434 3478 hominem
449 3421 484 3478 de
499 3422 593 3478 medio
607 3421 667 3478 11111
682 3434 771 3492 quam
787 3420 917 3476 obscena
965 3417 1082 3487 juvenis
1094 3432 1127 3475 ae
1141 3419 1164 3475 11
1185 3419 1308 3476 11111111
1333 3420 1441 3477 tonitru
1460 3422 1629 3491 experrecti,
1645 3420 1681 3476 ad
1708 3427 1816 3492 praeto-

65 3517 176 3579 pateret
191 3510 329 3580 opinioni.
969 3507 1045 3562 rium
1062 3507 1149 3564 iberti
1170 3508 1343 3565 vicedomini
1366 3509 1566 3565 laudunensis
1590 3522 1651 3564 rem
1674 3507 1813 3565 reierunt.

99 3596 210 3652 Mulier
220 3614 358 3670 generum
376 3597 561 3653 occidendum
578 3596 669 3668 jubet.
687 3628 720 3637 -
744 3595 915 3653 antumnali
968 3594 995 3650 is
1010 3602 1154 3665 qnantum
1177 3596 1207 3652 in
1230 3611 1261 3653 re
1276 3596 1392 3653 militari
1408 3597 1544 3664 vivacior,
1571 3604 1684 3653 tantum
1706 3598 1815 3653 exstitit

66 3687 164 3756 itaque
180 3692 251 3743 tunc
275 3693 442 3756 tempestate
456 3694 585 3756 promota
609 3700 675 3742 cum
689 3684 803 3741 duobus
817 3684 916 3754 pueris
968 3683 998 3738 in
1025 3684 1160 3755 episcopii
1193 3684 1309 3754 publica
1337 3685 1541 3755 procuratione
1575 3686 1704 3742 lerocior.
1739 3684 1815 3752 Quid

65 3781 183 3844 pactum
211 3789 248 3830 ex
283 3775 387 3844 placito
411 3774 495 3840 locat,
529 3774 644 3830 vicenos
676 3772 782 3844 cuique
810 3772 916 3828 solidos
967 3772 1123 3828 verborum
1151 3772 1262 3829 laciniis
1290 3774 1411 3829 trahor?
1439 3773 1644 3830 vicedominus
1676 3771 1753 3829 villas
1785 3787 1814 3830 se

66 3860 204 3930 pollicens
228 3859 252 3917 si
275 3860 412 3928 cumuli
434 3859 576 3917 docebunt
599 3858 758 3929 sequentia,
785 3857 915 3913 trucida·
967 3859 1074 3925 intulit,
1103 3860 1238 3916 laminam
1261 3860 1386 3930 corripit.
1402 3861 1461 3931 juri
1473 3861 1556 3928 sistit,
1571 3874 1689 3917 causam
1711 3859 1812 3931 exigit,

65 3956 142 4005 rent.
162 3948 363 4004 Erantautem
380 3949 409 4016 ii,
427 3956 460 4005 ut
482 3947 584 4015 iertur,
601 3959 704 4018 genere
723 3946 833 4013 Nervii,
852 3945 912 4017 qui,
968 3948 1072 4004 mulier
1104 3962 1161 4004 ucn
1187 3948 1336 4016 diiiitetur,
1367 3950 1508 4006 sententia
1536 3948 1669 4005 baudnni
1697 3948 1815 4005 iorenda

66 4035 291 4092 vindemialibus
316 4036 405 4093 lucris
428 4036 532 4104 adacti,
556 4037 585 4090 in
600 4034 779 4105 provinciam
797 4035 915 4091 111111-
968 4035 1110 4094 diliertur.

65 4138 185 4181 nensem
212 4138 273 4181 sese
297 4125 489 4182 contulerant.
520 4124 626 4180 ibidem
649 4136 718 4194 ergo
742 4122 916 4194 aliquandiu
1004 4126 1091 4181 Porro
1108 4125 1177 4182 dum
1193 4139 1260 4181 eum
1283 4124 1344 4195 ipsa
1359 4125 1433 4181 idem
1453 4124 1617 4181 causidicus
1636 4123 1815 4195 cognationis

64 4227 132 4270 cum
148 4212 286 4269 mercedis
311 4219 371 4268 1111
396 4213 530 4270 inusitate
549 4226 619 4268 escae
641 4211 768 4268 novitate
791 4219 916 4268 moratos
934 4200 1033 4284 Dejus
1047 4213 1160 4283 aliquos
1173 4212 1264 4268 eidem
1278 4220 1351 4269 1111
1372 4212 1528 4283 subigeret,
1545 4213 1574 4267 in
1596 4226 1650 4281 me,
1668 4211 1718 4280 ait,
1744 4213 1814 4270 uni·

64 4301 172 4357 mulier
198 4301 346 4371 praelibata
375 4304 527 4371 sponsione
550 4299 737 4371 aggreditur3
770 4298 915 4369 iidemque
968 4301 1092 4358 cambis
1113 4300 1208 4357 liberis
1231 4314 1313 4357 arma
1334 4308 1500 4371 contorque.
1527 4301 1676 4357 Neminem
1699 4301 1815 4358 noveris

63 4403 146 4446 acres
170 4402 207 4445 ex
233 4397 348 4459 natura,
373 4389 478 4457 animo,
509 4388 598 4459 pretio
624 4388 750 4455 exacuti,
774 4387 914 4457 explendo
968 4403 1021 4459 pro
1048 4398 1124 4446 certo
1144 4389 1290 4446 conscium
1311 4389 1473 4459 iniquitatis
1497 4388 1625 4459 objecta.
1653 4389 1722 4445 Erat
1745 4380 1814 4446 vero

65 4477 187 4533 iacinori
201 4485 397 4534 coarmantur.
413 4477 542 4546 Quadam
558 4477 649 4548 igitur
663 4477 709 4532 die
729 4476 825 4531 virum
846 4489 914 4545 prc-
968 4477 1129 4534 Elinandus
1156 4491 1206 4547 per
1228 4477 1256 4533 id
1274 4478 1447 4547 tempestatis
1469 4479 1630 4548 episcopus,
1657 4476 1702 4532 111
1730 4476 1815 4546 plane

64 4567 162 4636 prium
187 4580 224 4622 ex
252 4567 395 4624 industria
416 4565 565 4638 quidpiam
588 4565 665 4622 ioras
686 4571 820 4620 acturum
843 4563 917 4618 diri·
968 4572 1112 4635 quantum
1136 4564 1304 4621 litteratnrae
1320 4564 1476 4630 invalidus,
1500 4571 1612 4619 tantum
1628 4561 1814 4619 administra-

63 4654 116 4726 git,
148 4653 237 4710 liliam
265 4655 374 4724 pariter
401 4654 538 4710 aliorsum
566 4653 636 4709 laiso
662 4659 749 4708 nacta
768 4650 915 4708 occasione
969 4651 1484 4712 11111111111111.111111111111111
1512 4649 1668 4719 praesertim
1695 4648 1814 4707 institu-

64 4742 372 4809 ι11111111111.ο111111
391 4743 428 4800 ab
452 4743 514 4799 cedo
525 4741 662 4814 digressis
687 4755 791 4811 penum
812 4739 916 4795 ruuiicr
969 4739 1039 4795 tioni
1055 4754 1113 4795 non
1129 4740 1251 4795 nescius.
1269 4738 1386 4795 Latione
1400 4739 1490 4809 igitur
1510 4738 1658 4794 sententiae
1673 4737 1815 4809 pontificis

62 4836 174 4887 secreto
203 4831 305 4900 aperit,
340 4830 529 4887 conductitios
572 4829 707 4886 satellites
749 4827 913 4894 introducit,
969 4825 1815 4894 11111111111111111,11111111111111111111111111111

64 4920 179 4990 hocque
193 4933 211 4975 a
226 4918 295 4976 ioris
312 4918 456 4984 obserato,
472 4932 612 4990 generum
640 4930 693 4973 nec
716 4928 797 4972 mora
819 4921 851 4971 ut
871 4913 914 4969 vi·
968 4912 1039 4983 quid
1054 4913 1127 4969 iacto
1152 4913 1325 4969 conveniens
1349 4912 1504 4981 videretur,
1523 4926 1540 4967 a
1566 4912 1692 4982 quodam
1713 4926 1814 4984 gram-

63 5021 138 5063 nnm
167 5007 318 5077 pransuris
349 5007 486 5063 exhibeat
514 5005 667 5062 sollicitare
698 5003 835 5073 intendit;
863 5003 914 5072 qui
968 5003 1070 5058 matieo
1083 5001 1109 5057 ei
1123 5001 1300 5072 suggeritur,
1316 5001 1393 5071 quod
1407 5001 1493 5071 digne
1509 5000 1573 5056 talis
1587 5000 1674 5071 culpa
1689 5001 1814 5057 incendii

64 5102 183 5167 sumpto
197 5094 277 5152 ocius
293 5096 356 5152 lado
371 5094 520 5152 cellarium
541 5099 659 5155 reserat,
675 5092 722 5149 sed
744 5091 913 5162 priusquam
969 5090 1155 5161 plecteretur3
1179 5088 1258 5160 qnod
1282 5088 1329 5144 iile
1351 5102 1403 5158 pro
1418 5102 1537 5144 snorum
1554 5102 1668 5146 morum
1682 5088 1815 5145 acredine

64 5183 96 5239 in
109 5195 163 5239 vas
178 5180 248 5238 vina
260 5183 423 5253 deponeret,
440 5181 476 5239 ab
492 5182 527 5237 iis
542 5180 595 5251 qui
609 5179 736 5236 latebant
756 5178 831 5233 intro
846 5191 915 5247 per·
967 5191 1035 5234 curn
1055 5177 1140 5234 avida
1153 5176 1235 5234 ianoe
1249 5177 1372 5247 legisset,
1395 5177 1480 5247 quasi
1497 5190 1651 5233 censuram
1668 5175 1815 5248 publicam

64 5269 195 5338 veditur,
217 5277 244 5327 et
268 5270 341 5327 illico
370 5270 581 5342 strangulatur.
610 5266 690 5335 Quod
719 5266 827 5322 iactum
847 5279 914 5321 cnm
967 5280 1020 5322 sna
1038 5266 1208 5336 allegatione
1225 5265 1252 5321 id
1276 5264 1402 5321 roborat.
1422 5264 1522 5320 Atilia
1543 5265 1614 5321 adeo
1637 5265 1717 5322 triste
1734 5262 1815 5337 judi-

64 5358 116 5416 ilia
131 5358 271 5427 rescisset,
293 5358 375 5431 jubet
398 5371 504 5429 corpus
526 5357 622 5414 statim
638 5356 674 5412 ab
697 5353 825 5426 ejusdem
851 5368 915 5410 see·
967 5354 1043 5411 cium
1058 5369 1123 5410 cum
1138 5353 1191 5410 sibi
1216 5353 1360 5410 accedisse
1384 5353 1565 5423 prospiceret,
1589 5368 1655 5424 quae
1678 5353 1739 5425 jam
1763 5350 1814 5408 diu

66 5445 512 5514 111111111111111111111111
538 5445 642 5502 domus
663 5443 812 5515 superiora
836 5441 913 5498 dela·
968 5441 1033 5498 iacti
1063 5446 1183 5514 pertaesa
1210 5441 1351 5508 doluerat,
1381 5453 1460 5497 nunc
1492 5440 1685 5499 miserabilius
1710 5437 1815 5498 secuto
