3818 6008
480 278 595 338 austu
613 282 672 337 uui
693 282 761 342 PER
781 285 1210 348 FRANCOS.-PRAEFAT10.

230 586 610 697 PRAEFATIO
645 592 1044 710 SEOUENTIS
1076 598 1450 706 HISTORIAE.

770 793 914 811 ψ

56 922 75 974 s
97 918 141 975 Ad
166 920 300 989 praesenti
321 921 452 991 opusculi
493 925 705 984 exsecutionem
733 929 809 987 mul·
827 929 1021 1001 Abistoriam,
1036 933 1177 1002 videram,
1192 935 1237 992 his
1252 936 1344 994 Deum
1363 936 1464 996 diebus
1480 953 1569 1011 quam
1583 943 1713 1003 fecerita

56 1004 119 1061 nibi
139 1006 263 1076 prebuit
285 1022 401 1077 ausum,
427 1024 485 1066 non
508 1010 633 1071 scientia
666 1014 807 1086 litteralis,
860 1019 975 1089 seculo,
1003 1021 1179 1080 mirabiliora
1207 1024 1335 1095 gessisse,
1369 1040 1573 1100 gemmamque
1602 1018 1712 1102 hujus-

70 1094 148 1164 apud
169 1109 215 1152 me
241 1104 351 1153 constat
380 1097 471 1155 forma
499 1100 654 1169 pertenuis,
678 1104 739 1160 ulla
763 1119 807 1161 sc·
860 1108 1080 1168 modiextremo
1094 1111 1233 1170 diversari
1248 1113 1712 1189 inpulvere;tantiquecontem-

56 1197 81 1251 s,
107 1184 155 1240 sed
182 1184 308 1242 historie
336 1187 495 1257 spiritualis
517 1191 684 1249 auctoritas.
714 1193 806 1260 Quam
860 1204 928 1267 ptus
938 1197 1098 1270 impatiens,
1111 1202 1211 1258 curavi
1222 1202 1330 1273 quibus
1345 1204 1424 1274 potui
1440 1205 1571 1278 eloquiis,
1590 1208 1617 1264 id
1632 1211 1712 1267 omni

62 1276 173 1327 certum
198 1286 309 1342 semper
336 1273 414 1331 tenui
445 1276 505 1332 solo
538 1278 586 1334 lici
617 1279 745 1348 numine,
779 1289 807 1338 et
860 1284 978 1342 charius
992 1300 1073 1356 auro,
1090 1289 1168 1359 quod
1183 1290 1327 1362 neglectui
1357 1293 1533 1363 tradebatur,
1550 1296 1710 1355 absolvere·

56 1372 107 1415 uos
129 1359 219 1416 voluit
237 1372 475 1432 consummatam,
504 1379 568 1422 eam
595 1382 654 1424 non
684 1369 805 1426 dubium
897 1373 982 1429 Pueri
1003 1377 1071 1448 plus
1092 1393 1170 1449 aquo
1191 1377 1360 1435 incubuerat
1375 1380 1536 1438 Guibcrtus.
1550 1415 1586 1426 -
1609 1385 1668 1442 Nec
1682 1386 1712 1444 id

71 1461 124 1518 per
143 1463 217 1519 quos
238 1451 324 1506 etiam
346 1451 431 1508 rudes
452 1452 509 1523 ipse
533 1455 656 1513 volucrit
679 1459 805 1514 conscri-
859 1461 918 1518 solo
944 1467 1156 1535 presumptive,
1183 1467 1321 1524 instinctu
1345 1471 1389 1541 egi
1410 1485 1482 1539 meo,
1507 1474 1556 1529 sed
1580 1488 1635 1531 sua
1660 1475 1712 1532 ali·

56 1550 92 1592 m.
106 1536 161 1603 Qui
175 1537 252 1594 euim
272 1553 384 1610 eosper
406 1548 446 1597 tot
467 1541 652 1601 difficultates
676 1547 805 1604 traduxit
859 1550 968 1620 quibus
992 1552 1136 1622 petitione,
1166 1554 1234 1611 buic
1259 1556 1457 1615 adnitentibus
1484 1559 1607 1617 fideliter
1630 1570 1706 1620 voto.

56 1638 105 1693 um,
132 1626 182 1697 qui
207 1628 328 1684 succidit
354 1637 419 1686 ante
448 1630 526 1701 ipsos
554 1640 596 1688 tot
623 1642 805 1692 excrementa
860 1634 983 1699 Quidam
1003 1650 1081 1704 saue,
1106 1652 1191 1707 prosa
1216 1646 1248 1695 ut
1272 1640 1439 1710 scriberem,
1465 1652 1554 1700 metro
1569 1652 1666 1702 autem
1682 1646 1711 1703 id

56 1728 109 1781 tm,
126 1714 258 1772 dubitare
280 1731 338 1772 non
355 1718 441 1786 valui,
462 1721 540 1789 quod
559 1721 600 1777 rei
616 1730 701 1794 gesta
722 1723 803 1792 mibi,
858 1720 921 1777 beri
948 1722 1079 1794 plerique
1091 1725 1242 1797 rogabant,
1267 1728 1405 1798 quoniam
1426 1730 1491 1786 talis
1514 1745 1558 1787 me
1578 1733 1667 1788 studii
1682 1734 1712 1790 in

56 1815 67 1858 s
88 1802 142 1858 sibi
162 1804 284 1873 placeret
309 1806 408 1873 modis,
432 1806 542 1865 inderet
567 1811 727 1878 veritatem,
752 1827 806 1870 nec
859 1810 996 1879 primevo
1011 1813 1177 1870 rudimenta
1202 1815 1360 1874 celebrasse
1386 1818 1477 1874 satius
1496 1819 1586 1889 iusto,
1602 1835 1713 1892 compe·

56 1898 76 1947 tt
99 1893 322 1962 competentium
338 1895 430 1951 ordini
456 1905 628 1955 ornamenta
649 1899 801 1957 dictorum.
858 1904 962 1953 rerunt·
993 1898 1030 1954 At
1057 1912 1110 1970 ego
1145 1899 1310 1971 juventute,
1335 1904 1439 1973 gradu,
1468 1906 1709 1978 experientiaque

56 1978 107 2034 >ris
118 1980 306 2050 uenationis,
321 2000 382 2055 qua
394 1989 462 2039 tunc
476 1985 616 2054 cudebat,
633 1986 726 2058 stylus
735 1986 804 2043 ιίιιι-
859 1984 1028 2055 provectior,
1045 2000 1102 2043 non
1128 1987 1156 2042 id
1179 1988 1275 2045 verbis
1296 1989 1476 2061 plausilibus,
1498 2006 1557 2048 non
1573 2007 1712 2050 versuum

56 2065 143 2123 rimis.
169 2069 268 2136 Qualis
287 2070 425 2142 autenm,
449 2074 599 2145 quatioque
624 2092 670 2130 res
690 2075 805 2131 diuacs
858 2073 1014 2144 crepitibus
1028 2075 1241 2132 enuntiandum
1264 2078 1360 2143 rebar,
1376 2079 1430 2148 {sed
1448 2079 1561 2150 majori,
1578 2081 1602 2136 si
1617 2082 1720 2138 dicere.

56 2155 235 2229 attestetur.
254 2191 289 2199 -
315 2161 383 2218 Erat
399 2161 541 2232 siquidem
556 2164 654 2220 eadem
674 2164 802 2233 historia,
858 2162 991 2229 audeam,
1014 2178 1213 2234 quamomnes
1233 2165 1299 2222 belii
1315 2167 1427 2223 iudaici
1443 2167 1576 2225 historias
1591 2171 1708 2226 maturi·

56 2246 126 2303 erbis
153 2254 288 2303 contexta
303 2249 368 2319 plus
392 2266 476 2322 aequo
492 2251 679 2322 simplicibus,
696 2261 724 2310 et
738 2269 804 2325 qua
822 2228 844 2283 Β
859 2257 915 2306 tate
929 2250 1051 2323 dignum
1066 2252 1169 2324 digeri,
1193 2252 1217 2307 si
1239 2261 1312 2310 esset
1328 2255 1375 2310 cui
1389 2255 1467 2312 Deus
1489 2256 1599 2325 copiam
1624 2269 1711 2325 super

56 2335 102 2392 :ies
125 2337 320 2407 grammatice
343 2347 464 2396 naturas
484 2342 644 2409 excederet,
661 2343 805 2400 tectorem·
859 2338 912 2395 bac
931 2353 962 2396 re
976 2340 1125 2410 tribueret,
1142 2342 1315 2398 arbitrabar.
1330 2342 1389 2399 Nec
1403 2343 1526 2400 diffiteor
1536 2358 1580 2400 me
1591 2351 1654 2415 post
1663 2345 1708 2400 le-

56 2423 132 2495 apidi
158 2425 334 2495 insipiditate
357 2428 496 2485 sermonis
513 2430 618 2499 saepius
636 2431 803 2488 exanimare
858 2427 1008 2498 rosolymae
1020 2429 1192 2498 captionem,
1208 2445 1244 2487 ex
1261 2446 1321 2503 quo
1336 2430 1386 2499 illi,
1401 2432 1452 2503 qui
1469 2438 1555 2489 tantae
1572 2432 1709 2489 interfue-

56 2519 72 2568 t.
88 2512 130 2567 Ea
149 2512 233 2583 plane
249 2514 346 2570 minus
366 2516 496 2583 cruditis,
522 2531 575 2573 nec
595 2518 630 2574 de
653 2518 803 2575 locutionis
857 2524 923 2573 rant
951 2517 1125 2588 expeditioni
1148 2519 1242 2575 redire
1274 2527 1433 2590 ceperunt,
1463 2521 1499 2576 ad
1525 2520 1709 2578 scribendum

56 2605 94 2656 tte
108 2601 288 2670 curantibus,
304 2602 340 2659 ob
355 2602 431 2660 illius
454 2619 536 2661 novae
557 2606 705 2663 relationis
726 2622 804 2665 amo
856 2619 891 2661 ea
915 2605 1046 2661 animum
1071 2607 1225 2676 appulisse,
1251 2608 1300 2664 sed
1326 2609 1396 2679 quia
1409 2610 1605 2681 quarumdam
1633 2609 1711 2666 circa

56 2688 107 2745 atis
129 2698 293 2760 opportuna
318 2691 441 2759 videtur,
470 2708 523 2749 nec
545 2694 629 2751 aliter
656 2710 745 2766 quam
761 2697 801 2753 illi
857 2693 933 2748 istud
956 2692 1209 2763 importunitatum
1238 2695 1334 2752 obices
1361 2697 1522 2762 astiterant,
1551 2697 1706 2753 distulisse.

56 2785 92 2846 ut,
109 2778 146 2834 ab
161 2786 278 2836 auctore
290 2779 347 2835 dici
372 2780 503 2838 debuisse
519 2790 649 2852 putatur.
675 2785 725 2842 llis
745 2799 802 2842 au·
856 2778 910 2836 Sed
926 2779 1006 2850 quia,
1021 2780 1078 2836 Deo
1094 2781 1283 2851 permittente,
1303 2783 1398 2839 nescio
1412 2784 1436 2839 si
1456 2783 1578 2851 volente,
1602 2785 1708 2840 volun-

56 2866 128 2924 tibus
140 2867 279 2937 pabulum
295 2868 466 2938 eloquentiae
480 2871 641 2929 estimatur
655 2873 800 2944 honestas,
856 2869 908 2924 tati
925 2882 994 2924 1¹¹0ae
1010 2869 1233 2926 0⁰¹1⁸1210b¹²i³
1251 2870 1381 2939 rivallis·
1399 2871 1429 2927 1¹¹
1444 2871 1471 2927 id
1487 2872 1564 2942 duod
1581 2872 1625 2942 pio
1639 2871 1706 2928 affe·

55 2956 183 3012 eminus
196 2965 259 3027 apte
274 2957 350 3013 dicta
364 2959 556 3030 perpendunt,
569 2960 619 3017 ubi
628 2962 803 3020 narrationis
856 2964 1000 3013 ctaveram
1024 2957 1143 3014 fortasse
1167 2972 1184 3013 a
1210 2960 1321 3015 cunctis
1349 2959 1496 3027 ridendus,
1519 2961 1631 3027 incessi,
1659 2974 1707 3016 ca-

58 3045 133 3102 citur
145 3046 279 3117 expedire
304 3049 441 3118 comitas3
466 3056 494 3105 et
515 3049 627 3119 prolata
646 3051 801 3120 succincte,
855 3044 976 3100 cbinnos
990 3058 1024 3101 ac
1038 3045 1173 3103 triscuria
1182 3048 1420 3118 praetergrediens
1437 3048 1613 3120 aliquorum,
1637 3048 1708 3106 dum

56 3135 161 3191 tundite
184 3137 408 3207 paregorizantis
429 3137 526 3194 decuit
542 3137 681 3195 laciniosa
708 3141 801 3197 varie·
855 3133 939 3190 modo
954 3133 1087 3191 diuturni
1102 3134 1247 3206 eruptioni
1264 3144 1419 3206 conceptus
1434 3151 1611 3210 quacunque
1625 3137 1707 3194 dela·

56 3237 92 3279 tm
109 3231 246 3294 suscepta
267 3224 395 3281 materiei
418 3226 519 3282 seriem
544 3225 623 3282 nudo
647 3228 800 3298 procedere
857 3223 978 3279 tratione
992 3222 1155 3294 sategerim,
1179 3223 1216 3279 ut
1239 3224 1263 3279 si
1277 3223 1314 3280 sit
1338 3224 1389 3295 qui
1411 3226 1511 3297 rideat,
1538 3233 1708 3282 nontamen

57 3311 543 3382 ovident,1‘u1tapoetaesensum,
570 3321 621 3371 aut
634 3314 800 3384 dormitant,
853 3309 941 3382 juxta
966 3324 1047 3381 posse
1070 3312 1181 3382 gerenti
1210 3325 1243 3368 ac
1264 3326 1368 3368 sanum
1390 3312 1550 3369 intendenti
1565 3314 1707 3383 detrabat,

55 3399 127 3469 lont;
147 3399 218 3470 quin
237 3400 334 3469 etiam,
359 3400 442 3456 malae
461 3409 644 3471 presumpte
666 3403 799 3472 orationi,
856 3412 910 3454 nec
937 3399 1009 3455 meis
1030 3413 1209 3470 praepropere
1234 3414 1350 3457 naevum
1372 3400 1455 3458 dietis
1478 3401 1586 3472 inurat,
1611 3402 1658 3458 sed
1683 3402 1707 3459 si

65 3487 148 3560 longe
168 3488 282 3545 diverso
302 3490 462 3559 oportuisse
481 3491 592 3546 cantari
607 3492 689 3547 ruodo
705 3492 802 3548 consi-
823 3486 969 3578 Cpenitus
992 3495 1175 3555 aspernatur,
1202 3487 1364 3556 posthabita
1387 3486 1435 3543 lite
1454 3488 1620 3556 verborum,
1645 3488 1706 3559 ipse

56 3618 63 3645 ,
80 3575 218 3633 invident.
232 3576 288 3632 Pro
302 3584 379 3633 statu
393 3577 477 3647 plane
492 3590 613 3635 casuum
635 3593 729 3636 sermo
752 3594 802 3636 co-
857 3576 931 3631 male
946 3582 1079 3645 perorata
1101 3575 1270 3642 rescribens,
1281 3575 1550 3644 exempladictandi
1568 3576 1704 3647 praebeat.

56 3663 138 3721 debet
161 3665 317 3730 orantium,
341 3671 374 3720 ut
388 3664 542 3721 verborum
565 3666 722 3724 acrimonia
743 3668 802 3724 bel·
893 3661 1089 3718 Esrclatioue
1106 3662 1174 3718 tecit
1190 3662 1357 3718 distortum.
1375 3692 1410 3704 -
1432 3663 1520 3719 Porro
1535 3663 1559 3719 si
1574 3665 1640 3735 quis
1653 3664 1706 3720 ali-

56 3760 95 3809 tta
117 3752 262 3823 ferantur;
287 3767 353 3823 quae
368 3753 403 3809 ad
425 3753 523 3809 divina
536 3754 688 3824 pertinent,
709 3757 803 3827 gradu
856 3753 927 3823 quid
941 3752 1120 3809 subobscuro
1137 3753 1247 3809 dictum
1269 3759 1415 3817 causetur,
1443 3758 1540 3808 notam
1557 3752 1611 3809 sibi
1623 3753 1706 3810 hebe-

56 3839 150 3898 atiore
174 3841 329 3898 ducantur.
359 3843 430 3907 Quae
455 3843 579 3914 gemina,
618 3845 642 3900 si
681 3845 803 3902 facultas
857 3841 966 3898 tudinis
992 3840 1122 3912 infligere
1147 3850 1290 3908 vereatur,
1320 3854 1460 3911 cumpro
1486 3848 1563 3898 certo
1575 3842 1706 3898 noverim

56 3936 209 4001 oppeteret,
221 3929 322 3998 forma,
338 3930 367 3986 in
382 3930 472 4001 hujus
484 3931 574 3988 stadio
589 3933 683 4001 operis
692 3947 801 3990 excur-
855 3929 933 4000 quod
947 3943 984 3986 ex
1008 3929 1052 3985 bis
1068 3944 1133 3999 quae
1157 3930 1186 3984 in
1210 3928 1338 4001 subjecto
1355 3929 1427 3985 libro
1443 3928 1576 3994 dixerim,
1594 3930 1704 3987 nemini

56 4017 214 4084 lebueram,
232 4022 272 4089 lut
295 4024 323 4074 et
347 4018 508 4074 facinorum
532 4033 652 4076 suorum
675 4021 802 4093 insignia
855 4017 885 4073 in
917 4016 1019 4074 litteris
1046 4018 1201 4074 exercitato
1221 4018 1299 4089 iuste
1336 4017 1526 4088 questionem
1554 4019 1704 4075 moverim.

56 4120 137 4181 qnam
153 4106 250 4163 verbis
267 4105 384 4161 recitata
408 4105 573 4176 disparibus
591 4107 714 4164 insolens
734 4107 802 4164 Gra·
855 4106 1065 4178 corrigendum
1080 4106 1178 4176 igitur,
1202 4106 1300 4163 nescio
1323 4119 1361 4163 an
1381 4107 1635 4176 corrumpendum,
1661 4106 1705 4163 bi·

56 4203 228 4268 cgnosceret,
243 4202 271 4251 et
283 4208 434 4264 nunquam
461 4194 611 4266 gravitatis
627 4196 682 4252 sibi
704 4195 800 4253 inditae
854 4194 949 4250 storia
962 4193 1053 4264 ipsius
1067 4207 1260 4265 aggressurus
1275 4193 1434 4264 exemplar,
1449 4195 1542 4265 primo
1556 4207 1660 4251 causas
1677 4202 1707 4253 ot

56 4295 144 4350 ,cum
161 4281 196 4337 de
220 4281 322 4351 pietate
342 4293 386 4335 res
407 4280 513 4351 agitur,
538 4281 676 4338 modestia
690 4282 801 4339 Mercu·
853 4281 1122 4352 necessitatesque
1147 4282 1236 4352 buius
1264 4296 1417 4339 occursum
1444 4282 1634 4352 expeditionis
1658 4295 1706 4339 ur·

56 4369 213 4426 excederet.
237 4367 306 4432 Quae
330 4365 397 4423 licet
418 4382 454 4424 ex
479 4370 619 4426 sententia
643 4369 800 4441 adimplere
853 4371 968 4443 gabant,
989 4369 1064 4427 sient
1079 4370 1239 4439 audieram,
1263 4371 1399 4442 proposui
1414 4370 1588 4436 referendas,
1608 4377 1637 4427 et
1652 4370 1703 4438 sic,

56 4457 144 4526 urim,
170 4456 240 4513 bene
261 4463 357 4512 tamen
381 4455 418 4510 ab
440 4457 496 4512 alio
519 4465 607 4527 gesta,
625 4458 799 4528 piurimaex
852 4457 1051 4515 occasionibus
1089 4459 1325 4527 premonstratis,
1355 4472 1400 4514 res
1436 4458 1553 4515 demum
1578 4464 1705 4513 attexere

56 4545 205 4617 tpprobare
217 4557 270 4599 nec
283 4544 380 4599 minus
394 4543 515 4613 probare
528 4544 687 4601 didicerint.
853 4554 956 4617 gestas.
983 4546 1113 4610 Quorum
1139 4553 1276 4617 tenorem,
1300 4548 1336 4603 ab
1364 4546 1411 4602 illo
1425 4546 1515 4616 priori
1529 4559 1616 4616 quem
1634 4559 1705 4615 pro-

56 4633 186 4689 umatica
200 4634 261 4687 tum
286 4631 413 4688 feruebat
430 4632 567 4687 studium.
583 4634 709 4705 -Ergo
729 4635 798 4690 alie·
852 4647 958 4705 sequor
972 4643 1098 4702 auctore,
1117 4633 1208 4690 multa
1227 4634 1367 4691 varietate
1382 4632 1447 4705 [ol.,
1464 4631 1593 4705 veritate]
1610 4633 1704 4703 prola·

78 4721 265 4795 jndiciorum,
295 4720 378 4776 valde
398 4722 567 4778 temerarius
591 4721 652 4793 (sed
676 4736 712 4778 ex
733 4723 798 4780 fidei
853 4729 924 4793 tum,
940 4723 978 4779 ab
998 4723 1039 4779 eis
1054 4723 1105 4793 qui
1119 4722 1212 4778 eidem
1238 4722 1429 4779 interfuerant
1454 4721 1516 4788 viae,
1531 4720 1644 4777 edidici.
1661 4721 1705 4777 Ea

61 4818 90 4868 et
113 4809 276 4880 impudens,
302 4823 347 4864 me
361 4809 450 4865 fatcor
472 4809 603 4868 incidisse
623 4811 797 4881 discrimina,
818 4817 920 4871 usaue
934 4825 1000 4883 quae
1016 4811 1182 4868 ferebantur
1196 4810 1226 4866 iu
1242 4810 1324 4879 libro,
1350 4807 1460 4866 contuli
1484 4808 1614 4866 crebrius
1636 4821 1704 4865 cnm

56 4912 105 4956 um
128 4895 287 4968 corrigendi
313 4903 389 4964 veto,
406 4897 467 4954 baec
482 4911 527 4953 me
541 4898 731 4968 compererint
754 4907 798 4956 at·
853 4901 982 4971 ipsorum
1002 4899 1054 4971 qui
1073 4899 1149 4956 facta
1172 4899 1305 4955 viderant
1329 4897 1429 4965 verbo,
1444 4904 1472 4953 et
1492 4896 1591 4967 procul
1615 4896 1705 4954 dubio

69 4985 175 5052 studia,
201 4984 330 5040 fortassis
351 4984 480 5041 secunda
500 4985 627 5042 deterius
641 4987 798 5057 appretiari
852 4994 989 5059 expertus
1007 5001 1072 5044 sum
1092 4987 1163 5057 quia
1181 4993 1320 5043 neutrum
1342 4985 1516 5055 discreparet
1534 4984 1571 5040 ab
1590 4984 1702 5055 altero;

55 5080 87 5131 nt
101 5087 190 5145 quam
204 5073 309 5143 priora.
327 5073 399 5130 Cum
419 5072 497 5129 enim
519 5074 625 5143 passim
649 5074 799 5132 videamus
853 5092 919 5147 quae
933 5085 1029 5133 autem
1045 5068 1213 5139 addiderim,
1231 5081 1282 5130 aut
1305 5074 1342 5130 ab
1356 5072 1400 5129 itis
1422 5072 1474 5143 qni
1489 5072 1586 5129 videre
1599 5071 1705 5130 didice-

56 5184 58 5212 ι
78 5162 309 5234 grammaticam,
332 5169 360 5218 et
375 5162 542 5234 quibusque
566 5162 713 5219 vilissimis
728 5176 798 5233 prm
853 5165 918 5233 rim,
935 5171 986 5221 aut
1000 5178 1050 5235 per
1063 5177 1110 5219 me
1124 5163 1218 5234 ipsum
1233 5163 1411 5234 agnoverim.

56 5250 154 5308 usitate
168 5252 312 5307 scolarum
331 5251 406 5306 banc
421 5257 515 5320 petere
530 5250 697 5307 noverimus
714 5251 796 5307 disci·
887 5252 1001 5309 Idcirco
1011 5269 1070 5307 auu
1079 5250 1185 5306 mirum
1198 5250 1226 5306 si
1240 5250 1272 5306 iu
1285 5249 1435 5306 concutis
1446 5248 1656 5305 hallucinatur.
1669 5281 1704 5291 -

56 5383 69 5410 ,
85 5339 197 5396 horrori
210 5340 273 5404 fuit,
289 5346 317 5397 et
329 5340 352 5394 si
373 5352 430 5395 non
446 5339 488 5395 uti
503 5339 666 5407 debuimus,
689 5338 734 5394 vel
756 5340 798 5395 uti
853 5341 936 5407 Quod
949 5341 975 5398 si
989 5341 1140 5414 quidpiam
1160 5340 1243 5396 alitor
1260 5339 1369 5395 dictum
1389 5352 1478 5410 quam
1503 5352 1533 5395 sc
1547 5353 1593 5395 res
1606 5337 1703 5409 habet,

56 5443 107 5498 tus,
121 5429 291 5486 bancnostri
303 5428 424 5501 gloriam
437 5428 639 5498 temporisnon
650 5428 796 5485 scribere:
852 5427 1020 5496 constiterit,
1032 5428 1178 5484 incassum
1194 5426 1285 5484 fateor
1297 5425 1440 5482 mendacii
1458 5429 1533 5481 aa·
1545 5425 1616 5482 mihi
1632 5438 1703 5495 pro-

56 5516 184 5591 tliquisso
211 5517 267 5575 sub
294 5514 432 5574 inconditi
462 5516 632 5575 scabredine
659 5514 799 5574 sermonis
852 5516 905 5572 bra
919 5514 1251 5585 callidusdeprcbensor
1268 5514 1415 5587 objecerit,
1432 5528 1498 5572 cum
1520 5528 1566 5571 me
1586 5513 1705 5573 fallendi

128 5606 266 5683 Parnon.
292 5614 395 5684 cuvt.
1507 5619 1549 5677 22
