3818 6008
72 221 124 274 795

524 217 554 270 v.
574 217 740 274 curennrt
759 217 906 274 cesaris
924 218 955 274 s.
980 217 1100 273 naum
1118 218 1164 272 on
1183 189 1376 279 novrcnrrro

1777 224 1871 307 tabl

73 355 207 412 existeret
233 354 366 419 civitatis,
397 367 463 410 oum
498 367 531 409 eo
553 354 743 422 Admirariso,
778 353 818 410 sic
845 352 922 410 enim
941 355 964 406 A
980 354 1116 421 prehendi
1148 368 1165 410 a
1197 355 1312 411 nemine
1340 354 1417 411 valet
1447 354 1532 412 lletus
1563 355 1712 413 emiserint
1740 370 1828 427 quam

73 455 141 499 eum
166 449 281 508 vocant,
307 440 357 510 qui
385 441 444 496 arci
479 438 579 507 David,
615 456 681 512 que
713 441 779 497 Sion
804 441 919 507 dicitur,

75 537 204 602 praeerat,
231 542 389 584 sermonem
415 528 536 596 habuit;
569 536 601 585 ut
630 543 723 586 arcem
759 529 813 586 sibi
848 528 923 585 iacta

75 614 217 671 deditione
243 613 432 682 contraderet,
461 614 562 670 abillo
587 615 691 687 exegit.
719 615 840 686 satrapa
865 617 922 671 ita-

75 716 142 772 que,
172 709 254 772 pacto
284 702 357 758 inter
388 717 436 758 eos
460 702 541 770 inito,
570 704 667 759 comiti
693 704 784 761 eidem
810 712 922 775 portam

75 789 153 846 illam
188 790 311 860 aperuit,
346 805 398 861 per
421 805 510 863 quam
542 799 661 848 eatenus
685 793 841 849 Jerusalem
875 794 923 849 in-

74 885 220 936 troeuntes
241 878 395 951 peregrini,
417 887 445 934 et
469 880 596 946 introire,
613 887 640 935 et
659 881 819 951 pensiones,
849 896 923 952 quas

75 967 212 1023 musellas
235 981 337 1023 vocare
364 967 503 1036 solebant,
519 967 628 1024 solvere
645 969 729 1025 nimis
746 969 869 1026 indebite
888 982 922 1026 ac

75 1055 230 1111 crudeliter
244 1055 431 1127 cogebantur.

111 1143 250 1214 ingressis
285 1144 374 1215 igitur
405 1144 643 1213 Prouincialibus,
672 1145 920 1218 Sanco-regimem

75 1230 182 1287 scilicet
201 1231 312 1288 moritis
331 1233 469 1299 exercitu,
490 1241 517 1288 et
533 1233 644 1291 caeteris
659 1234 794 1290 omnibus
809 1234 919 1305 urbem,

76 1319 161 1376 debat
184 1333 365 1390 paganorum
383 1321 536 1377 indiscreta
563 1323 725 1392 percussio;
742 1337 799 1378 non
817 1323 919 1379 teneri-

75 1408 155 1473 tudo,
186 1423 242 1463 uon
272 1411 388 1479 species,
419 1425 475 1465 non
504 1414 641 1480 gravitas,
672 1426 729 1467 non
756 1411 822 1468 ullae
848 1412 922 1467 vires

74 1496 320 1553 subtrahebantur
341 1496 449 1553 exitio:
466 1499 578 1553 cunctis
606 1499 777 1570 generaliter
800 1500 920 1556 inevita-

76 1583 244 1654 biliterque,
272 1590 348 1640 m
377 1585 545 1642 imminebat
570 1586 633 1641 dira
658 1588 802 1656 pernities.
828 1591 864 1643 nt
891 1589 921 1644 bi

75 1669 128 1740 qui
149 1669 184 1725 ad
211 1670 370 1727 Salomonis
392 1673 531 1741 templum
545 1687 605 1729 sese
621 1673 813 1741 contulerant,
829 1683 920 1732 totum
940 1644 961 1698 Β

75 1757 216 1814 adversus
242 1768 354 1815 nostros
377 1760 557 1832 confligendo
581 1762 729 1819 detinuere
759 1763 844 1832 diem,
873 1765 922 1820 sed

76 1846 176 1912 nostri,
216 1859 314 1902 eorum
348 1847 516 1903 semivivam
546 1849 761 1919 desperatorum
806 1852 922 1923 indigne

76 1932 198 1989 terentes
216 1934 378 2000 audaciam,
399 1937 564 2006 conspirata
584 1937 764 1993 animositate
787 1952 817 1994 se
841 1938 920 2009 inge·

75 2029 155 2086 runt,
181 2029 211 2094 et
238 2022 337 2093 templi
370 2023 457 2093 adita,
499 2025 606 2081 exertis
631 2026 774 2082 socialiter
809 2027 922 2084 viribus

73 2116 263 2179 penetrantes,
289 2119 367 2168 tanta
382 2113 500 2169 miseros
513 2114 589 2171 intra
603 2114 662 2170 lani
684 2115 825 2171 ambitum
846 2115 921 2172 cede

73 2197 240 2267 dilacerant,
267 2209 300 2256 ut
329 2214 446 2258 cruores
468 2211 678 2272 peremptorum
706 2203 768 2259 sine
788 2217 919 2272 numero,

72 2287 235 2345 calceorum
267 2302 339 2358 pene
367 2303 432 2345 oras
457 2290 637 2347 excederent.
668 2291 824 2348 Promiscui
852 2305 920 2364 ergo

73 2389 171 2444 sexus,
210 2383 238 2433 et
271 2376 458 2435 indifferentis
496 2379 597 2447 etatis,
635 2379 838 2436 innumerabili
870 2394 921 2452 per

71 2462 148 2520 idem
164 2466 303 2537 templum
318 2466 503 2523 multitudine
516 2466 591 2536 fusa,
612 2469 752 2539 quosdam
777 2469 920 2540 reliquere

73 2553 248 2622 superstites,
285 2554 376 2623 spatio
412 2555 454 2611 eis
493 2556 559 2612 vite
599 2556 712 2613 interim
750 2571 784 2613 ac
817 2558 919 2615 salutis

72 2639 193 2707 indulto,
207 2640 297 2696 donec
323 2656 462 2698 caesorum
474 2644 625 2712 cadavera,
643 2659 768 2714 quorum
791 2645 919 2715 dispersa

68 2728 184 2799 jacebat
205 2729 260 2784 hac
280 2729 403 2801 illacque
426 2732 501 2788 loeda
515 2735 672 2804 congeries,
698 2734 751 2804 ipsi
766 2734 917 2791 amoliren-

72 2822 122 2872 tur
146 2829 163 2871 a
190 2816 303 2888 templo.
333 2816 445 2884 Quibus
470 2819 582 2887 amotis,
613 2829 641 2877 et
677 2822 729 2892 ipsi
759 2823 867 2892 quibus
891 2831 919 2880 et

978 442 1085 499 beatos.
1110 444 1186 501 Deus
1206 443 1397 513 omnipotens,
1421 443 1490 513 quid
1514 443 1551 501 ibi
1576 445 1735 512 viscerum,
1758 445 1828 515 quid

976 529 1091 597 laetitiae,
1112 530 1182 600 quid
1202 530 1333 587 dolorum
1356 531 1420 598 luit,
1445 531 1514 588 dum
1531 539 1595 602 post
1616 532 1779 594 inauditas.
1802 539 1829 589 et

977 617 1089 674 cunctis
1108 632 1125 673 a
1144 619 1248 674 saeculo
1263 619 1438 676 exercitibus
1456 621 1631 689 inexpertas,
1657 620 1744 690 quasi
1765 634 1830 689 par-

977 711 1059 762 tuum
1085 706 1234 774 torsiones,
1258 706 1292 761 ad
1312 719 1388 762 nova
1411 705 1531 762 visionis
1562 706 1634 763 adeo
1658 705 1831 763 desideratae

977 792 1094 863 gaudia,
1107 793 1176 849 acsi
1190 794 1249 849 nati
1270 793 1331 855 tilii,
1354 808 1414 850 sese
1438 795 1601 864 pervenisse
1623 794 1832 864 conspiciunt?

977 880 1095 937 lloerent
1111 880 1209 953 igitur,
1230 888 1257 937 et
1276 889 1371 936 tamen
1400 879 1470 938 lusis
1503 880 1648 951 lacrymis,
1670 883 1753 937 omni
1777 882 1831 937 sibi

976 969 1156 1025 dulcioribus
1175 982 1257 1039 pane,
1282 968 1470 1037 conjubilant,
1491 969 1649 1040 iesnmqne
1664 969 1832 1040 piissimum

976 1072 1096 1114 suorum
1123 1057 1304 1114 diutinorum
1329 1057 1460 1113 laborum
1491 1071 1525 1113 ac
1553 1057 1741 1115 cruciatuum
1766 1073 1833 1115 can-

976 1157 1048 1212 sam,
1077 1158 1111 1200 ac
1134 1147 1156 1199 sl
1185 1143 1264 1200 cruci
1289 1157 1460 1214 appensum,
1484 1157 1517 1198 ac
1532 1143 1559 1198 'si
1589 1143 1687 1199 adbuc
1706 1145 1830 1215 sepulcri

976 1232 1173 1303 integumento
1197 1233 1354 1295 detentum,
1396 1246 1445 1302 per
1473 1231 1589 1302 singula
1619 1233 1829 1289 memoriarum

976 1329 1128 1389 momenta,
1170 1320 1325 1377 uberrimis
1364 1319 1596 1390 complectuntur
1643 1318 1825 1377 aflectibus:

976 1409 1050 1474 auri,
1093 1406 1264 1480 argentique
1304 1407 1459 1477 magnifica
1499 1406 1610 1464 tributa
1634 1408 1827 1479 penduntur,

975 1497 1024 1552 sed
1048 1496 1126 1552 omni
1157 1496 1299 1552 valentior
1333 1510 1452 1553 munere
1480 1495 1593 1552 devotio
1623 1496 1742 1553 interna
1768 1511 1827 1569 pro

976 1583 1076 1640 lertur.

1012 1673 1071 1743 [li-l
1086 1672 1252 1740 sarraceni,
1262 1671 1316 1743 qui
1329 1672 1368 1728 ud
1381 1687 1506 1744 superna
1517 1668 1823 1745 templicoqfugerual,

974 1759 1168 1834 peririicntur.
1184 1793 1218 1801 -
1231 1761 1361 1832 Denique
1385 1761 1543 1818 crastinum
1559 1773 1645 1817 mane
1661 1760 1821 1825 recanduit,
1868 1764 1871 1871 1

974 1858 1003 1907 et
1024 1864 1088 1906 ecce
1107 1850 1220 1919 Franci,
1261 1865 1309 1906 eos
1335 1849 1430 1907 adhuc
1459 1847 1588 1905 residuos
1609 1862 1672 1905 esse
1702 1848 1823 1905 dolentes

976 1937 1026 2008 qui
1042 1936 1139 2007 templi
1154 1951 1291 2008 suprema
1314 1938 1549 2003 conscenderant,
1566 1936 1738 2008 quibusque
1756 1937 1822 1994 Tan·
1869 1940 1871 2005 l

974 2023 1079 2080 credus
1097 2024 1242 2081 etGaston
1257 2025 1381 2094 propria,
1400 2033 1433 2081 ut
1452 2037 1541 2095 supra
1561 2025 1702 2092 diximus,
1722 2023 1822 2080 vexilla
1869 2046 1871 2129 q

974 2120 1175 2182 porrexerant,
1202 2112 1261 2169 lani
1287 2114 1425 2169 acerrime
1453 2120 1525 2169 tecta
1550 2112 1717 2182 pervadunt
1734 2127 1741 2168 :
1758 2111 1821 2168 Sar·
1869 2136 1871 2185 ;

974 2213 1102 2266 moeros,
1135 2198 1256 2254 leminas
1282 2213 1347 2254 cum
1363 2199 1510 2266 masculis,
1535 2199 1709 2256 dilaceratos
1732 2199 1822 2256 iuteri-

973 2295 1065 2343 munt.
1101 2286 1223 2354 Quidam
1251 2300 1287 2342 ex
1316 2287 1357 2342 eis
1384 2286 1474 2342 electa
1505 2286 1559 2343 sibi
1591 2288 1691 2358 potius
1724 2297 1820 2351 morte,
1869 2334 1871 2393 Χ

974 2388 1063 2444 quam
1093 2377 1195 2444 sponte
1228 2371 1339 2442 ipsimet
1372 2373 1588 2442 conscivissent,
1628 2387 1691 2431 sese
1727 2374 1820 2444 templi

973 2461 1087 2532 lastigie
1119 2461 1222 2518 dedere
1256 2460 1424 2530 precipites.
1450 2460 1616 2518 Tancredus
1645 2469 1753 2530 tamen,
1774 2476 1821 2533 pro
1869 2500 1871 2513 .

973 2551 1047 2623 signi
1066 2549 1234 2620 praebitione
1260 2549 1315 2612 sui,
1336 2556 1364 2604 et
1385 2549 1537 2619 sponsione
1554 2564 1645 2620 quam
1667 2549 1775 2607 Gastou
1797 2559 1823 2607 et

972 2639 1033 2710 ipse
1059 2638 1194 2706 lecerant,
1227 2637 1331 2694 cedem
1362 2637 1491 2693 eamdem
1511 2651 1587 2709 aegre
1611 2637 1689 2695 tulit.
1716 2639 1821 2696 Praeci-
1868 2668 1871 2723 4

971 2728 1056 2798 pinnt
1075 2727 1171 2796 itaque
1192 2726 1280 2781 nostri
1309 2725 1473 2782 sarracenis
1499 2725 1657 2796 aliquibus,
1690 2734 1725 2784 ut
1746 2740 1821 2783 mor-

972 2822 1036 2871 tuos
1050 2812 1181 2881 ederant,
1195 2814 1266 2883 quia
1286 2828 1334 2870 eos
1355 2813 1499 2871 teterrimo
1515 2814 1615 2871 loetore
1627 2815 1794 2884 gravabant
1814 2829 1820 2868 :

72 2902 191 2972 priores,
218 2903 398 2981 succubuere
434 2907 631 2964 mucronibus.
667 2908 704 2965 At
741 2910 789 2980 qui
821 2911 917 2981 templi
938 2910 1052 2994 Ctanta
1075 2902 1152 2957 enim
1174 2901 1349 2958 cadaverum
1376 2901 1538 2973 trequentia
1564 2903 1668 2959 civitas
1685 2903 1819 2975 oppleba-

72 3002 210 3059 suprema
242 2991 476 3059 conscenderant,
513 2992 593 3063 vulgi
617 2995 771 3064 promiscui
805 2997 918 3053 infinita

72 3077 247 3148 frequentia,
281 3079 420 3134 'tancredi
449 3087 477 3135 et
504 3079 645 3150 Gastonis,
677 3098 728 3154 pro
754 3085 836 3156 signo
863 3085 918 3141 sibi

71 3164 184 3221 interim
202 3166 280 3235 pacis
301 3165 429 3234 indultae,
457 3167 565 3224 vexilla
587 3169 759 3239 suscipiunt.
779 3173 806 3227 ls
820 3180 917 3228 autem

71 3253 187 3322 Gaston,
217 3254 263 3310 vir
289 3255 408 3312 illustris
439 3262 527 3326 atque
555 3256 722 3326 ditissimus,
754 3267 854 3317 utrum
884 3261 918 3318 de

71 3338 210 3396 Gasconia
235 3355 273 3398 an
301 3344 439 3400 Basconia
463 3343 543 3413 loret,
571 3359 630 3401 non
652 3346 763 3418 integre
789 3349 916 3417 memini,

71 3428 141 3496 quia
173 3436 269 3486 tamen
298 3433 332 3487 de
356 3432 494 3488 alterutro
519 3440 592 3489 essct
624 3434 660 3489 ad
688 3443 797 3491 certum
829 3437 918 3493 tenui.

71 3515 209 3574 lixercitu
237 3519 326 3591 igitur
354 3520 541 3589 discurrente,
566 3521 667 3579 civitas
694 3524 830 3581 universa
853 3525 920 3581 diri-

73 3604 169 3675 pitur;
189 3607 368 3679 obtentisque
393 3608 506 3680 palatiis
536 3617 564 3666 et
594 3611 761 3682 quibusque
797 3613 918 3681 edibus

71 3695 182 3764 argenti
201 3696 282 3753 diros
305 3705 333 3754 et
345 3697 419 3763 auri,
441 3699 659 3769 sericarumque
673 3701 797 3756 vestium
822 3702 919 3772 praeda

72 3783 225 3855 corripitur
255 3801 261 3840 :
293 3801 436 3857 equorum
476 3788 682 3859 mulorumque
725 3789 919 3860 multiplicitas

40 3876 43 3882 '
72 3871 210 3940 aperitur,
224 3871 254 3927 in
274 3872 409 3931 domibus
426 3875 598 3932 victualium
620 3877 751 3933 omnium
771 3876 920 3948 opulentia

73 3959 224 4029 reperitur.
249 3960 275 4015 is
295 3969 391 4017 autem
416 3963 445 4019 in
468 3964 617 4020 Dominica
641 3964 743 4021 militia
769 3966 873 4022 modus
892 3973 920 4022 et

72 4049 235 4118 exaequatio
251 4048 304 4104 luit
321 4064 328 4104 ε
348 4071 358 4099 ι
375 4059 409 4107 ut
421 4052 599 4123 quicunque,
618 4053 704 4109 etiam
726 4055 917 4124 pauperrimo,

72 4149 134 4192 sese
145 4136 280 4206 quelibet
296 4138 403 4207 optima
418 4141 597 4208 obtulissent,
618 4141 683 4211 eius
705 4140 804 4211 procul
819 4141 917 4206 dubio,

973 3000 1022 3049 tur
1036 2992 1174 3059 utenndi‚
1190 2991 1246 3047 nisi
1268 3005 1356 3061 super
1369 2991 1527 3048 occisorum
1549 3005 1680 3062 corpora,
1703 2993 1823 3050 Francis

972 3081 1095 3139 leonitas
1110 3080 1190 3137 nulla
1203 3081 1322 3136 daretur
1335 3095 1342 3133 :
1357 3081 1460 3151 pagani
1478 3095 1556 3152 ergo,
1576 3095 1699 3138 suorum
1720 3083 1822 3140 lunera
1843 3068 1847 3076 ⁴

972 3176 1158 3241 exportantes
1173 3168 1210 3225 ab
1223 3168 1305 3236 urbe,
1322 3167 1497 3238 proforibus
1517 3168 1590 3240 ejus,
1611 3170 1772 3227 exstructis
1791 3161 1825 3227 de

973 3258 1146 3316 cadaverum
1175 3257 1307 3328 congerie
1326 3257 1473 3313 montibus
1493 3257 1650 3313 acervatim
1671 3273 1746 3328 pyra
1760 3259 1825 3316 snb

973 3346 1063 3417 posita
1087 3344 1305 3402 comburebant.
1333 3344 1438 3400 Tantas
1455 3343 1604 3414 gentilium
1626 3359 1756 3417 usquam
1776 3361 1825 3401 re·

972 3435 1023 3492 des
1036 3433 1171 3490 occidisse
1186 3446 1250 3489 raro
1273 3431 1405 3503 legimus,
1430 3446 1582 3503 nunquam
1599 3433 1729 3490 vidimus
1745 3450 1753 3489 :
1771 3436 1825 3490 ileo

972 3521 1013 3578 eis
1029 3520 1169 3577 relerente
1189 3521 1291 3586 vicem,
1320 3519 1370 3589 qui
1392 3525 1442 3586 tot,
1462 3532 1512 3588 pro
1527 3533 1557 3575 se
1573 3519 1825 3591 peregrinantium

973 3623 1073 3679 poenas
1108 3615 1136 3664 et
1173 3615 1288 3673 mortes,
1323 3619 1397 3677 quas
1439 3613 1519 3662 tanto
1551 3606 1670 3663 inerant
1698 3615 1825 3681 tempore

973 3698 1079 3754 ibidem
1103 3696 1190 3767 passi,
1215 3695 1304 3765 digna
1322 3693 1505 3764 nequissimis
1532 3693 1723 3751 retributione
1746 3698 1825 3752 resti-

974 3785 1037 3843 tuit.
1060 3786 1121 3841 Non
1144 3784 1220 3840 enim
1252 3791 1294 3838 est
1320 3781 1476 3853 quisquam
1503 3782 1626 3839 sublieo
1650 3783 1824 3851 intellectus,

973 3874 1020 3931 cui
1034 3871 1200 3929 aestimabile
1219 3870 1370 3938 habeatur,
1386 3877 1496 3939 quanta
1517 3869 1574 3925 illic
1589 3870 1704 3926 cunctis
1724 3879 1825 3928 sancta

973 3963 1035 4019 loca
1063 3961 1233 4031 petentibus,
1268 3973 1285 4014 a
1318 3957 1469 4031 gentilium
1497 3957 1648 4014 insolentia
1669 3964 1825 4027 tormenta,

974 4051 1095 4113 labores,
1119 4057 1207 4119 atque
1231 4062 1314 4106 neces
1335 4048 1413 4103 illata
1435 4054 1588 4112 constent;
1609 4061 1705 4118 «quae
1735 4050 1828 4122 magis

974 4140 1064 4195 Deum
1097 4146 1174 4194 certa
1205 4145 1247 4193 cst
1280 4136 1334 4192 ilde
1367 4135 1490 4192 doluisse
1522 4134 1710 4198 credendum,
1737 4151 1826 4208 quam

73 4226 184 4296 absque
199 4231 406 4298 retractatione,
423 4233 533 4301 tierent,
563 4254 574 4281 ι
597 4233 801 4304 cuiuscunque
821 4232 919 4288 condi·
939 4212 1064 4284 Dniariu
1079 4226 1199 4298 prolana
1210 4226 1383 4296 captivatam
1398 4238 1512 4280 crucem
1525 4231 1613 4294 atque
1627 4225 1826 4294 sepulcrum·

74 4311 158 4370 tionis
170 4314 328 4383 videretur,
341 4318 389 4374 cui
405 4320 440 4375 ad
457 4334 575 4377 manum
596 4322 688 4391 primo
704 4321 859 4378 venisseut.
884 4321 920 4377 Et

72 4415 148 4471 ecce,
165 4402 209 4459 bis
233 4405 353 4472 omissis,
370 4407 405 4462 ad
422 4407 493 4464 illud
510 4408 587 4478 quod
611 4410 697 4465 tantis
713 4409 918 4465 desideriorum

73 4490 191 4548 aestibus
204 4491 363 4560 sitiverant,
385 4495 476 4551 mistis
500 4495 608 4566 pariter
626 4496 733 4567 gaudio
753 4505 779 4553 et
799 4511 920 4553 moerore

73 4588 261 4637 concurrunt.

110 4667 184 4739 [xl]
199 4669 247 4723 Ad
261 4670 426 4740 sepulcrum
453 4671 634 4727 Dominirum
648 4672 795 4743 cdeolom,
815 4690 850 4729 cc
860 4691 920 4747 pra

71 4755 178 4826 pendia
189 4757 378 4816 ordenatione
386 4759 620 4833 illacrymantur.
633 4762 844 4833 —Sepulorum
852 4778 920 4835 ergo

74 4844 256 4902 Dominicum
284 4848 403 4915 adeunt,
427 4855 455 4905 et
471 4849 505 4906 dc
520 4850 643 4919 quesita
670 4851 819 4907 beatorum
843 4852 920 4908 loco·

73 4947 139 4989 rum
156 4933 295 5000 libertate,
309 4935 351 4992 illi
367 4950 548 5008 summopere
561 4939 756 5010 gratulantur,
774 4941 823 5011 qui
840 4949 922 4997 tanta

74 5034 125 5090 per
139 5035 187 5079 eos
212 5032 392 5089 exercuerat,
421 5035 541 5096 quanta,
565 5041 618 5083 nec
635 5027 673 5084 ab
699 5026 767 5098 ipsis
783 5042 834 5098 per
849 5044 922 5100 quos

74 5116 140 5165 acta
158 5118 236 5179 sunt,
257 5126 352 5186 neque
374 5113 410 5169 ab
444 5113 502 5170 ullo
526 5113 674 5171 bominum
698 5122 829 5185 poterant
849 5116 922 5172 aesti-

75 5195 158 5252 mari.
176 5198 523 5257 Recordabanturearum
540 5214 614 5271 quas
628 5202 664 5258 ob
680 5202 741 5258 llaec
769 5202 829 5272 ipsa
844 5204 921 5274 passi

75 5282 190 5339 inerant
222 5287 413 5353 anxietatum,
437 5289 547 5358 basque
571 5289 607 5344 ad
642 5290 829 5359 insperabiles
851 5291 920 5348 dum

75 5371 305 5440 contemplantur
330 5376 491 5444 pervenisse
514 5377 686 5447 triumphos,
718 5376 847 5448 dumque
866 5392 921 5434 sce-

75 5455 147 5513 culis
161 5459 305 5529 incognita
322 5461 395 5518 iacta
419 5463 601 5520 considerant
625 5477 675 5535 per
700 5477 729 5521 se
752 5465 825 5536 ipsos
847 5480 920 5521 corrr-

1012 4314 1161 4386 Templcm
1171 4312 1335 4368 Salomonis
1350 4312 1575 4383 haudquaquam
1591 4315 1659 4366 lunc
1675 4314 1827 4384 temporis.

973 4403 1073 4460 -Sed
1093 4410 1248 4471 antequam
1268 4401 1305 4456 ad
1331 4399 1387 4456 alia
1413 4399 1556 4455 calamum
1582 4398 1778 4468 divertamus,
1802 4402 1827 4457 id

973 4493 1088 4548 videtur
1109 4491 1242 4562 primitus
1267 4487 1469 4555 intimandum,
1496 4486 1573 4558 quod
1605 4486 1771 4546 Salomonis
1800 4489 1830 4545 il-

975 4581 1035 4645 lud‚
1049 4581 1154 4650 dequo
1169 4593 1258 4650 snpra
1271 4577 1396 4649 egimus,
1420 4578 1568 4646 templum,
1587 4590 1644 4632 non
1658 4591 1728 4634 vere
1754 4578 1827 4636 idem

975 4669 1052 4741 quod
1077 4668 1210 4725 Salomon
1234 4666 1340 4735 lecerit,
1365 4673 1407 4721 est
1429 4663 1581 4721 edificium
1612 4665 1691 4734 quod
1716 4673 1830 4723 constat

975 4757 1104 4824 Domino,
1132 4755 1253 4827 lapidem
1273 4768 1361 4824 super
1385 4753 1507 4823 lapidem
1534 4767 1589 4809 non
1606 4767 1824 4819 remansurum,

975 4847 1156 4916 praedicente,
1173 4845 1312 4900 dirutum.
1328 4833 1460 4912 sedjejns
1472 4841 1597 4911 proiecto
1619 4841 1824 4910 simulacrum,

975 4949 992 4992 a
1018 4935 1111 4991 nescio
1138 4932 1256 5004 quibus,
1284 4932 1320 4988 ob
1353 4930 1514 4987 testimonia
1535 4929 1693 4986 nobilitatis
1724 4931 1827 4988 domus

974 5023 1112 5093 antiquae,
1138 5028 1345 5077 constructum.
1370 5020 1437 5074 Erat
1454 5018 1527 5074 idem
1549 5017 1633 5089 plane
1655 5018 1740 5076 locus
1760 5019 1826 5091 pnl-

976 5110 1150 5168 cbritudinis
1175 5109 1302 5175 infinite,
1332 5121 1405 5164 auro
1435 5113 1624 5179 argentoque,
1648 5107 1828 5180 incompara-

976 5201 1025 5257 bili
1047 5199 1147 5270 pretio,
1171 5213 1223 5254 nec
1242 5199 1343 5254 minus
1360 5195 1521 5253 incredibili
1547 5196 1692 5264 varietate,
1716 5211 1827 5267 compo

975 5288 1056 5354 situs,
1072 5286 1230 5358 parietibus
1245 5300 1278 5341 ac
1292 5286 1385 5341 valvis
1398 5284 1573 5341 laminarum
1590 5285 1697 5341 metalli
1710 5284 1824 5356 pretiosi

976 5376 1112 5433 alilxione
1138 5375 1293 5446 productis.
1318 5373 1500 5431 Raimundus
1525 5377 1600 5428 ⁴8³
1633 5387 1702 5430 vero
1732 5388 1824 5430 comes

977 5463 1143 5535 prefectum
1157 5462 1237 5517 illum
1257 5461 1308 5531 qni
1321 5460 1381 5516 arci
1398 5467 1527 5530 preerat,
1542 5461 1651 5531 cuique
1672 5475 1728 5518 sua
1742 5463 1823 5532 signa
