3818 6008
72 180 104 281 ao
526 222 555 276 v.
574 219 741 278 curasan
754 219 900 277 sunaus
919 219 950 276 s.
973 217 1093 274 urata
1112 219 1157 276 on
1178 218 1371 276 uovrrnnro
1790 215 1824 268 eo

71 361 180 432 tientia,
197 370 224 421 et
238 361 311 432 aliae,
328 376 394 435 quae
408 367 436 418 ct
450 372 589 433 magnum
605 359 635 416 in
654 374 683 416 se
699 360 788 416 robur
811 358 954 415 babentll
972 357 1054 414 nobis
1078 357 1255 429 supervenit,
1280 356 1352 428 quid
1371 355 1490 428 spiritus
1512 355 1659 427 malignus
1682 351 1823 426 suggerit,

70 451 247 519 constantie,
281 458 309 509 et
344 449 464 520 gloriam
493 447 677 517 excellentie,
706 456 735 505 et
768 447 919 504 utilitatem
974 447 1045 518 qnid
1060 447 1155 504 earnis
1170 446 1329 518 petulantia
1343 461 1380 503 ex
1402 460 1432 502 se
1455 444 1627 502 naturaliter
1640 443 1724 516 parit.
1740 440 1824 513 Operi

73 540 186 598 tructus
216 540 251 597 de
277 539 443 596 imitatione.
476 538 512 594 Et
544 552 668 608 quaeque
695 546 791 595 tamen
813 537 919 593 barum
974 535 1072 606 itaque
1085 536 1138 593 diei
1153 535 1243 607 hujus
1256 535 1295 591 nil
1312 533 1689 605 omninoaptiuseompetit,
1705 529 1824 602 quando

70 633 211 685 sementem
226 629 301 685 inira
315 643 344 685 so
363 628 475 696 habeat,
493 633 599 684 utnon
616 626 918 697 proexternisrehus,
973 622 1059 678 bomo
1084 622 1239 692 praeflcilul‘
1262 621 1446 691 disponendis
1473 620 1622 686 creaturis,
1640 633 1730 691 quam
1745 615 1825 689 quod

71 716 120 773 sed
134 731 185 788 pro
198 717 289 773 salute
301 717 347 772 sui
358 723 477 782 aeterna,
493 713 604 771 bonum
620 713 716 784 ipsum
731 713 808 785 quod
823 715 920 785 agitur
974 710 1071 767 lumen
1089 718 1196 780 pariter
1210 710 1288 767 adest
1298 709 1491 766 clarissimum
1505 708 1693 766 discretionis.

71 804 129 862 slat.
155 804 329 862 Volucribus
355 818 432 874 ergo,
458 802 487 858 id
510 809 552 859 est
582 802 739 859 eminentia
761 802 920 858 sanctitatis
1008 802 1073 858 cae.
1092 800 1127 866 ll,
1144 815 1220 854 veens.
1249 803 1273 854 l.
1292 801 1383 866 Igitur
1404 802 1597 869 perseelisuut
1617 799 1676 853 celi
1690 802 1715 852 et
1738 803 1823 865 terra,

70 891 206 962 praeditis,
222 898 249 948 et
272 891 458 946 animantibus
476 889 652 961 quibusque,
678 889 783 947 seilicet
802 905 839 947 ex
865 890 919 946 hde
973 893 998 944 et
1021 891 1106 944 omnis
1129 893 1241 944 oreretur
1265 904 1366 944 eorum.
1389 887 1456 945 coeh
1478 887 1678 959 perficiuntur,
1706 886 1824 957 qnando

69 979 244 1047 viventibus,
262 979 311 1050 qui
322 986 416 1036 motas
427 979 535 1036 habent
551 978 631 1035 bonae
647 979 777 1047 aetionis,
791 978 819 1035 in
833 986 917 1046 terra,
973 984 1082 1033 utentes
1096 975 1224 1032 fidelium
1248 976 1312 1033 totis
1326 976 1445 1033 rationis
1464 976 1577 1032 viribus
1591 975 1696 1031 divinae
1710 975 1822 1044 sapien·

70 1067 97 1124 id
113 1076 164 1136 est,
176 1068 205 1125 in
220 1069 398 1126 exhibitione
411 1081 547 1139 corporea
562 1067 670 1124 dantur
684 1068 720 1125 ad
733 1068 917 1130 vescendum,
973 1065 1019 1121 tiae
1036 1065 1228 1136 applicantur.
1249 1065 1335 1120 Terra
1361 1063 1518 1134 perficitur,
1545 1078 1623 1130 cum,
1645 1063 1710 1120 totis
1724 1062 1823 1133 sopitis

69 1157 105 1213 ad
121 1171 214 1213 mores
227 1156 369 1223 videlicet,
395 1156 585 1226 animumque
604 1169 690 1213 suum
713 1156 766 1227 piis
780 1155 919 1227 exemplis
972 1153 1115 1225 perversis
1127 1154 1260 1220 motibus,
1278 1152 1397 1209 rationis
1413 1151 1555 1209 voluntati
1576 1166 1642 1209 earo
1658 1151 1820 1222 subjicitur.

71 1243 172 1302 talium
188 1245 393 1302 roborandum.
973 1242 1026 1299 Sed
1041 1243 1108 1313 quis
1125 1242 1254 1298 incarne
1274 1240 1386 1298 mortali
1406 1240 1515 1312 positus
1538 1241 1599 1297 baec
1613 1240 1649 1295 ad
1666 1239 1822 1311 perlectum

106 1333 200 1392 Potest
223 1341 250 1391 et
283 1348 333 1405 per
356 1332 476 1396 herbam,
499 1347 565 1404 quaa
590 1346 634 1389 res
658 1331 730 1389 levis
749 1339 800 1402 est,
825 1332 920 1389 activa
972 1330 1105 1401 expleat?
1120 1330 1208 1387 Nemo
1231 1330 1319 1386 Paulo
1341 1328 1451 1395 melior,
1468 1330 1520 1401 qni
1535 1328 1612 1385 videt
1633 1326 1823 1399 aliamlegern

70 1420 130 1478 vita
143 1421 263 1493 signari,
282 1436 347 1491 quae
363 1421 442 1478 omni
464 1420 512 1476 Dei
539 1419 642 1492 populo
671 1429 764 1492 patet;
780 1436 830 1492 per
844 1423 919 1489 liquo
974 1418 1003 1475 in
1019 1418 1154 1474 membris
1172 1418 1232 1474 suis
1252 1426 1463 1490 repugnantem
1481 1417 1535 1491 legi
1550 1418 1653 1473 mentis
1668 1417 1756 1487 (hom.
1773 1433 1822 1482 ru,

70 1523 137 1566 vero
152 1523 266 1567 summa
288 1509 354 1567 vitae
378 1509 616 1581 contemplativae,
634 1509 831 1581 inquapauei
848 1510 920 1566 litte·
973 1509 1029 1578 23),
1053 1507 1104 1578 qui
1127 1505 1260 1578 sequitur
1282 1507 1306 1563 si
1336 1507 1569 1578 comprehendat,
1598 1506 1649 1576 qui
1672 1520 1689 1562 a
1711 1520 1740 1561 se
1765 1520 1823 1561 uon

70 1603 210 1663 ratorum,
236 1597 436 1655 illiteratorum
461 1612 528 1655 vero
552 1597 647 1654 neseio
669 1612 706 1655 an
731 1599 797 1671 quis
816 1598 920 1655 mentis
973 1596 1131 1653 arbitratur
1157 1595 1409 1666 comprehendisse
1432 1595 1514 1666 (Phil.
1542 1612 1583 1664 ur,
1608 1596 1661 1663 tt).
1689 1596 1724 1652 Et
1757 1594 1823 1666 quis

70 1684 171 1756 pedem
186 1685 302 1758 ailigere
327 1685 423 1757 possit.
450 1687 510 1743 lloc
530 1686 559 1743 in
576 1687 795 1745 Deuteronomio
815 1687 917 1745 intelli·
932 1660 954 1715 Β
972 1686 1043 1742 adeo
1065 1698 1160 1742 socors
1187 1684 1268 1741 Pauli
1301 1684 1466 1757 perlectioni
1490 1684 1607 1755 deroget
1625 1685 1640 1739 ‘l
1659 1685 1721 1756 lpse
1745 1685 1823 1741 enim

71 1773 150 1844 gitur
165 1787 216 1845 per
236 1773 263 1830 id
278 1774 357 1845 quod
377 1774 555 1845 prohibetur,
570 1790 605 1834 ne
620 1775 696 1847 quis,
712 1775 756 1832 vel
772 1775 801 1832 iu
818 1776 919 1833 arbore
972 1774 1043 1831 nihil
1056 1773 1111 1830 sibi
1136 1774 1268 1832 conscius
1291 1782 1343 1842 est,
1368 1773 1417 1830 sed
1440 1787 1498 1830 non
1519 1772 1548 1829 in
1574 1773 1626 1829 boc
1647 1773 1822 1844 justificatus

71 1861 130 1918 slve
159 1868 235 1918 terra
265 1863 356 1933 posita
381 1877 436 1919 ovea
458 1878 509 1920 seu
538 1863 631 1935 pullos
653 1864 778 1936 capiens,
803 1865 833 1921 in
853 1864 919 1922 nido
972 1871 1013 1921 est
1027 1865 1051 1931 (l
1072 1865 1131 1921 Cer.
1162 1879 1199 1931 ιι,
1224 1864 1262 1935 4).
1281 1862 1422 1920 Perlectos
1441 1867 1539 1919 autem
1562 1862 1685 1920 dicimus
1708 1869 1822 1918 sanctos

71 1955 192 2005 matrem
209 1948 253 2006 his
269 1949 452 2007 incubantem
467 1951 573 2021 pariter
587 1951 680 2022 rapiat
696 1951 784 2023 (licut.
800 1967 865 2017 ιιιι,
880 1949 918 2021 h),
972 1952 1060 2021 viros,
1081 1951 1111 2008 in
1134 1960 1278 2022 quantum
1299 1951 1408 2022 patitur
1431 1950 1587 2022 corporalis
1613 1950 1774 2017 iufirmitas,
1792 1952 1820 2007 in

72 2044 104 2094 ut
118 2037 204 2108 longo
227 2044 394 2096 mereantur
414 2039 510 2096 vivere
534 2046 668 2110 tempore.
695 2040 728 2095 Et
751 2047 794 2095 est
808 2047 920 2096 senten·
973 2056 1032 2112 qna
1047 2040 1180 2112 quandiu
1192 2049 1270 2109 sunt,
1285 2040 1345 2098 lieri
1363 2054 1421 2097 non
1437 2048 1528 2111 potest
1543 2047 1575 2097 ut
1590 2040 1626 2096 ad
1639 2054 1702 2097 eam
1720 2041 1820 2108 animi,

72 2125 130 2182 tia:
146 2126 250 2184 Nostra
263 2141 343 2184 mens
365 2135 497 2185 comant
520 2143 575 2184 ova
597 2129 677 2185 bonae
700 2128 879 2200 cogitationis
892 2135 921 2185 et
973 2127 1126 2201 carnisque
1139 2128 1247 2200 possint
1258 2128 1398 2198 attingere
1413 2142 1522 2198 pacem,
1546 2142 1634 2199 quarn
1650 2136 1701 2185 aut
1715 2127 1822 2184 habent

72 2214 208 2285 propositi
224 2215 310 2284 lovet,
337 2224 388 2273 aut
409 2217 491 2274 bonae
515 2217 563 2274 sed
587 2225 692 2274 tenerae
709 2218 804 2273 adhuc
818 2231 919 2288 opera-
973 2217 1079 2290 angeli,
1096 2226 1147 2275 aut
1161 2217 1287 2275 habituri
1304 2224 1373 2274 sunt
1387 2225 1450 2288 post
1464 2219 1702 2275 resurrectionem
1722 2218 1820 2274 sancti.

72 2303 267 2374 tionispullos
288 2305 430 2376 usquead
451 2320 614 2378 congruum
636 2305 921 2377 perlectionisrobur
973 2305 1099 2363 Ornatus
1121 2312 1217 2362 autem
1240 2319 1340 2362 eorum
1372 2313 1414 2362 est
1446 2305 1588 2378 quidquid
1621 2305 1656 2362 ad
1684 2306 1815 2362 virtuteve

72 2390 181 2461 nulrit;
204 2391 316 2464 siquis
342 2399 392 2448 Μ
413 2393 587 2464 experiendo
613 2394 769 2465 pervideat,
796 2403 823 2452 et
843 2395 920 2466 piam
973 2394 1064 2452 animi
1095 2402 1145 2452 aut
1178 2394 1354 2451 honestatem
1385 2394 1523 2466 corporis,
1554 2402 1605 2452 aut
1637 2409 1687 2464 per
1716 2395 1814 2451 horon

72 2479 260 2550 voluntatem,
276 2488 304 2538 et
324 2496 397 2553 opus
412 2481 578 2553 religiosum
603 2491 698 2539 tenere
715 2482 854 2540 imitando
869 2497 920 2554 po·
974 2496 1060 2554 opera
1086 2482 1201 2539 dierum
1232 2480 1375 2550 innuitur,
1407 2491 1457 2540 aut
1492 2483 1563 2540 alias
1592 2482 1711 2552 legendo
1740 2498 1813 2552 repe-

73 2573 134 2629 teft
162 2568 210 2625 sed
241 2576 372 2638 matrem,
397 2569 426 2626 id
451 2577 492 2626 est
515 2569 718 2627 conscientiam
745 2571 922 2641 operantisa
974 2571 1059 2628 ritur.

72 2656 146 2714 bono
169 2666 259 2727 erepto
282 2657 436 2728 dimovere,
462 2666 514 2716 aut
537 2658 682 2716 dehortari
705 2674 763 2716 non
788 2659 881 2727 debet,
898 2659 921 2717 si
1010 2659 1132 2717 Verisa
1158 2686 1192 2696 -
1214 2658 1419 2729 complevitque
1450 2659 1524 2715 Deua
1544 2659 1588 2715 die
1618 2661 1731 2729 septimo
1754 2672 1815 2721 orus

72 2752 213 2803 aeternum
236 2745 355 2804 feliciter
377 2745 475 2804 vivere
498 2747 583 2805 volet.
614 2747 666 2804 Per
694 2754 799 2806 terram
825 2756 920 2806 antem
973 2761 1053 2802 suum
1068 2744 1140 2816 quod
1161 2747 1273 2812 seruat,
1299 2752 1324 2802 et
1344 2749 1478 2818 requievit
1502 2747 1545 2802 die
1568 2750 1680 2818 septimo
1699 2748 1733 2802 ub
1748 2748 1816 2802 enni

72 2834 205 2903 actualis,
236 2848 286 2906 per
318 2836 449 2892 arborem
479 2850 547 2893 vero
573 2835 632 2894 vita
662 2837 919 2908 contemplationis,
973 2851 1052 2908 opere
1074 2833 1147 2906 quod
1168 2839 1308 2904 patraret.
1332 2835 1452 2903 Quando
1475 2850 1528 2892 nos
1550 2836 1700 2908 quidpiam
1724 2848 1815 2907 opera-

73 2921 412 2993 quodisticperberbam
424 2933 452 2979 et
466 2925 596 2981 arborem
608 2924 736 2982 diximus
753 2926 884 2998 figurari.
936 2961 957 3017 C
973 2937 1049 2991 mur,
1064 2923 1126 2994 ipsa
1145 2922 1190 2978 die
1206 2936 1265 2994 qua
1285 2923 1460 2994 perficimus,
1485 2925 1545 2995 ipsa
1562 2925 1657 2996 potius
1670 2940 1752 2996 quau
1767 2937 1814 2979 se-

109 3010 193 3068 Vsns.
210 3013 254 3066 dl.
282 3040 317 3051 -
339 3013 374 3067 ut
395 3012 467 3067 uidit
490 3014 560 3068 Deus
574 3018 670 3069 curvato
687 3031 746 3084 qua
767 3017 878 3083 sceeot,
895 3019 920 3070 et
973 3010 1073 3083 quenti
1083 3026 1135 3069 nos
1150 3011 1306 3083 complesse
1320 3027 1393 3084 opus
1401 3012 1533 3070 dicimus.
1545 3015 1581 3070 Et
1592 3014 1662 3085 quid
1678 3011 1813 3086 sigrilreat

73 3099 238 3154 eroutoulde
258 3100 336 3155 bono.
351 3099 443 3170 Videt,
466 3108 498 3157 ut
512 3099 752 3175 diximus'supra,
775 3111 803 3161 et
817 3103 921 3176 saepius
973 3099 1051 3172 quod
1063 3101 1138 3157 Deus
1150 3115 1207 3158 non
1222 3108 1312 3168 sexta,
1329 3101 1377 3158 sed
1388 3102 1508 3173 septima
1520 3103 1565 3159 die
1583 3117 1671 3174 opera
1684 3101 1812 3172 explicat,

72 3195 126 3256 est,
151 3187 248 3245 videre
270 3202 322 3244 nos
350 3187 424 3246 lacit.
444 3188 547 3247 Videre
570 3198 667 3248 autem
691 3199 823 3250 nostrum
846 3192 920 3249 sieut
973 3188 1026 3245 nisi
1042 3189 1120 3260 quod
1134 3189 1201 3246 vira
1226 3190 1374 3260 praesentis
1396 3199 1496 3249 sancta
1511 3207 1576 3263 qua
1598 3207 1648 3263 per
1670 3208 1716 3249 nos
1728 3190 1814 3248 elficit

72 3274 163 3346 ipsius
177 3276 397 3348 Deiapprobare
408 3284 460 3344 est,
476 3277 546 3348 quia
562 3278 631 3334 dum
649 3293 792 3336 summam
804 3278 921 3337 virtutis
972 3277 1120 3346 exercitia,
1144 3292 1202 3334 non
1228 3280 1256 3335 in
1277 3279 1330 3336 boc
1349 3286 1485 3350 tempore,
1516 3296 1581 3352 quae
1604 3289 1685 3338 sexta
1707 3279 1815 3336 dicitur

73 3363 252 3436 attingimus,
268 3365 307 3421 ita
323 3365 352 3420 in
370 3373 505 3422 naturam
521 3366 643 3424 vertitur
657 3368 724 3425 boni
735 3382 825 3435 amor,
843 3373 884 3434 ut,
895 3365 919 3421 si
973 3373 1051 3434 aetas,
1066 3367 1114 3424 sed
1127 3367 1158 3423 in
1171 3367 1302 3438 septima,
1315 3368 1356 3439 ;in
1371 3383 1430 3440 qua
1450 3370 1641 3427 sabbatismus
1656 3382 1814 3426 ammarum

73 3454 158 3510 etiam
184 3452 302 3525 impune
329 3468 446 3526 peccare
470 3454 576 3522 liceret,
598 3471 751 3529 nunquam
769 3456 920 3513 animosa
973 3453 1079 3526 populo
1099 3455 1148 3511 Dei
1171 3462 1268 3524 restat,
1293 3469 1359 3512 oum
1392 3458 1542 3528 premium
1571 3458 1727 3523 reddiderit,
1744 3464 1814 3513 tune

74 3542 142 3599 recti
156 3548 254 3600 tenore
263 3543 386 3614 gradum
402 3543 570 3601 deflecteret.
596 3544 733 3602 Videmus
752 3557 821 3615 ergo
843 3541 921 3600 bona
973 3544 1131 3600 terminat?
1155 3543 1229 3601 Nam
1252 3545 1384 3616 quandiu
1406 3545 1435 3601 in
1456 3547 1509 3603 hoe
1524 3547 1656 3620 degimus
1670 3546 1814 3613 seculoa

74 3645 140 3701 quaa
154 3631 230 3688 Deus
241 3631 343 3689 indidit
359 3631 451 3695 nobis,
476 3632 503 3688 id
519 3639 562 3690 est
585 3631 782 3704 intelligimus.
798 3631 879 3688 Unde
892 3638 920 3689 et
972 3631 1044 3688 bene
1068 3632 1180 3704 agendo
1203 3634 1331 3704 requiem
1357 3647 1414 3690 non
1443 3649 1597 3706 possumus
1628 3635 1736 3700 habere,
1762 3649 1815 3690 nec

74 3727 173 3776 sextus
186 3718 246 3776 dies
259 3720 394 3787 occurrit,
409 3728 437 3776 et
451 3719 558 3791 pariter
571 3737 587 3778 e
601 3721 716 3792 regione
729 3725 810 3777 sexta
825 3721 919 3793 gratia
973 3717 1118 3775 debemus.
1144 3719 1178 3775 ln
1202 3720 1323 3789 septima
1344 3728 1441 3777 autem
1465 3722 1565 3778 mundi
1584 3729 1661 3792 astate
1684 3735 1701 3777 a
1717 3721 1814 3778 labore

75 3808 197 3878 Spiritus
210 3807 370 3866 intellectus
391 3808 497 3866 illuxit.
522 3810 594 3868 Cum
614 3810 688 3867 Deus
701 3822 761 3865 sure
774 3808 918 3867 bominem
972 3806 1117 3875 laxamur,
1134 3807 1204 3879 quia
1214 3807 1300 3879 iuxta
1315 3809 1385 3866 illud
1397 3811 1469 3867 lob:
1485 3812 1517 3866 lu
1531 3815 1644 3881 septimo
1654 3827 1708 3867 aon
1723 3816 1813 3877 turpet

75 3896 195 3968 imagini
213 3897 437 3970 configuratum,
461 3906 493 3956 ut
515 3899 590 3956 inter
621 3895 710 3968 pisces
728 3902 756 3953 et
779 3896 917 3964 volatilia,
971 3911 1019 3952 uos
1038 3897 1140 3952 mutum
1161 3896 1231 3966 (lob.
1257 3911 1285 3960 v,
1309 3898 1376 3969 la),
1403 3899 1452 3955 nbi
1475 3900 1590 3967 mensis,
1610 3900 1637 3956 id
1658 3907 1700 3957 est
1722 3898 1813 3970 perle-

74 3999 250 4055 rursumque
265 3985 377 4055 reptilia
390 3987 566 4046 discreturus
577 3982 804 4051 lintellectualcm
820 4002 920 4058 quam·
972 3985 1029 4042 etio
1044 3984 1239 4054 beatitudinis,
1251 3986 1305 4043 erit
1325 3987 1440 4057 perlecti
1465 3987 1570 4046 laboris
1585 4004 1689 4057 mense,
1702 3996 1730 4045 et
1744 3987 1811 4043 Sab

75 4074 140 4131 dam
155 4074 321 4131 cathedram
345 4076 471 4146 baberet,
485 4076 553 4148 lura
563 4071 665 4146 judieii
690 4073 834 4144 possidere
852 4076 916 4148 jus·
973 4073 1073 4130 batum
1088 4080 1202 4130 aeternae
1217 4075 1327 4146 requiei
1341 4077 1432 4145 nobis,
1445 4078 1496 4148 qui
1509 4079 1704 4148 requievimus
1719 4090 1735 4132 a
1750 4090 1813 4147 per-

75 4162 166 4231 sisset,
194 4171 338 4234 quatenus
365 4164 473 4236 quibus
505 4160 665 4220 transitorie
694 4161 746 4228 uti,
776 4164 920 4234 quibusve
972 4175 1056 4219 verso
1065 4176 1158 4233 opere.
1174 4163 1207 4218 ln
1228 4163 1282 4220 hae
1295 4178 1364 4237 ergo
1377 4166 1436 4222 vita
1460 4177 1571 4236 tempus
1583 4175 1625 4224 est
1636 4165 1811 4238 agonizand,

75 4251 246 4308 eternaliter
260 4251 317 4310 lrui
332 4253 457 4322 deberet,
472 4251 574 4317 seiret;
588 4256 616 4306 et
632 4264 697 4321 qua
714 4250 743 4307 in
766 4266 795 4309 se
808 4266 918 4324 rapere,
936 4260 957 4315 p
976 4249 1035 4306 illie
1047 4250 1130 4307 nobis
1152 4259 1238 4308 restat
1256 4254 1399 4310 aeternitas
1421 4254 1587 4311 coronandi.
1607 4256 1722 4311 Vanum
1742 4252 1812 4310 enin

75 4338 183 4410 quibus
204 4354 234 4397 se
257 4340 420 4412 inlormare,
448 4354 513 4412 quae
541 4335 595 4395 sibi
618 4337 752 4410 subigere
776 4340 921 4410 quibusve
976 4338 1057 4394 uobis
1068 4338 1150 4396 debet
1165 4339 1256 4398 videri
1272 4349 1337 4398 ante
1352 4341 1424 4399 illud
1437 4356 1520 4399 mane
1538 4343 1682 4407 ultimum,
1697 4357 1756 4414 quo
1771 4341 1812 4397 Ilei

75 4427 218 4485 dominari
250 4437 401 4500 oporteret,
435 4433 611 4498 agnosceret.
644 4426 717 4494 Quid
747 4428 922 4486 eminentius
975 4427 1199 4486 misericordiam
1221 4444 1288 4486 cum
1311 4431 1460 4488 Psalmista
1484 4446 1587 4489 sumus
1606 4431 1746 4500 audituri,
1762 4445 1811 4503 qm

75 4524 137 4587 post
164 4517 331 4589 dignitatem
356 4513 534 4590 spiritualem
558 4515 627 4572 dare
646 4515 672 4572 ei
688 4516 789 4587 potuit,
813 4516 869 4574 nisi
889 4524 922 4575 ut
975 4515 1051 4572 Deus
1065 4515 1239 4574 illuminabit
1253 4518 1420 4575 abscondita
1438 4519 1567 4576 cordium
1588 4521 1669 4592 (Psoi.
1684 4537 1764 4588 cxciv,
1782 4523 1824 4589 ³,

75 4605 242 4676 angelorum
262 4602 473 4678 quodammodo
485 4617 624 4674 suppares
648 4604 775 4662 laceret?
791 4605 819 4663 Si
843 4605 919 4662 enim
975 4605 1005 4661 in
1020 4606 1202 4663 securitatem
1219 4607 1348 4679 aliquam
1363 4609 1397 4665 de
1415 4608 1491 4665 bona
1514 4617 1614 4667 nostra
1628 4609 1738 4667 actione
1752 4624 1811 4667 sur·

75 4692 198 4751 dicimus
210 4696 287 4765 quod
300 4696 329 4751 in
342 4694 396 4749 hoo
409 4689 507 4748 bestiis
522 4692 740 4762 praeeminemus
752 4692 921 4765 quodloqui
975 4709 1052 4766 gere,
1076 4694 1105 4751 id
1128 4702 1180 4764 est,
1203 4696 1294 4768 erigi;
1318 4696 1367 4752 sed
1391 4705 1543 4768 postquam
1567 4699 1597 4755 iu
1616 4699 1671 4754 bac
1691 4698 1810 4755 convalb

76 4794 238 4853 possumus,
253 4779 407 4854 respondeo
432 4780 549 4849 quidem
571 4789 703 4853 exparte
728 4797 829 4839 verum
850 4783 920 4851 lore,
975 4783 1180 4854 laerymarum,
1196 4797 1263 4854 que
1281 4784 1361 4840 loeus
1381 4792 1423 4841 est
1443 4799 1515 4842 auro
1527 4786 1651 4853 Arabiae,
1668 4786 1695 4842 id
1711 4793 1753 4843 est
1766 4785 1809 4842 hv·

76 4869 124 4925 sed
139 4869 161 4925 si
176 4870 361 4933 advertimus,
378 4865 504 4937 prolecto
519 4868 684 4926 invenimus
696 4871 827 4942 quiavix
842 4872 923 4930 nobis
975 4871 1094 4928 milibus
1107 4870 1213 4939 electis,
1239 4871 1267 4927 in
1284 4886 1342 4942 quo
1365 4872 1536 4940 condentur,
1560 4881 1588 4930 et
1604 4873 1690 4944 juxta
1717 4874 1809 4929 Dani»-

75 4956 185 5029 aliquid
201 4958 322 5015 invicem
337 4952 472 5013 disertius
482 4956 625 5028 loquendo
641 4957 819 5028 intimamus,
833 4975 922 5033 quam
975 4958 1031 5016 lenr
1048 4958 1218 5016 dealbentur
1232 4960 1317 5028 (Dua.
1342 4976 1380 5025 xi,
1397 4962 1451 5030 ab),
1475 4962 1642 5029 sederimus,
1655 4962 1684 5018 in
1704 4961 1812 5019 bumil-

76 5045 298 5105 illaeseeuodum
314 5056 401 5101 suum
415 5045 540 5118 [modum
560 5053 642 5118 gestu
664 5061 697 5104 ae
712 5048 842 5106 vocibus.
858 5049 921 5106 Non
975 5056 1032 5106 tate
1049 5047 1156 5105 scilieet
1171 5062 1224 5105 nos
1244 5048 1478 5118 depresserimus,
1496 5058 1566 5107 tunc
1590 5049 1810 5122 surgendum,id

75 5148 143 5208 ergo
167 5137 228 5194 baec
251 5130 412 5191 dillerentla
432 5148 537 5206 magne
559 5134 705 5192 laudanda
730 5143 782 5205 est,
805 5136 854 5193 sed
873 5136 922 5193 illa
974 5144 1016 5194 est
1031 5137 1066 5194 ad
1079 5137 1200 5208 gloriam
1217 5137 1403 5208 aspirandum
1425 5139 1508 5195 nobis
1520 5147 1571 5206 est,
1587 5139 1638 5212 qni
1653 5139 1683 5196 in
1695 5140 1741 5197 his
1755 5151 1811 5211 qva·

75 5234 266 5294 summopere,
283 5235 342 5291 qua
365 5237 415 5293 per
438 5222 656 5295 intelligentiam
674 5223 920 5281 Deietbonorum
976 5225 1111 5296 draginta
1134 5226 1218 5283 annis
1243 5226 1387 5283 desertum
1420 5228 1546 5284 idumeae
1573 5226 1809 5296 inhabitando,de

76 5313 186 5387 angelis
207 5310 424 5369 concordamus.
445 5313 511 5368 llaec
524 5319 566 5369 est
580 5327 646 5384 qua
661 5313 697 5370 ab
718 5312 853 5382 apostolo
867 5326 922 5384 ap·
976 5330 1035 5386 quo
1050 5313 1154 5372 clamat
1179 5316 1269 5372 David
1282 5330 1289 5370 :
1302 5327 1303 5331 ’
1315 5318 1394 5381 Deus,
1418 5318 1488 5371 Deus
1505 5331 1589 5382 meur,
1613 5317 1651 5372 od
1671 5323 1696 5373 te
1714 5316 1809 5372 deeum

77 5402 199 5473 pellatur
230 5397 361 5457 discretio
391 5398 557 5472 spirituum,
582 5415 642 5473 qua
664 5399 794 5458 videlicet
815 5400 920 5458 intelle·
976 5401 1060 5471 aigilo
1075 5403 1155 5472 (Psoi.
1173 5418 1239 5469 nrrr,
1255 5402 1299 5474 2);
1325 5404 1384 5460 solo
1399 5402 1563 5473 spiritualis
1577 5417 1692 5461 mannae
1706 5401 1806 5476 poblo,

73 5488 161 5549 etuali
185 5486 279 5559 palato
307 5488 436 5561 sapimus
470 5490 496 5559 (1
516 5491 577 5548 dor.
599 5505 647 5556 ru,
673 5488 715 5556 tol
737 5488 807 5561 quid
831 5490 921 5547 alteo
976 5489 1131 5560 Scripturis
1145 5491 1251 5548 seilicet
1265 5490 1354 5547 saeris
1368 5489 1555 5560 delectamur,
1569 5499 1596 5548 et
1608 5506 1711 5562 panem
1728 5500 1806 5549 tanen
