<?xml version="1.0" encoding="UTF-8"?>
<!DOCTYPE html PUBLIC "-//W3C//DTD XHTML 1.0 Transitional//EN"
    "http://www.w3.org/TR/xhtml1/DTD/xhtml1-transitional.dtd">
<html xmlns="http://www.w3.org/1999/xhtml" xml:lang="en" lang="en">
 <head>
  <title>
</title>
<meta http-equiv="Content-Type" content="text/html;charset=utf-8" />
  <meta name='ocr-system' content='tesseract 3.04.00' />
  <meta name='ocr-capabilities' content='ocr_page ocr_carea ocr_par ocr_line ocrx_word'/>
</head>
<body>
  <div class='ocr_page' id='page_1' title='image "./patrologiaecurs05unkngoog_0337.png"; bbox 0 0 3818 6008; ppageno 0'>
   <div class='ocr_carea' id='block_1_1' title="bbox 70 227 121 282">
    <p class='ocr_par' dir='ltr' id='par_1_1' title="bbox 70 227 121 282">
     <span class='ocr_line' id='line_1_1' title="bbox 70 227 121 282; baseline 0 0"><span class='ocrx_word' id='word_1_1' title='bbox 70 227 121 282; x_wconf 75' lang='lat' dir='ltr'><strong>bos</strong></span> 
     </span>
    </p>
   </div>
   <div class='ocr_carea' id='block_1_2' title="bbox 514 225 1377 290">
    <p class='ocr_par' dir='ltr' id='par_1_2' title="bbox 514 225 1377 290">
     <span class='ocr_line' id='line_1_2' title="bbox 514 225 1377 290; baseline 0.01 -9"><span class='ocrx_word' id='word_1_2' title='bbox 514 229 544 282; x_wconf 85' lang='grc' dir='ltr'><strong>ΙΙ.</strong></span> <span class='ocrx_word' id='word_1_3' title='bbox 565 225 731 284; x_wconf 72' lang='lat' dir='ltr'><strong>cursuum</strong></span> <span class='ocrx_word' id='word_1_4' title='bbox 751 229 897 284; x_wconf 76' lang='lat' dir='ltr'><strong>absarus</strong></span> <span class='ocrx_word' id='word_1_5' title='bbox 917 229 944 284; x_wconf 91' lang='lat' dir='ltr'><strong>S.</strong></span> <span class='ocrx_word' id='word_1_6' title='bbox 966 229 1086 287; x_wconf 77' lang='lat' dir='ltr'><strong>hinulAE</strong></span> <span class='ocrx_word' id='word_1_7' title='bbox 1107 233 1153 288; x_wconf 85' lang='lat' dir='ltr'><strong>DE</strong></span> <span class='ocrx_word' id='word_1_8' title='bbox 1174 231 1377 290; x_wconf 73' lang='lat' dir='ltr'><strong>novicburo</strong></span> 
     </span>
    </p>
   </div>
   <div class='ocr_carea' id='block_1_3' title="bbox 69 334 1867 439">
    <p class='ocr_par' dir='ltr' id='par_1_3' title="bbox 69 334 1867 439">
     <span class='ocr_line' id='line_1_3' title="bbox 69 334 1867 439; baseline 0.003 -19"><span class='ocrx_word' id='word_1_9' title='bbox 69 362 137 420; x_wconf 90' lang='lat' dir='ltr'><strong>dere</strong></span> <span class='ocrx_word' id='word_1_10' title='bbox 149 362 276 419; x_wconf 89' lang='lat' dir='ltr'><strong>mandat.</strong></span> <span class='ocrx_word' id='word_1_11' title='bbox 297 361 332 417; x_wconf 81' lang='lat' dir='ltr'><strong>Et</strong></span> <span class='ocrx_word' id='word_1_12' title='bbox 355 368 430 417; x_wconf 82' lang='lat' dir='ltr'><strong>certe</strong></span> <span class='ocrx_word' id='word_1_13' title='bbox 452 369 612 432; x_wconf 87' lang='lat' dir='ltr'><strong>martyrum</strong></span> <span class='ocrx_word' id='word_1_14' title='bbox 635 363 745 419; x_wconf 90' lang='lat' dir='ltr'><strong>cineres</strong></span> <span class='ocrx_word' id='word_1_15' title='bbox 764 377 917 435; x_wconf 90' lang='lat' dir='ltr'><strong>nunquam</strong></span> <span class='ocrx_word' id='word_1_16' title='bbox 937 366 1104 437; x_wconf 78' lang='lat' dir='ltr'><strong>aputatur,</strong></span> <span class='ocrx_word' id='word_1_17' title='bbox 1130 365 1277 439; x_wconf 79' lang='lat' dir='ltr'><strong>exporrigi</strong></span> <span class='ocrx_word' id='word_1_18' title='bbox 1304 366 1345 433; x_wconf 86' lang='lat' dir='ltr'><strong>ht,</strong></span> <span class='ocrx_word' id='word_1_19' title='bbox 1370 368 1419 423; x_wconf 90' lang='lat' dir='ltr'><strong>sed</strong></span> <span class='ocrx_word' id='word_1_20' title='bbox 1443 368 1473 424; x_wconf 92' lang='lat' dir='ltr'><strong>in</strong></span> <span class='ocrx_word' id='word_1_21' title='bbox 1500 368 1591 431; x_wconf 86' lang='lat' dir='ltr'><strong>illum,</strong></span> <span class='ocrx_word' id='word_1_22' title='bbox 1616 366 1668 439; x_wconf 92' lang='lat' dir='ltr'><strong>qui</strong></span> <span class='ocrx_word' id='word_1_23' title='bbox 1696 375 1826 426; x_wconf 88' lang='lat' dir='ltr'><strong>meretur</strong></span> <span class='ocrx_word' id='word_1_24' title='bbox 1864 334 1867 345; x_wconf 37' lang='grc' dir='ltr'>Ι</span> 
     </span>
    </p>
   </div>
   <div class='ocr_carea' id='block_1_4' title="bbox 69 449 921 1494">
    <p class='ocr_par' dir='ltr' id='par_1_4' title="bbox 70 449 918 682">
     <span class='ocr_line' id='line_1_4' title="bbox 70 449 918 523; baseline 0.001 -15"><span class='ocrx_word' id='word_1_25' title='bbox 70 466 123 508; x_wconf 93' lang='lat' dir='ltr'><strong>nec</strong></span> <span class='ocrx_word' id='word_1_26' title='bbox 144 465 208 508; x_wconf 89' lang='lat' dir='ltr'><strong>ossa</strong></span> <span class='ocrx_word' id='word_1_27' title='bbox 237 457 292 506; x_wconf 86' lang='lat' dir='ltr'><strong>toto</strong></span> <span class='ocrx_word' id='word_1_28' title='bbox 317 449 385 507; x_wconf 88' lang='lat' dir='ltr'><strong>orbe</strong></span> <span class='ocrx_word' id='word_1_29' title='bbox 414 449 584 506; x_wconf 89' lang='lat' dir='ltr'><strong>circumlata</strong></span> <span class='ocrx_word' id='word_1_30' title='bbox 607 451 755 522; x_wconf 80' lang='lat' dir='ltr'>recolligit,</span> <span class='ocrx_word' id='word_1_31' title='bbox 780 456 831 523; x_wconf 92' lang='lat' dir='ltr'><strong>qui</strong></span> <span class='ocrx_word' id='word_1_32' title='bbox 863 467 918 509; x_wconf 89' lang='lat' dir='ltr'><strong>sna</strong></span> 
     </span>
     <span class='ocr_line' id='line_1_5' title="bbox 70 537 918 611; baseline 0.002 -17"><span class='ocrx_word' id='word_1_33' title='bbox 70 538 130 609; x_wconf 79' lang='lat' dir='ltr'><strong>lieri</strong></span> <span class='ocrx_word' id='word_1_34' title='bbox 158 545 221 609; x_wconf 90' lang='lat' dir='ltr'><strong>post</strong></span> <span class='ocrx_word' id='word_1_35' title='bbox 244 537 481 593; x_wconf 77' lang='lat' dir='ltr'><strong>resurrectionem</strong></span> <span class='ocrx_word' id='word_1_36' title='bbox 506 539 603 607; x_wconf 85' lang='lat' dir='ltr'><strong>putria</strong></span> <span class='ocrx_word' id='word_1_37' title='bbox 618 540 672 595; x_wconf 91' lang='lat' dir='ltr'><strong>hac</strong></span> <span class='ocrx_word' id='word_1_38' title='bbox 702 539 825 610; x_wconf 88' lang='lat' dir='ltr'><strong>illacque</strong></span> <span class='ocrx_word' id='word_1_39' title='bbox 849 553 918 611; x_wconf 90' lang='lat' dir='ltr'><strong>per-</strong></span> 
     </span>
     <span class='ocr_line' id='line_1_6' title="bbox 71 626 166 682; baseline -0.021 0"><span class='ocrx_word' id='word_1_40' title='bbox 71 626 166 682; x_wconf 87' lang='lat' dir='ltr'><strong>mittit.</strong></span> 
     </span>
    </p>

    <p class='ocr_par' dir='ltr' id='par_1_5' title="bbox 69 713 921 1494">
     <span class='ocr_line' id='line_1_7' title="bbox 106 713 917 785; baseline 0 -15"><span class='ocrx_word' id='word_1_41' title='bbox 106 713 158 770; x_wconf 85' lang='lat' dir='ltr'><strong>Sed</strong></span> <span class='ocrx_word' id='word_1_42' title='bbox 195 713 370 783; x_wconf 83' lang='lat' dir='ltr'><strong>perpendere</strong></span> <span class='ocrx_word' id='word_1_43' title='bbox 405 713 473 770; x_wconf 91' lang='lat' dir='ltr'><strong>libet</strong></span> <span class='ocrx_word' id='word_1_44' title='bbox 509 728 596 785; x_wconf 90' lang='lat' dir='ltr'><strong>quam</strong></span> <span class='ocrx_word' id='word_1_45' title='bbox 627 713 714 770; x_wconf 85' lang='lat' dir='ltr'><strong>hebes</strong></span> <span class='ocrx_word' id='word_1_46' title='bbox 743 715 917 770; x_wconf 82' lang='lat' dir='ltr'><strong>miraculum</strong></span> 
     </span>
     <span class='ocr_line' id='line_1_8' title="bbox 70 800 920 873; baseline 0.002 -16"><span class='ocrx_word' id='word_1_47' title='bbox 70 800 165 872; x_wconf 89' lang='lat' dir='ltr'><strong>ipsum</strong></span> <span class='ocrx_word' id='word_1_48' title='bbox 181 800 277 868; x_wconf 85' lang='lat' dir='ltr'><strong>luerit,</strong></span> <span class='ocrx_word' id='word_1_49' title='bbox 293 802 363 858; x_wconf 94' lang='lat' dir='ltr'><strong>dum</strong></span> <span class='ocrx_word' id='word_1_50' title='bbox 383 802 573 858; x_wconf 90' lang='lat' dir='ltr'><strong>animadverti</strong></span> <span class='ocrx_word' id='word_1_51' title='bbox 595 817 653 858; x_wconf 93' lang='lat' dir='ltr'><strong>non</strong></span> <span class='ocrx_word' id='word_1_52' title='bbox 672 803 809 873; x_wconf 78' lang='lat' dir='ltr'><strong>praevalet</strong></span> <span class='ocrx_word' id='word_1_53' title='bbox 828 817 920 873; x_wconf 91' lang='lat' dir='ltr'><strong>quor-</strong></span> 
     </span>
     <span class='ocr_line' id='line_1_9' title="bbox 69 888 919 960; baseline 0.001 -15"><span class='ocrx_word' id='word_1_54' title='bbox 69 903 135 946; x_wconf 88' lang='lat' dir='ltr'><strong>sum</strong></span> <span class='ocrx_word' id='word_1_55' title='bbox 149 888 297 958; x_wconf 77' lang='lat' dir='ltr'><strong>suspensio</strong></span> <span class='ocrx_word' id='word_1_56' title='bbox 312 889 361 945; x_wconf 90' lang='lat' dir='ltr'><strong>illa</strong></span> <span class='ocrx_word' id='word_1_57' title='bbox 376 890 545 957; x_wconf 88' lang='lat' dir='ltr'><strong>intenderit;</strong></span> <span class='ocrx_word' id='word_1_58' title='bbox 571 892 648 960; x_wconf 92' lang='lat' dir='ltr'><strong>quod</strong></span> <span class='ocrx_word' id='word_1_59' title='bbox 672 891 748 947; x_wconf 89' lang='lat' dir='ltr'><strong>enim</strong></span> <span class='ocrx_word' id='word_1_60' title='bbox 766 892 802 946; x_wconf 90' lang='lat' dir='ltr'><strong>ab</strong></span> <span class='ocrx_word' id='word_1_61' title='bbox 816 905 867 946; x_wconf 89' lang='lat' dir='ltr'><strong>ara</strong></span> <span class='ocrx_word' id='word_1_62' title='bbox 890 891 919 946; x_wconf 92' lang='lat' dir='ltr'><strong>in</strong></span> 
     </span>
     <span class='ocr_line' id='line_1_10' title="bbox 70 978 921 1047; baseline 0.001 -13"><span class='ocrx_word' id='word_1_63' title='bbox 70 991 163 1034; x_wconf 89' lang='lat' dir='ltr'><strong>aerem</strong></span> <span class='ocrx_word' id='word_1_64' title='bbox 188 978 352 1041; x_wconf 86' lang='lat' dir='ltr'><strong>volucritat,</strong></span> <span class='ocrx_word' id='word_1_65' title='bbox 378 978 412 1034; x_wconf 91' lang='lat' dir='ltr'><strong>de</strong></span> <span class='ocrx_word' id='word_1_66' title='bbox 436 992 529 1045; x_wconf 88' lang='lat' dir='ltr'><strong>sacro,</strong></span> <span class='ocrx_word' id='word_1_67' title='bbox 547 987 579 1035; x_wconf 94' lang='lat' dir='ltr'><strong>ut</strong></span> <span class='ocrx_word' id='word_1_68' title='bbox 604 980 645 1035; x_wconf 89' lang='lat' dir='ltr'><strong>sic</strong></span> <span class='ocrx_word' id='word_1_69' title='bbox 664 980 767 1047; x_wconf 90' lang='lat' dir='ltr'><strong>dicam,</strong></span> <span class='ocrx_word' id='word_1_70' title='bbox 794 980 830 1035; x_wconf 92' lang='lat' dir='ltr'><strong>ad</strong></span> <span class='ocrx_word' id='word_1_71' title='bbox 847 979 921 1035; x_wconf 89' lang='lat' dir='ltr'><strong>insa·</strong></span> 
     </span>
     <span class='ocr_line' id='line_1_11' title="bbox 70 1067 920 1137; baseline 0 -14"><span class='ocrx_word' id='word_1_72' title='bbox 70 1080 152 1123; x_wconf 90' lang='lat' dir='ltr'><strong>crum</strong></span> <span class='ocrx_word' id='word_1_73' title='bbox 168 1080 197 1122; x_wconf 92' lang='lat' dir='ltr'><strong>se</strong></span> <span class='ocrx_word' id='word_1_74' title='bbox 211 1067 372 1136; x_wconf 77' lang='lat' dir='ltr'><strong>subrigens,</strong></span> <span class='ocrx_word' id='word_1_75' title='bbox 386 1067 485 1123; x_wconf 88' lang='lat' dir='ltr'><strong>altaris</strong></span> <span class='ocrx_word' id='word_1_76' title='bbox 499 1067 722 1123; x_wconf 78' lang='lat' dir='ltr'><strong>sanctitudinem</strong></span> <span class='ocrx_word' id='word_1_77' title='bbox 745 1081 778 1123; x_wconf 89' lang='lat' dir='ltr'><strong>ac</strong></span> <span class='ocrx_word' id='word_1_78' title='bbox 793 1069 815 1123; x_wconf 89' lang='lat' dir='ltr'><strong>si</strong></span> <span class='ocrx_word' id='word_1_79' title='bbox 832 1069 920 1137; x_wconf 89' lang='lat' dir='ltr'><strong>impa-</strong></span> 
     </span>
     <span class='ocr_line' id='line_1_12' title="bbox 71 1154 920 1226; baseline 0.002 -17"><span class='ocrx_word' id='word_1_80' title='bbox 71 1154 174 1210; x_wconf 87' lang='lat' dir='ltr'><strong>tienter</strong></span> <span class='ocrx_word' id='word_1_81' title='bbox 189 1169 217 1211; x_wconf 90' lang='lat' dir='ltr'><strong>se</strong></span> <span class='ocrx_word' id='word_1_82' title='bbox 237 1154 310 1211; x_wconf 90' lang='lat' dir='ltr'><strong>ierre</strong></span> <span class='ocrx_word' id='word_1_83' title='bbox 321 1155 507 1212; x_wconf 88' lang='lat' dir='ltr'><strong>demonstrat.</strong></span> <span class='ocrx_word' id='word_1_84' title='bbox 520 1157 555 1211; x_wconf 79' lang='lat' dir='ltr'><strong>ut</strong></span> <span class='ocrx_word' id='word_1_85' title='bbox 570 1156 594 1211; x_wconf 92' lang='lat' dir='ltr'><strong>si</strong></span> <span class='ocrx_word' id='word_1_86' title='bbox 607 1156 727 1212; x_wconf 85' lang='lat' dir='ltr'><strong>verbum</strong></span> <span class='ocrx_word' id='word_1_87' title='bbox 743 1156 827 1223; x_wconf 90' lang='lat' dir='ltr'><strong>idem,</strong></span> <span class='ocrx_word' id='word_1_88' title='bbox 843 1156 920 1226; x_wconf 91' lang='lat' dir='ltr'><strong>quod</strong></span> 
     </span>
     <span class='ocr_line' id='line_1_13' title="bbox 71 1243 920 1315; baseline 0 -15"><span class='ocrx_word' id='word_1_89' title='bbox 71 1250 112 1300; x_wconf 88' lang='lat' dir='ltr'><strong>est</strong></span> <span class='ocrx_word' id='word_1_90' title='bbox 126 1243 284 1313; x_wconf 87' lang='lat' dir='ltr'><strong>suspensio,</strong></span> <span class='ocrx_word' id='word_1_91' title='bbox 301 1243 425 1300; x_wconf 90' lang='lat' dir='ltr'><strong>velimus</strong></span> <span class='ocrx_word' id='word_1_92' title='bbox 456 1245 613 1312; x_wconf 87' lang='lat' dir='ltr'><strong>attendere,</strong></span> <span class='ocrx_word' id='word_1_93' title='bbox 634 1244 710 1315; x_wconf 92' lang='lat' dir='ltr'><strong>quod</strong></span> <span class='ocrx_word' id='word_1_94' title='bbox 730 1245 844 1300; x_wconf 88' lang='lat' dir='ltr'><strong>videtur</strong></span> <span class='ocrx_word' id='word_1_95' title='bbox 856 1259 920 1300; x_wconf 92' lang='lat' dir='ltr'><strong>sus·</strong></span> 
     </span>
     <span class='ocr_line' id='line_1_14' title="bbox 70 1332 921 1405; baseline 0.002 -17"><span class='ocrx_word' id='word_1_96' title='bbox 70 1346 204 1404; x_wconf 90' lang='lat' dir='ltr'><strong>pensum,</strong></span> <span class='ocrx_word' id='word_1_97' title='bbox 218 1340 338 1402; x_wconf 90' lang='lat' dir='ltr'><strong>putatur</strong></span> <span class='ocrx_word' id='word_1_98' title='bbox 353 1332 538 1404; x_wconf 85' lang='lat' dir='ltr'><strong>ambiguum3</strong></span> <span class='ocrx_word' id='word_1_99' title='bbox 556 1334 604 1389; x_wconf 87' lang='lat' dir='ltr'><strong>sed</strong></span> <span class='ocrx_word' id='word_1_100' title='bbox 624 1333 694 1405; x_wconf 91' lang='lat' dir='ltr'><strong>quid</strong></span> <span class='ocrx_word' id='word_1_101' title='bbox 713 1333 816 1405; x_wconf 91' lang='lat' dir='ltr'><strong>loquor</strong></span> <span class='ocrx_word' id='word_1_102' title='bbox 832 1335 921 1390; x_wconf 92' lang='lat' dir='ltr'><strong>ambi·</strong></span> 
     </span>
     <span class='ocr_line' id='line_1_15' title="bbox 72 1420 921 1494; baseline 0.004 -17"><span class='ocrx_word' id='word_1_103' title='bbox 72 1435 173 1494; x_wconf 88' lang='lat' dir='ltr'><strong>guum,</strong></span> <span class='ocrx_word' id='word_1_104' title='bbox 191 1434 257 1476; x_wconf 92' lang='lat' dir='ltr'><strong>cum</strong></span> <span class='ocrx_word' id='word_1_105' title='bbox 278 1420 448 1492; x_wconf 90' lang='lat' dir='ltr'><strong>ambiguum</strong></span> <span class='ocrx_word' id='word_1_106' title='bbox 470 1422 584 1491; x_wconf 90' lang='lat' dir='ltr'><strong>proprie</strong></span> <span class='ocrx_word' id='word_1_107' title='bbox 598 1421 634 1477; x_wconf 92' lang='lat' dir='ltr'><strong>sit</strong></span> <span class='ocrx_word' id='word_1_108' title='bbox 653 1423 732 1492; x_wconf 93' lang='lat' dir='ltr'><strong>quod</strong></span> <span class='ocrx_word' id='word_1_109' title='bbox 746 1436 807 1480; x_wconf 91' lang='lat' dir='ltr'><strong>esse</strong></span> <span class='ocrx_word' id='word_1_110' title='bbox 819 1430 845 1479; x_wconf 91' lang='lat' dir='ltr'><strong>et</strong></span> <span class='ocrx_word' id='word_1_111' title='bbox 860 1437 921 1480; x_wconf 89' lang='lat' dir='ltr'><strong>esse</strong></span> 
     </span>
    </p>
   </div>
   <div class='ocr_carea' id='block_1_5' title="bbox 973 453 1868 1492">
    <p class='ocr_par' dir='ltr' id='par_1_6' title="bbox 973 453 1868 1492">
     <span class='ocr_line' id='line_1_16' title="bbox 975 453 1868 535; baseline 0.006 -27"><span class='ocrx_word' id='word_1_112' title='bbox 975 454 1103 523; x_wconf 88' lang='lat' dir='ltr'><strong>accipere</strong></span> <span class='ocrx_word' id='word_1_113' title='bbox 1119 453 1248 511; x_wconf 88' lang='lat' dir='ltr'><strong>benellcii</strong></span> <span class='ocrx_word' id='word_1_114' title='bbox 1264 454 1384 523; x_wconf 83' lang='lat' dir='ltr'><strong>tructus,</strong></span> <span class='ocrx_word' id='word_1_115' title='bbox 1398 457 1539 524; x_wconf 85' lang='lat' dir='ltr'><strong>excurrit,</strong></span> <span class='ocrx_word' id='word_1_116' title='bbox 1863 484 1868 535; x_wconf 72' lang='lat' dir='ltr'><strong>q</strong></span> 
     </span>
     <span class='ocr_line' id='line_1_17' title="bbox 1010 541 1866 653; baseline 0.005 -58"><span class='ocrx_word' id='word_1_117' title='bbox 1010 541 1085 608; x_wconf 63' lang='lat' dir='ltr'><strong>§lli</strong></span> <span class='ocrx_word' id='word_1_118' title='bbox 1102 543 1146 596; x_wconf 87' lang='lat' dir='ltr'><strong>De</strong></span> <span class='ocrx_word' id='word_1_119' title='bbox 1164 541 1288 613; x_wconf 83' lang='lat' dir='ltr'><strong>quodam</strong></span> <span class='ocrx_word' id='word_1_120' title='bbox 1302 545 1460 596; x_wconf 83' lang='lat' dir='ltr'><strong>scortatore</strong></span> <span class='ocrx_word' id='word_1_121' title='bbox 1479 541 1564 614; x_wconf 83' lang='lat' dir='ltr'><strong>cquis</strong></span> <span class='ocrx_word' id='word_1_122' title='bbox 1582 542 1730 614; x_wconf 82' lang='lat' dir='ltr'><strong>obsorpio.</strong></span> <span class='ocrx_word' id='word_1_123' title='bbox 1742 572 1777 583; x_wconf 96' lang='lat'><em>-</em></span> <span class='ocrx_word' id='word_1_124' title='bbox 1792 544 1828 599; x_wconf 77' lang='lat' dir='ltr'><strong>At</strong></span> <span class='ocrx_word' id='word_1_125' title='bbox 1862 578 1866 653; x_wconf 48' lang='lat'><em>⁴</em></span> 
     </span>
     <span class='ocr_line' id='line_1_18' title="bbox 975 628 1826 700; baseline 0.004 -18"><span class='ocrx_word' id='word_1_126' title='bbox 975 628 1125 700; x_wconf 85' lang='lat' dir='ltr'><strong>signorum</strong></span> <span class='ocrx_word' id='word_1_127' title='bbox 1154 630 1268 686; x_wconf 92' lang='lat' dir='ltr'><strong>illorum</strong></span> <span class='ocrx_word' id='word_1_128' title='bbox 1289 629 1384 686; x_wconf 89' lang='lat' dir='ltr'><strong>tenuis</strong></span> <span class='ocrx_word' id='word_1_129' title='bbox 1406 630 1475 686; x_wconf 90' lang='lat' dir='ltr'><strong>mihi</strong></span> <span class='ocrx_word' id='word_1_130' title='bbox 1498 630 1580 687; x_wconf 83' lang='lat' dir='ltr'><strong>valde</strong></span> <span class='ocrx_word' id='word_1_131' title='bbox 1596 631 1710 687; x_wconf 91' lang='lat' dir='ltr'><strong>videtur</strong></span> <span class='ocrx_word' id='word_1_132' title='bbox 1727 638 1826 687; x_wconf 90' lang='lat' dir='ltr'><strong>aucto·</strong></span> 
     </span>
     <span class='ocr_line' id='line_1_19' title="bbox 975 717 1864 795; baseline -0.001 -21"><span class='ocrx_word' id='word_1_133' title='bbox 975 719 1055 784; x_wconf 87' lang='lat' dir='ltr'><strong>ritas,</strong></span> <span class='ocrx_word' id='word_1_134' title='bbox 1082 718 1138 773; x_wconf 91' lang='lat' dir='ltr'><strong>imo</strong></span> <span class='ocrx_word' id='word_1_135' title='bbox 1158 717 1254 788; x_wconf 90' lang='lat' dir='ltr'><strong>scripti</strong></span> <span class='ocrx_word' id='word_1_136' title='bbox 1271 718 1346 773; x_wconf 74' lang='lat' dir='ltr'><strong>illins</strong></span> <span class='ocrx_word' id='word_1_137' title='bbox 1366 718 1430 773; x_wconf 87' lang='lat' dir='ltr'><strong>vilis</strong></span> <span class='ocrx_word' id='word_1_138' title='bbox 1449 719 1603 774; x_wconf 83' lang='lat' dir='ltr'><strong>admodum</strong></span> <span class='ocrx_word' id='word_1_139' title='bbox 1625 719 1769 789; x_wconf 87' lang='lat' dir='ltr'><strong>probatur</strong></span> <span class='ocrx_word' id='word_1_140' title='bbox 1790 720 1828 773; x_wconf 91' lang='lat' dir='ltr'><strong>in·</strong></span> <span class='ocrx_word' id='word_1_141' title='bbox 1861 742 1864 795; x_wconf 65' lang='lat' dir='ltr'><strong>q</strong></span> 
     </span>
     <span class='ocr_line' id='line_1_20' title="bbox 975 805 1824 878; baseline 0.001 -16"><span class='ocrx_word' id='word_1_142' title='bbox 975 806 1107 878; x_wconf 79' lang='lat' dir='ltr'><strong>dignitas.</strong></span> <span class='ocrx_word' id='word_1_143' title='bbox 1125 806 1196 862; x_wconf 89' lang='lat' dir='ltr'><strong>Nam</strong></span> <span class='ocrx_word' id='word_1_144' title='bbox 1217 806 1357 863; x_wconf 79' lang='lat' dir='ltr'><strong>incorum</strong></span> <span class='ocrx_word' id='word_1_145' title='bbox 1377 805 1471 862; x_wconf 93' lang='lat' dir='ltr'><strong>libello</strong></span> <span class='ocrx_word' id='word_1_146' title='bbox 1494 807 1545 877; x_wconf 92' lang='lat' dir='ltr'><strong>qui</strong></span> <span class='ocrx_word' id='word_1_147' title='bbox 1560 821 1646 878; x_wconf 89' lang='lat' dir='ltr'><strong>super</strong></span> <span class='ocrx_word' id='word_1_148' title='bbox 1661 807 1748 863; x_wconf 88' lang='lat' dir='ltr'><strong>dente</strong></span> <span class='ocrx_word' id='word_1_149' title='bbox 1764 807 1824 875; x_wconf 86' lang='lat' dir='ltr'><strong>hoc,</strong></span> 
     </span>
     <span class='ocr_line' id='line_1_21' title="bbox 974 894 1826 964; baseline 0.001 -14"><span class='ocrx_word' id='word_1_150' title='bbox 974 902 1001 950; x_wconf 91' lang='lat' dir='ltr'><strong>et</strong></span> <span class='ocrx_word' id='word_1_151' title='bbox 1031 900 1195 950; x_wconf 87' lang='lat' dir='ltr'><strong>sanctorum</strong></span> <span class='ocrx_word' id='word_1_152' title='bbox 1228 895 1280 950; x_wconf 86' lang='lat' dir='ltr'><strong>loci</strong></span> <span class='ocrx_word' id='word_1_153' title='bbox 1306 894 1454 951; x_wconf 90' lang='lat' dir='ltr'><strong>miraculis</strong></span> <span class='ocrx_word' id='word_1_154' title='bbox 1481 895 1589 964; x_wconf 90' lang='lat' dir='ltr'><strong>actitat,</strong></span> <span class='ocrx_word' id='word_1_155' title='bbox 1620 896 1655 951; x_wconf 91' lang='lat' dir='ltr'><strong>de</strong></span> <span class='ocrx_word' id='word_1_156' title='bbox 1686 895 1826 952; x_wconf 89' lang='lat' dir='ltr'><strong>monacho</strong></span> 
     </span>
     <span class='ocr_line' id='line_1_22' title="bbox 975 981 1824 1052; baseline -0.001 -15"><span class='ocrx_word' id='word_1_157' title='bbox 975 982 1074 1052; x_wconf 87' lang='lat' dir='ltr'><strong>aliquo</strong></span> <span class='ocrx_word' id='word_1_158' title='bbox 1091 981 1222 1049; x_wconf 79' lang='lat' dir='ltr'><strong>retertur,</strong></span> <span class='ocrx_word' id='word_1_159' title='bbox 1250 982 1328 1052; x_wconf 92' lang='lat' dir='ltr'><strong>quod</strong></span> <span class='ocrx_word' id='word_1_160' title='bbox 1354 989 1447 1036; x_wconf 89' lang='lat' dir='ltr'><strong>scorto</strong></span> <span class='ocrx_word' id='word_1_161' title='bbox 1464 981 1565 1037; x_wconf 91' lang='lat' dir='ltr'><strong>soleret</strong></span> <span class='ocrx_word' id='word_1_162' title='bbox 1591 981 1713 1038; x_wconf 86' lang='lat' dir='ltr'><strong>muliere</strong></span> <span class='ocrx_word' id='word_1_163' title='bbox 1734 983 1824 1050; x_wconf 90' lang='lat' dir='ltr'><strong>abuti,</strong></span> 
     </span>
     <span class='ocr_line' id='line_1_23' title="bbox 975 1069 1824 1141; baseline 0.004 -18"><span class='ocrx_word' id='word_1_164' title='bbox 975 1082 1033 1138; x_wconf 91' lang='lat' dir='ltr'><strong>quo</strong></span> <span class='ocrx_word' id='word_1_165' title='bbox 1050 1077 1144 1124; x_wconf 90' lang='lat' dir='ltr'><strong>tamen</strong></span> <span class='ocrx_word' id='word_1_166' title='bbox 1161 1076 1247 1126; x_wconf 91' lang='lat' dir='ltr'><strong>noctu</strong></span> <span class='ocrx_word' id='word_1_167' title='bbox 1265 1069 1335 1125; x_wconf 91' lang='lat' dir='ltr'><strong>dnm</strong></span> <span class='ocrx_word' id='word_1_168' title='bbox 1353 1077 1493 1139; x_wconf 81' lang='lat' dir='ltr'><strong>pergeret,</strong></span> <span class='ocrx_word' id='word_1_169' title='bbox 1515 1083 1607 1139; x_wconf 87' lang='lat' dir='ltr'><strong>aquas</strong></span> <span class='ocrx_word' id='word_1_170' title='bbox 1630 1079 1748 1125; x_wconf 77' lang='lat' dir='ltr'><strong>tranare</strong></span> <span class='ocrx_word' id='word_1_171' title='bbox 1764 1085 1824 1141; x_wconf 90' lang='lat' dir='ltr'><strong>pro·</strong></span> 
     </span>
     <span class='ocr_line' id='line_1_24' title="bbox 975 1157 1826 1228; baseline 0.004 -18"><span class='ocrx_word' id='word_1_172' title='bbox 975 1157 1100 1227; x_wconf 76' lang='lat' dir='ltr'><strong>pinques</strong></span> <span class='ocrx_word' id='word_1_173' title='bbox 1114 1158 1274 1214; x_wconf 87' lang='lat' dir='ltr'><strong>necessario</strong></span> <span class='ocrx_word' id='word_1_174' title='bbox 1288 1160 1447 1228; x_wconf 81' lang='lat' dir='ltr'><strong>oporteret3</strong></span> <span class='ocrx_word' id='word_1_175' title='bbox 1464 1157 1494 1212; x_wconf 94' lang='lat' dir='ltr'><strong>in</strong></span> <span class='ocrx_word' id='word_1_176' title='bbox 1515 1172 1574 1228; x_wconf 90' lang='lat' dir='ltr'><strong>quo</strong></span> <span class='ocrx_word' id='word_1_177' title='bbox 1597 1159 1737 1226; x_wconf 91' lang='lat' dir='ltr'><strong>transitu,</strong></span> <span class='ocrx_word' id='word_1_178' title='bbox 1755 1159 1826 1219; x_wconf 90' lang='lat' dir='ltr'><strong>iuter</strong></span> 
     </span>
     <span class='ocr_line' id='line_1_25' title="bbox 975 1244 1825 1315; baseline 0 -15"><span class='ocrx_word' id='word_1_179' title='bbox 975 1244 1069 1300; x_wconf 90' lang='lat' dir='ltr'><strong>undas</strong></span> <span class='ocrx_word' id='word_1_180' title='bbox 1082 1258 1148 1301; x_wconf 90' lang='lat' dir='ltr'><strong>eum</strong></span> <span class='ocrx_word' id='word_1_181' title='bbox 1169 1246 1275 1314; x_wconf 87' lang='lat' dir='ltr'><strong>peccati</strong></span> <span class='ocrx_word' id='word_1_182' title='bbox 1299 1246 1344 1302; x_wconf 92' lang='lat' dir='ltr'><strong>sui</strong></span> <span class='ocrx_word' id='word_1_183' title='bbox 1364 1245 1476 1315; x_wconf 91' lang='lat' dir='ltr'><strong>pondus</strong></span> <span class='ocrx_word' id='word_1_184' title='bbox 1491 1246 1613 1301; x_wconf 90' lang='lat' dir='ltr'><strong>enecuit.</strong></span> <span class='ocrx_word' id='word_1_185' title='bbox 1638 1244 1693 1312; x_wconf 85' lang='lat' dir='ltr'><strong>Qui</strong></span> <span class='ocrx_word' id='word_1_186' title='bbox 1717 1245 1825 1302; x_wconf 89' lang='lat' dir='ltr'><strong>abbatis</strong></span> 
     </span>
     <span class='ocr_line' id='line_1_26' title="bbox 973 1330 1822 1402; baseline -0.002 -15"><span class='ocrx_word' id='word_1_187' title='bbox 973 1330 1082 1402; x_wconf 86' lang='lat' dir='ltr'><strong>jndicio</strong></span> <span class='ocrx_word' id='word_1_188' title='bbox 1109 1344 1125 1385; x_wconf 91' lang='lat' dir='ltr'><strong>a</strong></span> <span class='ocrx_word' id='word_1_189' title='bbox 1150 1331 1309 1388; x_wconf 72' lang='lat' dir='ltr'><strong>caemeterio</strong></span> <span class='ocrx_word' id='word_1_190' title='bbox 1334 1331 1455 1388; x_wconf 82' lang='lat' dir='ltr'><strong>lraicum</strong></span> <span class='ocrx_word' id='word_1_191' title='bbox 1479 1332 1604 1389; x_wconf 84' lang='lat' dir='ltr'><strong>extorris</strong></span> <span class='ocrx_word' id='word_1_192' title='bbox 1631 1340 1675 1388; x_wconf 91' lang='lat' dir='ltr'><strong>est</strong></span> <span class='ocrx_word' id='word_1_193' title='bbox 1700 1331 1822 1387; x_wconf 90' lang='lat' dir='ltr'><strong>habitus.</strong></span> 
     </span>
     <span class='ocr_line' id='line_1_27' title="bbox 976 1416 1865 1492; baseline -0.002 -15"><span class='ocrx_word' id='word_1_194' title='bbox 976 1419 1028 1477; x_wconf 90' lang='lat' dir='ltr'><strong>Sed</strong></span> <span class='ocrx_word' id='word_1_195' title='bbox 1044 1419 1150 1486; x_wconf 90' lang='lat' dir='ltr'><strong>abbati,</strong></span> <span class='ocrx_word' id='word_1_196' title='bbox 1168 1427 1200 1475; x_wconf 92' lang='lat' dir='ltr'><strong>ut</strong></span> <span class='ocrx_word' id='word_1_197' title='bbox 1223 1419 1328 1490; x_wconf 88' lang='lat' dir='ltr'><strong>pagina</strong></span> <span class='ocrx_word' id='word_1_198' title='bbox 1345 1420 1393 1475; x_wconf 89' lang='lat' dir='ltr'><strong>illa</strong></span> <span class='ocrx_word' id='word_1_199' title='bbox 1407 1420 1500 1488; x_wconf 78' lang='lat' dir='ltr'><strong>refert,</strong></span> <span class='ocrx_word' id='word_1_200' title='bbox 1518 1421 1612 1477; x_wconf 91' lang='lat' dir='ltr'><strong>nescio</strong></span> <span class='ocrx_word' id='word_1_201' title='bbox 1629 1419 1696 1492; x_wconf 88' lang='lat' dir='ltr'><strong>quis</strong></span> <span class='ocrx_word' id='word_1_202' title='bbox 1712 1426 1824 1475; x_wconf 76' lang='lat' dir='ltr'><strong>sancto</strong></span> <span class='ocrx_word' id='word_1_203' title='bbox 1862 1416 1865 1461; x_wconf 78' lang='grc' dir='ltr'>ἱ</span> 
     </span>
    </p>
   </div>
   <div class='ocr_carea' id='block_1_6' title="bbox 48 1506 1868 4145">
    <p class='ocr_par' dir='ltr' id='par_1_7' title="bbox 48 1506 1868 4145">
     <span class='ocr_line' id='line_1_28' title="bbox 71 1506 1867 1580; baseline 0.002 -15"><span class='ocrx_word' id='word_1_204' title='bbox 71 1521 129 1565; x_wconf 92' lang='lat' dir='ltr'><strong>non</strong></span> <span class='ocrx_word' id='word_1_205' title='bbox 151 1508 248 1578; x_wconf 91' lang='lat' dir='ltr'><strong>possit.</strong></span> <span class='ocrx_word' id='word_1_206' title='bbox 270 1508 328 1564; x_wconf 85' lang='lat' dir='ltr'><strong>Hoc</strong></span> <span class='ocrx_word' id='word_1_207' title='bbox 343 1522 410 1565; x_wconf 89' lang='lat' dir='ltr'><strong>vero</strong></span> <span class='ocrx_word' id='word_1_208' title='bbox 434 1509 608 1578; x_wconf 88' lang='lat' dir='ltr'><strong>nullatenus,</strong></span> <span class='ocrx_word' id='word_1_209' title='bbox 625 1510 680 1565; x_wconf 89' lang='lat' dir='ltr'><strong>nisi</strong></span> <span class='ocrx_word' id='word_1_210' title='bbox 704 1511 831 1580; x_wconf 90' lang='lat' dir='ltr'><strong>seipsum</strong></span> <span class='ocrx_word' id='word_1_211' title='bbox 852 1510 921 1567; x_wconf 87' lang='lat' dir='ltr'><strong>velit</strong></span> <span class='ocrx_word' id='word_1_212' title='bbox 976 1522 1041 1565; x_wconf 93' lang='lat' dir='ltr'><strong>rum</strong></span> <span class='ocrx_word' id='word_1_213' title='bbox 1070 1506 1151 1575; x_wconf 91' lang='lat' dir='ltr'><strong>inihi,</strong></span> <span class='ocrx_word' id='word_1_214' title='bbox 1177 1515 1209 1563; x_wconf 90' lang='lat' dir='ltr'><strong>ut</strong></span> <span class='ocrx_word' id='word_1_215' title='bbox 1236 1507 1351 1576; x_wconf 88' lang='lat' dir='ltr'><strong>dicitur,</strong></span> <span class='ocrx_word' id='word_1_216' title='bbox 1377 1508 1524 1578; x_wconf 88' lang='lat' dir='ltr'><strong>apparuit,</strong></span> <span class='ocrx_word' id='word_1_217' title='bbox 1539 1508 1634 1579; x_wconf 91' lang='lat' dir='ltr'><strong>eique,</strong></span> <span class='ocrx_word' id='word_1_218' title='bbox 1657 1515 1691 1564; x_wconf 92' lang='lat' dir='ltr'><strong>ut</strong></span> <span class='ocrx_word' id='word_1_219' title='bbox 1712 1509 1823 1575; x_wconf 89' lang='lat' dir='ltr'><strong>dicitur,</strong></span> <span class='ocrx_word' id='word_1_220' title='bbox 1863 1526 1867 1569; x_wconf 88' lang='lat' dir='ltr'><strong>t</strong></span> 
     </span>
     <span class='ocr_line' id='line_1_29' title="bbox 71 1593 1867 1691; baseline 0.001 -42"><span class='ocrx_word' id='word_1_221' title='bbox 71 1593 204 1662; x_wconf 89' lang='lat' dir='ltr'><strong>inllciari,</strong></span> <span class='ocrx_word' id='word_1_222' title='bbox 230 1597 281 1666; x_wconf 91' lang='lat' dir='ltr'><strong>qui</strong></span> <span class='ocrx_word' id='word_1_223' title='bbox 303 1603 345 1652; x_wconf 90' lang='lat' dir='ltr'><strong>cst</strong></span> <span class='ocrx_word' id='word_1_224' title='bbox 368 1596 475 1653; x_wconf 86' lang='lat' dir='ltr'><strong>veritas</strong></span> <span class='ocrx_word' id='word_1_225' title='bbox 489 1598 574 1654; x_wconf 84' lang='lat' dir='ltr'><strong>heus.</strong></span> <span class='ocrx_word' id='word_1_226' title='bbox 602 1597 677 1654; x_wconf 77' lang='lat' dir='ltr'><strong>Adeo</strong></span> <span class='ocrx_word' id='word_1_227' title='bbox 700 1605 797 1654; x_wconf 89' lang='lat' dir='ltr'><strong>autem</strong></span> <span class='ocrx_word' id='word_1_228' title='bbox 822 1599 921 1655; x_wconf 90' lang='lat' dir='ltr'><strong>surdi·</strong></span> <span class='ocrx_word' id='word_1_229' title='bbox 942 1595 1049 1691; x_wconf 84' lang='lat' dir='ltr'><strong>Bdinit</strong></span> <span class='ocrx_word' id='word_1_230' title='bbox 1066 1611 1072 1650; x_wconf 92' lang='lat'>:</span> <span class='ocrx_word' id='word_1_231' title='bbox 1092 1618 1103 1645; x_wconf 87' lang='lat'><strong>‹</strong></span> <span class='ocrx_word' id='word_1_232' title='bbox 1125 1595 1237 1663; x_wconf 76' lang='lat' dir='ltr'><strong>Confer,</strong></span> <span class='ocrx_word' id='word_1_233' title='bbox 1257 1597 1307 1664; x_wconf 91' lang='lat' dir='ltr'><strong>ait,</strong></span> <span class='ocrx_word' id='word_1_234' title='bbox 1322 1610 1389 1652; x_wconf 88' lang='lat' dir='ltr'><strong>cum</strong></span> <span class='ocrx_word' id='word_1_235' title='bbox 1411 1596 1533 1664; x_wconf 78' lang='lat' dir='ltr'><strong>caeteris,</strong></span> <span class='ocrx_word' id='word_1_236' title='bbox 1549 1598 1620 1668; x_wconf 90' lang='lat' dir='ltr'><strong>quia</strong></span> <span class='ocrx_word' id='word_1_237' title='bbox 1644 1600 1672 1652; x_wconf 83' lang='lat' dir='ltr'><strong>in</strong></span> <span class='ocrx_word' id='word_1_238' title='bbox 1690 1596 1824 1653; x_wconf 89' lang='lat' dir='ltr'><strong>obedien·</strong></span> <span class='ocrx_word' id='word_1_239' title='bbox 1864 1614 1867 1659; x_wconf 89' lang='lat' dir='ltr'><strong>t</strong></span> 
     </span>
     <span class='ocr_line' id='line_1_30' title="bbox 72 1683 1824 1758; baseline -0.002 -18"><span class='ocrx_word' id='word_1_240' title='bbox 72 1683 140 1740; x_wconf 85' lang='lat' dir='ltr'><strong>tatis</strong></span> <span class='ocrx_word' id='word_1_241' title='bbox 154 1683 257 1755; x_wconf 79' lang='lat' dir='ltr'><strong>inepte</strong></span> <span class='ocrx_word' id='word_1_242' title='bbox 270 1684 454 1753; x_wconf 76' lang='lat' dir='ltr'><strong>miraculum,</strong></span> <span class='ocrx_word' id='word_1_243' title='bbox 467 1685 544 1755; x_wconf 92' lang='lat' dir='ltr'><strong>quod</strong></span> <span class='ocrx_word' id='word_1_244' title='bbox 556 1685 586 1741; x_wconf 96' lang='lat' dir='ltr'><strong>in</strong></span> <span class='ocrx_word' id='word_1_245' title='bbox 600 1693 771 1757; x_wconf 87' lang='lat' dir='ltr'><strong>argumento</strong></span> <span class='ocrx_word' id='word_1_246' title='bbox 783 1685 924 1758; x_wconf 82' lang='lat' dir='ltr'><strong>reihujus</strong></span> <span class='ocrx_word' id='word_1_247' title='bbox 978 1685 1017 1742; x_wconf 90' lang='lat' dir='ltr'><strong>tia</strong></span> <span class='ocrx_word' id='word_1_248' title='bbox 1034 1692 1084 1741; x_wconf 86' lang='lat' dir='ltr'><strong>tua</strong></span> <span class='ocrx_word' id='word_1_249' title='bbox 1108 1692 1240 1740; x_wconf 91' lang='lat' dir='ltr'><strong>mortuus</strong></span> <span class='ocrx_word' id='word_1_250' title='bbox 1259 1691 1310 1740; x_wconf 88' lang='lat' dir='ltr'><strong>est.</strong></span> <span class='ocrx_word' id='word_1_251' title='bbox 1329 1705 1339 1733; x_wconf 72' lang='grc' dir='ltr'><strong><em>ι</em></strong></span> <span class='ocrx_word' id='word_1_252' title='bbox 1361 1684 1395 1740; x_wconf 96' lang='lat' dir='ltr'><strong>ln</strong></span> <span class='ocrx_word' id='word_1_253' title='bbox 1415 1698 1485 1754; x_wconf 91' lang='lat' dir='ltr'><strong>qua,</strong></span> <span class='ocrx_word' id='word_1_254' title='bbox 1509 1699 1618 1754; x_wconf 83' lang='lat' dir='ltr'><strong>quaeso,</strong></span> <span class='ocrx_word' id='word_1_255' title='bbox 1647 1683 1824 1741; x_wconf 77' lang='lat' dir='ltr'><strong>obedientia?</strong></span> 
     </span>
     <span class='ocr_line' id='line_1_31' title="bbox 74 1772 1868 1855; baseline -0.001 -27"><span class='ocrx_word' id='word_1_256' title='bbox 74 1772 245 1829; x_wconf 90' lang='lat' dir='ltr'><strong>nemultum</strong></span> <span class='ocrx_word' id='word_1_257' title='bbox 262 1772 380 1843; x_wconf 90' lang='lat' dir='ltr'><strong>quidem</strong></span> <span class='ocrx_word' id='word_1_258' title='bbox 402 1772 497 1842; x_wconf 89' lang='lat' dir='ltr'><strong>iaciat,</strong></span> <span class='ocrx_word' id='word_1_259' title='bbox 522 1787 589 1831; x_wconf 93' lang='lat' dir='ltr'><strong>cum</strong></span> <span class='ocrx_word' id='word_1_260' title='bbox 610 1773 697 1831; x_wconf 92' lang='lat' dir='ltr'><strong>stulte</strong></span> <span class='ocrx_word' id='word_1_261' title='bbox 723 1774 863 1845; x_wconf 88' lang='lat' dir='ltr'><strong>scriptum</strong></span> <span class='ocrx_word' id='word_1_262' title='bbox 878 1776 924 1845; x_wconf 89' lang='lat' dir='ltr'><strong>sit,</strong></span> <span class='ocrx_word' id='word_1_263' title='bbox 978 1773 1023 1830; x_wconf 80' lang='lat' dir='ltr'><strong>An</strong></span> <span class='ocrx_word' id='word_1_264' title='bbox 1048 1773 1137 1830; x_wconf 90' lang='lat' dir='ltr'><strong>abbas</strong></span> <span class='ocrx_word' id='word_1_265' title='bbox 1151 1773 1178 1829; x_wconf 92' lang='lat' dir='ltr'><strong>ei</strong></span> <span class='ocrx_word' id='word_1_266' title='bbox 1202 1781 1375 1844; x_wconf 81' lang='lat' dir='ltr'><strong>praeceperat</strong></span> <span class='ocrx_word' id='word_1_267' title='bbox 1397 1780 1428 1829; x_wconf 93' lang='lat' dir='ltr'><strong>ut</strong></span> <span class='ocrx_word' id='word_1_268' title='bbox 1443 1787 1472 1829; x_wconf 90' lang='lat' dir='ltr'><strong>se</strong></span> <span class='ocrx_word' id='word_1_269' title='bbox 1495 1773 1622 1844; x_wconf 90' lang='lat' dir='ltr'><strong>periculo</strong></span> <span class='ocrx_word' id='word_1_270' title='bbox 1639 1773 1824 1830; x_wconf 90' lang='lat' dir='ltr'><strong>lluminisin·</strong></span> <span class='ocrx_word' id='word_1_271' title='bbox 1864 1800 1868 1855; x_wconf 57' lang='lat' dir='ltr'><strong>q</strong></span> 
     </span>
     <span class='ocr_line' id='line_1_32' title="bbox 73 1859 1825 1932; baseline -0.002 -14"><span class='ocrx_word' id='word_1_272' title='bbox 73 1859 187 1918; x_wconf 86' lang='lat' dir='ltr'><strong>stultior</strong></span> <span class='ocrx_word' id='word_1_273' title='bbox 200 1862 304 1931; x_wconf 90' lang='lat' dir='ltr'><strong>estqui</strong></span> <span class='ocrx_word' id='word_1_274' title='bbox 319 1868 466 1917; x_wconf 88' lang='lat' dir='ltr'><strong>retractat.</strong></span> <span class='ocrx_word' id='word_1_275' title='bbox 979 1875 1089 1932; x_wconf 87' lang='lat' dir='ltr'><strong>gerens,</strong></span> <span class='ocrx_word' id='word_1_276' title='bbox 1128 1861 1282 1932; x_wconf 87' lang='lat' dir='ltr'><strong>impudicae</strong></span> <span class='ocrx_word' id='word_1_277' title='bbox 1319 1860 1506 1918; x_wconf 88' lang='lat' dir='ltr'><strong>concubitum</strong></span> <span class='ocrx_word' id='word_1_278' title='bbox 1536 1860 1719 1918; x_wconf 76' lang='lat' dir='ltr'><strong>sectaretur?</strong></span> <span class='ocrx_word' id='word_1_279' title='bbox 1751 1861 1825 1919; x_wconf 88' lang='lat' dir='ltr'><strong>Certe</strong></span> 
     </span>
     <span class='ocr_line' id='line_1_33' title="bbox 109 1932 1868 2025; baseline 0.001 -22"><span class='ocrx_word' id='word_1_280' title='bbox 109 1949 172 2017; x_wconf 79' lang='lat' dir='ltr'><strong>§lh</strong></span> <span class='ocrx_word' id='word_1_281' title='bbox 196 1951 274 2004; x_wconf 78' lang='lat' dir='ltr'><strong>Deus</strong></span> <span class='ocrx_word' id='word_1_282' title='bbox 296 1948 347 2004; x_wconf 84' lang='lat' dir='ltr'><strong>ilie</strong></span> <span class='ocrx_word' id='word_1_283' title='bbox 369 1950 465 2005; x_wconf 81' lang='lat' dir='ltr'><strong>cancii</strong></span> <span class='ocrx_word' id='word_1_284' title='bbox 489 1950 654 2023; x_wconf 66' lang='lat' dir='ltr'><strong>apamiam</strong></span> <span class='ocrx_word' id='word_1_285' title='bbox 682 1968 744 2006; x_wconf 79' lang='lat' dir='ltr'><strong>ease</strong></span> <span class='ocrx_word' id='word_1_286' title='bbox 763 1954 865 2025; x_wconf 81' lang='lat' dir='ltr'><strong>potest.</strong></span> <span class='ocrx_word' id='word_1_287' title='bbox 891 1983 925 1994; x_wconf 97' lang='lat'>-</span> <span class='ocrx_word' id='word_1_288' title='bbox 979 1963 1097 2021; x_wconf 92' lang='lat' dir='ltr'><strong>quoquo</strong></span> <span class='ocrx_word' id='word_1_289' title='bbox 1113 1957 1195 2019; x_wconf 88' lang='lat' dir='ltr'><strong>paeto</strong></span> <span class='ocrx_word' id='word_1_290' title='bbox 1209 1957 1329 2005; x_wconf 89' lang='lat' dir='ltr'><strong>eatenus</strong></span> <span class='ocrx_word' id='word_1_291' title='bbox 1350 1948 1446 2006; x_wconf 89' lang='lat' dir='ltr'><strong>abbati</strong></span> <span class='ocrx_word' id='word_1_292' title='bbox 1470 1949 1541 2005; x_wconf 89' lang='lat' dir='ltr'><strong>alias</strong></span> <span class='ocrx_word' id='word_1_293' title='bbox 1555 1950 1709 2016; x_wconf 90' lang='lat' dir='ltr'><strong>obedisset,</strong></span> <span class='ocrx_word' id='word_1_294' title='bbox 1734 1950 1763 2005; x_wconf 91' lang='lat' dir='ltr'><strong>in</strong></span> <span class='ocrx_word' id='word_1_295' title='bbox 1777 1950 1826 2006; x_wconf 85' lang='lat' dir='ltr'><strong>hac</strong></span> <span class='ocrx_word' id='word_1_296' title='bbox 1866 1932 1868 1983; x_wconf 74' lang='grc' dir='ltr'>Ι</span> 
     </span>
     <span class='ocr_line' id='line_1_34' title="bbox 73 2036 1826 2111; baseline 0 -19"><span class='ocrx_word' id='word_1_297' title='bbox 73 2036 160 2092; x_wconf 83' lang='lat' dir='ltr'><strong>Fides</strong></span> <span class='ocrx_word' id='word_1_298' title='bbox 179 2036 282 2109; x_wconf 81' lang='lat' dir='ltr'><strong>sapias</strong></span> <span class='ocrx_word' id='word_1_299' title='bbox 300 2053 390 2093; x_wconf 85' lang='lat' dir='ltr'><strong>consa</strong></span> <span class='ocrx_word' id='word_1_300' title='bbox 413 2039 682 2094; x_wconf 70' lang='lat' dir='ltr'><strong>mirandorum-</strong></span> <span class='ocrx_word' id='word_1_301' title='bbox 706 2040 876 2111; x_wconf 84' lang='lat' dir='ltr'><strong>Sequuntur</strong></span> <span class='ocrx_word' id='word_1_302' title='bbox 898 2049 926 2098; x_wconf 91' lang='lat' dir='ltr'><strong>et</strong></span> <span class='ocrx_word' id='word_1_303' title='bbox 979 2037 1102 2108; x_wconf 89' lang='lat' dir='ltr'><strong>prolecto</strong></span> <span class='ocrx_word' id='word_1_304' title='bbox 1117 2051 1147 2093; x_wconf 91' lang='lat' dir='ltr'><strong>re</strong></span> <span class='ocrx_word' id='word_1_305' title='bbox 1166 2037 1294 2093; x_wconf 89' lang='lat' dir='ltr'><strong>obedisse</strong></span> <span class='ocrx_word' id='word_1_306' title='bbox 1309 2037 1364 2093; x_wconf 92' lang='lat' dir='ltr'><strong>dici</strong></span> <span class='ocrx_word' id='word_1_307' title='bbox 1381 2052 1439 2093; x_wconf 93' lang='lat' dir='ltr'><strong>non</strong></span> <span class='ocrx_word' id='word_1_308' title='bbox 1454 2045 1553 2107; x_wconf 88' lang='lat' dir='ltr'><strong>potest.</strong></span> <span class='ocrx_word' id='word_1_309' title='bbox 1575 2039 1645 2108; x_wconf 89' lang='lat' dir='ltr'><strong>quia</strong></span> <span class='ocrx_word' id='word_1_310' title='bbox 1668 2036 1826 2095; x_wconf 88' lang='lat' dir='ltr'><strong>ohedientia</strong></span> 
     </span>
     <span class='ocr_line' id='line_1_35' title="bbox 74 2123 1826 2200; baseline -0.001 -19"><span class='ocrx_word' id='word_1_311' title='bbox 74 2126 131 2182; x_wconf 89' lang='lat' dir='ltr'><strong>alia</strong></span> <span class='ocrx_word' id='word_1_312' title='bbox 145 2140 204 2181; x_wconf 95' lang='lat' dir='ltr'><strong>non</strong></span> <span class='ocrx_word' id='word_1_313' title='bbox 224 2126 320 2183; x_wconf 91' lang='lat' dir='ltr'><strong>minus</strong></span> <span class='ocrx_word' id='word_1_314' title='bbox 334 2126 433 2195; x_wconf 89' lang='lat' dir='ltr'><strong>dubia,</strong></span> <span class='ocrx_word' id='word_1_315' title='bbox 452 2143 517 2198; x_wconf 78' lang='lat' dir='ltr'><strong>quae</strong></span> <span class='ocrx_word' id='word_1_316' title='bbox 532 2128 638 2185; x_wconf 90' lang='lat' dir='ltr'><strong>idcirco</strong></span> <span class='ocrx_word' id='word_1_317' title='bbox 659 2129 719 2185; x_wconf 83' lang='lat' dir='ltr'><strong>dini</strong></span> <span class='ocrx_word' id='word_1_318' title='bbox 743 2129 841 2193; x_wconf 88' lang='lat' dir='ltr'><strong>dubia,</strong></span> <span class='ocrx_word' id='word_1_319' title='bbox 857 2130 927 2200; x_wconf 85' lang='lat' dir='ltr'><strong>quia</strong></span> <span class='ocrx_word' id='word_1_320' title='bbox 979 2138 1124 2196; x_wconf 86' lang='lat' dir='ltr'><strong>nusquam</strong></span> <span class='ocrx_word' id='word_1_321' title='bbox 1145 2125 1199 2181; x_wconf 93' lang='lat' dir='ltr'><strong>nisi</strong></span> <span class='ocrx_word' id='word_1_322' title='bbox 1225 2124 1354 2192; x_wconf 89' lang='lat' dir='ltr'><strong>inbono,</strong></span> <span class='ocrx_word' id='word_1_323' title='bbox 1371 2125 1427 2181; x_wconf 92' lang='lat' dir='ltr'><strong>nisi</strong></span> <span class='ocrx_word' id='word_1_324' title='bbox 1442 2139 1492 2195; x_wconf 92' lang='lat' dir='ltr'><strong>per</strong></span> <span class='ocrx_word' id='word_1_325' title='bbox 1511 2124 1693 2193; x_wconf 88' lang='lat' dir='ltr'><strong>abusionem,</strong></span> <span class='ocrx_word' id='word_1_326' title='bbox 1711 2123 1826 2196; x_wconf 91' lang='lat' dir='ltr'><strong>intelligi</strong></span> 
     </span>
     <span class='ocr_line' id='line_1_36' title="bbox 74 2212 1827 2287; baseline -0.002 -16"><span class='ocrx_word' id='word_1_327' title='bbox 74 2215 111 2271; x_wconf 92' lang='lat' dir='ltr'><strong>ad</strong></span> <span class='ocrx_word' id='word_1_328' title='bbox 125 2215 154 2271; x_wconf 93' lang='lat' dir='ltr'><strong>id</strong></span> <span class='ocrx_word' id='word_1_329' title='bbox 169 2215 391 2285; x_wconf 90' lang='lat' dir='ltr'><strong>approbandum</strong></span> <span class='ocrx_word' id='word_1_330' title='bbox 414 2216 531 2273; x_wconf 92' lang='lat' dir='ltr'><strong>omnino</strong></span> <span class='ocrx_word' id='word_1_331' title='bbox 550 2225 618 2273; x_wconf 90' lang='lat' dir='ltr'><strong>sunt</strong></span> <span class='ocrx_word' id='word_1_332' title='bbox 639 2225 729 2274; x_wconf 90' lang='lat' dir='ltr'><strong>muta.</strong></span> <span class='ocrx_word' id='word_1_333' title='bbox 753 2218 813 2274; x_wconf 87' lang='lat' dir='ltr'><strong>lloe</strong></span> <span class='ocrx_word' id='word_1_334' title='bbox 837 2221 924 2287; x_wconf 91' lang='lat' dir='ltr'><strong>enim,</strong></span> <span class='ocrx_word' id='word_1_335' title='bbox 980 2221 1079 2284; x_wconf 91' lang='lat' dir='ltr'><strong>potest.</strong></span> <span class='ocrx_word' id='word_1_336' title='bbox 1096 2215 1128 2269; x_wconf 93' lang='lat' dir='ltr'><strong>ln</strong></span> <span class='ocrx_word' id='word_1_337' title='bbox 1149 2228 1208 2284; x_wconf 90' lang='lat' dir='ltr'><strong>qua</strong></span> <span class='ocrx_word' id='word_1_338' title='bbox 1234 2214 1323 2286; x_wconf 90' lang='lat' dir='ltr'><strong>igitur</strong></span> <span class='ocrx_word' id='word_1_339' title='bbox 1342 2213 1503 2270; x_wconf 87' lang='lat' dir='ltr'><strong>obedientia</strong></span> <span class='ocrx_word' id='word_1_340' title='bbox 1525 2221 1658 2269; x_wconf 89' lang='lat' dir='ltr'><strong>mortuus</strong></span> <span class='ocrx_word' id='word_1_341' title='bbox 1671 2212 1736 2270; x_wconf 84' lang='lat' dir='ltr'><strong>est?</strong></span> <span class='ocrx_word' id='word_1_342' title='bbox 1759 2212 1827 2269; x_wconf 90' lang='lat' dir='ltr'><strong>Sanc</strong></span> 
     </span>
     <span class='ocr_line' id='line_1_37' title="bbox 75 2300 1828 2377; baseline -0.001 -18"><span class='ocrx_word' id='word_1_343' title='bbox 75 2303 121 2359; x_wconf 90' lang='lat' dir='ltr'><strong>cui</strong></span> <span class='ocrx_word' id='word_1_344' title='bbox 137 2302 254 2374; x_wconf 90' lang='lat' dir='ltr'><strong>signum</strong></span> <span class='ocrx_word' id='word_1_345' title='bbox 269 2304 434 2372; x_wconf 86' lang='lat' dir='ltr'><strong>ascribitur,</strong></span> <span class='ocrx_word' id='word_1_346' title='bbox 453 2312 586 2360; x_wconf 90' lang='lat' dir='ltr'><strong>sanctum</strong></span> <span class='ocrx_word' id='word_1_347' title='bbox 603 2304 719 2361; x_wconf 87' lang='lat' dir='ltr'><strong>aliunde</strong></span> <span class='ocrx_word' id='word_1_348' title='bbox 735 2319 795 2362; x_wconf 89' lang='lat' dir='ltr'><strong>esse</strong></span> <span class='ocrx_word' id='word_1_349' title='bbox 819 2313 925 2377; x_wconf 88' lang='lat' dir='ltr'><strong>potest;</strong></span> <span class='ocrx_word' id='word_1_350' title='bbox 979 2303 1001 2358; x_wconf 88' lang='lat' dir='ltr'><strong>si</strong></span> <span class='ocrx_word' id='word_1_351' title='bbox 1026 2302 1060 2359; x_wconf 91' lang='lat' dir='ltr'><strong>de</strong></span> <span class='ocrx_word' id='word_1_352' title='bbox 1084 2302 1253 2359; x_wconf 87' lang='lat' dir='ltr'><strong>obedientiae</strong></span> <span class='ocrx_word' id='word_1_353' title='bbox 1273 2303 1388 2358; x_wconf 92' lang='lat' dir='ltr'><strong>nomine</strong></span> <span class='ocrx_word' id='word_1_354' title='bbox 1416 2301 1575 2368; x_wconf 89' lang='lat' dir='ltr'><strong>dubitatur,</strong></span> <span class='ocrx_word' id='word_1_355' title='bbox 1593 2300 1694 2358; x_wconf 89' lang='lat' dir='ltr'><strong>audiat</strong></span> <span class='ocrx_word' id='word_1_356' title='bbox 1715 2303 1828 2372; x_wconf 80' lang='lat' dir='ltr'><strong>Aposto</strong></span> 
     </span>
     <span class='ocr_line' id='line_1_38' title="bbox 75 2389 1829 2464; baseline -0.001 -17"><span class='ocrx_word' id='word_1_357' title='bbox 75 2390 129 2448; x_wconf 91' lang='lat' dir='ltr'><strong>boc</strong></span> <span class='ocrx_word' id='word_1_358' title='bbox 143 2398 240 2448; x_wconf 88' lang='lat' dir='ltr'><strong>autem</strong></span> <span class='ocrx_word' id='word_1_359' title='bbox 255 2392 332 2463; x_wconf 90' lang='lat' dir='ltr'><strong>quod</strong></span> <span class='ocrx_word' id='word_1_360' title='bbox 345 2392 461 2458; x_wconf 91' lang='lat' dir='ltr'><strong>dicitur,</strong></span> <span class='ocrx_word' id='word_1_361' title='bbox 475 2406 536 2448; x_wconf 88' lang='lat' dir='ltr'><strong>esse</strong></span> <span class='ocrx_word' id='word_1_362' title='bbox 560 2407 617 2448; x_wconf 92' lang='lat' dir='ltr'><strong>non</strong></span> <span class='ocrx_word' id='word_1_363' title='bbox 633 2401 737 2464; x_wconf 87' lang='lat' dir='ltr'><strong>potest;</strong></span> <span class='ocrx_word' id='word_1_364' title='bbox 753 2401 781 2450; x_wconf 92' lang='lat' dir='ltr'><strong>et</strong></span> <span class='ocrx_word' id='word_1_365' title='bbox 804 2395 827 2450; x_wconf 91' lang='lat' dir='ltr'><strong>si</strong></span> <span class='ocrx_word' id='word_1_366' title='bbox 843 2400 925 2462; x_wconf 89' lang='lat' dir='ltr'><strong>esset,</strong></span> <span class='ocrx_word' id='word_1_367' title='bbox 979 2390 1039 2446; x_wconf 92' lang='lat' dir='ltr'><strong>lum</strong></span> <span class='ocrx_word' id='word_1_368' title='bbox 1058 2391 1091 2446; x_wconf 91' lang='lat' dir='ltr'><strong>de</strong></span> <span class='ocrx_word' id='word_1_369' title='bbox 1107 2391 1167 2461; x_wconf 90' lang='lat' dir='ltr'><strong>ipso</strong></span> <span class='ocrx_word' id='word_1_370' title='bbox 1184 2390 1253 2447; x_wconf 83' lang='lat' dir='ltr'><strong>Filio</strong></span> <span class='ocrx_word' id='word_1_371' title='bbox 1270 2391 1319 2447; x_wconf 87' lang='lat' dir='ltr'><strong>Dei</strong></span> <span class='ocrx_word' id='word_1_372' title='bbox 1338 2406 1344 2446; x_wconf 95' lang='lat'>:</span> <span class='ocrx_word' id='word_1_373' title='bbox 1360 2412 1374 2439; x_wconf 86' lang='lat' dir='ltr'><strong>u</strong></span> <span class='ocrx_word' id='word_1_374' title='bbox 1398 2392 1442 2445; x_wconf 81' lang='lat' dir='ltr'><strong>Ex</strong></span> <span class='ocrx_word' id='word_1_375' title='bbox 1459 2389 1504 2459; x_wconf 90' lang='lat' dir='ltr'><strong>iis,</strong></span> <span class='ocrx_word' id='word_1_376' title='bbox 1520 2389 1625 2460; x_wconf 90' lang='lat' dir='ltr'><strong>inquit,</strong></span> <span class='ocrx_word' id='word_1_377' title='bbox 1644 2403 1713 2460; x_wconf 83' lang='lat' dir='ltr'><strong>quae</strong></span> <span class='ocrx_word' id='word_1_378' title='bbox 1732 2402 1829 2459; x_wconf 83' lang='lat' dir='ltr'><strong>passus</strong></span> 
     </span>
     <span class='ocr_line' id='line_1_39' title="bbox 77 2477 1596 2551; baseline -0.005 -16"><span class='ocrx_word' id='word_1_379' title='bbox 77 2479 178 2536; x_wconf 89' lang='lat' dir='ltr'><strong>talium</strong></span> <span class='ocrx_word' id='word_1_380' title='bbox 203 2479 354 2550; x_wconf 86' lang='lat' dir='ltr'><strong>signorum</strong></span> <span class='ocrx_word' id='word_1_381' title='bbox 375 2480 546 2548; x_wconf 92' lang='lat' dir='ltr'><strong>testimonio,</strong></span> <span class='ocrx_word' id='word_1_382' title='bbox 569 2481 640 2551; x_wconf 90' lang='lat' dir='ltr'><strong>qnia</strong></span> <span class='ocrx_word' id='word_1_383' title='bbox 655 2482 726 2537; x_wconf 88' lang='lat' dir='ltr'><strong>dens</strong></span> <span class='ocrx_word' id='word_1_384' title='bbox 742 2482 777 2538; x_wconf 93' lang='lat' dir='ltr'><strong>sit</strong></span> <span class='ocrx_word' id='word_1_385' title='bbox 796 2483 925 2538; x_wconf 87' lang='lat' dir='ltr'><strong>Domini·</strong></span> <span class='ocrx_word' id='word_1_386' title='bbox 978 2487 1030 2544; x_wconf 91' lang='lat' dir='ltr'><strong>est,</strong></span> <span class='ocrx_word' id='word_1_387' title='bbox 1047 2479 1144 2534; x_wconf 90' lang='lat' dir='ltr'><strong>didicit</strong></span> <span class='ocrx_word' id='word_1_388' title='bbox 1160 2479 1350 2535; x_wconf 88' lang='lat' dir='ltr'><strong>obedientiam</strong></span> <span class='ocrx_word' id='word_1_389' title='bbox 1368 2477 1470 2548; x_wconf 82' lang='lat' dir='ltr'><strong>(Hebr.</strong></span> <span class='ocrx_word' id='word_1_390' title='bbox 1485 2492 1512 2545; x_wconf 85' lang='lat' dir='ltr'><strong>v,</strong></span> <span class='ocrx_word' id='word_1_391' title='bbox 1529 2477 1566 2548; x_wconf 90' lang='lat'><strong>8).</strong></span> <span class='ocrx_word' id='word_1_392' title='bbox 1582 2497 1596 2526; x_wconf 77' lang='lat' dir='ltr'><strong>b</strong></span> 
     </span>
     <span class='ocr_line' id='line_1_40' title="bbox 78 2565 1830 2642; baseline -0.001 -18"><span class='ocrx_word' id='word_1_393' title='bbox 78 2581 140 2636; x_wconf 91' lang='lat' dir='ltr'><strong>cus,</strong></span> <span class='ocrx_word' id='word_1_394' title='bbox 169 2568 300 2638; x_wconf 90' lang='lat' dir='ltr'><strong>portendi</strong></span> <span class='ocrx_word' id='word_1_395' title='bbox 327 2582 385 2624; x_wconf 95' lang='lat' dir='ltr'><strong>non</strong></span> <span class='ocrx_word' id='word_1_396' title='bbox 415 2575 517 2638; x_wconf 89' lang='lat' dir='ltr'><strong>posset.</strong></span> <span class='ocrx_word' id='word_1_397' title='bbox 543 2568 638 2625; x_wconf 90' lang='lat' dir='ltr'><strong>Sancti</strong></span> <span class='ocrx_word' id='word_1_398' title='bbox 668 2585 736 2641; x_wconf 90' lang='lat' dir='ltr'><strong>ergo</strong></span> <span class='ocrx_word' id='word_1_399' title='bbox 763 2572 925 2642; x_wconf 86' lang='lat' dir='ltr'><strong>cujuspiam</strong></span> <span class='ocrx_word' id='word_1_400' title='bbox 1015 2568 1109 2623; x_wconf 88' lang='lat' dir='ltr'><strong>Potest</strong></span> <span class='ocrx_word' id='word_1_401' title='bbox 1125 2569 1222 2638; x_wconf 89' lang='lat' dir='ltr'><strong>itaque</strong></span> <span class='ocrx_word' id='word_1_402' title='bbox 1238 2567 1351 2638; x_wconf 87' lang='lat' dir='ltr'><strong>conjici,</strong></span> <span class='ocrx_word' id='word_1_403' title='bbox 1375 2568 1444 2638; x_wconf 86' lang='lat' dir='ltr'><strong>qnia</strong></span> <span class='ocrx_word' id='word_1_404' title='bbox 1465 2566 1573 2637; x_wconf 91' lang='lat' dir='ltr'><strong>quibus</strong></span> <span class='ocrx_word' id='word_1_405' title='bbox 1592 2573 1697 2635; x_wconf 87' lang='lat' dir='ltr'><strong>praeter</strong></span> <span class='ocrx_word' id='word_1_406' title='bbox 1714 2565 1830 2622; x_wconf 90' lang='lat' dir='ltr'><strong>modum</strong></span> 
     </span>
     <span class='ocr_line' id='line_1_41' title="bbox 78 2653 1830 2728; baseline -0.001 -16"><span class='ocrx_word' id='word_1_407' title='bbox 78 2656 149 2712; x_wconf 91' lang='lat' dir='ltr'><strong>dens</strong></span> <span class='ocrx_word' id='word_1_408' title='bbox 174 2656 220 2712; x_wconf 91' lang='lat' dir='ltr'><strong>ille</strong></span> <span class='ocrx_word' id='word_1_409' title='bbox 242 2656 387 2723; x_wconf 90' lang='lat' dir='ltr'><strong>credatur,</strong></span> <span class='ocrx_word' id='word_1_410' title='bbox 413 2657 497 2726; x_wconf 81' lang='lat' dir='ltr'><strong>cujus</strong></span> <span class='ocrx_word' id='word_1_411' title='bbox 520 2657 621 2713; x_wconf 87' lang='lat' dir='ltr'><strong>merito</strong></span> <span class='ocrx_word' id='word_1_412' title='bbox 641 2656 758 2712; x_wconf 87' lang='lat' dir='ltr'><strong>iorsitan</strong></span> <span class='ocrx_word' id='word_1_413' title='bbox 781 2658 836 2714; x_wconf 89' lang='lat' dir='ltr'><strong>tale</strong></span> <span class='ocrx_word' id='word_1_414' title='bbox 855 2658 925 2728; x_wconf 93' lang='lat' dir='ltr'><strong>quid</strong></span> <span class='ocrx_word' id='word_1_415' title='bbox 979 2655 1067 2712; x_wconf 90' lang='lat' dir='ltr'><strong>totins</strong></span> <span class='ocrx_word' id='word_1_416' title='bbox 1082 2656 1201 2711; x_wconf 88' lang='lat' dir='ltr'><strong>rationis</strong></span> <span class='ocrx_word' id='word_1_417' title='bbox 1224 2655 1293 2711; x_wconf 90' lang='lat' dir='ltr'><strong>talia</strong></span> <span class='ocrx_word' id='word_1_418' title='bbox 1313 2656 1426 2711; x_wconf 86' lang='lat' dir='ltr'><strong>adnexa</strong></span> <span class='ocrx_word' id='word_1_419' title='bbox 1444 2662 1521 2722; x_wconf 92' lang='lat' dir='ltr'><strong>sunt,</strong></span> <span class='ocrx_word' id='word_1_420' title='bbox 1542 2653 1596 2710; x_wconf 83' lang='lat' dir='ltr'><strong>inde</strong></span> <span class='ocrx_word' id='word_1_421' title='bbox 1614 2661 1642 2710; x_wconf 92' lang='lat' dir='ltr'><strong>et</strong></span> <span class='ocrx_word' id='word_1_422' title='bbox 1667 2653 1774 2711; x_wconf 90' lang='lat' dir='ltr'><strong>idcirco</strong></span> <span class='ocrx_word' id='word_1_423' title='bbox 1787 2669 1830 2711; x_wconf 86' lang='lat' dir='ltr'><strong>sn·</strong></span> 
     </span>
     <span class='ocr_line' id='line_1_42' title="bbox 77 2728 1830 2814; baseline 0 -15"><span class='ocrx_word' id='word_1_424' title='bbox 77 2728 271 2814; x_wconf 82' lang='lat' dir='ltr'><strong>concedatur;</strong></span> <span class='ocrx_word' id='word_1_425' title='bbox 285 2751 313 2800; x_wconf 91' lang='lat' dir='ltr'><strong>et</strong></span> <span class='ocrx_word' id='word_1_426' title='bbox 327 2744 351 2799; x_wconf 90' lang='lat' dir='ltr'><strong>si</strong></span> <span class='ocrx_word' id='word_1_427' title='bbox 373 2751 448 2800; x_wconf 87' lang='lat' dir='ltr'><strong>certe</strong></span> <span class='ocrx_word' id='word_1_428' title='bbox 463 2744 573 2802; x_wconf 91' lang='lat' dir='ltr'><strong>nullius</strong></span> <span class='ocrx_word' id='word_1_429' title='bbox 587 2747 679 2802; x_wconf 90' lang='lat' dir='ltr'><strong>sancti</strong></span> <span class='ocrx_word' id='word_1_430' title='bbox 698 2754 779 2813; x_wconf 85' lang='lat' dir='ltr'><strong>esset,</strong></span> <span class='ocrx_word' id='word_1_431' title='bbox 796 2746 841 2802; x_wconf 88' lang='lat' dir='ltr'><strong>vel</strong></span> <span class='ocrx_word' id='word_1_432' title='bbox 858 2747 927 2803; x_wconf 81' lang='lat' dir='ltr'><strong>indes</strong></span> <span class='ocrx_word' id='word_1_433' title='bbox 980 2745 1123 2814; x_wconf 80' lang='lat' dir='ltr'><strong>saeptione</strong></span> <span class='ocrx_word' id='word_1_434' title='bbox 1146 2745 1261 2814; x_wconf 90' lang='lat' dir='ltr'><strong>penitus</strong></span> <span class='ocrx_word' id='word_1_435' title='bbox 1288 2744 1408 2814; x_wconf 88' lang='lat' dir='ltr'><strong>indigna</strong></span> <span class='ocrx_word' id='word_1_436' title='bbox 1434 2751 1512 2799; x_wconf 90' lang='lat' dir='ltr'><strong>suut.</strong></span> <span class='ocrx_word' id='word_1_437' title='bbox 1539 2743 1574 2798; x_wconf 81' lang='lat' dir='ltr'><strong>Et</strong></span> <span class='ocrx_word' id='word_1_438' title='bbox 1597 2749 1674 2799; x_wconf 90' lang='lat' dir='ltr'><strong>certe</strong></span> <span class='ocrx_word' id='word_1_439' title='bbox 1701 2742 1830 2799; x_wconf 83' lang='lat' dir='ltr'><strong>ridemus</strong></span> 
     </span>
     <span class='ocr_line' id='line_1_43' title="bbox 77 2829 1830 2905; baseline -0.001 -18"><span class='ocrx_word' id='word_1_440' title='bbox 77 2831 163 2903; x_wconf 89' lang='lat' dir='ltr'><strong>plane</strong></span> <span class='ocrx_word' id='word_1_441' title='bbox 186 2832 363 2889; x_wconf 84' lang='lat' dir='ltr'><strong>credentium</strong></span> <span class='ocrx_word' id='word_1_442' title='bbox 387 2833 515 2905; x_wconf 81' lang='lat' dir='ltr'><strong>exigeret</strong></span> <span class='ocrx_word' id='word_1_443' title='bbox 537 2841 568 2890; x_wconf 91' lang='lat' dir='ltr'><strong>ut</strong></span> <span class='ocrx_word' id='word_1_444' title='bbox 590 2835 668 2903; x_wconf 93' lang='lat' dir='ltr'><strong>quod</strong></span> <span class='ocrx_word' id='word_1_445' title='bbox 690 2842 856 2904; x_wconf 86' lang='lat' dir='ltr'><strong>speraretur</strong></span> <span class='ocrx_word' id='word_1_446' title='bbox 875 2835 925 2891; x_wconf 93' lang='lat' dir='ltr'><strong>ob·</strong></span> <span class='ocrx_word' id='word_1_447' title='bbox 979 2832 1134 2904; x_wconf 85' lang='lat' dir='ltr'><strong>gemmulis</strong></span> <span class='ocrx_word' id='word_1_448' title='bbox 1147 2844 1181 2886; x_wconf 92' lang='lat' dir='ltr'><strong>ac</strong></span> <span class='ocrx_word' id='word_1_449' title='bbox 1195 2831 1346 2902; x_wconf 92' lang='lat' dir='ltr'><strong>pernulis</strong></span> <span class='ocrx_word' id='word_1_450' title='bbox 1338 2829 1463 2898; x_wconf 76' lang='lat' dir='ltr'><strong>rmettna,</strong></span> <span class='ocrx_word' id='word_1_451' title='bbox 1478 2831 1594 2901; x_wconf 90' lang='lat' dir='ltr'><strong>perulis,</strong></span> <span class='ocrx_word' id='word_1_452' title='bbox 1610 2829 1639 2885; x_wconf 91' lang='lat' dir='ltr'><strong>id</strong></span> <span class='ocrx_word' id='word_1_453' title='bbox 1653 2837 1698 2887; x_wconf 90' lang='lat' dir='ltr'><strong>est</strong></span> <span class='ocrx_word' id='word_1_454' title='bbox 1712 2844 1830 2903; x_wconf 90' lang='lat' dir='ltr'><strong>marga-</strong></span> 
     </span>
     <span class='ocr_line' id='line_1_44' title="bbox 79 2918 1832 2994; baseline 0.001 -19"><span class='ocrx_word' id='word_1_455' title='bbox 79 2919 208 2990; x_wconf 87' lang='lat' dir='ltr'><strong>tingeret.</strong></span> <span class='ocrx_word' id='word_1_456' title='bbox 232 2919 323 2976; x_wconf 85' lang='lat' dir='ltr'><strong>Multa</strong></span> <span class='ocrx_word' id='word_1_457' title='bbox 343 2922 420 2977; x_wconf 87' lang='lat' dir='ltr'><strong>enim</strong></span> <span class='ocrx_word' id='word_1_458' title='bbox 446 2921 508 2977; x_wconf 89' lang='lat' dir='ltr'><strong>lleri</strong></span> <span class='ocrx_word' id='word_1_459' title='bbox 534 2930 664 2992; x_wconf 91' lang='lat' dir='ltr'><strong>possunt,</strong></span> <span class='ocrx_word' id='word_1_460' title='bbox 695 2937 753 2979; x_wconf 94' lang='lat' dir='ltr'><strong>non</strong></span> <span class='ocrx_word' id='word_1_461' title='bbox 779 2931 835 2979; x_wconf 91' lang='lat' dir='ltr'><strong>tam</strong></span> <span class='ocrx_word' id='word_1_462' title='bbox 862 2924 926 2994; x_wconf 84' lang='lat' dir='ltr'><strong>ejus</strong></span> <span class='ocrx_word' id='word_1_463' title='bbox 945 2920 1051 2993; x_wconf 72' lang='lat' dir='ltr'><strong>critis.</strong></span> <span class='ocrx_word' id='word_1_464' title='bbox 1077 2920 1136 2976; x_wconf 88' lang='lat' dir='ltr'><strong>Gal.</strong></span> <span class='ocrx_word' id='word_1_465' title='bbox 1155 2918 1261 2990; x_wconf 80' lang='lat' dir='ltr'><strong>peries]</strong></span> <span class='ocrx_word' id='word_1_466' title='bbox 1284 2920 1501 2990; x_wconf 89' lang='lat' dir='ltr'><strong>peregrinorum</strong></span> <span class='ocrx_word' id='word_1_467' title='bbox 1526 2918 1656 2974; x_wconf 87' lang='lat' dir='ltr'><strong>littorum</strong></span> <span class='ocrx_word' id='word_1_468' title='bbox 1684 2919 1832 2976; x_wconf 89' lang='lat' dir='ltr'><strong>undecun-</strong></span> 
     </span>
     <span class='ocr_line' id='line_1_45' title="bbox 79 3006 1831 3120; baseline 0 -56"><span class='ocrx_word' id='word_1_469' title='bbox 79 3008 189 3077; x_wconf 88' lang='lat' dir='ltr'><strong>merito‚</strong></span> <span class='ocrx_word' id='word_1_470' title='bbox 212 3023 261 3080; x_wconf 90' lang='lat' dir='ltr'><strong>per</strong></span> <span class='ocrx_word' id='word_1_471' title='bbox 280 3024 365 3080; x_wconf 91' lang='lat' dir='ltr'><strong>quem</strong></span> <span class='ocrx_word' id='word_1_472' title='bbox 385 3019 576 3082; x_wconf 77' lang='lat' dir='ltr'><strong>prerogator,</strong></span> <span class='ocrx_word' id='word_1_473' title='bbox 596 3025 685 3120; x_wconf 89' lang='lat' dir='ltr'><strong>quam</strong></span> <span class='ocrx_word' id='word_1_474' title='bbox 705 3011 781 3068; x_wconf 91' lang='lat' dir='ltr'><strong>illius</strong></span> <span class='ocrx_word' id='word_1_475' title='bbox 805 3012 851 3069; x_wconf 91' lang='lat' dir='ltr'><strong>cui</strong></span> <span class='ocrx_word' id='word_1_476' title='bbox 873 3013 926 3068; x_wconf 94' lang='lat' dir='ltr'><strong>im·</strong></span> <span class='ocrx_word' id='word_1_477' title='bbox 980 3016 1199 3081; x_wconf 90' lang='lat' dir='ltr'><strong>qneornatum,</strong></span> <span class='ocrx_word' id='word_1_478' title='bbox 1219 3022 1255 3064; x_wconf 83' lang='lat' dir='ltr'><strong>en</strong></span> <span class='ocrx_word' id='word_1_479' title='bbox 1276 3007 1449 3077; x_wconf 88' lang='lat' dir='ltr'><strong>antiquitate</strong></span> <span class='ocrx_word' id='word_1_480' title='bbox 1470 3007 1563 3063; x_wconf 90' lang='lat' dir='ltr'><strong>dentis</strong></span> <span class='ocrx_word' id='word_1_481' title='bbox 1583 3006 1756 3064; x_wconf 87' lang='lat' dir='ltr'><strong>memoriam</strong></span> <span class='ocrx_word' id='word_1_482' title='bbox 1775 3022 1831 3064; x_wconf 91' lang='lat' dir='ltr'><strong>non</strong></span> 
     </span>
     <span class='ocr_line' id='line_1_46' title="bbox 79 3096 1831 3168; baseline 0 -15"><span class='ocrx_word' id='word_1_483' title='bbox 79 3097 226 3168; x_wconf 93' lang='lat' dir='ltr'><strong>penditur.</strong></span> <span class='ocrx_word' id='word_1_484' title='bbox 980 3099 1093 3154; x_wconf 91' lang='lat' dir='ltr'><strong>dentem</strong></span> <span class='ocrx_word' id='word_1_485' title='bbox 1117 3111 1178 3153; x_wconf 90' lang='lat' dir='ltr'><strong>esse</strong></span> <span class='ocrx_word' id='word_1_486' title='bbox 1204 3096 1359 3152; x_wconf 87' lang='lat' dir='ltr'><strong>traditione</strong></span> <span class='ocrx_word' id='word_1_487' title='bbox 1393 3104 1571 3166; x_wconf 89' lang='lat' dir='ltr'><strong>susceptum,</strong></span> <span class='ocrx_word' id='word_1_488' title='bbox 1598 3102 1626 3152; x_wconf 90' lang='lat' dir='ltr'><strong>et</strong></span> <span class='ocrx_word' id='word_1_489' title='bbox 1654 3096 1728 3167; x_wconf 90' lang='lat' dir='ltr'><strong>quid</strong></span> <span class='ocrx_word' id='word_1_490' title='bbox 1758 3096 1831 3153; x_wconf 85' lang='lat' dir='ltr'><strong>intra</strong></span> 
     </span>
     <span class='ocr_line' id='line_1_47' title="bbox 114 3183 1829 3262; baseline 0 -20"><span class='ocrx_word' id='word_1_491' title='bbox 114 3191 188 3242; x_wconf 69' lang='lat'><strong>858</strong></span> <span class='ocrx_word' id='word_1_492' title='bbox 217 3186 295 3253; x_wconf 81' lang='lat'><em>§111</em></span> <span class='ocrx_word' id='word_1_493' title='bbox 313 3185 489 3243; x_wconf 73' lang='lat' dir='ltr'><strong>lehunensi</strong></span> <span class='ocrx_word' id='word_1_494' title='bbox 501 3188 570 3243; x_wconf 84' lang='lat' dir='ltr'><strong>urbe</strong></span> <span class='ocrx_word' id='word_1_495' title='bbox 588 3206 662 3261; x_wconf 84' lang='lat' dir='ltr'><strong>puer</strong></span> <span class='ocrx_word' id='word_1_496' title='bbox 679 3188 795 3246; x_wconf 75' lang='lat' dir='ltr'><strong>nuntiat</strong></span> <span class='ocrx_word' id='word_1_497' title='bbox 813 3190 929 3262; x_wconf 72' lang='lat' dir='ltr'><strong>piratas</strong></span> <span class='ocrx_word' id='word_1_498' title='bbox 980 3183 1055 3240; x_wconf 88' lang='lat' dir='ltr'><strong>rdem</strong></span> <span class='ocrx_word' id='word_1_499' title='bbox 1071 3183 1280 3254; x_wconf 67' lang='lat' dir='ltr'><strong>phylacterium</strong></span> <span class='ocrx_word' id='word_1_500' title='bbox 1300 3184 1386 3240; x_wconf 90' lang='lat' dir='ltr'><strong>lateat</strong></span> <span class='ocrx_word' id='word_1_501' title='bbox 1410 3198 1467 3239; x_wconf 92' lang='lat' dir='ltr'><strong>non</strong></span> <span class='ocrx_word' id='word_1_502' title='bbox 1485 3183 1683 3253; x_wconf 83' lang='lat' dir='ltr'><strong>experimento</strong></span> <span class='ocrx_word' id='word_1_503' title='bbox 1703 3198 1829 3255; x_wconf 80' lang='lat' dir='ltr'><strong>praesen-</strong></span> 
     </span>
     <span class='ocr_line' id='line_1_48' title="bbox 77 3271 1827 3352; baseline 0 -22"><span class='ocrx_word' id='word_1_504' title='bbox 77 3274 387 3347; x_wconf 66' lang='lat' dir='ltr'><strong>Messeinpcrludnm</strong></span> <span class='ocrx_word' id='word_1_505' title='bbox 397 3275 501 3349; x_wconf 75' lang='lat' dir='ltr'><strong>uigiliae</strong></span> <span class='ocrx_word' id='word_1_506' title='bbox 511 3278 926 3352; x_wconf 76' lang='lat' dir='ltr'><strong>Natalisliominiagerenlur.</strong></span> <span class='ocrx_word' id='word_1_507' title='bbox 980 3272 1063 3341; x_wconf 89' lang='lat' dir='ltr'><strong>tium,</strong></span> <span class='ocrx_word' id='word_1_508' title='bbox 1089 3273 1137 3329; x_wconf 92' lang='lat' dir='ltr'><strong>sed</strong></span> <span class='ocrx_word' id='word_1_509' title='bbox 1160 3271 1214 3329; x_wconf 90' lang='lat' dir='ltr'><strong>sibi</strong></span> <span class='ocrx_word' id='word_1_510' title='bbox 1239 3273 1453 3329; x_wconf 89' lang='lat' dir='ltr'><strong>succedentium</strong></span> <span class='ocrx_word' id='word_1_511' title='bbox 1477 3272 1537 3328; x_wconf 90' lang='lat' dir='ltr'><strong>sola</strong></span> <span class='ocrx_word' id='word_1_512' title='bbox 1562 3273 1673 3328; x_wconf 92' lang='lat' dir='ltr'><strong>ratione</strong></span> <span class='ocrx_word' id='word_1_513' title='bbox 1703 3274 1827 3344; x_wconf 91' lang='lat' dir='ltr'><strong>probari.</strong></span> 
     </span>
     <span class='ocr_line' id='line_1_49' title="bbox 78 3359 1829 3435; baseline 0.002 -19"><span class='ocrx_word' id='word_1_514' title='bbox 78 3363 147 3433; x_wconf 82' lang='lat' dir='ltr'><strong>(lca.</strong></span> <span class='ocrx_word' id='word_1_515' title='bbox 164 3379 211 3432; x_wconf 79' lang='lat' dir='ltr'><strong>nn,</strong></span> <span class='ocrx_word' id='word_1_516' title='bbox 232 3365 270 3435; x_wconf 84' lang='lat' dir='ltr'><strong>l).</strong></span> <span class='ocrx_word' id='word_1_517' title='bbox 287 3395 320 3405; x_wconf 93' lang='lat'><em>-</em></span> <span class='ocrx_word' id='word_1_518' title='bbox 336 3364 416 3432; x_wconf 83' lang='lat' dir='ltr'><strong>Quod</strong></span> <span class='ocrx_word' id='word_1_519' title='bbox 438 3367 466 3421; x_wconf 85' lang='lat' dir='ltr'><strong>in</strong></span> <span class='ocrx_word' id='word_1_520' title='bbox 486 3367 611 3423; x_wconf 76' lang='lat' dir='ltr'><strong>Lunensi</strong></span> <span class='ocrx_word' id='word_1_521' title='bbox 635 3368 707 3424; x_wconf 75' lang='lat' dir='ltr'><strong>urba</strong></span> <span class='ocrx_word' id='word_1_522' title='bbox 724 3370 777 3435; x_wconf 77' lang='lat' dir='ltr'><strong>(ab)</strong></span> <span class='ocrx_word' id='word_1_523' title='bbox 796 3375 928 3425; x_wconf 75' lang='lat' dir='ltr'><strong>antean.</strong></span> <span class='ocrx_word' id='word_1_524' title='bbox 980 3361 1164 3420; x_wconf 86' lang='lat' dir='ltr'><strong>Venerantur</strong></span> <span class='ocrx_word' id='word_1_525' title='bbox 1185 3374 1253 3432; x_wconf 92' lang='lat' dir='ltr'><strong>ergo</strong></span> <span class='ocrx_word' id='word_1_526' title='bbox 1280 3361 1335 3431; x_wconf 92' lang='lat' dir='ltr'><strong>ipsi</strong></span> <span class='ocrx_word' id='word_1_527' title='bbox 1361 3360 1493 3417; x_wconf 90' lang='lat' dir='ltr'><strong>bilariam</strong></span> <span class='ocrx_word' id='word_1_528' title='bbox 1517 3359 1568 3427; x_wconf 85' lang='lat' dir='ltr'><strong>illa</strong></span> <span class='ocrx_word' id='word_1_529' title='bbox 1591 3376 1657 3432; x_wconf 79' lang='lat' dir='ltr'><strong>qnae</strong></span> <span class='ocrx_word' id='word_1_530' title='bbox 1685 3364 1829 3432; x_wconf 89' lang='lat' dir='ltr'><strong>nesciunt,</strong></span> 
     </span>
     <span class='ocr_line' id='line_1_50' title="bbox 77 3449 1831 3527; baseline -0.001 -18"><span class='ocrx_word' id='word_1_531' title='bbox 77 3465 130 3509; x_wconf 89' lang='lat' dir='ltr'><strong>nos</strong></span> <span class='ocrx_word' id='word_1_532' title='bbox 140 3452 251 3523; x_wconf 90' lang='lat' dir='ltr'><strong>aliquot</strong></span> <span class='ocrx_word' id='word_1_533' title='bbox 263 3453 415 3524; x_wconf 88' lang='lat' dir='ltr'><strong>contigisse</strong></span> <span class='ocrx_word' id='word_1_534' title='bbox 430 3453 618 3524; x_wconf 89' lang='lat' dir='ltr'><strong>dignoscitur.</strong></span> <span class='ocrx_word' id='word_1_535' title='bbox 631 3455 744 3527; x_wconf 80' lang='lat' dir='ltr'><strong>vigiliae</strong></span> <span class='ocrx_word' id='word_1_536' title='bbox 754 3456 863 3512; x_wconf 87' lang='lat' dir='ltr'><strong>Natalis</strong></span> <span class='ocrx_word' id='word_1_537' title='bbox 879 3459 929 3513; x_wconf 86' lang='lat' dir='ltr'><strong>bo·</strong></span> <span class='ocrx_word' id='word_1_538' title='bbox 981 3449 1051 3506; x_wconf 94' lang='lat' dir='ltr'><strong>dum</strong></span> <span class='ocrx_word' id='word_1_539' title='bbox 1078 3463 1127 3505; x_wconf 91' lang='lat' dir='ltr'><strong>eos</strong></span> <span class='ocrx_word' id='word_1_540' title='bbox 1150 3462 1267 3518; x_wconf 89' lang='lat' dir='ltr'><strong>prorsus</strong></span> <span class='ocrx_word' id='word_1_541' title='bbox 1295 3449 1362 3505; x_wconf 86' lang='lat' dir='ltr'><strong>latet</strong></span> <span class='ocrx_word' id='word_1_542' title='bbox 1392 3449 1470 3519; x_wconf 93' lang='lat' dir='ltr'><strong>quod</strong></span> <span class='ocrx_word' id='word_1_543' title='bbox 1498 3462 1569 3505; x_wconf 90' lang='lat' dir='ltr'><strong>auro</strong></span> <span class='ocrx_word' id='word_1_544' title='bbox 1596 3449 1645 3505; x_wconf 92' lang='lat' dir='ltr'><strong>illo</strong></span> <span class='ocrx_word' id='word_1_545' title='bbox 1675 3465 1710 3507; x_wconf 89' lang='lat' dir='ltr'><strong>ac</strong></span> <span class='ocrx_word' id='word_1_546' title='bbox 1739 3451 1831 3522; x_wconf 82' lang='lat' dir='ltr'><strong>lapide</strong></span> 
     </span>
     <span class='ocr_line' id='line_1_51' title="bbox 48 3530 1831 3615; baseline 0.004 -18"><span class='ocrx_word' id='word_1_547' title='bbox 48 3600 50 3605; x_wconf 77' lang='grc'>,</span> <span class='ocrx_word' id='word_1_548' title='bbox 78 3540 383 3611; x_wconf 78' lang='lat' dir='ltr'><strong>minianueupoputo</strong></span> <span class='ocrx_word' id='word_1_549' title='bbox 398 3541 468 3597; x_wconf 78' lang='lat' dir='ltr'><strong>inibi</strong></span> <span class='ocrx_word' id='word_1_550' title='bbox 484 3544 658 3614; x_wconf 81' lang='lat' dir='ltr'><strong>agebantur.</strong></span> <span class='ocrx_word' id='word_1_551' title='bbox 676 3545 792 3600; x_wconf 73' lang='lat' dir='ltr'><strong>ratarum</strong></span> <span class='ocrx_word' id='word_1_552' title='bbox 808 3530 929 3615; x_wconf 74' lang='lat' dir='ltr'><strong>piratica</strong></span> <span class='ocrx_word' id='word_1_553' title='bbox 982 3538 1138 3604; x_wconf 79' lang='lat' dir='ltr'><strong>clauditur,</strong></span> <span class='ocrx_word' id='word_1_554' title='bbox 1161 3544 1188 3594; x_wconf 84' lang='lat' dir='ltr'><strong>et</strong></span> <span class='ocrx_word' id='word_1_555' title='bbox 1217 3537 1297 3593; x_wconf 84' lang='lat' dir='ltr'><strong>rullo</strong></span> <span class='ocrx_word' id='word_1_556' title='bbox 1322 3538 1405 3594; x_wconf 83' lang='lat' dir='ltr'><strong>uodo</strong></span> <span class='ocrx_word' id='word_1_557' title='bbox 1431 3545 1562 3594; x_wconf 77' lang='lat' dir='ltr'><strong>constare</strong></span> <span class='ocrx_word' id='word_1_558' title='bbox 1587 3540 1727 3609; x_wconf 74' lang='lat' dir='ltr'><strong>prevalet</strong></span> <span class='ocrx_word' id='word_1_559' title='bbox 1753 3541 1831 3613; x_wconf 81' lang='lat' dir='ltr'><strong>quod</strong></span> 
     </span>
     <span class='ocr_line' id='line_1_52' title="bbox 79 3627 1439 3703; baseline 0.001 -17"><span class='ocrx_word' id='word_1_560' title='bbox 79 3629 178 3686; x_wconf 85' lang='lat' dir='ltr'><strong>elassis</strong></span> <span class='ocrx_word' id='word_1_561' title='bbox 209 3630 304 3700; x_wconf 85' lang='lat' dir='ltr'><strong>portui</strong></span> <span class='ocrx_word' id='word_1_562' title='bbox 336 3630 524 3700; x_wconf 86' lang='lat' dir='ltr'><strong>allabebatur,</strong></span> <span class='ocrx_word' id='word_1_563' title='bbox 541 3632 591 3702; x_wconf 84' lang='lat' dir='ltr'><strong>qni</strong></span> <span class='ocrx_word' id='word_1_564' title='bbox 622 3632 784 3703; x_wconf 85' lang='lat' dir='ltr'><strong>appellatur</strong></span> <span class='ocrx_word' id='word_1_565' title='bbox 798 3635 927 3703; x_wconf 78' lang='lat' dir='ltr'><strong>Veneris,</strong></span> <span class='ocrx_word' id='word_1_566' title='bbox 981 3627 1126 3683; x_wconf 83' lang='lat' dir='ltr'><strong>continere</strong></span> <span class='ocrx_word' id='word_1_567' title='bbox 1142 3627 1222 3682; x_wconf 86' lang='lat' dir='ltr'><strong>theca</strong></span> <span class='ocrx_word' id='word_1_568' title='bbox 1239 3627 1439 3697; x_wconf 86' lang='lat' dir='ltr'><strong>ipsaputatur.</strong></span> 
     </span>
     <span class='ocr_line' id='line_1_53' title="bbox 79 3714 1832 3790; baseline 0.008 -14"><span class='ocrx_word' id='word_1_569' title='bbox 79 3719 181 3776; x_wconf 89' lang='lat' dir='ltr'><strong>urbem</strong></span> <span class='ocrx_word' id='word_1_570' title='bbox 196 3719 406 3789; x_wconf 88' lang='lat' dir='ltr'><strong>depopulatura</strong></span> <span class='ocrx_word' id='word_1_571' title='bbox 420 3721 576 3790; x_wconf 88' lang='lat' dir='ltr'><strong>repentinis</strong></span> <span class='ocrx_word' id='word_1_572' title='bbox 593 3721 767 3789; x_wconf 91' lang='lat' dir='ltr'><strong>incursibus,</strong></span> <span class='ocrx_word' id='word_1_573' title='bbox 791 3723 860 3779; x_wconf 94' lang='lat' dir='ltr'><strong>dum</strong></span> <span class='ocrx_word' id='word_1_574' title='bbox 885 3738 929 3781; x_wconf 89' lang='lat' dir='ltr'><strong>res</strong></span> <span class='ocrx_word' id='word_1_575' title='bbox 1017 3718 1030 3783; x_wconf 72' lang='lat'>5</span> <span class='ocrx_word' id='word_1_576' title='bbox 1049 3716 1084 3773; x_wconf 88' lang='lat' dir='ltr'><strong>V·</strong></span> <span class='ocrx_word' id='word_1_577' title='bbox 1107 3715 1218 3770; x_wconf 66' lang='lat' dir='ltr'><strong>Nullssr</strong></span> <span class='ocrx_word' id='word_1_578' title='bbox 1236 3716 1367 3785; x_wconf 64' lang='lat' dir='ltr'><strong>⁶⁰rlr⁰rir</strong></span> <span class='ocrx_word' id='word_1_579' title='bbox 1391 3715 1462 3770; x_wconf 64' lang='lat' dir='ltr'><strong>Filii</strong></span> <span class='ocrx_word' id='word_1_580' title='bbox 1486 3715 1533 3770; x_wconf 60' lang='grc' dir='ltr'><strong>Μ’</strong></span> <span class='ocrx_word' id='word_1_581' title='bbox 1550 3714 1692 3788; x_wconf 62' lang='lat' dir='ltr'><strong>&#39;eliquia&#39;</strong></span> <span class='ocrx_word' id='word_1_582' title='bbox 1709 3717 1832 3789; x_wconf 58' lang='lat' dir='ltr'><strong>P⁰⁸i0⁷7⁸⁸</strong></span> 
     </span>
     <span class='ocr_line' id='line_1_54' title="bbox 80 3803 1832 3884; baseline 0.01 -22"><span class='ocrx_word' id='word_1_583' title='bbox 80 3814 167 3863; x_wconf 86' lang='lat' dir='ltr'><strong>noctu</strong></span> <span class='ocrx_word' id='word_1_584' title='bbox 183 3806 281 3863; x_wconf 83' lang='lat' dir='ltr'><strong>diuina</strong></span> <span class='ocrx_word' id='word_1_585' title='bbox 304 3808 492 3876; x_wconf 88' lang='lat' dir='ltr'><strong>protenditur.</strong></span> <span class='ocrx_word' id='word_1_586' title='bbox 514 3810 626 3865; x_wconf 89' lang='lat' dir='ltr'><strong>interea</strong></span> <span class='ocrx_word' id='word_1_587' title='bbox 650 3809 719 3866; x_wconf 91' lang='lat' dir='ltr'><strong>dum</strong></span> <span class='ocrx_word' id='word_1_588' title='bbox 738 3811 832 3868; x_wconf 89' lang='lat' dir='ltr'><strong>citatis</strong></span> <span class='ocrx_word' id='word_1_589' title='bbox 849 3827 927 3884; x_wconf 83' lang='lat' dir='ltr'><strong>myo·</strong></span> <span class='ocrx_word' id='word_1_590' title='bbox 981 3803 1156 3859; x_wconf 64' lang='lat' dir='ltr'><strong>⁶⁰r⁵rrv⁰vil</strong></span> <span class='ocrx_word' id='word_1_591' title='bbox 1172 3805 1205 3858; x_wconf 78' lang='grc' dir='ltr'><strong>Β·</strong></span> <span class='ocrx_word' id='word_1_592' title='bbox 1222 3804 1318 3877; x_wconf 49' lang='lat' dir='ltr'><strong>Viri&amp;</strong></span> <span class='ocrx_word' id='word_1_593' title='bbox 1339 3835 1372 3844; x_wconf 89' lang='grc'>-</span> <span class='ocrx_word' id='word_1_594' title='bbox 1387 3805 1481 3861; x_wconf 59' lang='lat' dir='ltr'><strong>Mam</strong></span> <span class='ocrx_word' id='word_1_595' title='bbox 1500 3821 1560 3861; x_wconf 76' lang='lat' dir='ltr'><strong>aaa</strong></span> <span class='ocrx_word' id='word_1_596' title='bbox 1580 3805 1717 3862; x_wconf 53' lang='lat' dir='ltr'><strong>Salium?</strong></span> <span class='ocrx_word' id='word_1_597' title='bbox 1737 3808 1832 3879; x_wconf 66' lang='lat' dir='ltr'><strong>im&#39;rw</strong></span> 
     </span>
     <span class='ocr_line' id='line_1_55' title="bbox 81 3891 1830 3967; baseline 0.005 -17"><span class='ocrx_word' id='word_1_598' title='bbox 81 3894 237 3964; x_wconf 78' lang='lat' dir='ltr'><strong>peronibus</strong></span> <span class='ocrx_word' id='word_1_599' title='bbox 249 3895 388 3951; x_wconf 82' lang='lat' dir='ltr'><strong>vadosum</strong></span> <span class='ocrx_word' id='word_1_600' title='bbox 405 3907 617 3967; x_wconf 80' lang='lat' dir='ltr'><strong>praeproperant</strong></span> <span class='ocrx_word' id='word_1_601' title='bbox 632 3898 761 3955; x_wconf 91' lang='lat' dir='ltr'><strong>scindere</strong></span> <span class='ocrx_word' id='word_1_602' title='bbox 775 3908 867 3957; x_wconf 90' lang='lat' dir='ltr'><strong>rostra</strong></span> <span class='ocrx_word' id='word_1_603' title='bbox 881 3916 930 3958; x_wconf 91' lang='lat' dir='ltr'><strong>sa·</strong></span> <span class='ocrx_word' id='word_1_604' title='bbox 982 3909 1038 3947; x_wconf 71' lang='lat' dir='ltr'><strong>nvn</strong></span> <span class='ocrx_word' id='word_1_605' title='bbox 1047 3895 1182 3964; x_wconf 73' lang='lat' dir='ltr'><strong>apparel,</strong></span> <span class='ocrx_word' id='word_1_606' title='bbox 1196 3891 1265 3964; x_wconf 75' lang='lat' dir='ltr'><strong>qrr&#39;r</strong></span> <span class='ocrx_word' id='word_1_607' title='bbox 1279 3897 1353 3948; x_wconf 71' lang='lat' dir='ltr'><strong>verit)</strong></span> <span class='ocrx_word' id='word_1_608' title='bbox 1367 3894 1602 3949; x_wconf 64' lang='lat' dir='ltr'><strong>resurrectionem</strong></span> <span class='ocrx_word' id='word_1_609' title='bbox 1623 3893 1691 3967; x_wconf 74' lang='lat' dir='ltr'><strong>ipra</strong></span> <span class='ocrx_word' id='word_1_610' title='bbox 1705 3897 1830 3953; x_wconf 67' lang='lat' dir='ltr'><strong>imbui·</strong></span> 
     </span>
     <span class='ocr_line' id='line_1_56' title="bbox 80 3981 1833 4055; baseline 0.01 -17"><span class='ocrx_word' id='word_1_611' title='bbox 80 3981 191 4047; x_wconf 92' lang='lat' dir='ltr'><strong>lum,in</strong></span> <span class='ocrx_word' id='word_1_612' title='bbox 206 3981 324 4039; x_wconf 86' lang='lat' dir='ltr'><strong>ecclesia</strong></span> <span class='ocrx_word' id='word_1_613' title='bbox 334 3983 490 4039; x_wconf 86' lang='lat' dir='ltr'><strong>cathedrali</strong></span> <span class='ocrx_word' id='word_1_614' title='bbox 502 3998 575 4054; x_wconf 90' lang='lat' dir='ltr'><strong>puer</strong></span> <span class='ocrx_word' id='word_1_615' title='bbox 591 3986 712 4055; x_wconf 89' lang='lat' dir='ltr'><strong>primam</strong></span> <span class='ocrx_word' id='word_1_616' title='bbox 723 3987 818 4044; x_wconf 90' lang='lat' dir='ltr'><strong>nescio</strong></span> <span class='ocrx_word' id='word_1_617' title='bbox 833 4003 870 4045; x_wconf 91' lang='lat' dir='ltr'><strong>an</strong></span> <span class='ocrx_word' id='word_1_618' title='bbox 882 4004 929 4047; x_wconf 91' lang='lat' dir='ltr'><strong>se·</strong></span> <span class='ocrx_word' id='word_1_619' title='bbox 983 4012 1018 4022; x_wconf 89' lang='lat'><strong>-·</strong></span> <span class='ocrx_word' id='word_1_620' title='bbox 1040 3982 1234 4052; x_wconf 56' lang='lat' dir='ltr'><strong>intimabitur</strong></span> <span class='ocrx_word' id='word_1_621' title='bbox 1255 3982 1353 4052; x_wconf 70' lang='lat' dir='ltr'><strong>ita‘11¹⁰</strong></span> <span class='ocrx_word' id='word_1_622' title='bbox 1368 3982 1482 4052; x_wconf 67' lang='lat' dir='ltr'><strong>Maiiffl»</strong></span> <span class='ocrx_word' id='word_1_623' title='bbox 1503 3983 1579 4053; x_wconf 73' lang='grc' dir='ltr'><strong>(Ιῦοᾱ</strong></span> <span class='ocrx_word' id='word_1_624' title='bbox 1595 3998 1662 4054; x_wconf 65' lang='lat' dir='ltr'><strong>(liliB</strong></span> <span class='ocrx_word' id='word_1_625' title='bbox 1677 3985 1757 4055; x_wconf 74' lang='lat' dir='ltr'><strong>almd</strong></span> <span class='ocrx_word' id='word_1_626' title='bbox 1772 3986 1833 4042; x_wconf 73' lang='lat' dir='ltr'><strong>i¹l⁰⁸</strong></span> 
     </span>
     <span class='ocr_line' id='line_1_57' title="bbox 81 4069 1831 4145; baseline 0.006 -18"><span class='ocrx_word' id='word_1_627' title='bbox 81 4071 206 4127; x_wconf 82' lang='lat' dir='ltr'><strong>cundem</strong></span> <span class='ocrx_word' id='word_1_628' title='bbox 224 4071 307 4140; x_wconf 90' lang='lat' dir='ltr'><strong>primi</strong></span> <span class='ocrx_word' id='word_1_629' title='bbox 322 4070 457 4126; x_wconf 89' lang='lat' dir='ltr'><strong>nocturni</strong></span> <span class='ocrx_word' id='word_1_630' title='bbox 473 4069 622 4128; x_wconf 87' lang='lat' dir='ltr'><strong>lectionem</strong></span> <span class='ocrx_word' id='word_1_631' title='bbox 642 4073 787 4143; x_wconf 88' lang='lat' dir='ltr'><strong>pulpitum</strong></span> <span class='ocrx_word' id='word_1_632' title='bbox 803 4075 930 4130; x_wconf 87' lang='lat' dir='ltr'><strong>lecturus</strong></span> <span class='ocrx_word' id='word_1_633' title='bbox 984 4070 1082 4127; x_wconf 90' lang='lat' dir='ltr'><strong>haberi</strong></span> <span class='ocrx_word' id='word_1_634' title='bbox 1098 4070 1247 4138; x_wconf 82' lang='lat' dir='ltr'><strong>dicuntur,</strong></span> <span class='ocrx_word' id='word_1_635' title='bbox 1274 4071 1334 4127; x_wconf 75' lang='lat'>80¹³</span> <span class='ocrx_word' id='word_1_636' title='bbox 1363 4085 1480 4128; x_wconf 68' lang='lat' dir='ltr'><strong>servare</strong></span> <span class='ocrx_word' id='word_1_637' title='bbox 1503 4071 1645 4141; x_wconf 70' lang='lat' dir='ltr'><strong>voluerii?</strong></span> <span class='ocrx_word' id='word_1_638' title='bbox 1661 4073 1740 4145; x_wconf 72' lang='lat' dir='ltr'><strong>Ergo</strong></span> <span class='ocrx_word' id='word_1_639' title='bbox 1758 4089 1831 4131; x_wconf 73' lang='lat' dir='ltr'><strong>eam·</strong></span> 
     </span>
    </p>
   </div>
   <div class='ocr_carea' id='block_1_7' title="bbox 81 4158 1834 4321">
    <p class='ocr_par' dir='ltr' id='par_1_8' title="bbox 81 4158 1834 4321">
     <span class='ocr_line' id='line_1_58' title="bbox 82 4158 1833 4234; baseline 0.003 -19"><span class='ocrx_word' id='word_1_640' title='bbox 82 4159 218 4215; x_wconf 88' lang='lat' dir='ltr'><strong>ascendit.</strong></span> <span class='ocrx_word' id='word_1_641' title='bbox 240 4158 372 4228; x_wconf 89' lang='lat' dir='ltr'><strong>Cumque</strong></span> <span class='ocrx_word' id='word_1_642' title='bbox 395 4159 591 4216; x_wconf 88' lang='lat' dir='ltr'><strong>benedictione</strong></span> <span class='ocrx_word' id='word_1_643' title='bbox 615 4169 748 4231; x_wconf 91' lang='lat' dir='ltr'><strong>suscepta</strong></span> <span class='ocrx_word' id='word_1_644' title='bbox 768 4163 931 4219; x_wconf 89' lang='lat' dir='ltr'><strong>adoriretur</strong></span> <span class='ocrx_word' id='word_1_645' title='bbox 984 4174 1049 4230; x_wconf 83' lang='lat' dir='ltr'><strong>quae</strong></span> <span class='ocrx_word' id='word_1_646' title='bbox 1065 4173 1102 4215; x_wconf 81' lang='lat' dir='ltr'><strong>ex</strong></span> <span class='ocrx_word' id='word_1_647' title='bbox 1117 4159 1174 4215; x_wconf 88' lang='lat' dir='ltr'><strong>Deo</strong></span> <span class='ocrx_word' id='word_1_648' title='bbox 1195 4174 1283 4229; x_wconf 88' lang='lat' dir='ltr'><strong>supra</strong></span> <span class='ocrx_word' id='word_1_649' title='bbox 1297 4174 1410 4216; x_wconf 91' lang='lat' dir='ltr'><strong>omnem</strong></span> <span class='ocrx_word' id='word_1_650' title='bbox 1431 4160 1590 4231; x_wconf 89' lang='lat' dir='ltr'><strong>angelicam</strong></span> <span class='ocrx_word' id='word_1_651' title='bbox 1614 4161 1833 4234; x_wconf 78' lang='lat' dir='ltr'><strong>humanamque</strong></span> 
     </span>
     <span class='ocr_line' id='line_1_59' title="bbox 81 4236 1834 4321; baseline 0.003 -17"><span class='ocrx_word' id='word_1_652' title='bbox 81 4245 175 4318; x_wconf 88' lang='lat' dir='ltr'><strong>legere</strong></span> <span class='ocrx_word' id='word_1_653' title='bbox 193 4261 199 4301; x_wconf 92' lang='lat'>:</span> <span class='ocrx_word' id='word_1_654' title='bbox 215 4267 229 4295; x_wconf 82' lang='lat' dir='ltr'><strong>u</strong></span> <span class='ocrx_word' id='word_1_655' title='bbox 247 4245 449 4315; x_wconf 83' lang='lat' dir='ltr'><strong>consolamini,</strong></span> <span class='ocrx_word' id='word_1_656' title='bbox 466 4247 666 4315; x_wconf 90' lang='lat' dir='ltr'><strong>consolamini,</strong></span> <span class='ocrx_word' id='word_1_657' title='bbox 683 4249 787 4319; x_wconf 93' lang='lat' dir='ltr'><strong>popule</strong></span> <span class='ocrx_word' id='word_1_658' title='bbox 806 4263 896 4311; x_wconf 89' lang='lat' dir='ltr'><strong>meus,</strong></span> <span class='ocrx_word' id='word_1_659' title='bbox 912 4271 926 4301; x_wconf 92' lang='lat'>»</span> <span class='ocrx_word' id='word_1_660' title='bbox 947 4236 1119 4304; x_wconf 63' lang='lat' dir='ltr'><strong>1inatnram</strong></span> <span class='ocrx_word' id='word_1_661' title='bbox 1135 4255 1241 4304; x_wconf 90' lang='lat' dir='ltr'><strong>statum</strong></span> <span class='ocrx_word' id='word_1_662' title='bbox 1257 4248 1320 4304; x_wconf 73' lang='lat' dir='ltr'><strong>liilii</strong></span> <span class='ocrx_word' id='word_1_663' title='bbox 1334 4251 1379 4304; x_wconf 91' lang='lat' dir='ltr'><strong>sui</strong></span> <span class='ocrx_word' id='word_1_664' title='bbox 1393 4249 1525 4307; x_wconf 81' lang='lat' dir='ltr'><strong>futurum</strong></span> <span class='ocrx_word' id='word_1_665' title='bbox 1541 4249 1719 4321; x_wconf 87' lang='lat' dir='ltr'><strong>agnoscerit,</strong></span> <span class='ocrx_word' id='word_1_666' title='bbox 1745 4252 1834 4309; x_wconf 92' lang='lat' dir='ltr'><strong>nimi-</strong></span> 
     </span>
    </p>
   </div>
   <div class='ocr_carea' id='block_1_8' title="bbox 79 4334 931 5381">
    <p class='ocr_par' dir='ltr' id='par_1_9' title="bbox 79 4334 931 5381">
     <span class='ocr_line' id='line_1_60' title="bbox 80 4334 929 4409; baseline 0.006 -17"><span class='ocrx_word' id='word_1_667' title='bbox 80 4334 929 4409; x_wconf 83' lang='lat' dir='ltr'><strong>illicoexejusoceSpiritussanctussubdistinguendosub·</strong></span> 
     </span>
     <span class='ocr_line' id='line_1_61' title="bbox 79 4423 931 4498; baseline 0.007 -19"><span class='ocrx_word' id='word_1_668' title='bbox 79 4423 147 4495; x_wconf 88' lang='lat' dir='ltr'><strong>jecit</strong></span> <span class='ocrx_word' id='word_1_669' title='bbox 160 4424 257 4480; x_wconf 92' lang='lat' dir='ltr'><strong>dicens</strong></span> <span class='ocrx_word' id='word_1_670' title='bbox 275 4423 339 4479; x_wconf 80' lang='lat' dir='ltr'><strong>«nd</strong></span> <span class='ocrx_word' id='word_1_671' title='bbox 350 4433 464 4494; x_wconf 89' lang='lat' dir='ltr'><strong>portum</strong></span> <span class='ocrx_word' id='word_1_672' title='bbox 480 4424 598 4481; x_wconf 88' lang='lat' dir='ltr'><strong>Veneris</strong></span> <span class='ocrx_word' id='word_1_673' title='bbox 613 4423 759 4482; x_wconf 74' lang='lat' dir='ltr'><strong>Salandrae</strong></span> <span class='ocrx_word' id='word_1_674' title='bbox 773 4426 931 4498; x_wconf 84' lang='lat' dir='ltr'><strong>(Salandrae</strong></span> 
     </span>
     <span class='ocr_line' id='line_1_62' title="bbox 82 4511 931 4583; baseline 0.005 -14"><span class='ocrx_word' id='word_1_675' title='bbox 82 4520 179 4569; x_wconf 88' lang='lat' dir='ltr'><strong>autem</strong></span> <span class='ocrx_word' id='word_1_676' title='bbox 191 4525 279 4567; x_wconf 86' lang='lat' dir='ltr'><strong>naves</strong></span> <span class='ocrx_word' id='word_1_677' title='bbox 290 4511 429 4568; x_wconf 91' lang='lat' dir='ltr'><strong>dicuntur</strong></span> <span class='ocrx_word' id='word_1_678' title='bbox 438 4526 455 4567; x_wconf 86' lang='lat' dir='ltr'><strong>a</strong></span> <span class='ocrx_word' id='word_1_679' title='bbox 465 4511 596 4567; x_wconf 66' lang='lat' dir='ltr'><strong>rathado</strong></span> <span class='ocrx_word' id='word_1_680' title='bbox 607 4515 732 4583; x_wconf 77' lang='lat' dir='ltr'><strong>vocatae).</strong></span> <span class='ocrx_word' id='word_1_681' title='bbox 750 4535 760 4562; x_wconf 83' lang='grc' dir='ltr'>ι</span> <span class='ocrx_word' id='word_1_682' title='bbox 773 4514 853 4582; x_wconf 85' lang='lat' dir='ltr'><strong>Qttod</strong></span> <span class='ocrx_word' id='word_1_683' title='bbox 864 4531 931 4572; x_wconf 92' lang='lat' dir='ltr'><strong>cnm</strong></span> 
     </span>
     <span class='ocr_line' id='line_1_63' title="bbox 81 4600 931 4674; baseline 0.006 -17"><span class='ocrx_word' id='word_1_684' title='bbox 81 4601 118 4657; x_wconf 87' lang='lat' dir='ltr'><strong>ab</strong></span> <span class='ocrx_word' id='word_1_685' title='bbox 132 4600 267 4657; x_wconf 89' lang='lat' dir='ltr'><strong>omnibus</strong></span> <span class='ocrx_word' id='word_1_686' title='bbox 282 4614 339 4656; x_wconf 95' lang='lat' dir='ltr'><strong>non</strong></span> <span class='ocrx_word' id='word_1_687' title='bbox 355 4600 543 4668; x_wconf 89' lang='lat' dir='ltr'><strong>mussitando,</strong></span> <span class='ocrx_word' id='word_1_688' title='bbox 560 4601 608 4657; x_wconf 92' lang='lat' dir='ltr'><strong>sed</strong></span> <span class='ocrx_word' id='word_1_689' title='bbox 625 4602 776 4671; x_wconf 90' lang='lat' dir='ltr'><strong>strependo</strong></span> <span class='ocrx_word' id='word_1_690' title='bbox 795 4606 882 4674; x_wconf 91' lang='lat' dir='ltr'><strong>repeti</strong></span> <span class='ocrx_word' id='word_1_691' title='bbox 898 4620 931 4662; x_wconf 92' lang='lat' dir='ltr'><strong>ac</strong></span> 
     </span>
     <span class='ocr_line' id='line_1_64' title="bbox 80 4689 931 4764; baseline 0.005 -18"><span class='ocrx_word' id='word_1_692' title='bbox 80 4689 187 4760; x_wconf 89' lang='lat' dir='ltr'><strong>corrigi</strong></span> <span class='ocrx_word' id='word_1_693' title='bbox 195 4690 355 4760; x_wconf 83' lang='lat' dir='ltr'><strong>juberetur,</strong></span> <span class='ocrx_word' id='word_1_694' title='bbox 372 4703 445 4758; x_wconf 89' lang='lat' dir='ltr'><strong>puer</strong></span> <span class='ocrx_word' id='word_1_695' title='bbox 472 4703 548 4759; x_wconf 86' lang='lat' dir='ltr'><strong>saepe</strong></span> <span class='ocrx_word' id='word_1_696' title='bbox 560 4704 680 4746; x_wconf 88' lang='lat' dir='ltr'><strong>numero</strong></span> <span class='ocrx_word' id='word_1_697' title='bbox 694 4691 793 4747; x_wconf 90' lang='lat' dir='ltr'><strong>eadem</strong></span> <span class='ocrx_word' id='word_1_698' title='bbox 808 4693 931 4764; x_wconf 88' lang='lat' dir='ltr'><strong>replica-</strong></span> 
     </span>
     <span class='ocr_line' id='line_1_65' title="bbox 80 4777 928 4850; baseline 0.001 -15"><span class='ocrx_word' id='word_1_699' title='bbox 80 4779 133 4835; x_wconf 83' lang='lat' dir='ltr'><strong>vit.</strong></span> <span class='ocrx_word' id='word_1_700' title='bbox 149 4778 216 4836; x_wconf 73' lang='lat' dir='ltr'><strong>bion</strong></span> <span class='ocrx_word' id='word_1_701' title='bbox 239 4778 365 4834; x_wconf 90' lang='lat' dir='ltr'><strong>decanus</strong></span> <span class='ocrx_word' id='word_1_702' title='bbox 385 4777 518 4834; x_wconf 75' lang='lat' dir='ltr'><strong>Ecclesia</strong></span> <span class='ocrx_word' id='word_1_703' title='bbox 536 4787 674 4849; x_wconf 86' lang='lat' dir='ltr'><strong>concepta</strong></span> <span class='ocrx_word' id='word_1_704' title='bbox 692 4780 759 4836; x_wconf 89' lang='lat' dir='ltr'><strong>dicti</strong></span> <span class='ocrx_word' id='word_1_705' title='bbox 778 4782 928 4850; x_wconf 90' lang='lat' dir='ltr'><strong>sententia,</strong></span> 
     </span>
     <span class='ocr_line' id='line_1_66' title="bbox 81 4865 931 4938; baseline 0.002 -13"><span class='ocrx_word' id='word_1_706' title='bbox 81 4867 201 4938; x_wconf 92' lang='lat' dir='ltr'><strong>populos</strong></span> <span class='ocrx_word' id='word_1_707' title='bbox 230 4865 365 4922; x_wconf 83' lang='lat' dir='ltr'><strong>inerma</strong></span> <span class='ocrx_word' id='word_1_708' title='bbox 397 4867 582 4934; x_wconf 91' lang='lat' dir='ltr'><strong>consuscitat,</strong></span> <span class='ocrx_word' id='word_1_709' title='bbox 616 4875 644 4924; x_wconf 89' lang='lat' dir='ltr'><strong>et</strong></span> <span class='ocrx_word' id='word_1_710' title='bbox 669 4876 783 4938; x_wconf 91' lang='lat' dir='ltr'><strong>portum</strong></span> <span class='ocrx_word' id='word_1_711' title='bbox 811 4870 931 4927; x_wconf 90' lang='lat' dir='ltr'><strong>Veneris</strong></span> 
     </span>
     <span class='ocr_line' id='line_1_67' title="bbox 81 4954 929 5027; baseline 0.006 -16"><span class='ocrx_word' id='word_1_712' title='bbox 81 4956 160 5012; x_wconf 90' lang='lat' dir='ltr'><strong>adire</strong></span> <span class='ocrx_word' id='word_1_713' title='bbox 174 4954 302 5011; x_wconf 90' lang='lat' dir='ltr'><strong>mandat.</strong></span> <span class='ocrx_word' id='word_1_714' title='bbox 326 4955 385 5011; x_wconf 93' lang='lat' dir='ltr'><strong>lllic</strong></span> <span class='ocrx_word' id='word_1_715' title='bbox 400 4954 511 5025; x_wconf 90' lang='lat' dir='ltr'><strong>ingenti</strong></span> <span class='ocrx_word' id='word_1_716' title='bbox 534 4956 653 5012; x_wconf 90' lang='lat' dir='ltr'><strong>classico</strong></span> <span class='ocrx_word' id='word_1_717' title='bbox 675 4957 834 5027; x_wconf 89' lang='lat' dir='ltr'><strong>appellente</strong></span> <span class='ocrx_word' id='word_1_718' title='bbox 854 4958 929 5016; x_wconf 90' lang='lat' dir='ltr'><strong>litto-</strong></span> 
     </span>
     <span class='ocr_line' id='line_1_68' title="bbox 81 5041 929 5116; baseline 0.002 -16"><span class='ocrx_word' id='word_1_719' title='bbox 81 5044 163 5100; x_wconf 90' lang='lat' dir='ltr'><strong>ribus</strong></span> <span class='ocrx_word' id='word_1_720' title='bbox 177 5042 263 5098; x_wconf 89' lang='lat' dir='ltr'><strong>obvia</strong></span> <span class='ocrx_word' id='word_1_721' title='bbox 282 5042 370 5099; x_wconf 90' lang='lat' dir='ltr'><strong>turba</strong></span> <span class='ocrx_word' id='word_1_722' title='bbox 388 5041 502 5110; x_wconf 89' lang='lat' dir='ltr'><strong>resistit,</strong></span> <span class='ocrx_word' id='word_1_723' title='bbox 522 5049 550 5099; x_wconf 90' lang='lat' dir='ltr'><strong>et</strong></span> <span class='ocrx_word' id='word_1_724' title='bbox 571 5044 672 5101; x_wconf 89' lang='lat' dir='ltr'><strong>urbem</strong></span> <span class='ocrx_word' id='word_1_725' title='bbox 690 5059 743 5101; x_wconf 92' lang='lat' dir='ltr'><strong>nec</strong></span> <span class='ocrx_word' id='word_1_726' title='bbox 757 5058 837 5100; x_wconf 88' lang='lat' dir='ltr'><strong>mora</strong></span> <span class='ocrx_word' id='word_1_727' title='bbox 865 5060 929 5116; x_wconf 90' lang='lat' dir='ltr'><strong>per·</strong></span> 
     </span>
     <span class='ocr_line' id='line_1_69' title="bbox 81 5129 928 5204; baseline 0.006 -18"><span class='ocrx_word' id='word_1_728' title='bbox 81 5129 244 5187; x_wconf 88' lang='lat' dir='ltr'><strong>vadendam</strong></span> <span class='ocrx_word' id='word_1_729' title='bbox 262 5144 299 5187; x_wconf 84' lang='lat' dir='ltr'><strong>ex</strong></span> <span class='ocrx_word' id='word_1_730' title='bbox 327 5131 383 5187; x_wconf 85' lang='lat' dir='ltr'><strong>Deo</strong></span> <span class='ocrx_word' id='word_1_731' title='bbox 407 5138 529 5200; x_wconf 88' lang='lat' dir='ltr'><strong>armata,</strong></span> <span class='ocrx_word' id='word_1_732' title='bbox 550 5132 629 5189; x_wconf 87' lang='lat' dir='ltr'><strong>hoste</strong></span> <span class='ocrx_word' id='word_1_733' title='bbox 654 5131 728 5199; x_wconf 82' lang='lat' dir='ltr'><strong>fuso,</strong></span> <span class='ocrx_word' id='word_1_734' title='bbox 751 5135 928 5204; x_wconf 80' lang='lat' dir='ltr'><strong>premuniit.</strong></span> 
     </span>
     <span class='ocr_line' id='line_1_70' title="bbox 82 5217 930 5291; baseline 0 -16"><span class='ocrx_word' id='word_1_735' title='bbox 82 5220 159 5289; x_wconf 86' lang='lat' dir='ltr'><strong>Ergo</strong></span> <span class='ocrx_word' id='word_1_736' title='bbox 182 5217 256 5275; x_wconf 88' lang='lat' dir='ltr'><strong>sicut</strong></span> <span class='ocrx_word' id='word_1_737' title='bbox 285 5218 321 5275; x_wconf 90' lang='lat' dir='ltr'><strong>ad</strong></span> <span class='ocrx_word' id='word_1_738' title='bbox 348 5219 482 5276; x_wconf 89' lang='lat' dir='ltr'><strong>meritum</strong></span> <span class='ocrx_word' id='word_1_739' title='bbox 508 5219 705 5291; x_wconf 90' lang='lat' dir='ltr'><strong>proloquentis</strong></span> <span class='ocrx_word' id='word_1_740' title='bbox 728 5219 809 5290; x_wconf 89' lang='lat' dir='ltr'><strong>pueri</strong></span> <span class='ocrx_word' id='word_1_741' title='bbox 832 5219 930 5277; x_wconf 91' lang='lat' dir='ltr'><strong>neuti-</strong></span> 
     </span>
     <span class='ocr_line' id='line_1_71' title="bbox 83 5307 929 5381; baseline 0.008 -21"><span class='ocrx_word' id='word_1_742' title='bbox 83 5318 173 5377; x_wconf 89' lang='lat' dir='ltr'><strong>quam</strong></span> <span class='ocrx_word' id='word_1_743' title='bbox 186 5307 331 5375; x_wconf 87' lang='lat' dir='ltr'><strong>pertinuit,</strong></span> <span class='ocrx_word' id='word_1_744' title='bbox 349 5308 389 5364; x_wconf 90' lang='lat' dir='ltr'><strong>ita</strong></span> <span class='ocrx_word' id='word_1_745' title='bbox 407 5308 550 5365; x_wconf 88' lang='lat' dir='ltr'><strong>multoties</strong></span> <span class='ocrx_word' id='word_1_746' title='bbox 568 5323 626 5364; x_wconf 92' lang='lat' dir='ltr'><strong>non</strong></span> <span class='ocrx_word' id='word_1_747' title='bbox 650 5322 701 5379; x_wconf 91' lang='lat' dir='ltr'><strong>per</strong></span> <span class='ocrx_word' id='word_1_748' title='bbox 719 5323 798 5377; x_wconf 90' lang='lat' dir='ltr'><strong>eum,</strong></span> <span class='ocrx_word' id='word_1_749' title='bbox 820 5322 837 5363; x_wconf 91' lang='lat' dir='ltr'><strong>a</strong></span> <span class='ocrx_word' id='word_1_750' title='bbox 857 5324 929 5381; x_wconf 92' lang='lat' dir='ltr'><strong>qno-</strong></span> 
     </span>
    </p>
   </div>
   <div class='ocr_carea' id='block_1_9' title="bbox 119 5460 928 5536">
    <p class='ocr_par' dir='ltr' id='par_1_10' title="bbox 119 5460 928 5536">
     <span class='ocr_line' id='line_1_72' title="bbox 119 5460 928 5536; baseline 0.009 -22"><span class='ocrx_word' id='word_1_751' title='bbox 119 5461 173 5530; x_wconf 79' lang='grc'>(30)</span> <span class='ocrx_word' id='word_1_752' title='bbox 189 5460 292 5534; x_wconf 91' lang='lat' dir='ltr'><strong>Vulgo,</strong></span> <span class='ocrx_word' id='word_1_753' title='bbox 306 5462 389 5531; x_wconf 78' lang='lat' dir='ltr'><strong>huni,</strong></span> <span class='ocrx_word' id='word_1_754' title='bbox 401 5464 522 5522; x_wconf 78' lang='lat' dir='ltr'><strong>Etruria</strong></span> <span class='ocrx_word' id='word_1_755' title='bbox 532 5463 669 5536; x_wconf 93' lang='lat' dir='ltr'><strong>oppidum</strong></span> <span class='ocrx_word' id='word_1_756' title='bbox 685 5466 721 5523; x_wconf 87' lang='lat' dir='ltr'><strong>ad</strong></span> <span class='ocrx_word' id='word_1_757' title='bbox 737 5480 816 5524; x_wconf 88' lang='lat' dir='ltr'><strong>mare</strong></span> <span class='ocrx_word' id='word_1_758' title='bbox 829 5467 928 5524; x_wconf 93' lang='lat' dir='ltr'><strong>situm.</strong></span> 
     </span>
    </p>
   </div>
   <div class='ocr_carea' id='block_1_10' title="bbox 983 4338 1837 5381">
    <p class='ocr_par' dir='ltr' id='par_1_11' title="bbox 983 4338 1837 5381">
     <span class='ocr_line' id='line_1_73' title="bbox 985 4338 1828 4410; baseline 0 -16"><span class='ocrx_word' id='word_1_759' title='bbox 985 4351 1051 4394; x_wconf 92' lang='lat' dir='ltr'><strong>rum</strong></span> <span class='ocrx_word' id='word_1_760' title='bbox 1076 4350 1163 4408; x_wconf 89' lang='lat' dir='ltr'><strong>quam</strong></span> <span class='ocrx_word' id='word_1_761' title='bbox 1177 4351 1266 4407; x_wconf 87' lang='lat' dir='ltr'><strong>supra</strong></span> <span class='ocrx_word' id='word_1_762' title='bbox 1287 4352 1371 4393; x_wconf 90' lang='lat' dir='ltr'><strong>omne</strong></span> <span class='ocrx_word' id='word_1_763' title='bbox 1390 4338 1468 4408; x_wconf 92' lang='lat' dir='ltr'><strong>quod</strong></span> <span class='ocrx_word' id='word_1_764' title='bbox 1483 4345 1525 4394; x_wconf 90' lang='lat' dir='ltr'><strong>est</strong></span> <span class='ocrx_word' id='word_1_765' title='bbox 1542 4346 1604 4408; x_wconf 91' lang='lat' dir='ltr'><strong>post</strong></span> <span class='ocrx_word' id='word_1_766' title='bbox 1619 4338 1726 4395; x_wconf 82' lang='lat' dir='ltr'><strong>Filium</strong></span> <span class='ocrx_word' id='word_1_767' title='bbox 1742 4340 1828 4410; x_wconf 87' lang='lat' dir='ltr'><strong>Spiri-</strong></span> 
     </span>
     <span class='ocr_line' id='line_1_74' title="bbox 985 4425 1834 4496; baseline 0.004 -14"><span class='ocrx_word' id='word_1_768' title='bbox 985 4433 1032 4482; x_wconf 88' lang='lat' dir='ltr'><strong>tns</strong></span> <span class='ocrx_word' id='word_1_769' title='bbox 1048 4434 1174 4493; x_wconf 90' lang='lat' dir='ltr'><strong>sanctus,</strong></span> <span class='ocrx_word' id='word_1_770' title='bbox 1190 4425 1334 4495; x_wconf 88' lang='lat' dir='ltr'><strong>imbuerit,</strong></span> <span class='ocrx_word' id='word_1_771' title='bbox 1361 4428 1506 4496; x_wconf 91' lang='lat' dir='ltr'><strong>quomodo</strong></span> <span class='ocrx_word' id='word_1_772' title='bbox 1526 4428 1745 4484; x_wconf 86' lang='lat' dir='ltr'><strong>resurrectionis</strong></span> <span class='ocrx_word' id='word_1_773' title='bbox 1766 4429 1834 4485; x_wconf 91' lang='lat' dir='ltr'><strong>ordo</strong></span> 
     </span>
     <span class='ocr_line' id='line_1_75' title="bbox 986 4511 1834 4586; baseline 0.001 -15"><span class='ocrx_word' id='word_1_774' title='bbox 986 4514 1118 4571; x_wconf 79' lang='lat' dir='ltr'><strong>latuerit?</strong></span> <span class='ocrx_word' id='word_1_775' title='bbox 1137 4511 1165 4570; x_wconf 91' lang='lat' dir='ltr'><strong>Si</strong></span> <span class='ocrx_word' id='word_1_776' title='bbox 1184 4513 1261 4570; x_wconf 88' lang='lat' dir='ltr'><strong>enirn</strong></span> <span class='ocrx_word' id='word_1_777' title='bbox 1288 4513 1427 4583; x_wconf 88' lang='lat' dir='ltr'><strong>latuisset,</strong></span> <span class='ocrx_word' id='word_1_778' title='bbox 1447 4515 1569 4585; x_wconf 87' lang='lat' dir='ltr'><strong>dignum</strong></span> <span class='ocrx_word' id='word_1_779' title='bbox 1587 4515 1714 4586; x_wconf 85' lang='lat' dir='ltr'><strong>prolecto</strong></span> <span class='ocrx_word' id='word_1_780' title='bbox 1733 4515 1834 4575; x_wconf 85' lang='lat' dir='ltr'><strong>fuisset</strong></span> 
     </span>
     <span class='ocr_line' id='line_1_76' title="bbox 985 4602 1834 4672; baseline -0.006 -12"><span class='ocrx_word' id='word_1_781' title='bbox 985 4610 1026 4671; x_wconf 91' lang='lat' dir='ltr'><strong>ut,</strong></span> <span class='ocrx_word' id='word_1_782' title='bbox 1053 4603 1269 4660; x_wconf 87' lang='lat' dir='ltr'><strong>resurrectionis</strong></span> <span class='ocrx_word' id='word_1_783' title='bbox 1289 4618 1349 4659; x_wconf 79' lang='lat' dir='ltr'><strong>suae</strong></span> <span class='ocrx_word' id='word_1_784' title='bbox 1365 4603 1448 4659; x_wconf 88' lang='lat' dir='ltr'><strong>iidem</strong></span> <span class='ocrx_word' id='word_1_785' title='bbox 1466 4603 1608 4671; x_wconf 79' lang='lat' dir='ltr'><strong>tacturus,</strong></span> <span class='ocrx_word' id='word_1_786' title='bbox 1632 4602 1687 4672; x_wconf 92' lang='lat' dir='ltr'><strong>ipsi</strong></span> <span class='ocrx_word' id='word_1_787' title='bbox 1706 4602 1834 4671; x_wconf 91' lang='lat' dir='ltr'><strong>primum</strong></span> 
     </span>
     <span class='ocr_line' id='line_1_77' title="bbox 985 4693 1834 4762; baseline -0.002 -15"><span class='ocrx_word' id='word_1_788' title='bbox 985 4699 1144 4762; x_wconf 89' lang='lat' dir='ltr'><strong>appareret.</strong></span> <span class='ocrx_word' id='word_1_789' title='bbox 1162 4693 1217 4762; x_wconf 91' lang='lat' dir='ltr'><strong>ipsi</strong></span> <span class='ocrx_word' id='word_1_790' title='bbox 1234 4705 1304 4747; x_wconf 88' lang='lat' dir='ltr'><strong>vero</strong></span> <span class='ocrx_word' id='word_1_791' title='bbox 1324 4706 1416 4762; x_wconf 90' lang='lat' dir='ltr'><strong>quare</strong></span> <span class='ocrx_word' id='word_1_792' title='bbox 1436 4699 1597 4762; x_wconf 90' lang='lat' dir='ltr'><strong>appareret,</strong></span> <span class='ocrx_word' id='word_1_793' title='bbox 1619 4705 1686 4761; x_wconf 79' lang='lat' dir='ltr'><strong>quas</strong></span> <span class='ocrx_word' id='word_1_794' title='bbox 1701 4703 1834 4746; x_wconf 76' lang='lat' dir='ltr'><strong>resurre-</strong></span> 
     </span>
     <span class='ocr_line' id='line_1_78' title="bbox 984 4777 1836 4847; baseline -0.002 -13"><span class='ocrx_word' id='word_1_795' title='bbox 984 4786 1099 4834; x_wconf 88' lang='lat' dir='ltr'><strong>cturum</strong></span> <span class='ocrx_word' id='word_1_796' title='bbox 1117 4777 1235 4835; x_wconf 90' lang='lat' dir='ltr'><strong>indubie</strong></span> <span class='ocrx_word' id='word_1_797' title='bbox 1249 4777 1333 4834; x_wconf 86' lang='lat' dir='ltr'><strong>scivit</strong></span> <span class='ocrx_word' id='word_1_798' title='bbox 1350 4785 1507 4847; x_wconf 89' lang='lat' dir='ltr'><strong>antequam</strong></span> <span class='ocrx_word' id='word_1_799' title='bbox 1526 4784 1673 4847; x_wconf 89' lang='lat' dir='ltr'><strong>pateretur</strong></span> <span class='ocrx_word' id='word_1_800' title='bbox 1691 4791 1727 4833; x_wconf 92' lang='lat' dir='ltr'><strong>ac</strong></span> <span class='ocrx_word' id='word_1_801' title='bbox 1743 4790 1836 4834; x_wconf 89' lang='lat' dir='ltr'><strong>resur·</strong></span> 
     </span>
     <span class='ocr_line' id='line_1_79' title="bbox 985 4864 1837 4937; baseline -0.004 -15"><span class='ocrx_word' id='word_1_802' title='bbox 985 4867 1081 4937; x_wconf 78' lang='lat' dir='ltr'><strong>geret?</strong></span> <span class='ocrx_word' id='word_1_803' title='bbox 1097 4867 1130 4922; x_wconf 88' lang='lat' dir='ltr'><strong>Et</strong></span> <span class='ocrx_word' id='word_1_804' title='bbox 1143 4881 1212 4923; x_wconf 89' lang='lat' dir='ltr'><strong>sane</strong></span> <span class='ocrx_word' id='word_1_805' title='bbox 1233 4866 1343 4922; x_wconf 90' lang='lat' dir='ltr'><strong>dictum</strong></span> <span class='ocrx_word' id='word_1_806' title='bbox 1365 4867 1475 4922; x_wconf 90' lang='lat' dir='ltr'><strong>scitur:</strong></span> <span class='ocrx_word' id='word_1_807' title='bbox 1492 4887 1505 4916; x_wconf 78' lang='lat' dir='ltr'><strong>a</strong></span> <span class='ocrx_word' id='word_1_808' title='bbox 1521 4866 1623 4935; x_wconf 82' lang='lat' dir='ltr'><strong>Tuam,</strong></span> <span class='ocrx_word' id='word_1_809' title='bbox 1649 4865 1758 4935; x_wconf 91' lang='lat' dir='ltr'><strong>inquit,</strong></span> <span class='ocrx_word' id='word_1_810' title='bbox 1781 4864 1837 4922; x_wconf 90' lang='lat' dir='ltr'><strong>ani·</strong></span> 
     </span>
     <span class='ocr_line' id='line_1_80' title="bbox 984 4955 1837 5027; baseline 0 -18"><span class='ocrx_word' id='word_1_811' title='bbox 984 4969 1060 5011; x_wconf 90' lang='lat' dir='ltr'><strong>mam</strong></span> <span class='ocrx_word' id='word_1_812' title='bbox 1077 4955 1264 5027; x_wconf 88' lang='lat' dir='ltr'><strong>pertransibit</strong></span> <span class='ocrx_word' id='word_1_813' title='bbox 1282 4955 1397 5027; x_wconf 90' lang='lat' dir='ltr'><strong>gladius</strong></span> <span class='ocrx_word' id='word_1_814' title='bbox 1417 4955 1492 5026; x_wconf 81' lang='lat' dir='ltr'><strong>(inc.</strong></span> <span class='ocrx_word' id='word_1_815' title='bbox 1514 4969 1591 5022; x_wconf 80' lang='lat' dir='ltr'><strong>xxix,</strong></span> <span class='ocrx_word' id='word_1_816' title='bbox 1608 4955 1664 5024; x_wconf 81' lang='lat'><strong>57).</strong></span> <span class='ocrx_word' id='word_1_817' title='bbox 1681 4976 1696 5005; x_wconf 78' lang='lat' dir='ltr'><strong>b</strong></span> <span class='ocrx_word' id='word_1_818' title='bbox 1713 4955 1796 5013; x_wconf 88' lang='lat' dir='ltr'><strong>Unde</strong></span> <span class='ocrx_word' id='word_1_819' title='bbox 1810 4960 1837 5010; x_wconf 89' lang='lat' dir='ltr'><strong>et</strong></span> 
     </span>
     <span class='ocr_line' id='line_1_81' title="bbox 983 5043 1834 5115; baseline -0.002 -15"><span class='ocrx_word' id='word_1_820' title='bbox 983 5051 1130 5112; x_wconf 89' lang='lat' dir='ltr'><strong>eventum,</strong></span> <span class='ocrx_word' id='word_1_821' title='bbox 1157 5051 1185 5101; x_wconf 89' lang='lat' dir='ltr'><strong>et</strong></span> <span class='ocrx_word' id='word_1_822' title='bbox 1214 5044 1248 5100; x_wconf 89' lang='lat' dir='ltr'><strong>de</strong></span> <span class='ocrx_word' id='word_1_823' title='bbox 1276 5059 1309 5101; x_wconf 91' lang='lat' dir='ltr'><strong>eo</strong></span> <span class='ocrx_word' id='word_1_824' title='bbox 1330 5044 1509 5115; x_wconf 90' lang='lat' dir='ltr'><strong>loquentium</strong></span> <span class='ocrx_word' id='word_1_825' title='bbox 1534 5043 1623 5100; x_wconf 87' lang='lat' dir='ltr'><strong>verba</strong></span> <span class='ocrx_word' id='word_1_826' title='bbox 1647 5056 1834 5111; x_wconf 83' lang='lat' dir='ltr'><strong>conservans,</strong></span> 
     </span>
     <span class='ocr_line' id='line_1_82' title="bbox 983 5132 1837 5204; baseline -0.001 -15"><span class='ocrx_word' id='word_1_827' title='bbox 983 5133 1146 5190; x_wconf 83' lang='lat' dir='ltr'><strong>conterebat</strong></span> <span class='ocrx_word' id='word_1_828' title='bbox 1167 5136 1195 5189; x_wconf 89' lang='lat' dir='ltr'><strong>in</strong></span> <span class='ocrx_word' id='word_1_829' title='bbox 1213 5133 1298 5190; x_wconf 90' lang='lat' dir='ltr'><strong>corde</strong></span> <span class='ocrx_word' id='word_1_830' title='bbox 1316 5148 1369 5189; x_wconf 92' lang='lat' dir='ltr'><strong>suo</strong></span> <span class='ocrx_word' id='word_1_831' title='bbox 1396 5132 1493 5201; x_wconf 71' lang='lat' dir='ltr'><strong>(ibid,</strong></span> <span class='ocrx_word' id='word_1_832' title='bbox 1516 5134 1568 5204; x_wconf 74' lang='grc' dir='ltr'>ΙΙΙ.</span> <span class='ocrx_word' id='word_1_833' title='bbox 1592 5132 1645 5190; x_wconf 88' lang='lat' dir='ltr'><strong>Cui</strong></span> <span class='ocrx_word' id='word_1_834' title='bbox 1663 5133 1744 5190; x_wconf 90' lang='lat' dir='ltr'><strong>enim</strong></span> <span class='ocrx_word' id='word_1_835' title='bbox 1763 5133 1837 5190; x_wconf 81' lang='lat' dir='ltr'><strong>fidus</strong></span> 
     </span>
     <span class='ocr_line' id='line_1_83' title="bbox 984 5221 1836 5289; baseline -0.001 -12"><span class='ocrx_word' id='word_1_836' title='bbox 984 5236 1069 5278; x_wconf 91' lang='lat' dir='ltr'><strong>nemo</strong></span> <span class='ocrx_word' id='word_1_837' title='bbox 1084 5222 1254 5289; x_wconf 88' lang='lat' dir='ltr'><strong>habebatur,</strong></span> <span class='ocrx_word' id='word_1_838' title='bbox 1271 5221 1318 5278; x_wconf 91' lang='lat' dir='ltr'><strong>cui</strong></span> <span class='ocrx_word' id='word_1_839' title='bbox 1341 5228 1450 5277; x_wconf 90' lang='lat' dir='ltr'><strong>tantam</strong></span> <span class='ocrx_word' id='word_1_840' title='bbox 1470 5235 1530 5278; x_wconf 89' lang='lat' dir='ltr'><strong>rem</strong></span> <span class='ocrx_word' id='word_1_841' title='bbox 1554 5221 1694 5288; x_wconf 89' lang='lat' dir='ltr'><strong>crederet,</strong></span> <span class='ocrx_word' id='word_1_842' title='bbox 1716 5235 1778 5278; x_wconf 91' lang='lat' dir='ltr'><strong>non</strong></span> <span class='ocrx_word' id='word_1_843' title='bbox 1791 5221 1836 5277; x_wconf 93' lang='lat' dir='ltr'><strong>in-</strong></span> 
     </span>
     <span class='ocr_line' id='line_1_84' title="bbox 984 5309 1836 5381; baseline -0.002 -14"><span class='ocrx_word' id='word_1_844' title='bbox 984 5311 1137 5367; x_wconf 90' lang='lat' dir='ltr'><strong>concinum</strong></span> <span class='ocrx_word' id='word_1_845' title='bbox 1164 5311 1265 5381; x_wconf 92' lang='lat' dir='ltr'><strong>utique</strong></span> <span class='ocrx_word' id='word_1_846' title='bbox 1293 5317 1363 5379; x_wconf 92' lang='lat' dir='ltr'><strong>erat,</strong></span> <span class='ocrx_word' id='word_1_847' title='bbox 1392 5316 1425 5366; x_wconf 88' lang='lat' dir='ltr'><strong>ut</strong></span> <span class='ocrx_word' id='word_1_848' title='bbox 1452 5324 1506 5366; x_wconf 91' lang='lat' dir='ltr'><strong>sua</strong></span> <span class='ocrx_word' id='word_1_849' title='bbox 1533 5309 1610 5379; x_wconf 90' lang='lat' dir='ltr'><strong>apud</strong></span> <span class='ocrx_word' id='word_1_850' title='bbox 1634 5323 1665 5367; x_wconf 88' lang='lat' dir='ltr'><strong>se</strong></span> <span class='ocrx_word' id='word_1_851' title='bbox 1693 5322 1780 5368; x_wconf 87' lang='lat' dir='ltr'><strong>sensa</strong></span> <span class='ocrx_word' id='word_1_852' title='bbox 1810 5316 1836 5365; x_wconf 88' lang='lat' dir='ltr'><strong>et</strong></span> 
     </span>
    </p>
   </div>
   <div class='ocr_carea' id='block_1_11' title="bbox 0 0 1929 6008">
    <p class='ocr_par' dir='ltr' id='par_1_12' title="bbox 0 0 1929 6008">
     <span class='ocr_line' id='line_1_85' title="bbox 0 0 1929 6008; baseline 0 0"><span class='ocrx_word' id='word_1_853' title='bbox 0 0 1929 6008; x_wconf 95' lang='lat' dir='ltr'><strong> </strong></span> 
     </span>
    </p>
   </div>
  </div>
 </body>
</html>
