3818 6008
106 219 173 270 ¹929

704 216 817 271 subtr.
833 247 866 254 -
885 218 961 272 tila
981 219 1009 271 S.
1030 217 1252 274 SthttERGAE.

1787 231 1853 285 teht}

101 349 216 421 auspice
251 348 359 405 divinis
389 347 545 419 privilegiis
573 361 652 403 nunc
683 355 824 418 superest.
851 347 946 404 Unum
967 347 1156 404 hNamcum
1178 349 1326 405 barbaries
1348 348 1409 405 licet
1431 351 1533 420 procul
1554 353 1674 420 abesset,
1692 365 1852 427 regiainte-

103 446 215 495 tantum
228 437 317 495 edidit
340 437 474 503 liberum,
492 435 538 493 cui
555 445 583 493 et
608 436 660 508 ipsi
675 436 808 507 baptismi
828 436 951 507 gratiaa

102 526 333 583 sacerdotibus...
348 524 514 581 Eustasium
533 539 636 581 nomeu
651 525 842 593 tradiderunt,
860 526 909 596 qui
924 535 953 582 et

103 611 178 667 inira
193 610 317 681 pueriles
329 623 430 677 anuos,
446 607 510 680 etei
529 608 667 676 Quintum
685 623 753 666 vero
769 609 850 665 bonae
870 610 950 666 iudo-

103 699 138 755 lis
164 699 252 755 edidit
280 698 397 768 prolem,
425 699 541 754 nomine
565 697 739 756 halduinum
766 696 824 771 [ot.,
850 699 950 754 Baldo·

102 787 196 861 numi,
227 802 313 860 quem
337 795 365 844 et
393 788 487 857 ipsum
513 786 600 858 iuxta
630 788 738 858 priores
765 787 950 858 omnipotenti

103 877 160 932 lieo
186 877 320 932 sacravit.
359 876 426 946 Egit
453 877 505 932 hoc
532 875 658 946 donique
693 877 802 933 lamula
825 876 949 945 Christi,

102 966 239 1037 omnique
254 965 320 1022 nisu
337 978 474 1038 aggressa
488 973 531 1021 est
555 973 587 1021 ιιι
600 979 714 1020 omnem
728 965 846 1022 domum
867 978 950 1021 suam

103 1069 159 1110 nou
184 1055 236 1109 sibi
258 1054 321 1124 soli,
351 1055 400 1110 sed
424 1055 527 1111 marito
547 1054 644 1121 simul,
672 1061 699 1109 et
725 1054 822 1109 liberis
845 1053 950 1110 Christi

104 1142 208 1199 laceret
223 1141 389 1198 Ecclesiam.

433 1229 549 1288 CAPUT
569 1231 618 1287 Vl.

139 1321 250 1376 interca
265 1333 330 1376 cum
343 1319 465 1390 egregia
479 1317 639 1375 sanctitatis
650 1319 746 1389 opinio
764 1319 949 1389 waldeberti,

103 1409 190 1479 cujus
204 1408 370 1464 memoriam
386 1407 516 1477 lecimus,
540 1422 611 1478 peno
628 1421 677 1477 per
692 1408 842 1463 universos
857 1408 951 1464 Frau-

102 1511 202 1554 corum
226 1498 362 1554 tcrminos
381 1497 485 1553 eximie
510 1496 675 1565 nunciaret,
698 1503 725 1551 ot
739 1496 853 1551 solertia
874 1511 950 1566 prae-

102 1585 254 1641 dicationis
283 1585 347 1656 ejus
375 1598 391 1640 a
414 1584 526 1641 Christo
553 1584 683 1649 botnino,
711 1585 771 1641 sino
795 1598 853 1656 quo
879 1584 950 1641 nihil

102 1673 169 1730 boui
192 1673 427 1745 spinnelbum
454 1672 634 1737 tumesceret,
658 1681 790 1743 essetque
813 1673 950 1730 omnibns

48 1807 54 1814 .
102 1762 214 1818 Domini
237 1762 397 1818 colentibus
421 1771 531 1832 gratus,
561 1762 792 1833 nsotrasteriaque
817 1762 947 1818 virorum

100 1863 134 1905 ac
157 1850 312 1905 muliorum
336 1863 373 1905 cx
398 1849 461 1918 ujus
486 1863 589 1904 norma
612 1848 720 1905 sliatim
744 1850 947 1916 conderentur,

100 1952 220 1994 cernens
236 1939 318 1995 heato
340 1936 496 2008 salaberga
511 1950 627 1993 sertum
644 1936 747 1992 Christi
770 1936 948 2006 militemque

102 2027 273 2096 praclarum
295 2032 336 2082 tot
359 2025 461 2082 llorere
479 2025 630 2095 exemplis,
656 2024 873 2095 virtutibusque
897 2025 948 2080 lla-

100 2129 184 2185 grare
199 2115 343 2186 superuis,
364 2122 390 2171 et
405 2114 520 2170 assiduo
535 2113 643 2170 veluto
659 2115 793 2184 luparum
816 2113 949 2170 saucibus

98 2212 211 2274 ereptos
226 2203 334 2274 ubique
358 2217 460 2274 greges
473 2202 577 2259 Christi
596 2202 732 2269 adunari,
749 2217 815 2259 eum
839 2202 873 2257 ad
887 2216 949 2272 pro

100 2295 202 2364 priam,
218 2293 346 2360 domum,
360 2291 396 2349 ub
411 2292 616 2348 benedictionis
630 2293 667 2347 ab
679 2307 712 2348 eo
722 2292 844 2363 gratiam
861 2291 948 2361 perci·

99 2383 244 2455 piendam,
261 2382 390 2438 crebrius
405 2381 586 2447 accersitum,
599 2381 677 2436 velut
692 2380 823 2436 divinum
840 2393 946 2436 munus

99 2469 152 2526 sibi
174 2483 192 2528 a
215 2470 335 2526 Domino
363 2468 423 2526 iore
453 2483 619 2525 concessum
644 2482 736 2525 ovans
761 2467 944 2540 suscipiebat,

99 2560 246 2631 verbaque
274 2558 403 2616 salubria
426 2567 453 2615 et
478 2557 642 2615 animarum
675 2557 791 2614 medelae
816 2572 945 2628 congrua

100 2649 218 2705 haurire
234 2662 271 2704 ex
286 2646 350 2719 cius
365 2646 503 2704 mellilluo
519 2661 567 2703 ore
581 2646 771 2715 desiderabat,
787 2646 947 2717 tlagrabat-

99 2752 156 2809 que
171 2737 376 2794 instautissime
393 2737 517 2804 animus,
536 2743 577 2802 ut,
603 2737 705 2806 spretis
725 2735 947 2806 phaleramentis

98 2826 196 2882 saeculi
211 2825 382 2898 pompisque
395 2825 551 2883 mundanis
567 2824 739 2896 postpositis,
755 2826 791 2881 ad
804 2825 946 2881 virtutum

98 2914 212 2971 culmen
237 2913 406 2985 apicemque
427 2915 586 2971 sanctitatis
602 2915 708 2970 variaret
726 2913 888 2970 ascendero.
904 2914 944 2970 De
963 2945 984 3000 c
999 2968 1065 3010 cum
1083 2968 1145 3010 eam
1163 2955 1198 3011 W

98 3018 156 3074 quo
172 3003 313 3060 virtutum
330 3003 456 3060 culmine
478 3003 617 3060 Dominus
631 3017 749 3074 qnoque
772 3009 799 3057 et
814 3001 945 3058 Salvator

98 3091 127 3148 in
143 3091 299 3163 Evangelio
313 3091 443 3163 loquitur
455 3091 554 3149 diceus
567 3106 574 3147 :
589 3113 599 3140 «
616 3090 716 3148 Omnis
729 3090 780 3162 qui
796 3090 945 3161 reliquerit

96 3188 216 3251 patrem,
238 3187 289 3237 aut
303 3188 434 3248 matrem,
456 3187 507 3238 aut
522 3180 630 3249 domos,
653 3188 704 3237 aut
727 3192 811 3252 agros
829 3188 945 3250 propter

97 3284 202 3327 nomen
217 3283 324 3334 meum,
340 3268 507 3340 centuplum
524 3269 643 3340 accipiet
662 3275 689 3324 et
703 3269 791 3324 vitam
806 3276 943 3325 aternam

97 3358 252 3428 possidebit
276 3357 386 3423 (ltcttth.
411 3373 466 3424 xm,
483 3360 524 3423 θὶς
539 3377 553 3406 ι
569 3364 596 3412 et
611 3357 703 3413 illud:
722 3378 733 3405 ι
758 3356 857 3427 lgnem
878 3356 943 3411 reni

96 3445 209 3501 mittere
236 3446 265 3501 iu
300 3451 416 3512 terram,
445 3444 564 3515 etquid
594 3443 658 3499 volo
682 3443 737 3499 uisi
761 3451 793 3499 ut
820 3443 944 3499 ardeat?

97 3534 173 3603 (luc.
196 3550 245 3599 ιιι,
267 3534 325 3602 tu.)
347 3530 451 3599 »Quid
476 3532 580 3601 plura?
605 3531 730 3588 Auctore
753 3530 810 3587 Deo
830 3544 942 3586 omnem

95 3636 175 3692 spem
199 3636 280 3679 suam
301 3630 363 3692 post
385 3623 473 3678 iteum
498 3621 580 3676 besto
594 3620 655 3675 viro
671 3619 860 3689 committeus,
882 3619 943 3675 viro

95 3725 243 3776 converso,
261 3711 449 3782 prolibusque
472 3710 527 3765 beo
549 3708 679 3774 sacratis,
701 3707 847 3779 religionis
866 3714 943 3764 veste

96 3808 223 3869 accepta,
246 3799 317 3855 inito
332 3813 399 3856 cum
415 3799 446 3855 B.
470 3796 652 3854 waldeberto
672 3797 810 3864 consilio,
836 3809 944 3852 conve·

94 3889 205 3944 utentia
231 3885 276 3959 [(.,
307 3886 500 3957 conniventia]
534 3885 673 3941 existente
703 3884 809 3952 mariti,
846 3897 943 3941 omno·

95 3976 177 4032 bium
200 3975 363 4046 puellarum
388 3977 418 4031 in
443 3974 584 4032 suburbio
609 3972 772 4044 lingonicae
795 3971 886 4038 urbis,
913 3972 942 4028 iu

95 4064 260 4121 haereditate
270 4064 315 4119 vel
326 4063 639 4132 successionepaterna,
651 4069 773 4118 conatur
781 4067 941 4117 exstruere.

95 4151 177 4216 Quod
192 4153 315 4223 propriis
327 4151 486 4209 redditibus
496 4151 668 4221 praediorum
685 4165 816 4215 suorum,
831 4164 867 4206 ex
880 4164 944 4205 suc-

95 4241 221 4297 cessione
256 4240 428 4297 haereditatis
465 4247 600 4310 patema,
630 4238 776 4296 Christum
811 4238 983 4298 iaciendol)

96 4325 248 4391 haeredem,
265 4325 398 4382 nobilitor
420 4323 530 4381 ditavit.
556 4324 598 4380 Ad
614 4324 692 4395 quod
716 4337 788 4393 opus
803 4336 943 4393 peragen-

95 4411 165 4468 dum
180 4411 353 4469 venerabilis
367 4410 533 4468 Walbenus
548 4410 684 4479 solamen,
702 4410 892 4480 artificesque,
911 4421 944 4463 ao

95 4500 174 4556 viros
192 4499 348 4557 industrios
368 4500 491 4570 praehuit
505 4507 593 4571 atque
615 4499 766 4555 commisit.
787 4496 842 4565 Qui
865 4497 944 4554 lucus

96 4588 161 4645 licet
173 4589 389 4645 austrasiorum
403 4587 511 4644 tinibus
526 4587 697 4655 immineret,
714 4586 829 4643 vicinus
848 4593 944 4641 tamen

97 4676 274 4748 burgundiae
286 4683 357 4743 orat,
374 4676 484 4732 distans
498 4689 515 4730 a
536 4674 667 4731 buxerio
682 4674 854 4731 monasterio
869 4687 944 4743 pau-

97 4765 234 4822 lominus
248 4764 375 4820 millibus
390 4763 602 4834 quadraginta;
619 4763 717 4835 ibique
730 4763 866 4819 adunatis
877 4776 942 4818 ceu-

96 4861 159 4910 tum
186 4867 236 4909 scu
252 4853 374 4921 amplius
396 4859 454 4907 tam
476 4865 513 4906 ex
537 4850 681 4907 nobilibus
703 4849 761 4922 iot,
790 4848 942 4920 nobilium]

97 4941 205 5010 liberis,
226 4953 313 5011 quam
330 4955 365 4995 cx
391 4939 506 5010 proprio
520 4937 612 4994 olllcio
629 4938 741 5009 puellis,
764 4938 875 4996 Christo
891 4939 944 4993 lto·

96 5029 176 5087 mino
191 5028 308 5084 dicavit.

132 5115 186 5173 Sed
211 5129 278 5173 cum
303 5116 362 5187 jam
392 5129 458 5185 pars
482 5115 610 5172 maxima
639 5115 753 5172 lubrice
777 5114 943 5173 monasterii

97 5205 239 5261 instructa
259 5210 341 5271 esset,
365 5203 450 5273 ooepit
473 5202 581 5259 lamule
605 5203 709 5261 Christi
733 5217 872 5276 praesaga,
895 5211 945 5260 ut-

97 5301 162 5364 pote
184 5290 292 5362 Spiritu
308 5292 357 5348 Dei
383 5291 501 5361 repleta,
517 5292 611 5362 sagaci
635 5306 701 5349 cum
716 5293 779 5349 viro
803 5292 945 5349 trutinare

97 5381 205 5449 animo,
219 5394 277 5437 uun
292 5378 393 5436 esseio
408 5380 468 5436 loco
480 5378 579 5436 eodem
596 5379 762 5450 puellarum
782 5380 945 5437 coenobium

98 5475 204 5535 tutum,
222 5467 353 5540 nihilque
363 5466 527 5524 stabilitatis
542 5474 630 5539 atque
644 5467 814 5525 munitionis
830 5467 944 5525 babere.

1005 450 1071 492 men
1097 437 1235 493 limitibus
1251 437 1318 493 hinc
1334 437 1400 494 inde
1415 439 1554 506 admistis,
1577 441 1697 512 periculi
1715 444 1852 501 indicium

1004 525 1111 582 tuturis
1134 527 1311 596 temporibus
1324 535 1395 595 erat,
1419 529 1496 599 quod
1518 529 1680 599 periculum
1696 547 1749 589 nos
1768 533 1852 589 deiu-

1005 628 1069 684 ceps
1092 615 1226 670 vidimus.
1253 617 1383 688 Dcitique
1407 632 1500 687 nuper
1528 618 1610 674 civile
1641 620 1748 676 bellum
1779 621 1854 679 iuter

1005 716 1087 773 reges
1104 704 1280 759 Francorum
1295 705 1500 761 Theodericum
1517 713 1544 762 et
1559 707 1752 778 ingobertum
1777 709 1853 766 eirca

1005 791 1067 847 illos
1090 791 1161 848 hnes
1174 800 1216 848 est
1237 802 1345 861 aetum,
1363 795 1472 865 ubique
1494 795 1601 850 vicinia
1617 811 1740 867 aquaque
1764 797 1853 869 depo-

1005 879 1115 949 pulata,
1131 880 1204 950 agri,
1227 879 1313 947 villae,
1330 880 1415 947 acles,
1440 887 1466 936 et
1483 881 1554 950 ipsa,
1570 883 1647 952 quod
1662 883 1782 953 gravius
1798 892 1850 950 est,

1004 975 1169 1025 sanctorum
1194 983 1314 1038 corpora
1331 969 1397 1040 igne
1410 977 1478 1025 suut
1493 978 1625 1026 cremata.
1642 972 1722 1029 Unde
1741 971 1853 1042 liquido

1004 1063 1081 1124 patet
1095 1055 1193 1112 divino
1212 1071 1274 1111 eam
1291 1055 1400 1127 Spiritu
1424 1056 1511 1114 luisse
1526 1058 1677 1128 irrubutam,
1703 1075 1769 1130 quae
1794 1061 1850 1130 pri-

1003 1143 1067 1199 dem
1083 1143 1252 1213 anticipavit
1268 1145 1431 1201 discrimen.

1329 1270 1444 1326 CAPUT
1464 1270 1526 1328 Vll.

1039 1366 1162 1423 Consilio
1187 1365 1277 1438 igitur
1303 1367 1405 1437 adepto
1432 1382 1497 1423 cum
1524 1367 1642 1438 praelato
1668 1368 1851 1426 ll'sldeberto

1004 1455 1116 1521 abbate,
1142 1456 1191 1527 qui
1227 1455 1352 1527 ingenio,
1378 1463 1404 1510 ct
1435 1456 1534 1525 vigore
1559 1456 1664 1527 sagaci,
1688 1466 1716 1514 ot
1746 1467 1851 1515 namra

1005 1541 1080 1597 bona
1104 1543 1132 1598 iu
1153 1543 1258 1599 tatibus
1282 1544 1368 1600 rebus
1389 1543 1527 1613 preditus
1550 1554 1621 1611 crat,
1643 1560 1733 1615 quom
1756 1555 1851 1616 postea

969 1638 1030 1718 get
1049 1632 1179 1689 corititcm
1202 1632 1322 1700 itineris,
1336 1640 1364 1689 et
1385 1632 1494 1687 socinum
1509 1631 1614 1688 laboris
1640 1634 1750 1700 hahuit,
1767 1636 1852 1706 clegit

1003 1719 1056 1775 iter
1071 1719 1183 1776 Christo
1198 1721 1271 1776 duce
1292 1721 1383 1776 instar
1397 1719 1569 1775 sanctissimi
1586 1720 1710 1777 Abrahae
1726 1722 1851 1792 patriar-

1002 1806 1074 1874 chae,
1094 1807 1145 1876 qui
1161 1807 1196 1862 tle
1219 1807 1420 1876 Mesopotamia
1441 1807 1530 1876 Syriae
1556 1822 1697 1878 egressus,
1724 1808 1850 1866 Philisti-

1001 1908 1107 1949 uorum
1128 1892 1247 1948 colonus
1266 1894 1384 1960 exstitit,
1401 1907 1523 1964 eamque
1546 1895 1603 1950 Deo
1618 1895 1799 1965 promittente
1821 1897 1850 1954 iu

1003 1989 1114 2051 postera
1139 1981 1319 2036 successione
1341 1981 1458 2037 sortitus
1476 1989 1527 2038 est.
1553 1982 1640 2048 Quem
1667 1983 1777 2040 huitata
1800 1986 1849 2040 lici

1003 2067 1111 2124 iamula
1146 2067 1314 2139 relinquens
1342 2070 1442 2138 patria
1476 2069 1580 2139 solum,
1606 2079 1740 2140 paternas
1770 2073 1850 2129 sedus

1003 2157 1112 2212 naalcns
1133 2171 1200 2213 cum
1216 2157 1327 2213 Christo
1347 2172 1438 2228 ogere,
1460 2173 1548 2228 quam
1572 2173 1742 2216 mammonae
1768 2160 1850 2218 lucra

1002 2245 1154 2315 possidere,
1179 2258 1267 2315 quam
1285 2252 1324 2301 tot
1343 2245 1402 2315 pati
1423 2244 1599 2315 discrimina,
1622 2260 1688 2303 cum
1707 2248 1772 2304 vitae
1795 2251 1849 2306 sti-

1002 2334 1105 2402 pcndio
1120 2334 1156 2389 ad
1172 2333 1273 2390 urbem
1289 2333 1421 2389 lauduni
1434 2332 1555 2403 Clavati,
1569 2349 1635 2391 cum
1654 2338 1781 2395 niaximo
1795 2351 1849 2406 ap-

1000 2430 1114 2492 paratu,
1136 2428 1164 2478 ct
1179 2437 1245 2478 curn
1260 2422 1414 2479 animabus
1429 2437 1446 2478 a
1461 2423 1518 2480 beo
1532 2423 1585 2480 sibi
1600 2424 1769 2493 commissis,
1786 2441 1849 2497 pru

1000 2511 1146 2567 liciscitur.

1035 2600 1103 2666 Quae
1119 2600 1189 2656 urbs
1205 2598 1269 2674 licet
1279 2599 1427 2656 obsidione
1440 2601 1542 2657 vallari
1556 2601 1592 2657 ab
1606 2602 1736 2658 hostibus
1748 2605 1845 2674 possit,

999 2694 1093 2743 tatncn
1110 2695 1215 2743 natura
1240 2687 1303 2749 loci,
1319 2696 1346 2745 et
1361 2688 1390 2744 iu
1413 2691 1562 2746 cacumine
1584 2690 1647 2746 sani
1668 2691 1732 2758 sita,
1750 2691 1846 2748 nautri-

1000 2775 1105 2832 tionem
1121 2776 1267 2833 robustam
1292 2777 1428 2846 obtinuit,
1447 2787 1477 2836 ut
1502 2778 1596 2850 lraugi
1612 2794 1629 2835 a
1645 2780 1776 2836 barbaris
1794 2795 1845 2836 nc·

1000 2872 1087 2936 vptteat
1111 2865 1297 2936 periculoque
1322 2874 1426 2923 careat.
1449 2868 1521 2923 Nam
1543 2876 1570 2923 ct
1587 2875 1697 2924 vetusto
1723 2876 1846 2940 temporo

1200 2954 1306 3023 audali,
1323 2954 1417 3022 Alani,
1437 2955 1522 3019 lintri,
1539 2963 1707 3027 caeteraeque
1729 2956 1845 3014 Gerula-

997 3043 1053 3098 niut
1067 3055 1094 3099 et
1110 3042 1231 3113 Scythias
1247 3052 1345 3116 gentes
1359 3043 1468 3101 trustra
1482 3046 1644 3113 vallassent,
1661 3044 1743 3101 nulia
1757 3059 1844 3117 aggo·

997 3145 1063 3187 rum
1079 3139 1140 3189 arte
1160 3132 1332 3201 imminenti,
1349 3147 1404 3188 non
1421 3132 1641 3190 fundibulorum
1654 3133 1769 3205 jaculis,
1788 3149 1846 3191 nou

996 3233 1143 3277 armorum
1160 3220 1279 3291 spiculis
1288 3221 1473 3292 jacientibus,
1489 3236 1541 3278 nec
1555 3222 1676 3280 arietum
1694 3222 1844 3293 impulsio·

996 3308 1084 3365 nibus
1098 3309 1227 3366 obtinere
1244 3310 1409 3378 valuerunt,
1425 3311 1474 3366 sed
1493 3325 1572 3368 casso
1590 3312 1685 3369 labore
1701 3312 1843 3379 frustrati,

998 3400 1102 3454 inertes
1132 3405 1321 3455 recesserunt.
1347 3399 1474 3469 excepto
1503 3401 1579 3456 euim
1608 3413 1757 3456 murorum
1781 3413 1844 3455 am-

997 3485 1070 3551 bitu,
1094 3485 1143 3556 qui
1158 3486 1339 3542 extrinsecus
1354 3486 1382 3541 iu
1400 3486 1601 3556 proceritatem
1621 3486 1699 3543 collis
1713 3486 1846 3544 extendi·

998 3579 1056 3640 tur,
1088 3573 1262 3630 intrinsecus
1292 3573 1381 3643 ipsius
1410 3574 1487 3630 muri
1518 3574 1657 3632 circuitus
1686 3574 1770 3631 itomo
1797 3589 1845 3630 eo·

996 3670 1140 3733 aequatur,
1158 3660 1234 3717 undo
1247 3668 1274 3718 et
1287 3662 1489 3719 machinarum
1505 3669 1566 3719 arte
1580 3662 1661 3719 uulla
1675 3662 1746 3720 illud
1759 3664 1845 3733 oppi-

996 3750 1066 3807 dum
1083 3749 1197 3820 latigari
1211 3750 1308 3818 possit,
1325 3752 1373 3807 sed
1387 3758 1415 3807 et
1429 3750 1600 3808 altrinsecus
1612 3764 1685 3807 saxa
1700 3751 1846 3808 naturalia

996 3838 1142 3908 ambiunt3
1158 3838 1228 3895 urbs
1254 3838 1329 3895 inira
1346 3839 1448 3895 reierta
1464 3839 1572 3910 puteis;
1588 3839 1623 3895 ad
1639 3840 1714 3910 ipsos
1728 3844 1857 3910 quoque'

997 3935 1145 3997 portarum
1168 3925 1264 3983 exitus
1286 3926 1378 3983 tontes
1403 3935 1539 3983 emanant
1563 3940 1712 3997 perennes,
1738 3927 1789 3998 qui
1814 3926 1844 3983 in

997 4028 1068 4072 usus
1082 4013 1258 4084 hominibus,
1271 4014 1465 4085 pecoribusac
1475 4015 1616 4086 jumentis
1632 4015 1711 4086 potui
1726 4015 1845 4072 dantur.

1031 4102 1847 4174 igitur,cumjsmadillumiuaudamurbent,velutisotis

997 4191 1107 4259 radius,
1118 4190 1396 4248 venerandalemina
1406 4206 1472 4248 cum
1488 4191 1548 4249 suis
1558 4192 1732 4264 sequacibus
1741 4192 1847 4249 sanctis

998 4278 1268 4350 appropinquasset,
1278 4279 1487 4350 praesuloppidi
1497 4280 1668 4337 illiushttilo
1678 4279 1845 4353 [ut.,httila,

997 4365 1104 4439 Attota]
1115 4380 1304 4424 cumsummo
1317 4366 1414 4424 lavore
1425 4367 1450 4424 ei
1463 4368 1577 4424 obviam
1590 4369 1692 4439 pergit,
1705 4376 1846 4437 tanquam

997 4455 1129 4511 divinum
1144 4469 1262 4524 munus,
1278 4457 1498 4528 angelicamque
1516 4457 1631 4514 turbam
1646 4455 1770 4512 venisset
1784 4455 1846 4525 [ut.,

998 4549 1138 4613 tauquam
1151 4543 1174 4598 si
1185 4543 1317 4600 divinum
1333 4558 1441 4601 munus
1453 4545 1597 4615 turbaque
1612 4543 1742 4614 angelica
1757 4543 1849 4598 venis-

997 4630 1060 4701 set]‚
1077 4644 1168 4687 ovans
1192 4638 1306 4688 sanctas
1320 4631 1444 4689 ramulas
1455 4637 1531 4687 usa
1546 4631 1650 4687 Christi
1675 4645 1741 4688 cum
1757 4630 1846 4687 choro

998 4718 1192 4789 psallentium,
1219 4734 1285 4776 cum
1311 4719 1478 4790 psalmodia,
1503 4726 1530 4775 et
1552 4719 1736 4790 hymnidicis,
1764 4733 1848 4776 sum-

997 4808 1111 4878 misque
1131 4807 1268 4865 laudibus
1284 4808 1404 4865 deduxit
1425 4809 1454 4863 in
1469 4807 1581 4864 urbem.
1598 4807 1651 4864 Sed
1671 4807 1848 4865 miraculum

998 4894 1070 4951 illud
1095 4895 1282 4966 magnilicum
1306 4895 1395 4962 dictu,
1413 4895 1491 4966 quod
1513 4903 1595 4952 nocte
1610 4896 1710 4952 eadem
1735 4895 1763 4951 in
1786 4894 1850 4966 ipsa

998 4985 1071 5041 urbe
1083 4991 1196 5055 gestum
1211 4984 1257 5053 sit,
1274 4999 1332 5040 uon
1346 4991 1389 5040 cst
1401 4983 1555 5040 silendum.

1318 5106 1433 5165 CAPUT
1448 5108 1524 5166 vlll.

1034 5204 1190 5262 Praedictus
1218 5204 1316 5275 itaquo
1351 5204 1480 5274 pontttcx
1512 5203 1646 5275 praecepit
1683 5205 1781 5276 pueris
1817 5217 1850 5263 ac

998 5292 1189 5350 familiaribus
1209 5293 1262 5349 sibi
1288 5292 1412 5361 creditis,
1429 5293 1465 5350 ob
1487 5294 1706 5363 praeparandam
1733 5293 1762 5349 iu
1785 5308 1848 5351 cra·

999 5381 1074 5438 stiuo
1088 5382 1134 5440 die
1155 5381 1272 5438 lamiliae
1286 5380 1390 5438 Christi
1411 5380 1573 5438 relectionis
1596 5382 1718 5454 gratiam
1743 5383 1849 5440 adesse.

1000 5468 1122 5527 llinistri
1137 5469 1228 5542 igitur
1241 5468 1353 5526 attoniti
1369 5469 1505 5527 velociter
1523 5484 1575 5542 per
1595 5475 1719 5540 noctem,
1739 5480 1851 5543 portam
