3818 6008
69 223 136 278 tout
585 216 630 274 tu
651 215 727 274 OPP.
749 214 827 274 tun.
848 215 1015 274 uutuuttat
1037 215 1080 270 ult
1099 213 1300 271 Novidunto
1759 212 1830 267 tosa

111 377 122 405 ‹
144 355 175 409 ln
190 352 421 408 nomincsanrtn
434 358 462 404 et
478 348 633 404 individuae
649 349 805 404 Trinitatis.
822 351 908 404 hmon
939 353 1065 419 Agnnm
1081 347 1240 417 anglorum
1261 343 1411 400 Guillelmo
1425 343 1601 400 nobilissimo
1618 358 1686 415 rege
1701 344 1830 400 arimini-

73 442 215 500 0muibus
240 453 317 510 aqua
339 446 366 494 et
388 437 496 507 Spiritu
530 445 628 492 sancto
657 439 774 500 renatis
806 443 922 506 gratum
974 443 1122 491 strante.»

73 527 413 588 forodecreviteharitas
433 534 539 594 nostra,
564 525 589 581 si
613 526 771 581 litterarum
793 525 923 594 apicibus
1009 525 1155 580 hlonachis
1186 537 1252 580 vero
1277 523 1381 579 ibidem
1415 525 1470 578 lieo
1501 521 1696 578 servientibus
1729 521 1830 590 inclyti

75 628 257 686 annotamus,
280 615 404 687 qualiter
419 629 436 670 a
461 615 635 686 quibusdam
654 613 781 684 personis
805 611 922 668 ecclesia
976 613 1134 668 lanscelini
1151 627 1208 668 non
1224 612 1313 667 deluit
1328 610 1456 682 largitas.
1483 613 1516 667 Ut
1530 612 1606 667 enim
1623 611 1830 668 sufficientiam

74 705 355 773 nostra,auxiliante
378 703 508 768 Domino,
530 702 760 759 lueritlumtata.
785 701 924 757 Lansccli-
976 702 1136 773 quotidiani
1159 702 1253 758 victus
1276 701 1424 768 haberent,
1454 700 1531 756 dedit
1554 699 1596 755 eis
1629 700 1830 756 molendinum

73 810 130 852 nus
164 795 267 861 senior,
302 792 436 849 Falconis
472 791 650 847 Belvacensis
682 791 767 856 lilius,
797 798 922 845 strenuae
976 790 1153 847 Crevieordis
1187 804 1275 861 super
1307 790 1399 859 ripam
1432 789 1513 844 l'araa
1547 789 1645 853 situm,
1679 796 1709 843 et
1741 795 1831 842 totam

73 881 231 939 nobilitatis
257 880 313 945 vir,
342 887 369 934 et
389 879 548 935 secundum
575 878 663 949 hujus
687 877 784 933 saculi
817 877 922 933 tastum
974 891 1082 950 aquam
1102 880 1137 936 de
1167 880 1273 936 tlailoto
1299 892 1392 949 usque
1419 878 1456 934 ad
1481 878 1597 934 Pontem
1631 876 1762 940 Harmis,
1797 875 1832 931 ad

73 984 187 1042 magnae
201 969 333 1039 potentia
354 965 431 1023 luit:
453 967 515 1036 iste,
544 972 574 1022 ut
600 966 640 1021 rei
664 965 760 1022 exitus
780 965 920 1035 probavit,
974 970 1156 1039 piscandum,
1169 969 1246 1025 dedit
1259 976 1287 1024 et
1305 968 1430 1038 hospites
1453 981 1519 1023 suos
1533 967 1639 1023 ibidem
1667 973 1830 1031 manentes,

73 1069 148 1117 nutu
161 1067 189 1115 et
210 1058 359 1114 voluntate
377 1056 426 1113 Dei
450 1057 617 1123 Jerusalem,
633 1063 661 1112 et
688 1056 855 1122 sacraloca,
874 1055 921 1111 uhi
976 1067 1123 1129 totamque
1158 1057 1333 1114 mansionem
1374 1056 1536 1123 llildelredi,
1572 1070 1638 1111 cum
1669 1057 1763 1125 pratis
1797 1053 1832 1109 ad

75 1149 212 1204 Dominus
234 1155 330 1202 noster
355 1147 437 1203 lesus
454 1145 594 1212 Christus,
620 1152 715 1212 natus,
749 1145 797 1201 uhi
826 1144 923 1201 eruci·
974 1148 1153 1206 mansionem
1192 1144 1433 1216 pertinentibus:
1462 1151 1655 1215 querquetum
1685 1141 1831 1213 hungerii,

73 1235 204 1303 dxus,et
224 1235 388 1303 sepulcrum
410 1233 438 1289 in
461 1248 520 1304 quo
541 1234 649 1304 positus
677 1233 740 1302 tuit,
767 1233 865 1289 multis
892 1234 922 1289 in
975 1244 1003 1292 et
1031 1236 1158 1292 alnetum
1188 1242 1383 1305 querquetum
1410 1233 1597 1306 adjacentem,
1623 1231 1734 1288 Nemus
1763 1230 1831 1295 lles,

74 1323 129 1380 hac
153 1324 300 1393 provincia
314 1336 411 1377 secum
438 1322 594 1377 comitatus
608 1320 678 1376 adiit
693 1337 699 1376 :
717 1321 773 1376 illis
791 1321 923 1377 videlicet
976 1323 1122 1381 Faiolum:
1152 1338 1252 1379 omnes
1279 1321 1411 1378 hrochias
1435 1321 1470 1377 ad
1491 1319 1722 1377 comburendum
1744 1324 1775 1375 et
1796 1317 1832 1375 ad

73 1411 261 1482 temporibus,
286 1411 394 1482 quihus
418 1409 516 1467 nullus
533 1410 687 1466 Christiani
717 1410 841 1466 nominis
855 1425 922 1466 eon·
977 1413 1180 1482 hospitandum
1203 1410 1351 1466 concessit.
1376 1411 1449 1465 Vasa
1474 1411 1572 1479 apium
1603 1408 1632 1464 in
1661 1407 1833 1464 nemoribus

73 1500 172 1566 lessor,
201 1499 257 1555 nisi
286 1498 397 1562 lurtim.
422 1506 484 1566 aut,
506 1506 538 1554 ut
554 1499 593 1554 ita
617 1499 722 1566 dicam,
743 1499 922 1569 tapiuacione
975 1502 1174 1570 suisreperta;
1203 1508 1230 1555 et
1252 1500 1326 1554 duas
1349 1506 1444 1568 partes
1462 1497 1579 1553 decimae
1607 1496 1641 1552 de
1657 1496 1832 1560 llarmis3et

72 1595 187 1659 propter
222 1587 419 1644 obsistentium
460 1600 638 1658 paganorum
678 1586 820 1654 timorem,
853 1585 922 1641 illuc
976 1590 1049 1645 duas
1078 1590 1113 1645 de
1153 1587 1291 1644 &reuciis
1322 1595 1350 1643 et
1376 1588 1410 1643 de
1453 1585 1665 1653 hledianavilla,
1698 1585 1833 1641 similiter

72 1690 190 1748 pergere
220 1689 310 1732 ausus
340 1683 416 1745 erat3
443 1675 493 1746 qui
519 1675 610 1731 multa
638 1683 696 1730 tam
727 1689 778 1744 per
804 1648 1050 1742 terra1n‚⁸duas
1074 1685 1168 1747 partes
1195 1677 1322 1744 decimae,
1347 1684 1374 1732 et
1396 1675 1540 1732 culturam
1570 1677 1672 1740 Creue,
1697 1675 1833 1730 clausum

73 1778 162 1835 qnam
192 1777 350 1834 permane,
375 1777 478 1833 passus
499 1763 635 1832 pericula,
662 1762 848 1820 adultimum
870 1777 922 1819 suo
977 1781 1094 1838 quoquo
1141 1764 1341 1828 monasterioli,
1384 1765 1463 1834 quod
1493 1765 1666 1834 aquodam
1706 1764 1833 1827 homine,

73 1852 352 1923 pociusciniaco,
377 1851 505 1922 satisque
532 1851 679 1907 humiliter
705 1852 922 1919 odoratorum
978 1857 1091 1913 citrino
1122 1855 1247 1922 nomine,
1265 1861 1371 1924 septem
1398 1853 1477 1909 ttorts
1500 1853 1683 1909 ueivaoensts
1708 1861 1832 1908 monia

72 1940 134 1997 suis
148 1941 284 1997 omnihus
297 1941 325 1995 in
340 1939 460 1995 Galliam
483 1939 639 2009 repedavit.
654 1940 808 1996 'trausacto
826 1948 922 1996 auteur
976 1952 1003 2000 et
1024 1959 1081 2001 unu
1095 1944 1190 1998 modio
1203 1943 1339 1999 humenti
1354 1942 1421 1997 emit
1430 1957 1438 2010 ;
1452 1942 1545 2012 ipsum
1569 1955 1636 1996 vero
1661 1939 1831 1996 Gilduinum

72 2042 130 2085 non
161 2029 246 2100 longo
274 2036 409 2098 tempore,
437 2028 527 2098 pietas
552 2028 707 2084 conditoris
739 2028 838 2096 nostri,
871 2027 921 2097 qui
977 2031 1300 2103 usqueadbnemvitae
1320 2045 1380 2087 suae
1403 2029 1534 2085 monachi
1554 2030 1659 2085 vestitu
1686 2036 1715 2085 et
1735 2029 1833 2099 quoti-

74 2130 211 2172 oomnes
239 2117 302 2173 vult
323 2116 418 2173 salvos
448 2115 519 2183 lieri,
546 2124 574 2173 et
607 2117 642 2172 ad
669 2117 845 2189 agnitionem
878 2116 922 2173 sui
977 2121 1063 2177 diano
1085 2122 1164 2177 victu
1188 2127 1432 2176 sustentaverunt.
1453 2118 1534 2174 [ledit
1560 2118 1646 2173 etiam
1671 2119 1831 2187 quamdam

72 2205 200 2263 nominis
215 2205 313 2261 venire
329 2204 360 2272 (1
383 2204 455 2260 Tim.
478 2220 507 2273 ιι,
524 2204 589 2275 l),»
615 2205 691 2261 misit
719 2207 746 2261 in
776 2219 825 2261 cor
849 2207 923 2276 ejus,
978 2210 1167 2277 mansionem,
1183 2223 1272 2280 quam
1294 2216 1409 2265 centurn
1433 2207 1531 2263 solidis
1558 2206 1744 2262 Belvacensis
1773 2221 1831 2261 mo-

71 2301 218 2365 quatenus
252 2294 282 2350 in
315 2294 451 2349 honorem
476 2294 567 2349 sancti
599 2293 723 2363 sepulcri
743 2294 777 2349 de
800 2294 924 2365 propriis
978 2304 1050 2355 netae
1070 2299 1138 2354 emit
1157 2298 1193 2354 ab
1219 2297 1363 2354 {lemeliuo
1384 2297 1418 2353 de
1443 2305 1541 2352 sancto
1566 2295 1705 2359 Lucieno,
1728 2309 1832 2359 conoe-

73 2382 260 2440 facultatibus
283 2381 432 2439 ecclesiam
462 2390 595 2449 strueret,
624 2382 838 2453 ffl0¹1²⁰h⁰³tlue
867 2382 924 2438 lbi·
977 2388 1062 2443 deute
1077 2388 1157 2443 l’etro
1182 2387 1273 2442 sancti
1295 2386 1413 2442 Luciani
1442 2384 1554 2449 abbate,
1578 2385 1613 2440 de
1635 2384 1831 2450 Consenlrsco,

72 2470 135 2527 dem
162 2472 198 2527 ad
227 2471 276 2526 liei
306 2470 457 2528 servitium
485 2471 530 2526 die
552 2478 699 2542 noctuque
726 2472 922 2543 peragendum
976 2483 1005 2532 ot
1029 2475 1092 2530 aliis
1114 2475 1250 2531 omnibus
1282 2473 1430 2530 monachis
1448 2473 1679 2530 concedentibus.
1709 2473 1752 2529 De
1776 2485 1834 2543 qua

71 2559 265 2616 constitueret.
294 2558 450 2615 Consilium
478 2573 552 2627 vero,
577 2559 813 2631 voluntatemque
836 2560 925 2632 huius
978 2577 1008 2620 re
1023 2563 1161 2619 dominus
1182 2562 1369 2619 liansoelinus
1396 2562 1492 2618 abbati
1513 2561 1547 2617 de
1573 2569 1673 2618 sancto
1703 2561 1833 2617 Luciano

71 2648 220 2716 rei,uxori
241 2662 301 2704 suae
323 2656 351 2705 et
375 2648 440 2703 liliis
463 2647 524 2703 suis
548 2661 682 2703 necnon
704 2655 731 2704 et
758 2647 924 2706 hominibus
978 2651 1138 2708 hominium
1167 2651 1240 2708 lecit.
1273 2651 1370 2707 Abbas
1393 2664 1462 2708 vero
1494 2650 1530 2706 ad
1556 2657 1752 2722 augmentum
1775 2651 1835 2708 tisct

71 2735 194 2807 propriis
230 2736 371 2805 aperiens,
398 2749 497 2790 omnes
526 2748 586 2791 una
619 2749 687 2792 voce
719 2734 924 2807 laudaverunt,
978 2756 1071 2799 unum
1088 2742 1200 2797 dentem
1215 2740 1307 2796 sancti
1318 2739 1437 2797 Luciaui
1451 2741 1476 2796 ei
1487 2739 1574 2795 dedit.

71 2824 188 2894 unoque
201 2823 261 2880 iore
277 2832 392 2894 gratum
409 2823 494 2879 simul
511 2823 740 2881 affirmaverunt.

76 2938 79 2944 ν
110 2912 205 2968 «Post
221 2913 282 2968 haec
305 2912 444 2968 domnum
467 2913 628 2969 Garnerum
658 2913 852 2970 Flaviacensis
868 2929 924 2970 cte-

72 3001 152 3058 nobil
182 3001 315 3057 abbatem
355 3000 445 3070 petiit,
482 3008 511 3057 et
539 3008 571 3057 ut
598 3002 755 3058 monachos
793 3003 829 3058 ad
866 3002 923 3059 tale

72 3089 218 3161 negotium
247 3089 442 3159 peragendum
468 3088 570 3160 dignos
604 3103 699 3146 secum
730 3091 923 3148 transmittere

72 3177 254 3249 dignaretur,
280 3177 449 3233 humillimis
461 3177 595 3248 precibus
608 3179 748 3245 exoravit,
775 3179 824 3235 tali
845 3180 922 3235 sciti-

71 3273 115 3323 eet
147 3266 267 3332 ratione,
290 3273 322 3322 ut
347 3266 476 3332 ecclesia,
511 3280 601 3337 quarn
623 3266 766 3323 aedificare
797 3267 922 3337 volebat,

72 3355 207 3412 omnihus
238 3355 340 3412 diebus
370 3354 548 3410 Flaviacensi
580 3354 704 3412 ecclesiae
732 3354 831 3413 luisset
851 3357 922 3413 suh-

69 3439 155 3512 jecta,
169 3449 197 3498 et
212 3448 244 3498 ut
268 3441 327 3510 ipse
348 3440 449 3509 abbas,
467 3441 571 3512 suique
599 3455 803 3511 succcessores,
821 3457 924 3498 mona·

72 3527 141 3585 chos
163 3543 237 3601 quos
262 3528 369 3585 vellent
403 3529 637 3596 transmitterent,
667 3537 695 3586 et
722 3544 795 3601 quos
819 3530 925 3587 vellent

71 3617 250 3674 reducerent.
264 3616 318 3684 Qui
343 3616 528 3673 libentissime
554 3616 631 3687 quod
656 3623 753 3674 tantus
774 3618 922 3686 exorabat,

72 3706 238 3762 nouaclum
261 3706 409 3772 concessit,
429 3713 471 3761 set
495 3713 527 3762 ut
553 3713 610 3761 tam
635 3715 753 3762 sauctus
778 3707 925 3778 perliceret

59 3806 125 3851 ,sua
139 3802 238 3850 sancta
263 3793 462 3851 exhortatione
477 3793 636 3850 admonuit.
666 3794 747 3850 Titne
771 3793 923 3864 incipiendi

72 3881 167 3952 operis
191 3881 265 3938 inter
286 3877 379 3937 se'dte
400 3881 564 3949 constituta,
581 3881 671 3939 abbas
693 3883 838 3940 Gamerus
857 3898 924 3940 cum

72 3969 133 4027 suis
156 3969 304 4026 monachis
323 3969 425 4036 adluit,
452 3969 636 4026 lansceliuus
648 3985 766 4042 quoque
784 3971 924 4028 nobilium

71 4058 204 4115 virorum
227 4058 350 4128 stipatus
373 4057 498 4129 agmine,
528 4058 605 4115 viros
625 4061 717 4130 operis
750 4061 925 4117 caementarii

73 4159 179 4218 guaros
203 4160 299 4202 secum
325 4146 502 4202 adducensa
518 4147 683 4204 Belvaeensi
707 4149 832 4213 civitate,
859 4164 925 4206 cum

1015 2829 1079 2885 Post
1109 2829 1169 2884 haec
1204 2827 1288 2883 talem
1321 2827 1565 2883 continuationem
1597 2826 1672 2891 iecit,
1699 2835 1733 2882 ut
1768 2827 1792 2882 si
1819 2840 1836 2882 a

944 2917 1133 3000 cellentibus
1147 2916 1207 2973 suis
1231 2929 1268 2972 ex
1294 2915 1461 2971 hominihus
1488 2915 1699 2971 monachorum
1726 2914 1835 2986 aliquis

977 3006 1135 3076 aliquando
1151 3011 1320 3074 caperetur,·
1336 3012 1386 3065 aut
1405 3005 1479 3060 sicut
1499 3018 1561 3059 mos
1581 3010 1622 3059 est
1645 3002 1834 3071 rusticorum,

977 3094 1066 3150 silvas
1079 3107 1147 3149 suas
1174 3092 1318 3158 caedendo,
1340 3100 1390 3147 aut
1413 3092 1531 3162 aliquod
1548 3091 1728 3147 torislactum
1747 3106 1833 3149 suunt

977 3181 1094 3238 clientes
1122 3182 1166 3237 sui
1201 3181 1236 3236 de
1267 3180 1382 3236 homino
1417 3181 1472 3247 illo,
1511 3180 1562 3249 qni
1590 3179 1832 3243 calumniaretur.

976 3266 1129 3322 clamorem
1157 3265 1193 3322 ad
1226 3265 1381 3321 monachos
1414 3265 1561 3331 referrent,
1583 3272 1610 3320 et
1644 3266 1783 3321 monachi
1804 3265 1832 3320 in

977 3355 1058 3411 curia
1080 3367 1133 3411 sua
1152 3352 1294 3424 justitiam
1322 3359 1460 3408 tenerent.
1498 3350 1687 3407 Confirmavit
1727 3352 1831 3420 adhuc,

978 3455 1127 3513 manuque
1144 3441 1270 3498 liliorum
1295 3454 1414 3497 suorum
1434 3439 1590 3506 roboravit,
1612 3447 1646 3497 ut
1664 3440 1688 3495 si
1715 3441 1785 3511 quis
1797 3454 1832 3496 ex

977 3530 1119 3587 militibus
1134 3531 1195 3587 suis
1216 3529 1251 3586 de
1266 3529 1332 3585 llsco
1349 3543 1403 3585 suo
1424 3528 1550 3585 ecclesiae
1565 3529 1674 3584 donare
1695 3529 1830 3595 voluerit,

978 3619 1089 3689 absque
1106 3632 1159 3675 suo
1171 3618 1256 3689 jussu
1272 3624 1299 3674 et
1323 3616 1447 3673 liliorum
1470 3631 1589 3673 suorum
1618 3616 1708 3673 donet
1727 3616 1836 3673 indille·

978 3713 1083 3774 rentur,
1109 3704 1275 3762 itascilicet
1299 3711 1332 3760 ut
1349 3702 1471 3759 militare
1498 3702 1651 3759 servitium
1684 3703 1756 3760 inde
1779 3716 1835 3760 non

978 3793 1099 3851 amittat.

1013 3880 1118 3940 Adhuc
1138 3889 1233 3939 autem
1259 3879 1451 3947 confirmavit,
1476 3878 1703 3936 concedentibus
1718 3880 1790 3942 suis,
1805 3887 1837 3937 ut

979 3970 1096 4042 qnando
1107 3970 1143 4026 ad
1165 3968 1312 4027 eeclesiam
1329 3968 1420 4038 ipsam
1437 3974 1487 4024 aut
1511 3966 1607 4024 villam
1630 3967 1671 4023 ire
1699 3969 1837 4036 voluerit,

979 4060 1051 4116 nihil
1064 4059 1092 4115 in
1117 4059 1216 4116 eadem
1240 4057 1355 4126 habeat,
1379 4057 1433 4113 nisi
1457 4055 1636 4113 solummodo
1652 4061 1835 4126 procuratio

980 4162 1045 4204 uem
1063 4148 1151 4205 unius
1168 4146 1311 4215 monachi,
1339 4145 1470 4217 nihilque
1496 4144 1614 4201 omuino
1636 4144 1693 4201 sibi
1717 4147 1837 4202 retinnit

72 4234 134 4291 suis
161 4233 226 4290 liliis
249 4234 374 4291 advenit.
401 4234 505 4292 Omnes
531 4235 609 4291 euim
638 4238 688 4307 qui
718 4245 921 4306 convenerant,
941 4237 1102 4302 Diuvilla,
1120 4251 1173 4294 nec
1191 4236 1344 4308 justitiam,
1375 4248 1428 4291 nec
1447 4233 1630 4305 sauguinem,
1658 4247 1716 4290 nec
1746 4235 1836 4291 latro·

73 4321 168 4378 locum
184 4322 219 4379 ad
235 4322 438 4380 habitationem
454 4324 662 4380 monachorum
676 4338 838 4396 congruum
865 4326 924 4383 lore

73 4410 268 4480 altirmabaut,
296 4411 558 4482 circumspicientes
572 4412 748 4469 vicinitatem
766 4427 922 4484 aquarum,

73 4499 291 4569 amplitudinem
327 4509 489 4570 pratorum,
522 4500 731 4557 abundantiam
761 4514 922 4571 nemorum,

73 4587 233 4645 ubertatem
278 4589 442 4658 vinearum,
479 4587 753 4661 multitudinemque
786 4590 924 4648 arborum

73 4675 180 4733 diversi
196 4677 308 4749 generis
321 4678 483 4735 terentium.

110 4766 271 4822 «Tandem
292 4766 401 4836 paratis
419 4765 555 4822 omnibus
576 4780 643 4837 qua
667 4769 827 4825 necessaria
848 4775 923 4824 boa

72 4861 155 4910 erant
191 4853 333 4924 lineisque
361 4869 378 4909 a
413 4854 604 4910 caementariis
623 4854 709 4926 juxta
734 4858 924 4927 quantitatem

70 4941 170 5014 jactis3
204 4946 329 4999 domnus
352 4941 525 4998 lancelinus
552 4957 619 4998 cum
647 4957 754 5016 magna
775 4945 925 5002 devotione

72 5032 102 5088 in
126 5032 233 5088 honoro
264 5039 370 5087 sanctae
395 5039 423 5088 et
454 5029 612 5087 individuae
640 5032 795 5099 trinitatis,
830 5033 924 5090 locum

72 5119 122 5177 ubi
137 5119 326 5177 tundamenta
341 5118 465 5176 basilicae
486 5119 620 5190 jacienda
634 5128 727 5189 eraut,
746 5119 821 5178 lossa
836 5122 924 5179 humo

73 5207 320 5278 primusapernit.

111 5296 274 5366 ‹Coeptum
295 5303 339 5353 est
362 5310 435 5366 opus
462 5296 537 5353 istud
570 5309 667 5354 mense
693 5297 805 5367 liartio,
830 5299 924 5356 mille-

72 5383 144 5441 simo
172 5384 361 5455 sexagesimo,
387 5384 517 5456 Philippo
544 5398 612 5455 rege
635 5369 725 5457 apud'
745 5385 851 5444 Gallias
880 5404 923 5446 re-

73 5478 190 5545 gnanto,
236 5471 376 5528 ducatum
410 5487 480 5530 vero
518 5472 785 5532 Northmanuorum
824 5482 853 5533 et
878 5489 924 5533 rc·

977 4340 1059 4397 nem3
1075 4341 1127 4383 nec
1141 4325 1250 4393 taliam,
1261 4339 1313 4380 uec
1324 4337 1444 4389 savum,
1459 4337 1512 4378 uec
1523 4320 1715 4378 torislactum.

1016 4415 1144 4472 «Sciant
1166 4422 1329 4484 presentes,
1344 4421 1372 4470 et
1401 4412 1452 4483 qui
1469 4410 1558 4468 lutari
1588 4418 1667 4478 sunt,
1694 4412 1768 4482 quia
1782 4426 1835 4483 ego

977 4504 1134 4560 Reuaudus
1160 4503 1295 4560 dominus
1327 4502 1362 4558 de
1386 4501 1448 4558 Bul.
1479 4500 1621 4571 proluude
1648 4500 1686 4557 de
1712 4501 1835 4571 peccatis

977 4591 1048 4648 meis
1089 4591 1239 4660 poenitens,
1276 4589 1418 4661 quasdam
1443 4588 1566 4659 iniustas
1596 4590 1832 4657 consuetudines,

977 4678 1097 4738 tailliam
1134 4678 1275 4747 videlicet,
1302 4685 1330 4734 et
1353 4691 1452 4734 omnes
1476 4676 1548 4732 alias
1571 4677 1776 4746 oppressiones
1808 4684 1834 4734 et

978 4767 1205 4840 procurationes,
1234 4780 1309 4838 quas
1333 4766 1361 4823 in
1384 4763 1462 4834 villa,
1492 4779 1558 4835 quae
1583 4764 1694 4821 dicitur
1720 4765 1836 4823 villaris

978 4857 1073 4914 Sancti
1090 4855 1228 4926 Sepulcri,
1254 4855 1361 4927 injuste
1389 4868 1439 4925 per
1467 4852 1577 4924 aliquot
1592 4866 1687 4909 annos
1717 4868 1835 4925 accepe-

978 4959 1051 5012 ram,
1079 4947 1191 5017 quietas
1211 4944 1317 5012 dimisi,
1335 4952 1395 5001 eta
1417 4941 1567 4999 monachis
1596 4942 1836 5001 Flaviaceusibus

978 5034 1008 5091 in
1039 5034 1138 5090 eadem
1167 5033 1237 5089 villa
1263 5031 1509 5089 commorantibus
1536 5029 1648 5086 absolvi
1676 5032 1834 5102 postulavi,

977 5123 1056 5194 quod
1070 5129 1097 5179 et
1106 5121 1229 5178 obtinui.

1015 5231 1027 5262 ι
1049 5211 1084 5267 Ει
1105 5225 1141 5267 ne
1162 5210 1216 5266 boe
1230 5217 1371 5267 statutum
1384 5207 1835 5280 meumulteriusaquocunque

978 5313 1176 5357 successorum
1191 5313 1320 5356 meorum
1348 5299 1437 5370 possit
1464 5296 1567 5354 violari
1585 5297 1709 5354 omnino
1737 5299 1835 5369 prohi-

978 5388 1058 5456 henS,
1072 5386 1158 5458 sigilli
1172 5387 1227 5443 mei
1242 5386 1428 5456 impressione
1441 5385 1565 5442 firmavi.
1584 5405 1595 5434 »

1013 5474 1168 5546 Privilogia
1193 5480 1221 5532 et
1258 5473 1367 5544 pradia
1395 5473 1545 5545 Philippus
1574 5487 1627 5530 rex
1652 5473 1834 5534 Francorum
