3818 6008
536 272 742 331 opusebtttlt
764 273 807 328 DE
827 274 1062 334 vlllclrtttntn.
1620 289 1672 342 590
1705 298 1707 305 ’

56 416 59 454 t
81 399 246 458 ianiculum
269 399 423 458 locutionis
440 402 609 475 exporrigit.
635 403 690 472 Qui
722 411 768 461 ta·
786 406 899 477 Asaepe
914 413 1066 464 moventur
1081 407 1110 463 in
1135 407 1228 477 nobis,
1248 409 1290 465 sic
1310 416 1403 466 totum
1427 410 1499 468 illud
1522 413 1669 484 negotium

56 489 211 545 nomnium
225 489 413 546 mediocritati
429 490 609 549 conformare
623 507 684 549 sese
707 507 765 549 uon
821 493 851 550 in
881 494 962 551 nullo
999 495 1177 566 patrantium
1214 496 1345 555 animum
1373 512 1572 577 carnemvec
1595 502 1669 560 bono

67 577 161 634 ardua
179 576 278 635 sibiet
297 585 443 648 montana,
466 586 500 636 ut
522 579 696 647 olimtosuo,
714 596 766 652 pro
820 580 949 652 quolibet
976 581 1081 640 affectu
1106 583 1277 653 detraheret,
1306 593 1333 642 et
1366 585 1442 646 sicut
1470 586 1501 642 in
1524 586 1669 660 gignendo

56 667 237 722 {versationis
265 667 435 723 excellentia
458 667 547 739 eligit,
577 677 604 726 et
623 670 764 727 attribuit.
820 668 901 725 nulla
934 670 1088 743 utrobique
1109 671 1307 729 dominaretur
1334 674 1437 745 passio,
1465 675 1507 732 sic
1530 675 1559 732 in
1583 685 1669 748 partu

56 753 170 811 ¹tionum
186 753 353 811 discrimina
368 755 392 813 si
406 756 588 827 contigerint,
605 757 641 813 ad
654 757 765 815 telicem
820 756 934 814 nullum
950 758 1076 816 dolorem
1092 760 1232 818 incuteret
1248 759 1359 818 ellusio.

56 843 181 900 veniunt
197 849 278 900 tanta
291 842 439 902 alacritate
455 844 646 915 triumphurn,
671 860 765 918 quan·
859 846 941 901 Unde
955 846 1098 921 originale
1116 851 1277 919 peccatum.
1302 880 1337 890 -
1359 850 1430 908 lude
1452 851 1513 923 jam
1533 852 1668 924 prolapsa

57 931 251 1002 avlrgineum
272 930 390 989 damma
404 933 511 990 excitat
532 935 566 991 de
582 934 761 1006 experientia
819 947 871 1004 per
893 948 975 991 suam
997 936 1218 994 inobedientiam
1240 938 1351 1010 origine
1372 947 1455 998 vetus
1480 940 1551 998 illud
1571 955 1669 1012 pecca-

56 1022 74 1076 b
105 1017 250 1075 allectum.
292 1020 350 1077 Etsi
385 1021 458 1077 bella
491 1021 665 1092 frequentia,
696 1037 764 1081 rara
820 1023 1151 1093 tum,aparentibusin
1176 1038 1233 1093 eos,
1250 1026 1301 1097 qui
1325 1034 1487 1085 nascuntur
1506 1043 1544 1084 ex
1563 1044 1670 1087 concu-

56 1107 86 1164 lis
102 1107 151 1164 tibi
161 1107 276 1176 damna,
289 1108 370 1165 nulla
385 1108 545 1166 murmuris
553 1110 699 1180 memoria,
712 1126 765 1171 nec
818 1109 896 1167 bitus
910 1110 1056 1181 voluptate
1071 1111 1236 1169 devolvitur
1258 1120 1290 1169 ut
1314 1127 1424 1184 semper
1444 1115 1550 1172 veteris
1569 1117 1669 1173 damni

56 1209 96 1252 tau
112 1195 141 1250 in
155 1195 312 1267 AEgyptum
328 1196 428 1254 crebro
441 1197 497 1255 sub
513 1198 607 1269 Moyse
619 1209 765 1258 reversata
819 1196 1039 1256 immensitatem
1051 1214 1088 1256 ex
1104 1201 1187 1256 novis
1201 1208 1228 1256 et
1244 1200 1420 1271 quotidianis
1433 1204 1494 1259 suis
1512 1206 1670 1275 corruptio

56 1281 125 1351 ella,
142 1284 274 1354 inquam,
295 1285 347 1340 etsi
362 1284 490 1354 assidua,
506 1284 567 1356 jaro
583 1301 639 1343 non
661 1288 763 1347 adver·
818 1285 904 1342 nibus
927 1287 1012 1343 borno
1031 1286 1202 1344 miserabilis
1225 1295 1332 1358 penset,
1354 1296 1383 1345 et
1408 1289 1537 1347 intimam
1562 1291 1667 1348 animae

56 1370 79 1427 is
102 1371 244 1440 incendia,
261 1371 308 1428 sed
334 1380 433 1429 contra
453 1386 487 1429 ea
502 1385 568 1444 qum
584 1376 765 1434 extrinsecus
818 1373 958 1431 vilitatem
974 1388 1011 1431 ex
1028 1375 1155 1444 eorporis
1174 1383 1232 1431 tani
1253 1376 1369 1431 sordida
1390 1379 1588 1446 procreatione
1608 1393 1670 1451 per·

56 1458 206 1530 irincipum
233 1460 307 1516 aeris
331 1461 420 1532 nujus
439 1461 599 1532 spiritualis
623 1467 762 1535 nequitie.
819 1462 940 1532 pendat3
955 1469 983 1518 ct
991 1463 1051 1534 jam
1067 1462 1167 1518 saitem
1180 1476 1243 1519 sero
1258 1462 1352 1529 malis,
1368 1464 1534 1535 etiamque
1548 1465 1668 1523 minima

56 1561 142 1603 tnon
164 1548 358 1618 comparando
383 1555 416 1605 ut
440 1550 562 1607 alterum
589 1551 671 1608 alteri
696 1566 765 1622 prae⁴
818 1557 911 1619 putat,
945 1549 1108 1607 voluntarie
1139 1565 1169 1606 se
1199 1550 1379 1621 pertimescat
1408 1553 1586 1624 immergere,
1602 1567 1670 1611 cum

78 1635 204 1692 duorum
229 1634 334 1692 borum
359 1636 496 1706 diximus,
521 1638 569 1695 sed
597 1647 628 1696 ut
651 1640 763 1712 aliquid
819 1638 947 1694 maxima
961 1638 1050 1695 soleat
1073 1637 1194 1695 aedilicia
1214 1639 1385 1710 permodice
1407 1642 1578 1710 quantitatis
1597 1642 1670 1698 scin-

56 1722 122 1797 ·peri
147 1723 183 1780 de
212 1731 340 1781 veterum
363 1726 450 1796 gestis
473 1726 566 1797 typice
589 1736 763 1788 attexamus.
820 1726 890 1795 tilla,
917 1727 940 1782 si
964 1727 1039 1783 male
1064 1726 1206 1796 loveetur,
1232 1741 1365 1784 exurere.
1380 1728 1490 1785 idcireo
1514 1743 1574 1787 sue
1588 1729 1671 1787 ritia·

244 1812 361 1871 CAPUT
380 1815 442 1872 Vll.
819 1823 855 1872 tae
873 1815 1040 1887 propaginis
1058 1829 1116 1871 non
1132 1816 1252 1888 ignarus
1267 1816 1359 1872 David
1368 1817 1558 1887 conqueritur
1568 1817 1598 1874 in
1614 1817 1669 1875 ini-

57 1899 110 1956 odo
121 1900 303 1974 generationi
315 1901 508 1959 intendissent
519 1902 612 1976 primi
628 1907 766 1978 parentes
819 1903 981 1973 quitatibus
999 1917 1030 1960 se
1053 1912 1223 1974 conceptum
1243 1904 1339 1975 (Pcct,
1363 1919 1389 1971 c,
1405 1904 1443 1976 7),
1465 1913 1536 1961 etse
1555 1906 1669 1978 aspergi

56 1993 225 2059 peccassent.
250 2020 285 2031 -
312 1990 365 2047 Sed
392 1992 466 2048 inter
494 1992 548 2049 ista
572 1994 676 2063 optime
697 1993 766 2050 satis
819 1991 1014 2062 illohyssopo,
1031 1993 1149 2063 quinos
1171 1992 1327 2049 humilitati
1346 2007 1407 2050 suae
1425 1991 1584 2050 informans
1599 1993 1668 2065 pol-

56 2077 162 2134 conrrlt
177 2079 322 2135 memoriae
338 2079 426 2135 creati
442 2080 575 2149 bominis,
592 2080 616 2138 si
635 2081 665 2137 in
678 2096 763 2152 para·
819 2093 935 2135 monem
959 2079 1080 2136 tumoris
1100 2079 1231 2150 expians,
1247 2093 1351 2136 sanum
1365 2094 1424 2136 enos
1444 2094 1544 2151 sapere
1559 2081 1666 2148 docuit,

56 2174 214 2235 evocasset,
236 2167 331 2237 qualis
349 2168 418 2236 vita,
441 2168 497 2224 irno
520 2184 554 2224 ex
574 2169 696 2240 conjuge
710 2169 764 2225 sibi
820 2165 954 2236 postulat,
976 2174 1004 2223 et
1027 2181 1058 2222 se
1087 2167 1174 2223 lotum
1195 2167 1366 2237 baptismate
1391 2167 1514 2238 gloriosa
1534 2182 1670 2240 presum-

56 2251 108 2308 alis
122 2251 221 2308 sutura
239 2259 311 2309 essct
331 2255 508 2325 propagatio,
528 2255 552 2311 si
575 2255 636 2311 sine
650 2263 766 2325 peccato
819 2255 915 2324 ptione
929 2260 1048 2310 testatur
1062 2268 1148 2325 super
1164 2254 1259 2311 nivem
1276 2254 1406 2325 protinus
1419 2255 1546 2312 dealbari
1568 2255 1667 2328 (ibid,

77 2339 214 2407 creditur,
245 2348 272 2396 et
297 2340 359 2396 sine
383 2341 489 2397 damno
516 2343 603 2399 totius
630 2357 690 2399 succ
716 2344 764 2400 bo·
819 2343 867 2414 ιιι).
883 2343 924 2398 ud
940 2342 995 2399 hoc
1010 2343 1110 2412 primae
1124 2334 1185 2399 sum
1198 2342 1352 2400 creationis
1365 2343 1479 2400 initium
1505 2343 1595 2415 buius
1616 2360 1668 2402 uo-

56 2426 106 2497 cis,
119 2442 184 2498 qrrae
198 2427 252 2484 nisi
267 2442 317 2498 per
327 2435 474 2499 peccatum
490 2445 547 2486 nou
558 2431 667 2501 patitur
681 2431 765 2487 dam-
820 2431 886 2487 bilis
901 2431 1018 2487 virtutis
1030 2432 1187 2501 respondet
1198 2431 1327 2501 intentio,
1343 2446 1409 2504 quae
1419 2432 1489 2488 dum
1505 2433 1664 2504 majorase,

56 2522 156 2584 iturus,
177 2517 222 2572 vel
245 2517 302 2574 Deo
316 2518 464 2586 obedisset,
491 2519 515 2575 si
535 2534 591 2575 uon
611 2526 764 2590 peccasset,
818 2526 847 2575 et
871 2535 937 2590 quae
961 2519 991 2575 in
1017 2521 1149 2589 praesenti
1176 2520 1312 2591 consequi
1341 2520 1467 2590 plenarie
1496 2534 1553 2576 uon
1580 2519 1667 2588 valet,

56 2611 176 2672 aresset,
198 2612 225 2661 et
252 2605 326 2661 telici
350 2605 594 2676 tocijocondltatc
610 2607 764 2676 fruiturus,
819 2611 893 2663 m
916 2605 1101 2663 laudabiliter
1119 2607 1284 2676 aemulatur,
1304 2607 1441 2678 quiddam
1459 2608 1532 2664 inter
1555 2615 1670 2665 caetera-

56 2696 169 2749 ostiam
193 2700 221 2749 et
241 2693 303 2749 sine
325 2704 440 2764 peccato
464 2703 670 2766 generaturum
698 2710 764 2752 con·
819 2709 886 2751 rum
916 2695 1059 2752 virtutum
1088 2695 1193 2766 glorias
1217 2695 1365 2766 singulare
1400 2695 1505 2751 babere
1531 2702 1667 2752 meretur.

66 2779 93 2837 Si
109 2788 205 2838 tameo
226 2781 320 2839 dicere
341 2784 510 2852 audeamus,
527 2784 603 2854 quod
624 2782 699 2852 talis,
715 2784 765 2841 tali
819 2783 893 2839 Dum
909 2782 987 2839 euim
1001 2783 1116 2840 avidius
1130 2784 1291 2854 insequitur
1314 2783 1385 2839 illud
1410 2784 1488 2854 quod
1510 2784 1666 2853 perdidisse

67 2869 216 2927 statibus
240 2885 358 2941 quoque
384 2872 514 2942 personis
532 2873 659 2928 exerceri
679 2886 766 2943 opera
819 2871 849 2926 in
885 2871 1015 2942 patribus
1043 2886 1072 2927 se
1111 2870 1220 2939 recolit,
1261 2871 1407 2928 etiicacius
1449 2872 1557 2928 invenit
1589 2872 1668 2942 quod

56 2957 134 3015 bdsi
156 2972 212 3014 uon
234 2960 398 3030 generaturi
418 2960 447 3014 in
471 2960 529 3028 illo,
555 2959 920 3038 qualiscunquegnullus
967 2959 1140 3017 dissimiliter
1190 2974 1315 3031 querens
1365 2959 1496 3017 similiter
1546 2959 1665 3030 adipisci

56 3053 95 3115 ct,
128 3045 189 3103 loco
222 3047 370 3117 dicantur;
401 3055 429 3104 et
465 3048 519 3104 boc
550 3050 765 3120 commercium,
821 3049 918 3120 possit.

56 3133 108 3191 odo
135 3149 254 3205 prorsus
278 3141 428 3206 reputatur
450 3136 644 3204 immundum,
667 3151 685 3193 a
707 3145 765 3194 tam
855 3136 928 3194 illud
954 3136 1052 3193 itidem
1090 3135 1323 3207 contemplantur
1350 3135 1401 3208 qui
1429 3135 1497 3192 huic
1525 3135 1669 3207 proposito

56 3236 106 3280 ron
122 3223 251 3280 bendum
266 3225 418 3292 astruitur,
436 3224 535 3282 tabula
547 3240 608 3282 esse
621 3226 766 3284 videbitur
820 3225 1013 3294 adhaeserunt,
1032 3225 1110 3296 quod
1135 3225 1164 3281 in
1182 3239 1216 3282 ea
1237 3225 1361 3283 bominis
1383 3231 1473 3295 parte,
1489 3224 1536 3281 cui
1552 3223 1668 3295 proprie

56 3310 163 3368 omines
184 3311 266 3381 duos,
291 3319 324 3368 ut
342 3312 401 3377 duo
420 3312 473 3369 soli
492 3313 543 3370 toti
561 3321 645 3371 terrae
666 3328 766 3384 praecs-
821 3312 871 3368 Dei
883 3311 978 3383 imago
992 3311 1132 3382 impressa
1150 3318 1201 3379 est,
1220 3312 1369 3384 integritas
1383 3311 1517 3383 quaedam
1533 3319 1561 3368 et
1575 3324 1669 3382 ange-

56 3412 123 3469 asse,
139 3398 248 3456 trustra
261 3399 348 3456 etiarn
363 3401 403 3457 eis
413 3400 534 3456 crescite
551 3403 577 3456 et
586 3400 766 3474 multiplico·
819 3400 876 3457 lica
888 3406 986 3456 manet
999 3399 1157 3469 sinceritas,
1183 3413 1272 3470 quam
1292 3400 1358 3457 licet
1379 3412 1494 3470 corpus,
1509 3399 1588 3470 quod
1602 3413 1669 3456 cor-

55 3487 114 3544 isse.
131 3487 213 3559 (Gen.
228 3504 248 3556 1,
265 3489 320 3559 28).
820 3488 977 3558 rumpitur,
997 3495 1137 3559 aggravet
1156 3487 1237 3559 (Sep.
1265 3502 1305 3555 rx,
1331 3485 1386 3558 to),
1407 3495 1435 3544 et
1455 3495 1569 3543 terrena
1583 3487 1667 3543 inba-

56 3579 219 3642 mercesent,
235 3575 362 3650 virginee
378 3575 567 3633 nibilominus
586 3577 765 3650 pernomin-
819 3575 919 3633 bitatio
939 3575 1093 3647 deprimat,
1113 3575 1186 3631 nihil
1212 3582 1308 3632 tamen
1330 3583 1373 3632 est
1393 3575 1471 3646 quod
1485 3589 1549 3631 eam
1570 3589 1588 3631 a
1608 3587 1669 3631 cor·

74 3663 127 3722 Sed
152 3664 221 3736 quia
248 3664 322 3722 mira
346 3674 388 3723 est
406 3666 572 3723 absurditas
595 3666 623 3723 id
647 3667 765 3735 sentire,
820 3677 888 3735 pore
900 3677 953 3720 suo
968 3663 1090 3719 liberam
1109 3669 1196 3720 tentet
1212 3671 1263 3719 aut
1285 3663 1322 3718 ad
1340 3663 1410 3719 vitia
1428 3663 1525 3719 carnis
1544 3662 1666 3720 ulterius

56 3765 102 3809 tus
127 3753 195 3824 quis
220 3754 322 3810 modus
339 3755 496 3826 generandi
518 3762 601 3822 esset,
626 3755 677 3825 qui
705 3755 766 3812 sine
820 3750 955 3808 iullectat.
983 3749 1038 3807 Sed
1060 3758 1121 3807 tote
1144 3750 1312 3822 angelorum
1332 3750 1538 3807 cohabitationi
1562 3748 1667 3806 habilis

56 3841 144 3913 teragi
166 3849 268 3912 posset.
292 3842 380 3900 Nulla
400 3841 557 3900 assertione
575 3843 693 3914 indiget,
711 3842 766 3898 ho·
819 3837 929 3907 allecta,
947 3837 983 3894 ad
994 3851 1082 3895 suurn
1098 3837 1254 3908 purissima
1271 3838 1366 3895 evolat
1384 3837 1580 3909 Conditorem3
1602 3850 1667 3894 eam

56 3930 146 4002 beque
168 3930 263 3987 delicti
283 3931 415 4002 contagio
436 3931 459 3987 si
480 3939 609 3988 creatum
632 3931 764 3989 dicimus.
819 3927 898 3984 enirn
921 3938 1010 3996 quam
1032 3933 1169 3982 aeternam
1194 3926 1289 3983 Deitas
1312 3934 1340 3984 et
1370 3927 1568 3996 incorpoream
1591 3925 1667 3993 lecit,

56 4018 103 4073 nni
115 4017 200 4086 malo,
211 4031 279 4089 ergo
290 4025 317 4074 et
326 4019 422 4076 carnis
431 4019 559 4088 stimulo,
572 4019 765 4091 quoduralnm
821 4029 878 4073 uon
893 4023 934 4071 est
948 4014 1090 4071 immerito
1103 4013 1181 4085 quod
1193 4028 1257 4071 cem
1272 4027 1324 4071 sun
1343 4013 1457 4086 proprie
1481 4012 1669 4070 similitudine

55 4112 100 4162 tos
120 4105 224 4163 caruit.
249 4106 278 4162 Si
297 4106 407 4164 carnali
434 4115 515 4165 motu
539 4108 642 4174 caruit,
666 4106 766 4178 procul
821 4102 988 4175 insignitam
1018 4102 1150 4159 dixerim.
1186 4103 1252 4160 Vim
1276 4102 1365 4174 igitur
1391 4115 1452 4158 sue
1480 4100 1599 4158 rationis
1631 4100 1668 4158 ad

56 4193 79 4251 si
106 4194 194 4252 verbo
220 4194 270 4251 Dei
299 4197 450 4266 paruisset,
488 4196 662 4254 eternaliter
685 4196 766 4268 virgo
821 4192 925 4249 animae
955 4197 1089 4247 naturam
1121 4205 1201 4248 mens
1226 4205 1351 4262 qnaeque
1374 4189 1523 4248 munditiae
1556 4189 1666 4246 intenta

56 4281 153 4351 n'tuit,
167 4291 194 4340 et
209 4291 305 4340 manen
320 4285 411 4341 multo
427 4285 581 4355 plusquam
605 4284 687 4355 virgo
701 4284 764 4354 bic;
784 4262 806 4316 ⁰
821 4279 970 4347 convertit,
987 4285 1024 4346 et,
1040 4279 1110 4334 dum
1122 4278 1178 4336 sibi
1196 4279 1226 4334 in
1243 4293 1273 4334 se
1292 4279 1355 4348 ipsa
1369 4277 1518 4348 exemplar
1537 4277 1668 4349 proposi-

56 4371 115 4427 tbus
126 4373 202 4428 enirn
219 4372 309 4429 multo
324 4385 377 4429 sua
394 4374 499 4429 sudore
513 4373 646 4443 voluptas
661 4374 765 4429 restin—
821 4375 882 4426 tum
896 4367 1034 4438 agnoscit,
1047 4375 1075 4422 et
1089 4381 1118 4422 se
1132 4365 1162 4422 in
1178 4367 1301 4435 duobus,
1318 4366 1408 4424 altero
1422 4365 1540 4437 quidem
1565 4365 1666 4422 intimo

56 4459 118 4517 iulo
131 4474 225 4531 neque
240 4462 318 4531 quod
333 4468 464 4530 tentaret,
491 4475 584 4532 neque
599 4461 647 4518 cui
665 4463 765 4519 tentati
819 4463 848 4513 ct
870 4454 1106 4525 corruptibilibus
1126 4453 1275 4526 indigenti,
1299 4456 1389 4511 altero
1414 4453 1558 4525 spirituali
1578 4459 1607 4509 et
1630 4451 1667 4508 ad

56 4555 181 4617 perteret,
202 4547 305 4616 inerat,
330 4549 378 4606 sed
394 4564 500 4606 novum
521 4549 610 4619 istud,
629 4556 657 4605 et
670 4549 767 4620 singu·
819 4553 927 4602 aeterna
944 4544 1059 4600 tendere
1079 4542 1202 4611 debenti,
1218 4551 1350 4600 constare
1373 4542 1504 4609 attendit,
1528 4547 1621 4596 totum
1636 4553 1666 4596 se

56 4649 108 4692 um
124 4635 266 4707 virginem
281 4636 388 4693 scilicet
404 4636 496 4693 Adam
511 4651 659 4709 generare,
676 4636 765 4709 virgi·
820 4632 931 4689 meliori
954 4631 1030 4703 parti
1050 4630 1169 4699 contert,
1195 4639 1224 4688 et
1242 4632 1278 4687 ad
1305 4644 1369 4687 eam
1391 4629 1438 4686 cui
1457 4627 1550 4699 magis
1575 4626 1668 4697 gloria

55 4723 118 4780 licet
141 4722 239 4780 liram'
260 4738 369 4796 parere.
398 4726 479 4783 Unde
505 4733 533 4783 et
554 4726 624 4782 illud
649 4727 766 4783 beatum
819 4718 1099 4792 incorruptibilitatis
1133 4719 1264 4789 pertinet,
1302 4731 1391 4790 qoam
1421 4716 1503 4773 nulle
1539 4713 1667 4785 corporei

56 4825 66 4868 e
87 4826 201 4868 omnem
226 4812 375 4869 hominum
406 4828 471 4884 quae
494 4828 573 4870 nunc
592 4828 653 4871 esse
679 4814 766 4885 possit
820 4809 920 4867 lluxus
934 4807 1075 4880 fragilitas
1088 4806 1207 4877 obsidet,
1224 4806 1378 4877 imperium
1394 4805 1440 4862 sui
1457 4803 1546 4862 totius
1560 4803 1667 4874 optime

56 4899 127 4956 inem
141 4900 210 4957 telix
223 4900 362 4957 saeculum
379 4900 486 4969 luisset,
507 4904 532 4958 si
551 4894 661 4970 luisset,
682 4901 766 4973 quasi
820 4897 1006 4956 discernendo
1036 4899 1180 4953 transtert.
1207 4895 1312 4951 Anima
1343 4908 1444 4963 nempe
1480 4891 1536 4949 nisi
1569 4889 1666 4948 carnis

56 4987 149 5056 oluit,
166 4989 243 5059 quod
260 4988 288 5044 in
311 4989 372 5059 ipso
395 5004 447 5046 suo
468 4990 607 5060 principio
625 5005 690 5047 cum
706 5005 767 5048 esse
820 4987 937 5045 moltitie
966 4985 1120 5053 laberetur,
1151 4992 1179 5040 ct
1210 4991 1294 5040 extra
1319 4996 1425 5053 corpus
1461 4993 1574 5052 semper
1606 4993 1668 5037 esse

77 5089 139 5132 esse
161 5077 310 5133 destiterit.
334 5077 449 5135 Certum
477 5092 545 5134 sane
570 5079 695 5136 babetur
719 5079 767 5135 illa
819 5075 926 5143 liceret,
942 5073 972 5130 in
988 5088 1047 5145 quo
1061 5073 1097 5129 ab
1121 5071 1232 5143 angelis
1246 5070 1385 5128 distaret?
1406 5067 1481 5133 Quid
1498 5081 1533 5124 ea
1554 5066 1665 5138 parius,

56 5178 144 5234 ,queo
159 5165 315 5235 generandi
335 5166 450 5236 explent
471 5166 574 5235 otllcia,
594 5168 655 5223 sine
677 5182 767 5238 pravo
821 5163 892 5236 quid
916 5162 1058 5234 integrius
1080 5167 1152 5217 esset
1175 5159 1335 5216 secuudum
1359 5157 1512 5228 quemdam
1545 5155 1664 5212 modum

57 5265 95 5308 on
111 5252 202 5308 solere
222 5252 342 5322 moveri,
358 5260 510 5324 motusque
527 5255 598 5322 tuos,
622 5269 694 5326 quos
706 5256 766 5326 jam
821 5265 879 5308 non
902 5251 994 5308 video.
1009 5250 1051 5306 ud
1072 5248 1127 5305 hoc
1149 5262 1218 5320 ergo
1239 5261 1325 5303 suum
1341 5243 1527 5314 corruptibile
1542 5243 1667 5315 quisque

74 5338 230 5408 naturales,
261 5339 324 5397 sine
356 5349 471 5411 peccato
497 5355 555 5397 non
584 5355 666 5413 posse
695 5341 765 5411 fieri,
821 5339 887 5412 pius
902 5339 1031 5405 inclinat,
1049 5344 1081 5394 nt
1096 5336 1180 5407 quasi
1196 5335 1263 5392 duci
1278 5332 1479 5405 perspicaciori
1505 5331 1667 5402 meliusque

56 5440 104 5485 um
119 5426 160 5483 sic
174 5439 208 5483 ac
223 5426 305 5484 nobis
318 5434 387 5484 tunc
401 5427 534 5498 :alienum
548 5428 630 5497 toret,
646 5435 679 5486 nt
692 5430 769 5487 sicut
821 5436 935 5486 sensato
950 5424 1168 5494 incorruptibili·
1177 5437 1241 5491 suo,
1256 5423 1364 5479 honest
1380 5419 1495 5491 spiritui
1509 5418 1668 5491 regendum

67 5528 183 5584 manus,
203 5529 254 5572 seu
276 5514 468 5587 aliiquilibet
490 5523 581 5585 artus,
601 5516 768 5574 innocenter
820 5515 964 5586 subjiciat.
992 5515 1077 5570 ltcota
1104 5509 1452 5583 itaque¹considerationc
1473 5509 1508 5566 nd
1534 5504 1669 5563 inuitatio-
