3794 6008
110 213 163 268 tea
561 212 592 266 li.
612 210 778 268 ebionem
797 210 941 269 abbatis
958 210 988 268 S.
1010 212 1130 269 itanum
1150 211 1197 268 ott
1216 210 1415 270 novissimo
1804 214 1853 267 tto

103 342 194 414 igitur
208 341 416 413 regrediantur
431 340 459 395 in
484 341 595 397 urbem.
622 338 734 406 Quibus
756 340 872 413 agmine
890 340 951 412 gio·
970 346 1038 399 ttse
1057 341 1167 399 diutins
1190 347 1336 411 stupentes
1360 338 1645 408 haeserunt,salntem
1668 340 1705 398 ad
1721 340 1854 399 ultimum

105 439 215 488 merato
229 430 371 501 fugaciter
386 436 498 498 portam
525 428 710 494 intrantibus,
731 428 802 485 adeo
827 428 881 485 tuit
897 443 952 484 au·
1008 433 1035 486 in
1050 431 1120 502 tuga
1135 437 1281 501 ponentes,

105 527 209 590 gustus
234 517 369 574 introitus
384 524 417 572 nt
442 515 578 586 pluribus
596 516 736 573 accideret
765 517 886 585 lethalis,
915 530 952 573 ex
1005 518 1175 576 Conscensis
1188 519 1300 575 ratibus
1314 519 1457 589 petierunt
1469 518 1594 588 equoris
1610 518 1677 574 alta.

104 614 208 663 mutua
234 605 454 675 compressione,
493 603 629 660 detectus.
659 603 765 671 Quinta
791 613 853 662 crat
881 611 952 661 tnnc
1040 608 1098 664 Nec
1125 621 1214 674 mora,
1248 607 1304 662 illis
1332 606 1483 662 volumina
1515 607 1629 663 marina
1658 604 1851 673 sulcantibus,

104 693 221 760 leria,et
242 692 362 762 quidam
387 700 470 749 extra
489 691 570 748 urbis
597 692 805 762 preliabantur
817 700 949 762 portam;
1006 694 1091 751 Turci
1105 694 1221 751 adsunt.
1237 693 1313 761 Qum
1333 693 1436 749 ibidem
1459 692 1603 760 invenere,
1624 693 1780 762 perimunt,
1797 706 1855 748 na-

103 781 225 852 aiiquos,
242 779 414 837 intrinsecus
428 780 567 836 adversus
579 781 737 850 oppidanos
751 780 949 852 confligentes
1007 797 1153 853 resonas
1178 784 1206 837 in
1239 784 1299 852 ipso
1324 783 1373 835 siti
1401 781 1475 837 rado
1498 795 1639 851 reperere,
1664 782 1852 848 comburunt,

103 875 197 926 totam
209 867 336 925 constitit
349 868 379 923 in
395 868 501 938 pretiis
526 868 721 934 continuasse,
739 868 830 924 donec
850 881 953 938 vespe·
1004 873 1126 927 exuvias
1153 870 1268 927 iliorum
1295 884 1369 940 quos
1393 883 1544 936 enecuere,
1573 868 1725 938 diripiunt.
1751 870 1851 936 Porro,

104 962 238 1022 rasceret,
249 954 334 1011 diem.
1006 966 1156 1030 postquam
1180 959 1219 1014 ilii
1234 959 1398 1030 degeneres,
1414 965 1442 1013 et
1456 956 1573 1026 superni
1587 956 1748 1028 juvaminis
1776 957 1858 1013 reln-

441 1077 556 1134 CAPUp
575 1078 621 1134 111¹
1007 1061 1060 1119 gae,
1085 1061 1135 1117 per
1156 1046 1369 1111 obscenissima,
1392 1052 1424 1101 nt
1448 1046 1553 1109 terunt,
1579 1045 1640 1101 loca
1665 1053 1853 1112 recesserant,

1008 1135 1116 1191 residui
1145 1135 1195 1205 qui
1224 1147 1408 1204 perseverare
1442 1132 1617 1203 delegerant,
1647 1133 1707 1202 jam
1738 1132 1860 1188 tolerare

143 1216 243 1290 [xlvi
268 1220 292 1273 n
315 1216 488 1274 Christiania
511 1217 614 1271 timore
625 1215 777 1288 perterriti
800 1216 956 1291 aufugiunt
1009 1223 1124 1279 hostilia
1138 1222 1268 1279 sinenllo
1284 1221 1435 1278 interstitio
1450 1235 1532 1277 arma
1546 1221 1715 1290 nequibant.
1742 1220 1859 1277 llurnm

106 1304 251 1362 nonnulli.
267 1304 370 1361 -Sed
386 1306 456 1375 onia
474 1305 617 1372 christus,
633 1304 685 1376 qui
700 1305 955 1375 qnondametiam
1008 1325 1077 1383 ergo
1103 1313 1177 1367 inter
1201 1323 1231 1365 se
1254 1311 1406 1379 hostesque
1431 1315 1613 1375 construunt,
1639 1322 1736 1378 onem,
1764 1307 1860 1365 conti-

106 1407 189 1450 nnnc
202 1407 276 1464 quos
289 1393 414 1464 elegerat
438 1395 528 1460 novit,
543 1406 577 1449 ea
592 1402 674 1449 nocte
697 1393 827 1463 qnidam,
845 1395 908 1465 qni,
924 1402 956 1451 nt
1010 1400 1107 1454 nuatis
1119 1398 1261 1463 excubiis,
1278 1405 1362 1453 nocte
1378 1397 1482 1467 dieque
1497 1397 1674 1454 custodiunt.
1691 1396 1733 1452 tbi
1746 1403 1859 1452 nostro-

109 1479 268 1547 redicam,
285 1479 723 1550 neeornngenerenoneranr,
750 1494 888 1551 mannos
906 1495 956 1537 sa·
1009 1501 1076 1543 runt
1106 1487 1254 1556 oppressu
1287 1485 1358 1541 aneo
1390 1484 1554 1541 nmranna
1591 1484 1743 1540 suboritur
1767 1489 1803 1539 ut
1824 1483 1859 1537 aa

108 1568 154 1625 lus
180 1568 210 1623 in
237 1567 324 1623 lsrael
354 1566 474 1636 veniret,
499 1568 569 1624 dnm
592 1581 622 1624 se
650 1569 955 1626 Turmrumexercrtn
985 1574 1130 1671 ¹³inlames
1149 1573 1238 1638 cibos,
1253 1586 1395 1643 equorum
1420 1575 1628 1642 asinorumque
1642 1584 1756 1637 carnes,
1779 1583 1860 1626 com-

109 1653 308 1721 ambiri,dnm
1011 1662 1197 1734 pellerentur.

1046 1749 1152 1822 [ltili]
1185 1749 1240 1803 Per
1263 1746 1356 1802 meum
1380 1746 1510 1802 caretas
1531 1747 1697 1818 presbytero
1721 1744 1860 1818 apparuit

1010 1836 1188 1908 &sentitque
1214 1833 1391 1890 Christiania
1401 1835 1472 1904 fore
1491 1840 1605 1905 presto.
1625 1864 1660 1874 —
1682 1834 1796 1890 luterea
1816 1833 1860 1889 dic

1011 1926 1149 1998 quadam,
1168 1923 1347 1994 principibus
1365 1922 1511 1979 exercitus
1534 1929 1601 1978 ante
1629 1930 1759 1978 castrum
1783 1920 1860 1992 qnod

1011 2016 1088 2071 intra
1109 2013 1211 2069 urbem
1233 2012 1418 2068 obsidebatur
1446 2010 1555 2080 positis,
1579 2018 1606 2066 et
1625 2023 1675 2079 pro
1695 2008 1860 2066 omnimoda

1012 2115 1101 2173 qnam
1115 2100 1299 2170 patiebantur
1310 2097 1424 2154 miseria
1436 2099 1532 2154 animo
1542 2096 1719 2153 atrocissime
1733 2102 1859 2152 conster-

1012 2186 1097 2254 natis,
1119 2200 1185 2243 ecce
1204 2187 1323 2257 quidam
1349 2186 1496 2256 presbyter
1522 2186 1612 2241 astitit
1635 2196 1732 2240 coram
1758 2185 1811 2251 eis,
1833 2190 1860 2238 et

1013 2273 1052 2329 ait
1077 2289 1083 2328 :
1109 2293 1124 2325 ι
1153 2274 1270 2330 Patroni
1297 2283 1325 2330 et
1351 2273 1487 2341 seniores,
1516 2272 1656 2329 visionem
1683 2271 1860 2328 excellentie

1013 2370 1115 2418 vestre
1140 2362 1240 2429 refero,
1266 2377 1332 2433 ιιι
1347 2361 1532 2418 consolationi
1551 2368 1664 2428 vestre,
1678 2359 1702 2415 si
1720 2360 1747 2416 ei
1767 2359 1860 2417 cradi-

958 2488 960 2493 ·
1013 2450 1122 2519 deritis,
1151 2450 1288 2520 proderit,
1313 2457 1346 2506 ut
1367 2464 1460 2520 spero.
1485 2453 1556 2507 cnm
1579 2450 1609 2504 in
1628 2447 1747 2504 ecclesia
1771 2448 1861 2504 Beate

1014 2538 1062 2594 liei
1087 2539 1236 2594 Genitricis
1263 2538 1391 2608 quadam
1418 2544 1499 2593 nocta
1527 2536 1692 2604 dormirem,
1723 2535 1862 2591 Dominus

1013 2627 1093 2682 lesus
1117 2626 1258 2692 Christus,
1283 2640 1350 2683 cum
1373 2626 1433 2694 ipsa
1456 2624 1546 2680 Matre
1568 2623 1706 2694 piissima,
1729 2630 1759 2679 et
1778 2623 1861 2679 beato

1014 2713 1205 2783 apostolorum
1217 2714 1347 2784 principe
1364 2713 1455 2780 Petro,
1479 2712 1548 2768 mibi
1571 2710 1717 2781 apparuit,
1742 2719 1771 2768 et
1789 2708 1860 2766 assi·

1014 2809 1101 2869 stens,
1129 2801 1202 2858 dixit
1226 2816 1232 2856 :
1259 2801 1356 2857 scisne
1379 2801 1430 2870 qni
1458 2799 1547 2856 sumt
1568 2798 1694 2864 Minime,
1731 2797 1861 2868 inquam.

979 2900 999 2957 c
1015 2890 1143 2956 Dixerat,
1158 2897 1185 2946 et
1204 2904 1269 2946 ecce
1284 2890 1314 2944 in
1330 2889 1389 2958 ipso
1403 2889 1505 2958 capitis
1519 2888 1582 2958 ejus
1596 2886 1704 2954 nimbo,
1721 2886 1765 2943 uti
1781 2885 1860 2952 solet,

1014 2979 1043 3034 in
1064 2978 1183 3048 picturis
1204 2977 1275 3044 lieri,
1300 2978 1394 3035 crucis
1411 2977 1519 3047 species
1533 2976 1678 3046 apparuit.
1698 2974 1862 3045 interroga·

1014 3067 1091 3124 tione
1102 3081 1171 3137 ergo
1181 3066 1284 3123 iterata
1304 3066 1460 3123 salvatoris
1475 3065 1570 3134 imago
1588 3063 1709 3133 repetiit.
1731 3061 1861 3119 Necdum

1015 3155 1087 3211 nosti
1108 3169 1194 3225 quem
1213 3153 1332 3211 videas?
1357 3153 1419 3211 Non
1446 3153 1526 3220 alias,
1550 3151 1679 3216 bomine,
1700 3149 1757 3217 aio,
1770 3157 1861 3206 -tuan

109 1795 186 1853 Bella
201 1795 308 1851 diurna
320 1794 418 1851 vident
435 1793 486 1850 vix
500 1794 591 1850 noctis
604 1793 694 1850 limite
707 1793 814 1863 claudi,

109 1885 298 1951 intremuere,
314 1883 401 1938 timor
413 1883 573 1951 penetravit
586 1890 701 1953 pectora
716 1896 825 1950 cassus,

109 1974 203 2043 Atque
218 1970 273 2028 sub
288 1971 392 2028 obtutu
411 1983 488 2026 mors
508 1969 567 2025 sola
584 1970 758 2040 paventibus
772 1977 856 2026 astat.

111 2058 255 2115 Funditus
269 2065 335 2114 ante
347 2057 426 2113 viros
437 2071 491 2114 sua
505 2057 564 2113 vita
575 2057 707 2128 pependit
722 2058 838 2138 inertes,

111 2148 173 2204 Non
184 2145 309 2218 nisijam
324 2146 432 2202 Turccs
447 2146 557 2216 trepida
572 2146 627 2203 sub
641 2154 734 2203 mente
745 2154 873 2203 tuentur.

112 2233 212 2291 Hostili
229 2241 365 2305 reputant
377 2235 437 2305 jam
454 2246 483 2290 se
494 2246 631 2290 mucrone
646 2233 733 2290 teriri.

109 2321 307 2392 Quisqnesuis
328 2321 367 2377 ibi
382 2321 544 2377 subsidium
556 2321 687 2392 desperat
702 2322 739 2378 ab
754 2322 850 2378 armis.

111 2408 224 2481 Cogitat
237 2423 306 2480 ergo
326 2409 444 2480 tagam,·
459 2409 510 2479 qui
524 2416 719 2478 contempsere
734 2410 782 2466 bei
798 2423 886 2479 spem,

109 2496 244 2569 Turpiter
256 2497 394 2553 obscenas
410 2494 524 2567 prologi
533 2495 647 2552 subiere
660 2493 780 2551 cloacas.

112 2584 226 2657 Dignus
241 2586 282 2655 eis
296 2584 351 2641 init
363 2585 469 2650 exitus,
484 2584 534 2654 qni
545 2583 600 2639 tale
615 2583 748 2640 verendis

111 2672 286 2744 Exemplum
299 2672 375 2728 dedit
392 2672 566 2744 agminibus.
581 2670 730 2740 Reptando
747 2670 863 2742 tngaces

112 2757 154 2812 Ad
165 2771 244 2813 mare
260 2759 650 2828 perveniunt,manunmqne
661 2757 960 2828 pedumquerevulsas

36 2832 44 2842 ⁸
115 2842 243 2900 Amisere
258 2851 348 2911 cums,
365 2844 458 2900 exesis
474 2842 612 2898 carnibus
623 2855 698 2910 ossa,

114 2930 268 2987 abradunt
283 2939 390 2987 cautes.
407 2930 489 2987 Pauli
504 2930 630 2987 doctoris
642 2930 678 2985 ad
696 2929 795 2996 instar,

113 3019 166 3076 Cui
182 3018 251 3091 inge
265 3033 315 3089 per
326 3032 444 3075 murum
457 3018 574 3074 dederat
585 3017 675 3074 vitare
690 3018 874 3086 Damascum,

114 3107 150 3166 ιιι
162 3106 217 3165 sibi
232 3107 389 3164 concinnas
404 3105 578 3178 insignivere
591 3104 720 3162 latrinas.

149 3244 233 3320 [xv]
250 3247 340 3303 Fuere
364 3254 461 3303 antem
478 3247 507 3302 hi
523 3247 575 3316 qui
590 3253 775 3311 recesserant,
800 3245 962 3305 Guilelmus

112 3334 232 3406 quidam
249 3346 285 3389 ex
299 3333 520 3399 Nortbmannia,
535 3332 669 3389 nobiliter
689 3332 807 3390 omnino
829 3335 960 3405 progeni-

90 3418 168 3488 'tus,
187 3433 255 3477 cum
283 3419 414 3476 albanen
444 3419 542 3486 tratre,
572 3419 623 3490 qui
649 3432 666 3474 a
689 3417 826 3488 primevo
855 3420 961 3476 mbotis

111 3508 199 3566 datus
210 3507 345 3565 clericum
370 3507 485 3576 lecerat,
513 3514 540 3564 et
566 3507 777 3576 postmoduma
792 3506 868 3564 clero
887 3521 960 3580 apo-

111 3596 212 3654 statica
234 3609 269 3653 ac
284 3598 417 3667 turpiter,
441 3594 551 3652 militiae
573 3608 681 3662 amora,
705 3595 873 3653 desciverat.
899 3597 962 3654 ltn-

111 3682 249 3754 nieipium
264 3698 382 3755 qnoque
403 3697 516 3752 eornm,
541 3697 577 3740 ex
596 3697 656 3754 qno
684 3685 959 3755 agnoorinabautnr,

110 3773 314 3843 exprimerem,
337 3771 393 3828 nisi
421 3774 535 3843 generis
553 3785 655 3828 eornm
670 3772 764 3828 amica
787 3773 856 3829 mibi
872 3774 961 3830 conti·

110 3860 220 3931 gnitate
252 3860 391 3927 devictus,
422 3859 524 3928 pudori
544 3860 674 3929 ipsorum
705 3873 822 3930 parcere
846 3859 960 3916 delinis-

111 3962 180 4005 aem.
197 3948 289 4005 Guido
301 3949 387 4005 etiam
407 3947 537 4018 quidam,
554 3947 605 4017 qui
624 3948 783 4004 Trossellns
808 3949 961 4020 cognomi-

1014 3242 1107 3299 reviso
1125 3243 1266 3309 notitiam,
1282 3243 1337 3298 nisi
1354 3243 1424 3312 qnia
1441 3242 1499 3298 tuis
1513 3239 1597 3296 modo
1613 3238 1757 3308 conspicio
1770 3237 1860 3294 cervi-

1013 3331 1097 3387 cibus
1116 3330 1265 3386 imminere
1275 3330 1369 3386 crucis
1384 3329 1518 3400 etirgiem,
1541 3328 1618 3399 quod
1632 3334 1710 3383 tuam
1728 3325 1861 3397 speciati-

1014 3426 1066 3486 ter,
1088 3431 1265 3490 quocnnque
1285 3418 1424 3490 pingitur,
1442 3416 1581 3488 insignire
1595 3414 1745 3471 consuevit
1760 3413 1862 3484 imagi·

1014 3498 1090 3565 nem.
1107 3507 1201 3574 Hand,
1217 3506 1324 3577 inquit,
1336 3519 1435 3573 erras;
1450 3505 1510 3575 ipse
1528 3519 1582 3575 ego
1600 3518 1675 3560 sum.
1696 3502 1861 3569 Confestim,

1014 3610 1072 3652 non
1088 3596 1238 3653 immemor
1252 3596 1316 3667 ejus
1329 3608 1419 3665 onam
1441 3594 1550 3664 pariter
1563 3592 1746 3662 patiebamur
1765 3604 1862 3662 angn-

1013 3684 1084 3752 stiae,
1101 3685 1223 3754 pedibus
1238 3698 1284 3740 me
1295 3683 1374 3740 illius
1388 3682 1515 3744 advolvi,
1526 3685 1555 3737 et
1566 3680 1743 3751 deprecabar
1755 3679 1864 3735 obnixe

1013 3779 1158 3842 quamnus
1181 3773 1327 3828 communi
1352 3785 1403 3842 pro
1423 3770 1477 3826 lide
1501 3768 1673 3826 certantium
1703 3763 1863 3823 calamitati

1012 3866 1203 3916 succurreret.
1226 3858 1347 3929 optime,
1366 3859 1471 3928 inquit,
1496 3870 1563 3927 quae
1578 3854 1720 3911 tolerastis
1742 3852 1862 3919 utendi,

1013 3946 1115 4003 amodo
1131 3947 1213 4002 vobis
1233 3947 1368 4017 opitulari
1388 3959 1445 4002 non
1472 3943 1614 4000 dilleram.
1637 3943 1700 3998 ileo
1722 3941 1864 3997 instinctu

111 4035 246 4104 uebatur,
274 4035 327 4105 qni
345 4042 424 4090 trans
448 4034 611 4104 medanam
640 4035 810 4105 oppidorum
834 4036 960 4093 dominio
1013 4035 1102 4105 hujus
1114 4035 1305 4105 expeditionis
1315 4043 1381 4090 vota
1394 4031 1567 4103 sumpsistis,
1580 4030 1705 4087 Nicaeam
1715 4029 1863 4087 civitatem

111 4123 297 4192 potentiaque
324 4123 513 4189 clarissimus,
539 4136 642 4193 genere
657 4136 724 4178 vero
739 4123 866 4179 Francia
891 4123 961 4180 uni·
1014 4136 1058 4177 me
1072 4128 1261 4192 expugnante
1275 4120 1407 4190 coepistis,
1421 4117 1592 4188 multiplices
1606 4116 1661 4174 snb
1676 4129 1740 4172 meo
1754 4116 1863 4173 dnmtn

110 4218 202 4262 versae
231 4206 404 4276 conspicuus
429 4206 600 4273 nabebatur,
624 4205 701 4278 lnge
727 4205 805 4263 illins
831 4207 958 4278 insignia
976 4195 1000 4250 Β
1016 4209 1313 4276 victoriasbabnistis,
1331 4216 1359 4265 et
1382 4222 1449 4265 cum
1468 4221 1519 4264 vos
1534 4207 1593 4262 buc
1607 4217 1700 4274 nsque
1714 4204 1863 4274 perduxe-

112 4294 201 4350 vexit.
216 4293 360 4350 Exstitere
380 4301 408 4350 et
432 4293 481 4350 alii
505 4292 595 4364 huius
610 4301 716 4350 sanctae
732 4294 840 4351 militiae
862 4294 959 4351 deser·
1012 4299 1077 4364 rim,
1092 4297 1319 4367 aerumnisquas
1335 4297 1363 4352 in
1383 4295 1538 4353 obsidendo
1553 4293 1655 4350 urbem
1680 4291 1863 4348 Antiochiam

111 4387 197 4450 tores,
222 4381 273 4451 qui
296 4395 365 4438 cum
393 4381 423 4437 in
453 4381 576 4453 patriam
605 4382 786 4452 repedassent
802 4383 906 4453 probro
931 4390 960 4439 et
1013 4386 1088 4456 passi
1099 4386 1166 4442 estis
1181 4384 1301 4447 indolui,
1315 4398 1440 4455 queque
1459 4383 1535 4438 intra
1559 4383 1660 4438 urbem
1676 4379 1863 4436 modoetiam

110 4468 298 4527 exsecrationi
314 4468 415 4536 babiti,
431 4469 542 4540 ubique
557 4470 814 4527 conclamabantur
828 4470 956 4528 intames.
1012 4473 1150 4530 toleratis.
1168 4472 1220 4529 Sed
1237 4486 1303 4530 cnm
1319 4486 1371 4528 vos
1385 4479 1425 4528 tot
1439 4469 1584 4528 beneflciis
1599 4468 1745 4538 natisque
1760 4469 1863 4524 trium·

111 4560 238 4625 Quorum
252 4557 368 4627 quidem
377 4557 490 4629 aliquos
500 4559 682 4629 ignoramus3
694 4558 958 4630 quibusdamvero,

39 4704 42 4709 ,
110 4651 327 4717 quornmm
347 4646 530 4718 inpromptu
552 4646 653 4703 notitia
675 4655 727 4715 est,
753 4647 892 4718 derogare
907 4661 957 4703 no·

112 4733 231 4792 luimus.
499 4740 503 4744 ’

1013 4562 1077 4631 pbis
1092 4561 1257 4629 extulerim,
1284 4560 1409 4631 urbique
1431 4559 1553 4615 victores
1577 4556 1756 4623 induxerim,
1779 4569 1865 4611 sanos

1013 4649 1229 4719 incolumesque
1240 4647 1431 4714 servaverim,
1452 4659 1502 4702 vos
1515 4659 1579 4702 meo
1595 4656 1715 4701 munera
1738 4643 1864 4701 abuten-

1014 4743 1064 4800 tes,
1079 4743 1187 4792 etcum
1202 4735 1373 4791 Christianis
1396 4733 1470 4790 male
1484 4733 1592 4804 egistis,
1610 4739 1637 4790 et
1658 4744 1726 4787 cum
1741 4731 1864 4801 paganis

147 4821 249 4896 [livi]
264 4824 305 4879 td
327 4832 441 4894 portam
467 4823 566 4895 itaque
586 4825 636 4895 oni
663 4823 769 4879 dicitnr
795 4822 891 4880 Sancti
913 4822 958 4880 Si·
1013 4824 1183 4881 mnlieribus
1204 4823 1357 4880 tmdissime
1370 4822 1536 4888 colaresistis,
1559 4821 1676 4878 latorem
1702 4819 1786 4876 nimii
1802 4820 1864 4875 cta·

110 4907 220 4966 meonis
233 4907 400 4976 deveniunt,
415 4917 675 4980 navesnautasoue
687 4909 845 4980 reperiunt,
861 4909 959 4966 nantis
1012 4912 1101 4969 moris
1116 4911 1145 4967 in
1160 4911 1264 4967 coelum
1277 4910 1420 4967 emisistis.

110 4997 247 5068 inquiunt
263 5012 269 5052 :
288 4996 387 5065 «Quid
403 4997 541 5054 hicvobis
555 4997 713 5068 prestolari
730 4997 875 5054 intelices‘i
893 4997 959 5054 lllos
1051 5000 1122 5055 «td
1147 5000 1209 5056 bec
1231 4999 1345 5070 pietatis
1366 4998 1543 5055 invincibilis
1566 4998 1662 5067 Virgo,
1683 5003 1713 5051 et
1741 4994 1864 5051 bomani

107 5100 206 5143 omnes
229 5087 338 5156 quibus
361 5085 498 5143 victualia
521 5087 680 5142 convehere
707 5084 852 5152 solebatis,
870 5085 957 5141 morti
1012 5089 1127 5160 generis
1139 5087 1230 5144 llaria
1247 5087 1283 5143 ad
1306 5088 1396 5143 ileum
1423 5101 1536 5157 semper
1563 5087 1713 5154 interpres,
1729 5090 1758 5139 et
1773 5083 1864 5139 clavi·

110 5174 248 5231 noveritis
267 5174 442 5244 destinatos;
470 5174 570 5231 urbem
604 5173 681 5230 enim
715 5174 849 5244 ipsosque
882 5173 959 5230 intra
1011 5190 1062 5246 ger
1096 5176 1237 5232 aethereus
1268 5175 1511 5231 antiochenorum
1534 5173 1673 5253 ‚spectatis
1708 5171 1864 5241 episcopus

111 5261 209 5318 urbem
221 5261 382 5318 'lurcorum
408 5262 518 5320 obsedit
540 5262 694 5328 exercitus,
715 5270 743 5319 et
765 5274 819 5316 nos
842 5261 958 5330 propria
1011 5265 1122 5331 Petrus,
1138 5263 1175 5319 ad
1192 5263 1314 5333 vestigia
1328 5262 1586 5320 misericordissimi
1613 5259 1727 5316 bomini
1747 5259 1862 5327 provol-

108 5350 277 5419 corporaab
293 5364 393 5408 eornm
409 5350 531 5421 pernitie
554 5349 604 5407 vix
618 5350 698 5406 nuda
717 5350 924 5420 excerpsimus.
943 5372 954 5399 ι
1012 5359 1132 5420 vnntnr,
1146 5351 1339 5422 deprecantur
1362 5358 1391 5407 et
1415 5358 1518 5421 rogant
1532 5354 1566 5406 nt
1588 5348 1692 5419 populo
1716 5346 1862 5403 laboranti

108 5435 162 5505 Qui
178 5437 265 5494 tristis
286 5438 381 5495 nuntii
402 5438 500 5510 jaculo
530 5438 676 5507 terebrati,
706 5446 858 5510 postquam
878 5438 957 5510 apud
1010 5453 1097 5496 snum
1121 5439 1268 5510 impendat
1290 5438 1434 5495 solatium.
1459 5437 1513 5495 Ubi
1538 5437 1625 5494 etiam
1641 5437 1700 5506 ipse
1720 5433 1862 5492 mirabilis
