3818 6008
26 292 34 297 .
91 244 142 298 943
533 240 562 294 V.
583 239 751 299 oblocuti
770 239 916 296 acuaris
935 240 963 296 S.
985 241 1106 296 isaim
1127 241 1170 296 DE
1190 239 1385 298 Novlcuuio
1560 300 1562 303 ,
1708 236 1712 243 ”
1791 241 1842 295 ssi

90 387 124 428 ac
139 370 226 442 regiis
249 369 347 436 curiis,
372 369 420 427 sed
446 376 475 425 et
501 370 682 440 postmodum
710 371 819 442 ubique
847 385 934 442 paro·
953 371 1111 428 Amatrem
1127 371 1239 439 babuit,
1255 380 1283 428 et
1296 372 1358 428 ideo
1370 385 1480 442 semper
1494 371 1584 443 patris
1603 370 1712 427 aiicctn
1738 373 1842 428 carnit.

89 459 221 515 chiarum
241 471 274 512 ac
300 455 409 512 sedium
435 469 485 525 per
513 469 614 512 omnes
629 457 802 524 Dominicas,
818 471 935 513 succre-
991 458 1172 529 Perpendens
1186 459 1293 515 interea
1307 458 1511 530 ingelrannus,
1528 458 1599 530 quia
1613 457 1659 515 sui
1674 456 1733 514 aevi
1748 459 1844 529 gravi-

89 555 184 603 scente
222 543 404 601 ineliabiliter
452 544 578 610 malitia,
619 543 796 601 creberrimo
829 545 935 616 passim
990 554 1075 604 tatem
1105 561 1250 618 caupones
1278 554 1306 625 et
1324 546 1480 602 macellarii
1507 546 1669 610 irriderent,
1705 546 1844 602 accersito

89 640 271 696 anathemate
308 637 490 707 pulsabatur.
523 636 652 692 Nouerca
681 644 776 693 autem
806 651 859 693 sua
887 637 936 692 illa
989 635 1109 703 Tboma,
1125 642 1267 706 pactoque
1286 648 1354 690 cum
1371 647 1404 689 eo
1429 632 1544 702 ioedere,
1570 633 1658 689 etiam
1685 646 1843 689 novercam

89 725 256 797 ingelranni
278 725 551 793 maleprcsumpta,
573 737 639 779 cum
655 724 843 780 crudeliorem
868 737 936 780 ursa
990 722 1067 785 illam
1092 722 1219 792 praebitis
1244 721 1404 778 innumeris
1428 721 1616 777 sacramentis
1640 735 1719 777 novo
1747 721 1775 777 ei
1800 720 1843 776 in·

89 815 149 872 iera
172 820 283 885 gereret
305 814 447 874 animum,
474 820 502 868 et
527 811 666 867 Tbnmam
691 813 775 883 quasi
796 810 935 868 aemulum
989 810 1236 866 sinuavitamore.
1259 808 1328 876 Quae
1344 809 1483 865 nimirum
1506 809 1620 865 sibimet
1643 823 1703 865 non
1724 810 1842 881 ignava,

89 905 143 961 sibi
167 902 276 959 videret
305 915 460 972 emergere,
477 901 684 973 ingelrannum
711 909 845 971 paternos
867 899 935 957 alie·
990 913 1046 954 non
1059 899 1143 970 parvi
1156 899 1292 973 ponderis
1306 912 1390 970 gazas
1407 898 1442 954 ad
1453 912 1487 954 eo
1502 899 1598 969 exegit
1622 912 1676 969 pro
1701 899 1844 955 innovata

88 1002 151 1050 etus
174 1004 243 1062 erga
260 1004 337 1056 eum,
362 989 517 1060 ipsumque
546 989 637 1060 patris
663 1002 767 1045 nomen
796 988 936 1060 compulit
990 1002 1068 1059 pace.

88 1080 234 1150 abjurare.
252 1076 332 1132 Unde
346 1074 470 1132 femineo
483 1075 602 1133 consilio
619 1089 686 1132 cum
715 1074 846 1145 cepisset
868 1089 935 1131 eum
1025 1077 1172 1134 Exhausto
1187 1077 1313 1149 denique
1326 1077 1451 1133 Tbomas
1467 1076 1590 1146 plurimo
1607 1090 1697 1147 quem
1718 1075 1845 1133 babebat

88 1181 173 1222 astte
183 1165 251 1236 jure
272 1176 377 1230 arcere,
394 1170 422 1218 et
437 1170 555 1233 apertus
569 1163 596 1218 ei
619 1163 708 1219 bostis
728 1163 851 1219 existere
875 1177 936 1219 coe-
990 1163 1116 1220 thesauri
1132 1164 1257 1232 cumulo,
1272 1178 1354 1234 opem
1365 1178 1483 1235 qunque
1496 1163 1671 1235 ingelranno
1687 1164 1845 1234 spopondit

87 1255 139 1326 pit,
151 1260 182 1309 ut
201 1251 302 1309 comici
314 1249 410 1307 verbis
424 1258 499 1318 utar,
520 1250 555 1307 de
569 1250 656 1306 stulto
681 1250 815 1307 insanum
832 1251 933 1308 iacere.
989 1259 1089 1307 contra
1112 1251 1278 1321 burgenses,
1304 1251 1413 1320 quibos
1434 1265 1500 1307 cum
1523 1250 1707 1307 vicedomino
1726 1251 1843 1308 adnite-

88 1345 120 1399 in
137 1347 250 1398 tantum
265 1352 333 1409 ergo
349 1338 477 1394 iurarem
487 1351 567 1394 mans
581 1336 720 1407 paulatim
732 1336 817 1392 malls
833 1336 861 1392 in
875 1336 936 1392 dies
990 1337 1076 1393 batur
1086 1338 1246 1409 episcopus.
1273 1337 1397 1394 'l'bomas
1416 1337 1506 1409 igitur
1528 1344 1556 1393 et
1571 1336 1677 1406 Adam,
1692 1337 1747 1408 qui
1769 1339 1843 1394 turri

82 1428 247 1501 notioribus
262 1426 374 1484 imbuta
394 1425 535 1495 prorupit,
551 1434 583 1481 ut
601 1425 651 1496 ius
672 1424 774 1495 lasque
786 1430 933 1492 assereret,
989 1426 1168 1495 presidebat,
1184 1433 1334 1497 cmperunt
1352 1428 1491 1482 acerrime
1507 1426 1637 1482 insistere
1659 1425 1842 1482 vicedomino

87 1519 110 1575 si
123 1531 181 1575 nnn
195 1528 278 1574 sactu
304 1527 337 1569 ac
356 1514 461 1570 bestias
482 1513 639 1569 incedendo
660 1513 789 1569 bomines
814 1512 936 1569 aestima·
988 1518 1077 1585 atque
1089 1514 1292 1586 burgensibus.
1314 1516 1350 1571 Et
1367 1514 1594 1585 quamprimum,
1617 1515 1760 1585 qnoniam
1780 1515 1840 1584 epi·

86 1613 137 1664 ret.
153 1603 232 1671 'Quia
257 1601 332 1657 enim
358 1615 376 1657 a
399 1600 570 1657 muliercula
594 1601 708 1672 injuste,
734 1608 767 1658 nt
795 1615 841 1657 res
858 1607 931 1668 erat,
953 1615 1106 1706 Bscopum
1125 1608 1154 1658 et
1175 1601 1294 1657 clericos
1312 1600 1394 1657 lactae
1409 1615 1476 1657 cum
1493 1600 1691 1672 burgensibus
1709 1600 1840 1657 lactiunis

86 1691 335 1758 exhaeredebatur,
359 1691 407 1760 jus
424 1704 441 1745 a
457 1689 549 1759 seipso
569 1696 596 1745 ct
618 1702 635 1743 a
660 1690 720 1745 sitis
747 1689 934 1760 complicibus
989 1688 1162 1760 arguebant,
1178 1703 1223 1746 res
1237 1689 1363 1759 pervasit
1380 1688 1504 1745 'ibomas
1520 1687 1657 1745 ecclesie.
1679 1689 1717 1744 iit
1737 1688 1770 1743 in
1784 1703 1839 1746 nna

87 1797 168 1856 posse
183 1778 316 1836 bacchari
336 1777 463 1834 cedibus
479 1777 645 1847 putabatur.
663 1777 838 1833 Procurabat
860 1792 933 1848 quo·
987 1777 1104 1848 quidem
1135 1776 1270 1833 villarum
1293 1778 1366 1847 ejus,
1392 1777 1557 1847 praesidium
1581 1775 1637 1832 sibi
1662 1776 1773 1844 lirmal,
1793 1789 1839 1847 per

87 1870 155 1927 tidie
175 1867 333 1925 saevissima
357 1865 406 1921 illa
430 1866 513 1921 novis
532 1878 644 1935 semper
662 1864 798 1931 consiliis,
821 1878 894 1935 quos
908 1864 935 1921 ei
988 1864 1066 1936 quod
1089 1870 1205 1920 caemras
1225 1877 1293 1921 mox
1318 1863 1457 1920 incendiis
1474 1872 1502 1921 et
1523 1863 1627 1934 praedis
1652 1865 1836 1920 exterminat.

86 1958 120 2013 ad
141 1955 362 2013 subversionem
387 1960 569 2023 proponeret,
595 1952 707 2020 bostes;
725 1951 771 2007 ille
795 1966 811 2008 e
833 1959 935 2008 contra
988 1954 1032 2009 Ex
1048 1966 1107 2009 una
1121 1965 1223 2009 carum
1240 1966 1306 2009 cum
1324 1951 1482 2007 maximam
1497 1951 1681 2021 captivorum
1697 1951 1837 2010 abdonis

86 2046 204 2102 minime
219 2042 377 2101 leriabatur
401 2039 596 2096 indesinenter
609 2046 709 2095 contra
729 2053 795 2095 eum
814 2038 934 2109 exsequi
988 2047 1030 2096 set
1044 2048 1200 2108 catervam,
1217 2039 1398 2111 multamque
1413 2040 1576 2110 pecuniam,
1602 2040 1757 2097 residuum
1780 2054 1836 2111 pro

87 2132 208 2202 praedas,
235 2128 404 2185 incendiaet
421 2133 536 2182 mortes.
553 2125 656 2180 Nostra
673 2133 757 2181 aetate
779 2140 837 2181 non
865 2124 935 2180 vidi·
988 2126 1091 2184 miscui
1115 2141 1213 2196 mnus,
1233 2137 1261 2184 et
1284 2128 1406 2184 diverse
1424 2128 1516 2184 aetatis
1538 2127 1658 2199 vulgus,
1690 2128 1835 2185 cobortetn

85 2235 151 2276 mus
166 2218 240 2275 duas
261 2218 375 2288 uspiam
391 2215 559 2270 convenisse
578 2227 724 2283 personas,
742 2228 869 2285 quorum
883 2215 933 2270 ad·
985 2225 1061 2273 certe
1075 2216 1203 2288 quasillo
1218 2216 1389 2288 coningerat
1404 2216 1560 2286 plurimam
1581 2216 1610 2273 in
1624 2215 1752 2273 ecclesia
1772 2230 1835 2272 con·

85 2306 297 2363 ministratione
308 2304 469 2360 uiderimus
484 2302 539 2359 sub
563 2316 623 2358 nna
636 2315 740 2359 causas
755 2310 794 2358 tot
805 2303 934 2359 evenisse
987 2314 1113 2363 cremata
1126 2305 1275 2362 cremavit.
1287 2306 1367 2362 iuter
1379 2305 1509 2375 captivos
1522 2312 1619 2362 autem
1633 2305 1772 2376 quidam,
1789 2303 1837 2376 qui

85 2409 129 2451 res
141 2395 242 2453 malas.
261 2395 334 2452 Nam
349 2396 373 2451 si
390 2395 445 2452 luit
459 2394 506 2451 ille
520 2395 664 2463 caminus,
689 2396 750 2452 bec
768 2395 862 2452 oleum
877 2395 933 2452 dici
987 2394 1071 2463 panis
1093 2393 1205 2449 emendi
1231 2395 1326 2466 gratia
1352 2393 1382 2449 in
1415 2394 1512 2450 villam
1547 2401 1677 2460 venerat,
1719 2396 1837 2450 eremita

85 2491 184 2552 potest,
986 2486 1089 2550 captus
1110 2489 1178 2536 ante
1199 2494 1265 2536 eum
1290 2481 1460 2539 ducebatur.
1486 2482 1556 2539 iirat
1581 2497 1649 2539 vero
1671 2483 1835 2548 imminens,

119 2571 298 2640 ialesplane
326 2569 576 2641 utrobiquelnere
593 2583 697 2637 mores,
713 2578 826 2628 uicum
845 2585 933 2628 vene·
985 2570 1124 2642 postridie
1157 2570 1274 2639 scilicet,
1309 2568 1415 2628 festum
1446 2571 1520 2628 beati
1549 2571 1677 2629 ilat-tini.
1705 2572 1837 2643 cumque

83 2661 124 2716 ris
139 2673 196 2715 non
211 2667 361 2730 parcerent
383 2657 578 2715 indifferenter
592 2659 736 2728 operibns,
752 2673 809 2716 non
836 2660 933 2716 miuus
986 2657 1119 2716 debiliter
1133 2658 1315 2717 inclamasset
1333 2660 1369 2715 ad
1384 2659 1522 2716 'ibomam
1542 2661 1627 2732 cujus
1652 2660 1838 2731 proisasionis
1876 2700 1878 2721 .

83 2756 189 2814 tamen,
206 2746 264 2803 imo
278 2744 403 2815 amplius
431 2744 531 2801 tierent
557 2759 624 2801 mox
654 2745 774 2816 praebita
785 2746 933 2804 occasione
986 2755 1069 2815 esset,
1091 2761 1151 2818 qna
1178 2761 1229 2817 pro
1256 2760 1345 2804 cansa
1370 2761 1403 2803 eo
1434 2747 1608 2814 devenisset,
1633 2753 1713 2802 5¹8
1737 2748 1838 2805 saltem

84 2833 224 2890 crudeles.
240 2832 409 2889 Sicntenim
425 2832 503 2888 baud
524 2833 592 2903 jura
610 2848 762 2905 nunqnam
790 2836 933 2893 maritalia
987 2836 1161 2906 probonore
1186 2836 1276 2892 sancti
1300 2835 1416 2892 liartiui
1439 2836 1493 2892 sibi
1517 2836 1723 2893 miseresceret
1755 2836 1839 2894 illac

84 2930 209 2990 tenuere,
227 2923 328 2978 itancc
344 2920 424 2977 illum
455 2934 522 2976 unte
545 2921 683 2993 conjuges
712 2921 749 2979 ab
770 2930 929 2980 scortorum
950 2925 1094 3001 evagina
1116 2924 1244 2996 gobione
1270 2932 1413 2995 exempto,
1442 2924 1505 2996 ejus
1534 2923 1647 2995 trajecit
1678 2931 1784 2994 pectus
1812 2931 1839 2982 et

83 3016 215 3080 poterant
237 3015 287 3065 aut
301 3017 489 3064 externarum
505 3008 637 3065 carnium
649 3008 842 3067 rivalitatibus
856 3009 932 3066 cubi·
984 3012 1105 3078 viscera,
1118 3013 1232 3083 Accipe,
1252 3012 1360 3081 dicans,
1378 3019 1494 3083 propter
1512 3022 1646 3069 sanctum
1664 3012 1835 3070 iiartinnm.

82 3099 159 3156 bere.
174 3098 248 3166 Quid
260 3097 450 3169 pluraiCum
471 3098 526 3153 ista
543 3097 625 3154 ilium
641 3112 783 3154 novarum
800 3099 931 3169 quotidie
985 3091 1139 3161 Leprosum
1162 3091 1269 3162 pariter
1292 3093 1400 3148 carceri
1422 3099 1558 3149 truserat.
1584 3090 1666 3158 Quod
1692 3092 1837 3165 elepban-

83 3199 180 3242 rerum
205 3185 401 3242 molitionibus
422 3185 583 3257 instigaret,
607 3193 634 3242 ct
650 3184 696 3242 ille
711 3185 873 3243 homicidiis
887 3186 931 3242 in·
984 3180 1121 3237 tinsorum
1147 3179 1368 3250 provincialium
1393 3186 1484 3236 coetus
1507 3178 1638 3246 audiens,
1665 3179 1780 3237 obmdit
1795 3188 1834 3250 ty-

82 3275 207 3330 sontium
223 3274 332 3330 rabiem
348 3275 493 3331 exsatiare
507 3289 565 3330 nnn
583 3283 686 3346 posset,
709 3276 737 3331 in
762 3283 876 3333 tantum
900 3285 932 3335 ut
984 3273 1069 3329 ranni
1092 3272 1174 3340 iores,
1201 3272 1439 3329 conclamabant
1465 3270 1518 3329 sibi
1539 3270 1634 3327 socius
1650 3271 1832 3330 redderetur.

82 3374 142 3416 uno
157 3360 203 3417 die
225 3361 320 3418 decem
337 3361 503 3418 bominibus
518 3361 616 3419 oculos
639 3364 757 3432 cruerit,
777 3378 852 3435 quos
879 3379 931 3421 nec
983 3362 1095 3430 Quibus
1115 3362 1174 3432 ipse
1188 3362 1382 3419 comminatus
1401 3367 1453 3428 ast,
1469 3360 1523 3416 nisi
1549 3360 1719 3418 recederent
1743 3375 1775 3419 se
1792 3361 1832 3418 vi·

81 3460 162 3503 mora
192 3447 264 3503 mori
294 3448 455 3519 contigerit,
481 3448 567 3505 tiebat
597 3450 737 3521 utrinque
766 3451 862 3507 lassati
892 3450 932 3507 ia·
983 3448 1242 3507 vosinceusurum.
1264 3450 1301 3505 Et
1323 3463 1390 3505 cum
1410 3448 1501 3505 territi
1515 3446 1710 3518 anlugissent,
1730 3449 1760 3505 in
1776 3457 1834 3506 tuto

80 3539 176 3588 cerent
188 3542 402 3592 momentaneas
416 3550 520 3607 paces:
536 3537 585 3593 sed
597 3546 660 3608 post
673 3537 826 3608 paululum
850 3537 930 3595 lemi·
985 3537 1076 3607 positi,
1092 3543 1120 3592 et
1136 3550 1173 3593 ex
1183 3536 1300 3607 regione
1319 3536 1425 3607 pariter
1442 3535 1617 3606 conglobati,
1636 3537 1731 3593 [ιθιιιιι
1750 3551 1835 3609 snper

81 3634 119 3675 na
133 3620 182 3676 illa
193 3630 289 3679 vetere
303 3623 454 3682 retricante
470 3626 596 3694 morbos,
613 3626 643 3682 in
670 3635 788 3683 mutuas
812 3641 930 3684 consur·
982 3636 1016 3680 eo
1030 3625 1058 3680 in
1074 3623 1217 3680 vindicem
1232 3624 1445 3694 compellantes,
1459 3623 1524 3695 pari
1537 3638 1605 3680 voco
1619 3622 1729 3681 latisin
1746 3625 1835 3682 altum

81 3717 181 3779 gerent
196 3710 289 3768 neces.
983 3711 1102 3768 vocibus
1127 3710 1152 3767 ei
1175 3710 1398 3767 maledixerunt.
1416 3711 1557 3782 leprosus
1578 3718 1678 3768 autem
1704 3712 1781 3769 idem
1805 3713 1834 3770 iu

115 3798 255 3855 Ambiani
263 3800 456 3872 calamitates,
466 3818 520 3874 per
528 3802 737 3874 [egelrannum
748 3803 893 3874 coanitem,
901 3807 930 3860 ei
982 3799 1086 3871 poenali
1096 3812 1211 3856 carcere
1223 3799 1298 3855 diem
1312 3798 1426 3856 clausit.

79 3885 155 3941 alios
168 3887 307 3944 aciicta.
324 3920 359 3928 —
373 3889 466 3960 igitur
479 3889 681 3946 laudunensis
699 3891 848 3960 provincia
861 3907 928 3949 cum
1018 3887 1120 3945 liulier
1147 3901 1264 3958 qunque
1281 3901 1435 3959 praegnans
1459 3888 1606 3959 ergastulo
1631 3888 1734 3947 itidem
1768 3890 1834 3947 rele

81 3971 326 4045 bissubutmque
350 3976 579 4047 malignitatibus
602 3985 783 4048 quateretur,
804 3979 834 4035 in
860 3983 928 4037 Am·
982 3983 1059 4047 gata,
1087 3975 1192 4031 ibidem
1227 3974 1343 4031 interiit.
1363 3973 1486 4043 Quidam
1514 3976 1549 4033 de
1570 3977 1697 4048 captivis
1722 3978 1833 4036 tardius

80 4059 245 4118 bianenscm
264 4063 319 4118 lieo
330 4063 430 4133 judice
444 4071 486 4120 est
509 4063 650 4121 translata
675 4065 832 4124 calamitas.
855 4065 928 4124 liam
982 4064 1173 4135 expediebant
1188 4064 1251 4130 iter,
1268 4064 1376 4135 quibus
1389 4065 1443 4122 sub
1465 4064 1539 4123 collo
1552 4079 1601 4123 eas
1616 4080 1694 4136 quas
1706 4069 1832 4125 vocitant

81 4145 141 4216 (¹¹⁰)
162 4155 224 4218 post
248 4149 394 4206 inuestem
424 4151 528 4207 excidii
550 4151 752 4209 laudunensis
779 4161 927 4211 eventum.
981 4151 1098 4209 canolas
1111 4152 1440 4223 precipiensperiorari
1468 4152 1545 4210 senis
1562 4167 1676 4223 eornm,
1693 4155 1725 4212 ni
1739 4155 1831 4225 iallcr,

78 4234 213 4292 Ambiani
236 4249 303 4308 rege
327 4236 419 4294 illecto
441 4239 571 4309 pecuniis
599 4239 690 4298 iecere
717 4242 923 4310 communiam,
944 4244 1032 4298 liant
1056 4240 1197 4311 quinque,
1228 4239 1311 4296 iones
1338 4239 1404 4296 iecit
1427 4239 1522 4308 inseri,
1553 4240 1655 4311 sicque
1671 4242 1731 4300 sub
1758 4237 1830 4300 truci

78 4322 125 4378 cui
146 4322 296 4394 episcopus
315 4323 397 4380 nulla
425 4325 455 4382 vi
474 4334 595 4384 exactus
621 4326 766 4386 debuisset
789 4338 944 4400 praestare,
979 4327 1100 4399 angaria
1121 4326 1271 4398 proticisci.
1303 4326 1357 4394 Qui
1382 4334 1445 4397 post
1468 4327 1622 4398 paululum
1646 4328 1677 4384 in
1702 4330 1830 4387 custodia

76 4406 215 4479 levorem,
240 4412 398 4481 prasertim
425 4427 490 4470 cum
510 4421 538 4471 et
560 4429 646 4471 nemo
664 4431 731 4472 eum
755 4424 880 4489 urgeret,
896 4426 925 4475 et
979 4415 1198 4473 suntdeluucti.
1219 4416 1294 4483 Quid
1318 4414 1406 4472 verba
1421 4416 1637 4486 protrabimust
1660 4417 1695 4473 ln
1721 4418 1771 4475 illo
1786 4431 1829 4474 ue·

77 4496 233 4567 coepiscopi
253 4498 299 4554 sui
318 4512 384 4554 eum
398 4500 560 4556 miserabile
578 4501 710 4569 exitium.
732 4511 760 4559 et
781 4504 924 4561 inlaustn-
983 4503 1059 4575 gotio
1072 4503 1191 4575 triginta
1210 4504 1288 4559 solus
1312 4503 1441 4559 bomines
1463 4504 1578 4574 proprio
1605 4518 1677 4562 ense
1701 4505 1826 4576 peremit.

77 4596 141 4640 rum
166 4586 274 4643 civium
295 4586 464 4659 conlligium
483 4602 542 4645 non
563 4589 675 4647 lateret.
697 4590 804 4648 Videns
826 4592 924 4664 itaque
977 4594 1013 4647 At
1037 4604 1163 4647 noverca
1187 4605 1241 4646 sna
1261 4591 1361 4646 videns
1383 4592 1471 4647 tantis
1493 4592 1637 4649 bominem
1660 4594 1828 4652 inserereae

76 4671 268 4741 ingelrannus
282 4674 365 4730 urbis
375 4689 509 4731 comesax
525 4676 723 4747 conjuratione
734 4681 922 4752 burgensium
977 4680 1121 4751 periculis,
1142 4679 1226 4736 avida
1247 4679 1405 4749 perimendi
1420 4694 1487 4737 enm
1506 4681 1625 4737 mandat
1638 4682 1824 4746 vicedomino.

75 4761 227 4816 comitatus
251 4760 306 4818 sibi
328 4761 397 4831 jura
421 4771 534 4820 vetusta
558 4766 657 4835 recidi,
690 4776 776 4838 prout
801 4778 920 4840 poterat,
977 4776 1009 4826 ut
1032 4768 1148 4824 'ibomac
1177 4767 1320 4824 subtiliter
1344 4782 1487 4824 excursus
1512 4770 1657 4827 observet.
1684 4770 1823 4840 Quicum

72 4847 133 4918 jam
149 4849 268 4905 rebelles
281 4849 371 4906 armis
390 4851 568 4922 aggreditur.
581 4853 632 4910 Cui
647 4856 731 4912 etiam
747 4871 804 4913 non
820 4857 920 4925 deluit,
976 4854 1057 4911 illum
1075 4855 1169 4910 nescio
1185 4861 1366 4925 quaeuntem
1383 4862 1466 4912 nocte
1479 4855 1608 4925 quadam
1625 4858 1824 4916 circumiudis·

75 4932 167 4990 Adam
190 4934 232 4990 sic
253 4935 329 4991 enim
351 4944 482 5005 vocatur,
503 4946 531 4995 et
559 4954 619 4996 suas
641 4942 689 4998 cui
718 4951 840 5013 praeerat
861 4943 921 5014 ipse
975 4950 1016 4999 set
1031 4941 1149 5010 insidiis,
1166 4942 1316 4999 confossus
1339 4944 1468 4999 membra
1491 4944 1668 5004 vulneribus
1684 4948 1772 5006 etiarn
1796 4948 1821 5002 in

74 5021 165 5078 turris
178 5021 331 5078 auxilium.
353 5024 378 5079 Α
403 5022 598 5097 burgensibus
618 5042 686 5100 ergo
709 5030 792 5087 urbis
811 5031 920 5102 pulsus,
976 5031 1081 5102 poplite
1109 5031 1236 5088 lanceam
1258 5031 1347 5088 bostis
1373 5031 1512 5102 pedestris
1530 5035 1651 5104 accepit.
1682 5035 1737 5101 Qui
1759 5048 1820 5093 cnm

73 5110 110 5167 ab
124 5111 197 5167 urbe
214 5111 242 5166 in
254 5119 365 5168 turrem
384 5126 413 5169 se
432 5116 563 5172 contulit.
586 5116 722 5183 Quicum
744 5119 773 5174 in
788 5120 920 5176 comitem
976 5118 1056 5185 alias,
1072 5126 1132 5176 tntu
1153 5119 1182 5174 in
1199 5119 1332 5190 geniculo
1345 5118 1498 5176 durissime
1514 5118 1609 5190 laesus,
1625 5122 1714 5181 vellet
1729 5123 1818 5190 nollet,

74 5196 225 5254 irremissis
239 5199 397 5257 assultibus
411 5210 625 5272 grassarentur,
640 5212 668 5261 et
683 5205 821 5263 Thomam
837 5207 921 5278 quasi
974 5221 992 5264 a
1008 5215 1099 5277 cmptn
1115 5207 1208 5263 desiit.

72 5284 262 5340 amantiorem
288 5300 374 5343 suum
407 5287 558 5345 dominum
583 5290 620 5346 ad
644 5293 817 5349 communiae
844 5292 921 5352 iilius
1012 5295 1146 5363 Defectus
1159 5294 1336 5352 inieraacru
1350 5293 1495 5363 saciando
1516 5295 1685 5366 infortunia
1697 5316 1818 5374 praem

71 5377 251 5426 sacramenta
263 5378 407 5441 vocantes,
433 5382 533 5430 contra
555 5384 713 5446 parentem,
730 5386 763 5434 ut
788 5388 918 5450 putatur,
974 5383 1062 5439 licat.
1087 5381 1249 5455 Episcopus
1273 5381 1482 5440 ambianensis
1509 5383 1686 5457 Godesridur
1710 5388 1817 5444 abdicat

70 5471 158 5516 suum
174 5455 265 5514 lilium
280 5459 467 5519 suscitarunt.
491 5463 714 5534 ignominiosam
737 5466 813 5524 enim
836 5469 920 5527 valde
973 5468 1164 5542 episcopatum
1181 5469 1354 5529 Cluniaciet
1367 5472 1528 5529 curtante
1551 5474 1813 5549 aliqamdieciail,
