3818 6008
126 226 177 279 sti
583 222 613 275 V.
633 220 799 276 ubtbrnrt
817 218 962 276 acuaris
981 220 1009 275 S.
1029 219 1146 275 1!thAE
1164 216 1210 274 DE
1228 215 1424 273 Novleehro
1717 253 1720 260 ·
1822 222 1871 275 dli

125 366 162 425 te,
186 356 244 415 laeti
264 357 299 414 de
323 370 376 413 sua
398 354 532 411 evasione
558 352 742 410 confessionis
764 353 822 409 Deo
849 352 972 408 hostiam
990 356 1136 423 aquante
1153 354 1241 422 litium
1256 358 1348 418 vocat,
1364 363 1432 406 cum
1453 351 1515 407 luce
1535 351 1649 408 interna
1667 353 1704 409 ad
1722 353 1767 410 sui
1786 353 1873 424 ipsius

125 446 257 502 reddant.
1025 440 1220 496 omnimodam
1240 437 1500 504 mortificationem,
1516 447 1660 509 quantum
1680 440 1715 495 ad
1735 441 1873 497 saeculum

163 534 249 591 Vnus.
271 535 315 587 26.
336 560 370 572 -
388 534 433 586 Ea
458 546 487 584 eo
512 535 629 598 tempore
653 544 737 598 usque
764 530 793 582 iu
815 532 972 598 presentem
1026 529 1188 591 seducente,
1208 528 1244 583 ad
1262 526 1514 583 intellectualitatis
1533 527 1716 594 desiderium,
1733 529 1817 599 quasi
1838 529 1872 583 ad

126 622 207 688 diem,
232 623 260 674 iu
286 622 413 675 uniuerso
437 618 778 686 terroAEqppti,roqibus
795 620 972 686 quintupors
1026 615 1119 671 [ilium
1143 616 1263 684 spiritus
1292 621 1388 669 noster
1414 614 1537 670 recurrit
1564 623 1592 670 et
1620 615 1721 671 inhiat.
1749 617 1874 672 Graiium

124 712 248 773 soluitur,
271 713 296 762 et
320 710 424 774 suctum
445 714 484 761 est
508 708 588 774 quusi
613 708 641 758 io
662 706 753 771 lepom,
775 705 876 772 ubsque
899 709 973 758 terro
1027 707 1055 759 ln
1071 711 1212 773 coiispectu
1228 703 1729 772 invenit,cumeiussuppeteresihi
1745 704 1874 760 alacrita-

123 796 297 859 aocerdotuli,
318 810 377 864 quae
398 796 483 849 libero
502 795 536 847 ub
557 795 607 847 buc
623 794 774 847 conditione
795 795 861 858 fuit.
880 793 924 847 Ex
939 807 972 847 ea
1027 800 1083 849 tem
1103 793 1197 848 sentit.
1225 792 1332 848 Ponere
1355 791 1379 846 ei
1401 806 1511 844 muttum
1533 791 1582 845 suh
1596 794 1706 858 femore,
1722 800 1764 848 est
1778 807 1875 863 opera-

123 884 229 939 divinae
263 883 483 952 dispensationis
518 882 739 951 temperatione,
771 894 830 951 qua
862 887 972 936 constat
1026 880 1097 936 tioni
1119 881 1177 935 vim
1198 880 1319 935 internae
1341 879 1478 944 veritatis,
1497 879 1530 934 de
1546 894 1605 948 qua
1627 879 1733 936 divinae
1756 881 1875 936 rationis

125 972 221 1027 adhuc
247 971 351 1027 rationi
373 971 502 1025 resistere
522 982 648 1033 carnem,
664 977 691 1024 ει
710 975 806 1023 tamen
827 968 908 1024 carni
923 982 972 1023 su·
1026 982 1122 1024 semen
1146 968 1304 1038 egreditur,
1328 967 1513 1037 subiungere.
1538 967 1677 1023 Convenit
1699 968 1776 1024 enim
1801 969 1876 1023 banc

124 1060 311 1130 putaminum,
329 1059 413 1128 quasi
434 1057 578 1128 quoddam
596 1056 701 1127 populo
716 1056 906 1112 sacerdotium
926 1069 971 1111 ra·
1025 1070 1108 1110 exeo
1129 1056 1283 1110 seminario
1299 1070 1332 1110 ac
1351 1055 1373 1108 si
1396 1069 1432 1109 ex
1455 1053 1555 1124 regula
1578 1055 1747 1124 dependere.
1770 1056 1876 1110 Femur

124 1147 238 1211 tionem,
257 1161 350 1216 usque
370 1147 440 1201 dum
465 1147 598 1201 veniatur
624 1146 650 1198 in
675 1144 767 1210 illum,
790 1145 837 1200 cui
859 1159 917 1199 non
935 1143 973 1199 el·
1026 1151 1123 1199 autem
1144 1144 1380 1214 propagationem
1404 1141 1557 1211 signillcat,
1581 1150 1609 1197 et
1631 1141 1738 1198 veritas
1756 1141 1876 1198 rationis

123 1232 219 1289 lluunt
229 1233 380 1301 praeterita,
394 1247 445 1286 nec
455 1231 555 1288 lutura
566 1231 784 1287 desuutdivime
794 1231 970 1298 aeternitatis,
1026 1238 1118 1287 tolum
1135 1231 1285 1300 secundat3
1306 1230 1372 1285 iacit
1393 1230 1608 1284 misericordium
1631 1236 1656 1283 et
1677 1235 1829 1296 ueritatem,
1846 1236 1876 1284 ut

124 1318 199 1373 diem
217 1333 224 1371 :
241 1317 346 1383 Quinta
371 1332 437 1388 pars
458 1318 574 1389 regibus
589 1317 660 1371 solvi
683 1317 776 1383 debet,
797 1318 866 1386 quia
887 1319 971 1387 quid·
1026 1334 1079 1373 nou
1102 1319 1257 1388 sepeliatur
1283 1321 1311 1371 iu
1334 1319 1471 1388 AEppplo,
1498 1318 1568 1372 dum
1591 1331 1654 1372 eam
1679 1318 1874 1373 remissionem

123 1404 194 1474 quid
213 1405 408 1460 sensualitatis
426 1406 597 1474 evagatione
617 1417 777 1473 peccamus,
794 1405 972 1461 daemonibus
1027 1414 1219 1476 peccatorum,
1236 1421 1325 1477 quam
1340 1420 1378 1462 ex
1393 1408 1449 1461 lieo
1463 1405 1623 1461 intellectus
1639 1407 1726 1461 menti
1742 1407 1872 1476 spondet,

122 1492 174 1560 qul
192 1491 261 1546 huic
276 1491 335 1546 aeri
352 1491 565 1561 principantur,
584 1505 633 1561 per
648 1505 721 1560 quos
736 1505 810 1560 saepe
826 1490 970 1560 illicimur,
1028 1495 1247 1565 perseverando,
1270 1495 1327 1550 imo
1350 1507 1535 1565 perseverare
1559 1493 1699 1560 iaciendo,
1724 1502 1801 1549 certa
1820 1495 1872 1549 sibi

122 1592 172 1647 per
193 1578 318 1634 debitam
342 1579 515 1648 poenilenilae
538 1579 757 1635 redhibitionem
782 1580 902 1635 retribui
922 1581 970 1635 de·
1026 1582 1201 1638 exhibitione
1221 1583 1350 1652 complet,
1372 1582 1442 1638 dum
1465 1583 1500 1637 ab
1524 1582 1639 1652 AEgypti
1663 1582 1823 1651 sepultura,
1846 1583 1873 1637 id

122 1674 175 1722 cet.
204 1666 308 1722 Beatus
333 1668 410 1723 enim
439 1668 489 1738 qui
519 1668 657 1723 retribuet
684 1667 724 1724 eis
752 1668 969 1724 retributionem
990 1641 1098 1727 Besta
1118 1671 1215 1726 saeculi
1231 1686 1260 1726 se
1275 1671 1423 1727 obruentis
1437 1684 1501 1726 eam
1516 1684 1587 1724 cura
1602 1677 1723 1725 amovet.
1746 1670 1873 1725 Dormire

122 1766 216 1818 suam,
241 1766 331 1822 quam
358 1753 553 1809 retribuerunt
579 1754 660 1809 nobis
687 1754 772 1823 (Psoi.
797 1768 911 1822 cxxxvi,
932 1755 968 1824 8).
1024 1759 1167 1815 vulteum
1185 1759 1323 1827 patribus,
1339 1758 1408 1828 quia
1422 1757 1874 1828 nonAEgyptiismoeroribusde·

123 1840 167 1894 Fit
182 1839 266 1910 quasi
281 1839 327 1895 lex
348 1840 401 1895 hoc
424 1843 453 1894 ia
477 1844 603 1895 uniuersa
619 1848 692 1896 terra
706 1841 837 1911 AEpppu,
853 1843 922 1898 dum
940 1843 969 1898 in
1024 1845 1120 1915 primi,
1141 1845 1189 1900 sod
1207 1846 1338 1914 exemplo
1359 1859 1469 1913 eorum,
1495 1846 1545 1915 qui
1570 1845 1718 1900 dormiunt
1741 1853 1769 1901 et
1790 1847 1872 1901 corde

122 1928 199 1983 omni
228 1935 326 1984 nostro
355 1931 467 2000 negotio
500 1931 634 1986 exteriori
663 1932 801 1986 inherere
831 1932 970 2001 jubemur
1024 1930 1156 2000 vigilant,
1174 1924 1873 1986 abextrinsecissollicitudinibusdesideratcon-

123 2015 230 2086 regulae
246 2016 301 2071 isti.
319 2016 410 2072 Potest
426 2025 522 2073 autem
537 2025 565 2073 et
587 2031 636 2088 per
650 2019 784 2088 quintam
799 2027 909 2089 partem
923 2020 970 2074 vi·
1024 2018 1120 2088 sopiri.
1138 2019 1177 2074 lie
1194 2018 1247 2074 hac
1264 2025 1341 2074 terra
1359 2016 1477 2081 auferri,
1493 2025 1520 2071 ει
1536 2017 1564 2070 in
1581 2017 1712 2086 sepulcro
1730 2019 1872 2088 majorum

122 2117 171 2158 sus
184 2104 262 2159 solus
275 2105 365 2174 accipi
381 2107 431 2174 qui
445 2106 603 2175 specialiter
617 2106 817 2176 lunestiusque
829 2107 969 2163 damnum
1023 2104 1106 2160 condi
1122 2120 1151 2161 se
1166 2105 1299 2175 postulat,
1316 2107 1385 2161 dum
1399 2118 1450 2173 per
1465 2104 1658 2175 intelligentie
1673 2107 1871 2162 excellentiam

123 2191 253 2263 inlligere
278 2193 428 2249 consuevit
453 2195 551 2250 menti.
581 2195 643 2265 lpse
665 2196 742 2250 euim
770 2195 807 2249 ab
834 2195 969 2264 apostolo
1024 2193 1144 2248 terrenis
1162 2191 1312 2248 allectibus
1334 2192 1432 2256 eximi,
1453 2200 1480 2247 et
1496 2192 1572 2247 iutra
1593 2193 1777 2249 conscientiae
1792 2202 1870 2263 septa

124 2279 321 2350 principaliter
338 2281 514 2351 exprimitur
537 2283 610 2338 inter
632 2283 686 2338 tria
707 2283 763 2349 illa,
790 2283 839 2339 ubi
860 2297 969 2338 concu-
1023 2279 1195 2334 aiorasticis
1209 2279 1373 2347 strepitibus
1389 2292 1418 2334 se
1439 2285 1542 2333 aestuat
1559 2279 1714 2333 contutari.
1730 2279 1811 2337 Unde
1826 2279 1871 2334 di-

122 2366 260 2436 pisceutia
282 2370 386 2435 carnis,
412 2371 642 2439 concupiscentia
666 2386 783 2443 quoque
807 2371 967 2436 oculorum,
1023 2367 1098 2422 citur
1113 2366 1141 2422 in
1157 2368 1207 2423 tob
1225 2383 1231 2420 :
1250 2367 1425 2434 Effodimtes,
1441 2366 1549 2435 inquit,
1565 2367 1721 2419 thesaurum
1739 2367 1868 2435 gaudem,

121 2463 149 2511 et
162 2456 299 2525 superbia
314 2457 379 2512 vitae
394 2457 566 2513 describitur
579 2459 603 2526 (l
616 2460 700 2513 ‚Ioum
719 2475 747 2526 u,
766 2457 826 2530 lb);
841 2458 890 2514 ubi
906 2458 969 2513 uni·
1023 2471 1083 2510 cum
1094 2457 1246 2509 inuenerint
1262 2456 1413 2523 sepulcrum
1429 2454 1501 2523 (Job.
1519 2469 1558 2521 m,
1575 2456 1619 2520 il,
1637 2453 1692 2524 ιι).

124 2544 243 2598 versitas
269 2544 384 2600 malitiae
409 2545 669 2615 comprehenditur.
694 2548 782 2604 Terra
804 2555 901 2602 autem
928 2560 969 2601 sa·
1058 2542 1142 2598 Vens.
1165 2546 1206 2598 31.
1225 2572 1260 2582 -
1279 2546 1345 2610 Epo,
1364 2542 1468 2613 inquit,
1488 2543 1585 2610 ioseph
1603 2544 1708 2606 fuctum
1725 2542 1869 2612 evodius·

121 2631 272 2686 cerdotalis
288 2631 371 2687 idest
387 2633 479 2688 virtus
496 2633 643 2689 rationalis
660 2634 703 2690 his
722 2649 873 2704 nunquam
889 2635 967 2705 regi·
1022 2632 1090 2684 sisti.
1107 2633 1141 2685 ht
1156 2632 1202 2685 itte
1222 2647 1228 2684 :
1247 2631 1314 2701 juro
1333 2646 1395 2696 erpo
1421 2631 1499 2694 mibi,
1522 2631 1612 2697 iuquit
1637 2646 1644 2683 :
1669 2630 1725 2696 Quo
1746 2631 1869 2699 iurante,

122 2717 176 2773 bus
196 2718 280 2774 subdi
305 2718 451 2790 dignatur,
477 2721 548 2790 quia
570 2722 605 2776 ad
631 2735 693 2778 eam
717 2723 839 2792 pertinet
860 2730 892 2778 ut
918 2736 967 2792 per
1021 2718 1149 2773 adorauit
1168 2720 1253 2773 lsrael
1269 2720 1364 2785 Deum,
1381 2733 1523 2773 conuersus
1543 2717 1580 2771 ud
1600 2719 1692 2772 lectuli
1705 2722 1796 2786 copul.
1815 2719 1869 2773 lia·

119 2818 183 2860 eam
200 2821 265 2876 quae
280 2807 450 2863 sensualiter
465 2816 533 2864 sunt
548 2809 613 2865 laesa
626 2819 774 2866 curentur.
1022 2805 1107 2861 tionis
1131 2807 1275 2876 proposito
1298 2806 1529 2863 intellectualitas
1551 2821 1581 2861 se
1607 2805 1703 2861 favere
1730 2804 1867 2874 ailirmat,

155 2892 242 2949 Vens.
263 2896 307 2960 ιι,
329 2897 372 2949 28.
394 2926 429 2935 -
450 2897 592 2951 Hodilooit
606 2913 668 2964 erpo
691 2900 779 2954 Israel
796 2915 824 2952 m
839 2901 964 2968 AEpppto,
987 2894 1092 2967 cquia
1111 2895 1172 2951 sine
1186 2894 1293 2950 celesti
1311 2895 1420 2961 notitia,
1442 2909 1507 2965 quae
1531 2908 1587 2949 non
1612 2902 1655 2949 εει
1676 2892 1756 2948 aliud
1780 2906 1868 2963 quam

118 2980 148 3034 id
172 2986 212 3035 est
240 2985 268 3035 in
295 2989 368 3038 terro
394 2985 503 3051 Gesseu,
526 2990 552 3038 et
577 2987 794 3055 passurumne,
819 2994 967 3056 auctusque
1021 2981 1082 3050 ipse
1103 2982 1151 3037 liei
1171 2995 1261 3049 amor,
1283 2981 1322 3037 nil
1348 2982 1417 3037 utile
1439 2995 1556 3052 prorsus
1575 2979 1689 3050 spiritui
1712 2987 1809 3036 nostro
1826 2995 1870 3036 re·

118 3073 168 3136 εει,
190 3074 215 3124 ει
237 3071 435 3139 multiplicatus
461 3076 554 3128 ulmis.
577 3077 612 3128 Et
636 3077 708 3129 vicit
729 3078 758 3129 io
781 3092 813 3129 eu
832 3077 920 3130 decem
942 3081 967 3131 ει
1020 3078 1087 3136 stat,
1104 3071 1154 3141 qui
1168 3070 1222 3125 hac
1233 3070 1323 3126 iretus
1333 3069 1504 3138 constantia,
1514 3069 1573 3139 jam
1584 3069 1744 3125 secundum
1756 3068 1870 3124 israelis

118 3163 217 3226 septem
246 3162 336 3213 onais.
366 3161 499 3230 Fuottqm
525 3168 588 3217 sunt
615 3179 703 3218 omnes
736 3165 793 3219 (ties
823 3168 886 3220 ottae
908 3167 966 3234 ejus
1020 3170 1137 3213 sensum
1154 3172 1220 3213 cum
1238 3158 1294 3212 Deo
1309 3157 1450 3224 directum
1469 3157 1522 3227 ipsi
1536 3158 1593 3212 lieo
1609 3170 1669 3213 sese
1683 3155 1828 3224 humiliat,
1842 3162 1869 3211 et

119 3252 224 3299 denium
254 3247 442 3316 quadraginta
471 3256 495 3304 el
523 3255 623 3320 septem
652 3269 794 3307 citriorum,
825 3254 914 3307 Israel
938 3257 966 3306 in
1020 3245 1172 3314 adipsum
1198 3245 1249 3314 lilii
1274 3253 1361 3315 capili
1380 3245 1487 3313 leontii,
1512 3244 1869 3315 idestlil'illcipalilasin-

118 3333 242 3403 AEgppto
262 3335 382 3403 habitat,
399 3339 468 3393 dum
490 3339 617 3408 spiritus,
643 3341 692 3410 qui
708 3355 775 3396 eum
793 3342 849 3397 Deo
864 3343 893 3396 in
911 3356 964 3397 no-
1019 3339 1108 3390 terne
1130 3341 1233 3390 nostrae
1258 3334 1368 3403 requici
1390 3340 1432 3389 est
1456 3334 1497 3405 (in
1525 3333 1586 3404 ipso
1610 3333 1687 3388 enim
1714 3346 1731 3387 a
1759 3332 1867 3403 peccati

117 3419 161 3475 bis
186 3421 375 3491 principatur,
400 3424 482 3494 quasi
506 3426 603 3481 lumen
628 3426 702 3481 inter
725 3427 856 3482 tenebras
877 3427 965 3497 hujus
1017 3421 1220 3478 exactionibus
1232 3422 1426 3478 sabbatismus
1440 3426 1494 3488 0⁸1)
1507 3427 1630 3478 mentem
1643 3420 1772 3476 inclinat·

116 3508 213 3564 saculi
235 3509 401 3567 dominatur
421 3520 448 3568 et
471 3515 600 3582 imperat.
625 3514 712 3571 lsrael
736 3515 813 3571 enim
838 3520 965 3585 princeps
1316 3563 1433 3620 CAPUT
1451 3563 1559 3620 XLVIII

116 3610 176 3651 cum
197 3598 387 3668 Deo·dicitur;
410 3608 437 3679 et
461 3601 592 3657 habitare
616 3604 734 3672 ponitur
756 3617 806 3673 pro
829 3619 862 3659 eo
886 3605 963 3674 quod
1564 3605 1570 3616 ‘

115 3693 167 3755 est,
188 3687 335 3743 dominari.
356 3691 495 3747 Versatur
513 3694 542 3745 iu
566 3699 640 3746 terro
661 3693 768 3760 diessen,
792 3699 825 3748 ut
848 3692 964 3749 subtili·
1052 3694 1138 3751 Vnus.
1161 3698 1185 3749 l.
1206 3725 1241 3735 -
1256 3696 1305 3749 llis
1318 3696 1359 3749 ita
1373 3696 1531 3759 transactis,
1547 3694 1866 3764 nunciatumestiosepb

116 3782 158 3831 ter
173 3778 319 3846 appropiet
339 3778 376 3833 ad
395 3778 456 3833 vitii
479 3779 623 3850 cujusque
645 3780 845 3850 refragaturus
866 3781 963 3850 palpa·
1017 3783 1090 3853 quod
1119 3788 1263 3850 aprotoret
1288 3788 1369 3851 pater
1395 3797 1470 3837 suus.
1505 3783 1560 3847 Qui
1587 3783 1733 3851 assumptis
1761 3781 1866 3837 duobus

115 3863 231 3920 tionem.
255 3868 323 3920 Eum
346 3866 478 3935 possidet,
502 3882 568 3923 cum
593 3867 688 3924 debito
707 3868 761 3924 sibi
780 3868 847 3938 jure
867 3868 963 3924 colen·
1017 3871 1083 3925 aliis
1101 3873 1225 3927 Mouosse
1239 3876 1264 3925 et
1277 3871 1411 3939 Ephraim
1424 3869 1688 3938 imperpetuum
1702 3877 1864 3939 transeunt,

113 3949 180 4005 dam
204 3952 290 4006 etiam
315 3960 414 4009 contra
437 3961 612 4010 tentamenta
638 3955 763 4013 delendit
787 3969 820 4011 ac
848 3957 960 4013 retinet.
1016 3959 1087 4030 quia
1103 3959 1206 4014 iervori
1229 3957 1317 4014 animi
1344 3956 1529 4013 lentitudines
1554 3955 1716 4027 aliquoties,
1739 3956 1797 4013 Deo
1813 3957 1867 4012 uti-

113 4037 248 4108 Augetur
265 4046 292 4093 et
312 4040 522 4109 multiplicatur
539 4045 632 4107 nimis,
650 4043 720 4112 quia
741 4055 888 4111 nusquam
912 4057 962 4099 eo·
1016 4046 1081 4102 liter
1103 4046 1280 4116 providente,
1305 4047 1408 4114 teporis
1432 4045 1579 4101 incedunt.
1607 4046 1710 4114 loseph
1735 4052 1806 4100 tunc
1830 4045 1867 4102 de

115 4125 221 4193 piosior
235 4125 359 4181 elicitur
372 4128 500 4196 spiritus,
518 4142 606 4198 quam
629 4143 679 4200 per
699 4144 783 4185 usum
799 4134 961 4187 exercitatae
1015 4133 1106 4204 patris
1119 4134 1305 4205 egrotatioue
1321 4133 1484 4199 nuntiatur,
1501 4133 1618 4203 quando
1634 4133 1670 4188 de
1684 4131 1804 4189 rationis
1819 4132 1866 4187 in-

113 4212 301 4269 discretionis.
320 4217 411 4270 becem
427 4221 452 4271 et
467 4222 566 4286 septem
581 4220 610 4271 iu
629 4233 661 4271 eo
682 4217 754 4274 vivit
773 4223 863 4285 onais,
890 4224 961 4275 ιοι)
980 4207 1144 4278 Dtellectus
1156 4221 1347 4277 mutabilitate
1362 4220 1505 4291 pulsatur.
1524 4220 1576 4276 Sed
1599 4220 1671 4276 duos
1694 4220 1756 4276 iilos
1773 4221 1866 4277 robu-

113 4300 182 4356 dum
197 4307 225 4356 ει
241 4301 310 4372 legis
324 4303 473 4375 Decalogo‚
487 4312 514 4360 et
528 4306 689 4375 septenario
703 4307 853 4377 adjutricis
863 4307 962 4377 gratie
1015 4317 1083 4376 stos,
1095 4309 1181 4379 juxta
1196 4309 1256 4377 iob,
1274 4308 1439 4365 lortitudine
1454 4308 1523 4374 (too.
1539 4321 1637 4376 xxxvi,
1654 4307 1706 4377 ta),
1721 4315 1815 4363 status
1828 4306 1866 4363 ie

114 4387 221 4454 vitalis,
239 4388 266 4443 in
284 4390 344 4458 ipsa
359 4391 477 4446 scientia
490 4393 648 4462 reperimus
661 4403 849 4465 augmentum
865 4409 962 4464 prove
1016 4397 1062 4454 lici
1083 4397 1256 4453 conscientia
1281 4398 1401 4468 genitos
1424 4396 1598 4453 oblivionem
1617 4395 1724 4452 scilicet
1741 4409 1865 4466 praesen-

112 4475 224 4531 ctionis.
242 4476 346 4533 Omnes
362 4487 458 4535 autem
475 4479 616 4536 virtutum
632 4489 796 4538 nostrarum
812 4482 962 4539 claritudi·
1015 4486 1098 4554 tium,
1115 4493 1143 4541 et
1165 4485 1412 4542 lructillcationem
1436 4485 1601 4540 luturorum
1626 4483 1793 4540 individuos
1809 4484 1861 4540 sibi

112 4577 228 4634 uesper
247 4566 406 4636 evangelici
424 4567 811 4638 dogmatisquaternarium,
828 4577 855 4625 ει
871 4569 962 4625 divini
1015 4575 1164 4640 asciscens,
1193 4574 1330 4629 rationem
1358 4586 1406 4642 per
1427 4572 1620 4643 intelligentia
1648 4572 1783 4643 illapsum
1812 4586 1862 4642 pro

112 4653 293 4709 charismatis
321 4658 527 4725 septenarium,
557 4671 590 4712 ac
617 4657 745 4714 llosaicae
776 4658 962 4714 institutionis
1016 4662 1096 4734 positi
1112 4663 1264 4731 utriusque
1278 4674 1501 4718 commemorare
1517 4660 1642 4718 festinat.

111 4740 274 4809 denarium,
291 4743 464 4811 perveniunt
479 4744 514 4799 ad
528 4752 642 4801 aeternae
660 4746 846 4803 beatitudinis
860 4747 962 4802 dexte·
1050 4750 1136 4807 Vnus.
1159 4753 1184 4814 l,
1205 4752 1231 4805 3.
1251 4780 1285 4789 -
1307 4751 1465 4819 hircumque
1479 4755 1519 4803 est
1531 4751 1610 4803 seui:
1629 4749 1862 4816 receptaculum

109 4843 185 4896 ram,
205 4830 256 4886 hoe
270 4837 312 4887 est
327 4832 535 4888 centenarium.
1014 4839 1111 4909 Joseplt
1124 4842 1197 4894 uenit
1212 4839 1249 4893 ud
1265 4844 1298 4894 te.
1318 4840 1373 4904 Qui
1393 4840 1561 4905 confortatus
1576 4837 1646 4892 sedit
1660 4840 1689 4892 iu
1704 4838 1808 4891 lectulo.
1827 4838 1862 4892 m

149 4916 234 4974 Vnus.
255 4920 299 4983 eo,
322 4921 365 4973 30.
387 4950 421 4959 —
449 4921 567 4989 Cumque
592 4923 815 4990 appropinquare
843 4928 962 4975 corrueret
1015 4930 1135 4994 inpresso
1150 4926 1187 4980 ud
1202 4942 1230 4982 se
1245 4929 1312 4980 ott:
1336 4929 1406 4981 Deus
1420 4928 1586 4995 omnipotens
1602 4927 1735 4994 apparuit
1748 4927 1818 4979 milvi
1831 4928 1861 4979 iu

111 5008 207 5058 mortis
227 5006 309 5074 diem,
325 5010 430 5062 uocauit
445 5010 531 5077 filium
548 5023 627 5063 suum
647 5010 757 5078 ioseph,
780 5016 805 5063 ot
829 5009 903 5064 dicit
924 5011 962 5064 ud
1014 5016 1099 5080 Luzu,
1119 5029 1179 5084 qua
1197 5018 1237 5069 est
1260 5018 1289 5068 iu
1313 5019 1387 5068 terra
1409 5014 1556 5080 Obouoon,
1574 5013 1766 5084 benedicitque
1781 5013 1859 5080 mibi,

112 5105 171 5144 eum
188 5110 195 5147 z
212 5094 244 5149 Si
261 5097 352 5149 iuveni
375 5099 495 5163 prolium
515 5098 545 5150 in
568 5101 709 5165 conspectu
733 5104 789 5164 tuo,
811 5113 880 5166 poue
902 5114 960 5151 mu·
1014 5108 1040 5156 et
1056 5107 1096 5156 ott
1116 5118 1122 5157 :
1144 5103 1202 5170 Epo
1220 5107 1245 5156 te
1269 5102 1370 5170 rvugebo
1395 5107 1420 5156 ει
1444 5101 1641 5171 multiplicabo,
1663 5106 1688 5157 el
1709 5104 1814 5169 socium
1838 5107 1862 5157 te

112 5192 177 5231 num
192 5180 241 5233 sub
255 5184 356 5249 femore
369 5198 435 5250 meo,
451 5188 477 5237 el
500 5185 589 5250 (ocius
607 5185 678 5239 mibi
697 5186 912 5240 misericordium
936 5192 961 5242 et
1015 5192 1043 5244 iu
1067 5191 1161 5244 turdus
1183 5192 1356 5260 populorum,
1383 5189 1505 5259 dodoque
1527 5188 1579 5245 tibi
1601 5194 1702 5244 terrum
1730 5191 1811 5257 bunc,
1836 5194 1862 5244 et

113 5268 265 5332 ueritatem,
281 5276 312 5323 ut
325 5287 378 5324 uon
391 5273 505 5339 sepelias
520 5288 561 5326 me
577 5275 606 5327 in
619 5276 750 5342 AEqpptm
766 5274 813 5328 sed
828 5273 962 5329 dormtum
1014 5280 1111 5332 semini
1125 5279 1339 5347 impositum
1356 5281 1549 5346 possessionem
1567 5280 1770 5348 sempiternum.
1795 5279 1860 5336 Seni

114 5368 174 5408 cum
189 5357 315 5423 putribus
330 5359 410 5423 metm
428 5366 453 5413 et
474 5361 524 5414 toc
549 5361 582 5414 de
605 5365 678 5415 terro
697 5377 738 5415 me
759 5364 882 5428 auteres,
898 5379 960 5418 cm·
1014 5365 1049 5421 de
1072 5366 1198 5422 adventu
1220 5366 1322 5436 loseph
1346 5365 1461 5428 dicitur.
1487 5379 1554 5421 cum
1576 5366 1725 5422 lacessenti
1744 5366 1860 5437 spiritui

114 5441 217 5512 dasque
244 5446 272 5497 iu
302 5446 426 5514 sepulcra
454 5447 598 5517 majorum.
629 5450 679 5506 Die
713 5451 813 5507 mortis
843 5452 961 5523 propin·
1013 5454 1049 5510 de
1078 5462 1233 5525 augmento
1256 5454 1377 5511 celestis
1400 5454 1508 5511 notitiae
1531 5456 1670 5511 memoria
1695 5453 1857 5519 reiricatur,
