3818 6008
66 111 124 166 aba
630 113 676 170 be
695 114 777 172 VITA
797 112 866 172 SUA
885 113 980 172 LIBRI
999 114 1100 173 TRES.
1115 143 1150 157 -
1165 114 1232 173 ΗΒ.
1253 115 1276 173 t.
1769 119 1822 174 850

67 242 252 314 abepiscopo
266 241 380 299 indulta
393 243 509 301 licentia
522 245 736 314 abbatiabatur,
751 254 779 303 et
793 261 917 305 canones
935 249 1265 319 econversionumque,
1282 262 1357 319 quas
1370 247 1507 318 vidimus,
1524 249 1679 322 atiingere3
1710 252 1828 308 undeet

67 347 128 387 non
143 331 301 388 canonicus
315 346 332 387 a
347 333 493 389 canonicis
508 334 650 406 exigebat.
670 335 744 403 Quia
764 349 834 408 ergo
850 344 921 393 tnnc
974 336 1050 392 banc
1075 337 1166 406 ipsam
1184 336 1242 410 (ll,
1259 336 1421 410 ecclesiam]
1426 377 1493 405 ......
1509 352 1562 394 εει
1585 353 1642 396 non
1670 346 1698 394 ει
1709 339 1827 410 'pleros-

67 420 207 489 temporis
230 433 288 475 non
311 420 395 476 modo
423 420 574 493 conjugale
592 423 619 478 in
649 424 735 480 trium
758 424 920 494 primorum
974 425 1117 497 queallos
1140 425 1223 482 bonae
1248 426 1415 482 mutationis
1445 427 1564 496 contigit
1590 428 1721 497 exempla
1746 442 1825 485 sum·

66 505 215 574 ordinum,
232 515 260 562 et
287 507 464 565 canonicatis
490 511 619 580 personis
646 511 823 568 causabatur
838 525 920 568 ccm—
973 504 1072 573 leeieee
1099 505 1257 562 Meeeehile
1288 505 1464 575 propositum
1480 507 1534 562 seb
1551 505 1827 576 antiquisiloruisse

67 592 227 663 mercium;
252 593 300 648 sed
340 595 426 650 etiam
457 610 513 651 non
541 597 637 653 minus
661 596 919 653 ecclesiasticorum
974 592 1152 663 temporibus
1164 592 1288 649 affluens
1301 594 1473 663 scriptorum
1487 594 1586 650 relatio
1599 602 1650 650 est.
1667 594 1825 666 Namquia

67 679 144 734 citra
158 681 322 737 animarum
347 683 488 753 regimina
515 683 685 751 crucior-uro,
704 692 734 741 ut
761 693 919 755 suntprae-
973 694 1060 749 snper
1082 681 1189 737 exteris
1220 682 1292 737 mibi
1321 682 1488 753 regionibus
1514 683 1658 739 silentium
1688 692 1739 752 εει,
1768 684 1824 741 εει)

67 854 182 910 crimini
224 855 408 912 ducebantur
443 857 601 926 emptiones
640 865 671 913 ut
699 858 733 914 de
761 858 920 915 bonoribus
973 857 1028 922 nis,
1050 857 1131 913 varia
1154 856 1275 913 diversis
1297 859 1516 915 exstruentibus
1535 859 1606 928 ioca,
1628 859 1749 916 coluisse
1769 874 1821 917 no·

66 942 179 1013 sileam,
194 945 244 1014 qui
262 944 375 1000 interna
396 944 539 1016 Jubentur
557 945 675 1002 actitare
699 945 821 1016 negotia,
850 947 919 1017 qui·
971 951 1108 1011 scuntur,·
1124 945 1153 999 in
1178 958 1304 1015 qnorum
1328 945 1476 1016 aliquibus
1497 955 1556 1003 tam
1585 947 1630 1017 pie
1663 948 1824 1005 viventium

66 1045 126 1102 qne
139 1032 210 1103 ejus,
226 1032 277 1102 qui
302 1032 488 1102 prebendam
512 1033 657 1100 amiserat,
677 1032 772 1090 clerici
789 1033 918 1091 lavantes
971 1031 1112 1088 conduxit
1132 1034 1298 1101 enormitas,
1316 1041 1349 1090 ut
1372 1033 1512 1091 miremur
1541 1043 1650 1092 tantam
1672 1035 1824 1092 bominum

66 1119 208 1188 partibus,
236 1128 265 1176 et
292 1134 490 1192 aequaevorum
519 1135 649 1178 meorum
684 1121 801 1193 plurimi
829 1136 918 1192 super
972 1120 1164 1192 frequentiam
1189 1121 1334 1191 quomodo
1358 1123 1490 1180 cohibere
1511 1124 1634 1181 valuerit
1655 1125 1726 1181 adeo
1748 1124 1822 1182 ioco·

65 1206 194 1263 Simonia
212 1214 239 1263 et
262 1209 570 1278 excommunicatione,
593 1225 659 1281 quae
675 1225 773 1267 recens
801 1225 917 1281 percre—
971 1223 1037 1265 rum
1065 1211 1144 1264 arcta
1167 1209 1318 1278 capacitas.
1351 1210 1428 1266 lnter
1448 1225 1516 1281 quae
1542 1211 1667 1281 prolecto
1687 1213 1821 1283 quaedam

66 1295 195 1363 bruerat,
224 1296 325 1352 crebra
358 1305 508 1366 coeperont
529 1305 637 1356 motare
666 1299 807 1355 susurria.
839 1299 916 1355 idem
971 1291 1086 1362 speciali
1126 1291 1262 1363 pollentia
1297 1293 1474 1350 districtione
1500 1294 1629 1362 luerunt,
1656 1309 1721 1366 quae
1749 1311 1822 1353 nen·

65 1396 193 1454 namque
207 1398 274 1441 curn
299 1392 372 1441 esset
400 1385 555 1456 presbyter,
584 1393 611 1442 et
641 1401 761 1442 uxorem
787 1387 914 1456 baberet,
970 1381 1062 1448 nulla,
1080 1382 1108 1436 in
1124 1379 1232 1450 quibus
1250 1381 1345 1437 lervcr
1359 1381 1469 1438 ordinis
1497 1389 1634 1451 tepuerat,
1651 1384 1824 1441 monasteria

64 1471 117 1541 qui
141 1472 177 1528 ab
205 1486 239 1529 ea
272 1472 359 1529 cilicii
387 1474 433 1529 sui
455 1474 643 1545 suspensione
678 1475 831 1531 absterreri
857 1489 913 1531 non
970 1484 1045 1540 saepe
1057 1468 1190 1526 nobiliter
1205 1469 1418 1538 innormarnnt,
1440 1478 1473 1526 ut
1487 1470 1542 1526 iuit
1556 1470 1715 1541 aliquando
1730 1471 1823 1528 buxo

66 1566 187 1629 poterat,
205 1559 297 1618 iacere
311 1561 333 1617 si
350 1561 468 1633 quidem
483 1562 737 1619 missasomiserat.
969 1557 1051 1614 vium
1065 1557 1209 1628 (dccccii)
1242 1557 1287 1628 (δ’)
1305 1557 1334 1612 in
1354 1556 1456 1625 Gallia,
1470 1556 1515 1628 (⁸³)
1532 1557 1665 1627 quadan
1681 1557 1768 1615 etiam
1793 1559 1823 1616 in

100 1650 176 1704 m
202 1648 276 1714 Quia
290 1663 359 1722 ergo
372 1658 433 1720 post
447 1664 553 1721 corpus
567 1665 652 1706 suum
669 1650 805 1721 mysteria
817 1650 917 1707 divina
968 1646 1111 1713 Neustria,
1123 1644 1442 1716 quaenuncappellatur
1456 1645 1677 1702 Nortbmannia.
1688 1645 1741 1703 Sed
1752 1647 1822 1717 qnia

65 1745 211 1806 posuerat,
239 1738 539 1809 earecteplexusest
565 1752 658 1808 prena,
689 1753 779 1809 quam
803 1752 915 1795 sceva-
966 1734 1053 1805 iuxta
1081 1732 1152 1789 illud
1179 1740 1268 1802 poetae
1292 1733 1409 1789 veridici
1435 1733 1554 1802 dictum,
1586 1734 1663 1803 quod
1690 1734 1823 1792 videlicet
1872 1728 1875 1732 ’

64 1824 135 1881 sisse
146 1824 277 1882 sacrificii
294 1826 545 1883 abrenuntiatione
561 1832 723 1897 putaverat.
740 1827 841 1897 ltaque
855 1841 916 1898 spo
969 1820 1090 1877 summis
1120 1828 1257 1890 negatum
1285 1829 1327 1877 est
1360 1827 1435 1877 seete
1461 1821 1531 1892 din;
1560 1830 1587 1879 ei
1621 1823 1699 1893 qued
1731 1823 1821 1879 multo

65 1912 152 1969 liatus
166 1915 316 1979 canonica,
341 1914 412 1984 quia
428 1926 479 1984 per
493 1914 569 1985 qnod
583 1914 674 1970 arceri
690 1915 777 1985 possit
790 1916 916 1985 amplius
969 1908 1067 1964 verius
1083 1914 1204 1975 constat,
1227 1906 1378 1963 decedente
1393 1908 1467 1964 inter
1489 1908 1616 1964 habenas
1632 1908 1821 1978 iniquitatum

64 2015 123 2057 non
148 2001 281 2070 babebat,
310 2002 411 2058 missas
428 2002 555 2073 quolibet
575 2002 622 2074 ij,
636 2003 789 2074 quaslibet]
802 2005 862 2075 jam
878 2004 915 2060 li·
968 1997 1083 2063 saeculo,
1105 1996 1150 2066 (³³)
1175 2002 1281 2051 sanctae
1307 1996 1532 2051 conversationis
1547 1996 1657 2052 relrixit
1682 1995 1818 2064 charitas,

64 2090 141 2152 bere,
163 2098 276 2146 retenta
303 2091 389 2146 etiam
420 2104 519 2160 uxore,
543 2091 688 2147 cantabat.
708 2092 780 2148 ilinc
810 2092 915 2149 celebri
968 2093 995 2141 et
1018 2098 1117 2141 rerum
1143 2083 1300 2154 opulentia,
1331 2083 1474 2153 quaedem
1499 2083 1680 2153 postmodum
1712 2086 1819 2142 sensim

63 2189 181 2233 rumore
198 2185 293 2232 satum
315 2185 366 2246 est,
391 2177 469 2249 quod
484 2178 558 2235 inter
585 2179 684 2235 eadem
697 2192 779 2236 sacra
795 2187 914 2235 matrem
969 2174 1093 2230 desernit
1114 2173 1248 2229 ecclesias
1264 2188 1270 2227 :
1286 2180 1313 2228 ει
1328 2171 1394 2228 inde
1412 2172 1457 2243 (δ’)
1478 2171 1550 2228 bene
1575 2172 1820 2239 conversantium,

63 2277 158 2319 meam
174 2277 241 2320 enm
256 2278 310 2321 sua
324 2263 434 2321 familia
450 2266 568 2335 repetita
588 2267 617 2321 in
631 2266 692 2322 dies
715 2266 913 2323 excommuni-
968 2261 1037 2318 dum
1053 2269 1081 2317 ει
1097 2262 1156 2332 ipse
1170 2273 1310 2317 manuum
1327 2260 1407 2316 labor
1419 2259 1539 2327 sorduit,
1556 2259 1631 2316 iacta
1644 2267 1687 2316 est
1704 2260 1819 2317 raritas.

62 2350 175 2408 catione
198 2352 358 2409 conticeret.
379 2357 414 2409 itt
438 2360 529 2409 nrater
552 2353 718 2410 divinornm
747 2368 859 2424 semper
875 2353 914 2408 ti·
1003 2349 1084 2406 Unde
1117 2349 1223 2405 nostris
1255 2347 1429 2404 monasteria
1463 2347 1656 2404 vetustissima
1699 2362 1820 2405 numero

62 2438 151 2505 mida,
168 2446 196 2495 et
210 2446 393 2509 peecatorum
421 2454 529 2510 peenas,
546 2448 574 2497 et
595 2441 716 2510 proinde
741 2440 914 2498 oiiendicuia
967 2445 1126 2514 extenuata
1152 2435 1340 2506 temporibus,
1371 2449 1470 2492 rerum
1496 2435 1659 2507 antiquitus
1684 2436 1819 2493 datarum

63 2538 176 2591 verens,
193 2523 233 2582 ilii
249 2525 325 2582 maie
341 2525 465 2596 praebitae
482 2526 557 2584 illico
576 2528 738 2597 praebendae
753 2529 911 2596 renuntiat,
966 2525 1144 2582 exuberante
1170 2525 1262 2594 copia,
1278 2523 1322 2594 (⁸⁸)
1352 2524 1450 2594 parvis
1474 2531 1558 2580 erant
1585 2531 1719 2581 contenta
1747 2538 1820 2581 con-

61 2621 90 2670 et
106 2614 160 2670 sub
186 2627 237 2684 spe
265 2613 411 2672 obitorum
433 2615 614 2683 clericorum,
638 2617 724 2672 aliam
747 2617 817 2673 mibi
835 2618 911 2688 apud
966 2614 1112 2682 ventibus,
1129 2613 1158 2670 in
1183 2612 1291 2684 quibus
1318 2613 1452 2682 perpauci
1478 2611 1597 2683 reperiri
1611 2619 1753 2683 poterant,
1767 2613 1820 2684 qui

61 2702 149 2757 castri
165 2702 314 2758 dominnm
330 2703 412 2761 locat.
430 2705 570 2775 Fugimus
591 2705 688 2775 itaque
704 2719 786 2761 arma
810 2706 912 2774 terrea,
968 2703 1076 2772 peccati
1103 2701 1216 2759 lastidic
1255 2700 1395 2758 seculum
1425 2701 1601 2772 respuissent
1625 2702 1673 2758 sed
1700 2702 1736 2758 ab
1761 2701 1819 2759 illis

60 2794 90 2847 ει
114 2791 270 2848 incidimus
284 2794 313 2848 in
343 2778 442 2849 arcum
472 2806 590 2848 ereum.
606 2792 650 2864 (³⁰)
680 2794 738 2850 Sub
763 2794 913 2864 praestola-
932 2807 953 2865 ο
969 2791 1150 2861 potissimum
1166 2789 1371 2848 detinebantur
1385 2790 1521 2858 ecciesiae,
1537 2788 1584 2861 (⁸⁶)
1600 2790 1653 2860 qui
1668 2789 1697 2845 in
1711 2789 1817 2846 eisdem

61 2880 140 2937 tione
166 2880 244 2936 enim
268 2879 368 2936 alienae
393 2880 492 2936 mortis
513 2880 622 2950 aliquid
648 2881 721 2950 dari,
737 2884 807 2939 nibil
831 2883 910 2941 aliud
965 2887 1117 2949 parentum
1146 2878 1295 2935 devotione
1323 2878 1476 2934 contraditi
1492 2878 1538 2934 -ab
1565 2877 1681 2934 ineunte
1710 2877 1819 2934 nutrie-

60 2975 217 3039 est,quam
238 2966 439 3037 quotidianum
465 2968 637 3024 homicidam
668 2970 833 3042 quempiam
865 2972 912 3043 ju·
965 2969 1072 3025 bantur
1092 2975 1184 3024 aetate.
1212 2965 1265 3034 Qui
1290 2972 1434 3037 quantum
1462 2966 1600 3022 minorem
1624 2979 1712 3036 super
1738 2965 1816 3035 suis,

62 3057 129 3112 bere
146 3055 218 3110 deri.
965 3072 1031 3128 quae
1052 3055 1134 3111 nulla
1147 3055 1201 3111 sibi
1217 3054 1392 3111 videbantur
1405 3053 1505 3124 egisse,
1530 3052 1623 3120 malis,
1637 3061 1745 3110 metum
1762 3053 1817 3108 ba-

98 3142 215 3197 bomine
229 3141 315 3206 Deus,
332 3156 423 3210 meus,
441 3145 480 3201 ita
496 3151 566 3201 tunc
580 3146 686 3216 spebus
701 3145 756 3203 iilis
770 3147 911 3218 pessimus
965 3147 1080 3212 bebant,
1103 3143 1150 3214 (θ’)
1177 3150 1257 3200 tanto
1283 3142 1360 3198 intra
1386 3142 1585 3199 cenobiorum
1614 3150 1694 3212 septa
1712 3142 1817 3199 remis·

60 3230 240 3298 involvebar,
259 3238 287 3287 ει
306 3239 423 3289 tuorum
449 3237 660 3305 exspectatione
674 3237 827 3303 donorum,
845 3252 911 3307 quae
965 3232 1038 3288 siore
1070 3230 1164 3287 studio
1194 3229 1372 3286 victitabant.
1399 3229 1453 3294 Qui
1482 3229 1754 3297 administrationes,
1782 3243 1816 3285 ac

60 3319 185 3377 necdum
211 3320 337 3390 experiri
365 3320 531 3387 didiceram,
558 3323 726 3381 nuliatenus
750 3322 909 3380 detinebar.
964 3318 1059 3375 cilicia
1074 3317 1206 3375 lorastica
1221 3330 1288 3373 cum
1311 3329 1362 3386 pro
1382 3315 1532 3384 abbatum,
1561 3324 1611 3372 aut
1635 3318 1812 3384 necessitate,

59 3406 807 3483 lllatuamuliernondumcomprehenderat,quas
834 3425 908 3481 spes,
964 3412 1015 3461 aul
1041 3404 1124 3460 libitu
1154 3403 1336 3468 metirentur,
1369 3410 1467 3472 utpote
1498 3401 1657 3458 V⁰¹1¹11¹eei⁸
1690 3404 1815 3474 propriae

58 3508 134 3566 quas
149 3495 317 3552 securitates
331 3496 367 3551 de
385 3496 454 3553 meis
478 3498 554 3567 apud
572 3506 597 3554 te
611 3499 785 3556 victualibus
802 3500 910 3556 babere
963 3491 1051 3558 elidi,
1080 3492 1293 3560 exterioresque
1330 3489 1459 3544 neemias
1493 3489 1589 3544 minue
1620 3489 1741 3559 experti,
1767 3487 1813 3561 (⁸⁸)

59 3582 209 3651 debuerat,
227 3596 281 3639 nec
295 3598 361 3654 quae
390 3585 558 3641 benefieiaa
586 3594 613 3642 te
633 3587 701 3642 mihi
726 3596 808 3644 erant
827 3595 911 3659 parra
962 3578 1166 3636 ecclesiasticas
1194 3577 1342 3634 occasione
1366 3575 1442 3631 laciii
1472 3574 1640 3645 dilapidare
1658 3578 1813 3648 pecunias3

58 3679 243 3742 cognoverat.
283 3673 355 3738 onia
391 3673 468 3728 enim
502 3673 711 3745 aliquantisper
752 3676 848 3732 adbuc
870 3663 908 3732 in
963 3666 1009 3722 bis
1023 3666 1156 3736 expensis
1175 3664 1305 3722 redditur
1323 3678 1374 3721 seu
1401 3663 1528 3735 gratuito
1552 3663 1683 3735 dilargiri
1709 3663 1813 3736 [decem

58 3757 169 3814 mundo
184 3773 282 3830 agens,
299 3775 365 3831 qnae
381 3761 481 3817 mundi
505 3761 627 3831 inerant,
643 3761 909 3819 sentiebat:nini-
962 3754 1083 3821 videliet,
1101 3750 1316 3825 effieelee1·]····
1332 3753 1369 3808 Et
1385 3750 1449 3808 lloe‘
1470 3760 1529 3807 ‘¹1¹¹'
1556 3752 1653 3809 minus
1674 3754 1813 3824 aelidem

58 3858 126 3902 rum
152 3859 195 3915 ea,
226 3860 293 3917 quae
316 3848 371 3904 sthi
396 3851 458 3920 ipsa
482 3849 631 3921 providere
657 3850 809 3922 delegerat,
838 3853 909 3910 mihi
963 3842 1063 3912 religio
1085 3848 1246 3908 curaretur,
1271 3854 1308 3897 ex
1330 3853 1385 3896 sna
1407 3839 1550 3910 siquidem
1574 3841 1681 3898 liebant
1695 3841 1813 3900 raritate

56 3930 144 3988 etiam
154 3931 208 4004 ipsi
235 3933 394 4002 mundana,
414 3944 447 3992 ut
461 3938 590 4007 putabat,
607 3937 766 4008 quaesituro
794 3953 909 4010 quaere-
962 3931 1016 4001 ipsi
1032 3930 1165 3986 meeeeffi
1179 3929 1335 3986 eheiieeee·

57 4021 117 4077 bat.
136 4022 172 4078 At
186 4030 339 4094 postquam
356 4023 459 4080 animae
478 4025 602 4095 propriae
613 4025 814 4083 animadverso
831 4029 910 4099 peri·
1292 4016 1408 4076 CAPUT
1429 4017 1479 4074 IX·

56 4108 134 4176 culo,
151 4109 319 4167 innumeros
333 4109 437 4167 cordis
450 4111 572 4183 angulos
591 4112 626 4168 ad
644 4114 794 4183 praeterite
807 4111 907 4186 'depio-
927 4103 950 4158 ὓ
1001 4108 1044 4162 De
1058 4107 1134 4162 mire
1152 4106 1282 4164 Eeraret'
1295 4105 1411 4162 eemt'e'e
1432 4105 1617 4163 Brilele'emtsst
1628 4105 1660 4163 in
1671 4106 1812 4165 Picnrdia

55 4197 198 4254 rationem
226 4197 293 4254 vitae
334 4199 486 4270 congessit,
523 4200 607 4270 quasi
636 4201 798 4258 dicerene
825 4203 905 4271 Quod
959 4193 1146 4250 eeeeeree‘eee·
1162 4225 1196 4236 -
1211 4195 1281 4251 Cum
1310 4209 1380 4267 eree
1395 4195 1621 4267 eieeeesseeeeb
1636 4203 1664 4252 ei
1686 4196 1811 4268 elieei'ee

55 4284 120 4340 nibi
149 4284 216 4341 nolo
240 4284 312 4353 lieri,
337 4284 387 4341 alii
416 4299 474 4341 non
490 4284 603 4342 iaciant.
623 4308 633 4335 ›
651 4287 693 4343 Ea
717 4303 782 4359 quae
812 4304 906 4360 prose
960 4283 996 4339 ad
1025 4297 1073 4340 eos
1093 4282 1176 4354 pretii
1204 4283 1253 4339 vix
1281 4282 1360 4341 nilus
1381 4283 1539 4352 accederet,
1567 4282 1686 4355 qnidam
1714 4297 1809 4340 comes

53 4377 228 4442 contempsit
253 4386 348 4444 agere,
369 4381 506 4431 extremae
530 4374 670 4432 arbitrata
690 4383 732 4432 est
757 4377 907 4434 dementiae
960 4371 1068 4428 castelli
1096 4371 1273 4429 Britoliensis
1300 4369 1401 4444 [ootpa
1431 4370 1578 4444 Breteuiil,
1599 4370 1678 4442 qued
1693 4370 1722 4426 in
1737 4371 1809 4427 Am-

53 4474 109 4532 pro
141 4459 205 4517 aliis
225 4474 377 4532 exereere3
401 4468 429 4517 et
459 4461 536 4532 quod
560 4461 614 4518 sibi
638 4463 747 4520 ambire
774 4464 904 4536 desierat,
960 4458 1123 4527 bianornm,
1154 4458 1429 4531 bellovacorumque
1455 4458 1579 4516 continie
1605 4457 1743 4526 consistit,
1772 4458 1808 4515 ad

52 4546 201 4604 netarium
224 4555 289 4604 rata
310 4555 353 4604 est
381 4549 416 4604 ad
440 4549 484 4607 sni
506 4549 660 4619 perniciem
686 4551 767 4607 alteri
799 4565 905 4609 concu-
959 4547 1127 4604 excitandas
1151 4547 1342 4619 plurimorum
1371 4555 1481 4603 mentes
1495 4546 1619 4603 emersit.
1636 4546 1664 4601 ls
1678 4546 1707 4602 in
1726 4554 1809 4604 aetate

52 4634 141 4706 pisse.
154 4633 235 4701 Quod
255 4635 341 4708 longe
356 4635 438 4693 aliter
453 4650 471 4692 a
487 4636 585 4693 moltis
607 4635 668 4693 lieri
696 4645 815 4705 constat,
833 4654 906 4710 ques
960 4634 1069 4705 positus
1087 4635 1249 4703 florulenta,
1275 4650 1341 4692 cum
1364 4635 1534 4707 gratissime
1551 4641 1624 4691 esset
1646 4634 1806 4706 elegantia,

50 4720 173 4794 quidem
190 4721 365 4779 attendimus
389 4737 443 4780 sua
457 4723 493 4779 ad
520 4724 665 4795 integrum
687 4725 805 4782 obtento
830 4740 905 4796 pau·
959 4723 1117 4793 praesertim
1145 4738 1212 4781 cnm
1238 4724 1322 4780 sicuti
1347 4723 1494 4780 nobilitate
1520 4736 1613 4794 genus
1635 4724 1708 4794 ejus,
1725 4723 1808 4781 itaet

52 4806 175 4880 pertatis
199 4807 333 4880 abjicere,
364 4809 569 4878 seduliorem,
596 4824 654 4866 neu
676 4812 759 4869 modo
785 4827 905 4871 suorum
959 4811 1083 4868 mirabili
1108 4812 1269 4883 specierum
1305 4811 1511 4882 conspicuitate
1541 4812 1659 4883 polleret
1683 4811 1805 4870 aliorum

50 4893 135 4966 qnod
155 4903 184 4952 et
208 4895 304 4967 ipsum
327 4896 437 4953 malum
460 4904 512 4965 est,
538 4897 587 4954 sed
614 4899 700 4954 etiam
728 4907 905 4973 exterorum,
959 4915 1077 4973 qnoque
1112 4901 1337 4971 nunicipiornm‚
1373 4899 1542 4957 divitiarum
1567 4902 1653 4957 etiam
1676 4901 1806 4960 omnium

51 4980 135 5054 quod
149 4981 285 5054 deterius,
299 4984 365 5055 plns
377 4983 465 5041 nimio
475 4985 692 5055 procurationes
706 4987 816 5046 ardere.
959 4988 1089 5046 claritate
1116 4996 1244 5059 pateret:
1274 5002 1355 5045 mens
1378 4988 1493 5046 tandem
1518 4988 1643 5045 bominis
1668 4989 1697 5046 in
1716 4990 1807 5048 multo

375 5072 491 5131 CAPUT
510 5074 586 5131 Vlli.
958 5077 1102 5148 superbiae
1116 5077 1193 5135 tastu
1211 5077 1366 5133 constituta
1390 5077 1518 5148 resipuit,
1535 5085 1563 5134 et
1578 5078 1614 5134 ad
1627 5077 1701 5150 elus,
1718 5093 1806 5151 quarn

93 5158 180 5217 nette
193 5161 243 5234 qai
257 5162 448 5218 monasticam
461 5163 551 5219 eitam
573 5162 908 5224 imtourcrunlreaarae·
959 5166 1134 5224 seculariter
1149 5166 1251 5222 sectari
1272 5173 1406 5236 creperet,
1423 5166 1558 5223 vitiorum
1579 5167 1723 5225 miseriam
1746 5182 1807 5227 sese

52 5251 167 5305 runtoe.
189 5249 291 5306 -Sed
316 5251 384 5308 libet
398 5251 485 5322 paulo
513 5251 611 5321 altius,
642 5260 787 5323 quantum
817 5255 905 5311 nostri
959 5254 1178 5325 contemplando
1194 5253 1318 5311 retorsit.
1335 5255 1446 5310 Animae
1467 5255 1557 5327 igitur
1579 5270 1639 5313 suae
1658 5257 1807 5315 miserabi-

54 5337 197 5408 tempcris
219 5338 363 5395 mentione
393 5337 562 5407 recurritur,
598 5347 691 5396 status
720 5339 903 5412 religionum,
959 5344 1037 5399 litate
1054 5348 1209 5413 perspecta,
1229 5350 1257 5399 et
1271 5342 1342 5413 qnia
1356 5343 1398 5399 nii
1419 5342 1497 5400 aliud
1521 5358 1610 5416 quam
1625 5351 1699 5401 m
1723 5346 1807 5403 darn-
