3818 6008
9 221 20 234 “
79 229 130 282 ‘2'23
504 231 552 287 ·V.
575 229 747 289 sulphuri
761 232 908 290 nuperis
927 237 955 292 S.
976 235 1096 291 MARIAE
1114 233 1158 291 DE
1178 231 1376 289 dollcuuro
1777 237 1829 292 224

81 357 139 414 tius
154 372 238 414 nono.
256 359 444 416 liubanenim
463 360 551 415 uidete
574 363 604 416 iu
631 361 718 416 medio
733 362 848 430 dicitur,
869 365 925 419 dle-
942 363 1073 424 alaudis
1097 362 1252 419 immolabo
1281 363 1402 420 Domino
1429 363 1513 435 (Pscl.
1539 380 1616 432 xcix,
1647 366 1702 428 iil.
1732 366 1828 423 Cessat

81 447 157 502 dium
184 455 281 504 autem
307 464 358 518 pro
385 452 519 505 commuue·
548 451 675 522 ponitur.
708 452 793 518 Vidit,
822 453 925 524 inquit,
983 460 1167 522 tuncpurere,
1183 465 1249 508 cunr
1266 452 1332 507 boni
1347 452 1442 523 operis
1465 454 1591 512 iructum
1616 455 1829 526 ingemiscendo

80 538 151 592 ilaue
175 538 355 593 humilitatem
382 554 477 606 mum,
503 539 533 596 id
550 548 592 597 εει
611 540 682 597 dum
711 556 805 599 meam
830 551 926 601 alten·
983 537 1025 595 ιιιι
1040 552 1129 605 nunc,
1145 537 1249 594 desinit
1271 551 1368 610 agere.

81 626 149 684 dere
168 640 213 683 me
235 626 303 684 lacit
327 628 533 698 necessilatem,
551 630 580 686 in
605 643 664 700 qua
692 645 766 701 saepe
793 634 928 702 experior

81 715 206 785 proximi
227 715 429 786 humilitatem,
454 732 542 789 cogor
562 719 718 790 rependero
740 734 814 788 eam,
838 737 927 793 quam
1288 679 1403 739 CAPUT
1423 680 1515 738 XXX·

81 803 158 872 apud
173 803 244 860 alios
262 813 398 876 expertus
422 821 486 863 sum
507 807 722 879 benignitatem.
751 812 829 868 uuae
844 828 928 867 aruo-
1017 804 1102 861 Vltus·
1129 807 1153 859 l.
1168 833 1205 845 -
1221 805 1340 859 Cernens
1360 810 1449 860 aulem
1468 806 1567 861 liucbel
1586 806 1660 875 duod
1680 808 1828 875 insecundo

82 893 121 947 bit
135 909 176 947 me
188 896 326 949 virmeus.
343 895 507 952 intellectus
523 897 573 965 alt,
589 898 637 953 cui
660 898 762 955 attinet
784 899 928 958 interioris
980 899 1056 962 erret,
1073 893 1175 949 invidit
1190 896 1294 961 ⁸⁰r⁰r53
1308 896 1400 965 “illue
1419 897 1519 951 malim
1536 910 1542 950 :
1560 897 1605 949 Da
1623 897 1691 951 mili
1718 898 1826 966 ῑῑῡθιθδ,

81 981 206 1038 bominis
220 983 352 1052 ducatus,
369 986 484 1054 repulso
504 984 635 1042 laborum
651 987 774 1056 lastidio,
806 989 836 1045 in
867 991 928 1061 ipso
980 983 1103 1052 alioquin
1130 984 1243 1038 moriar.
1273 984 1372 1039 Rachel
1398 984 1646 1053 quodiutecuudu
1668 986 1711 1056 [sit
1741 990 1831 1041 sorori

81 1071 240 1128 dilectionis
265 1087 363 1131 amore
395 1075 563 1145 respirabil,·
594 1084 622 1133 et
649 1077 704 1134 hoc
732 1078 815 1135 laciet
841 1080 927 1136 etiam
979 1072 1828 1142 inludet,(¹11¹ssm0ss⁸⁰0¹12⁸11¹ll¹³¹ll⁰lflfflefficailafflacli·

81 1174 169 1229 nunc,
183 1161 209 1216 id
224 1170 266 1219 εει
280 1161 309 1218 in
323 1163 428 1219 saeculo
445 1166 588 1234 praesenti,
610 1167 753 1223 cantando
774 1168 925 1226 videlicet:
980 1173 1084 1216 vorum
1109 1159 1235 1229 intuens,
1261 1167 1288 1216 θῑ
1313 1174 1400 1231 Oleli
1424 1160 1577 1232 aliquoties
1601 1162 1768 1231 aeffissllffll‘e
1803 1171 1831 1220 θῑ

79 1251 147 1304 nepe
165 1264 247 1318 quam
266 1250 364 1305 eonium
392 1256 417 1306 ee
444 1266 527 1322 quam
549 1253 702 1323 jucundum
724 1255 849 1311 habiture
862 1259 927 1325 l‘ru·
980 1247 1075 1304 laudis
1100 1248 1297 1319 prolusionem
1324 1249 1457 1305 miratur.
1498 1251 1552 1318 lu,
1576 1250 1682 1321 inquit,
1709 1252 1830 1309 ointel·

80 1339 176 1394 tresia
191 1354 274 1393 uuum
289 1339 392 1411 !(Peul.
409 1355 516 1407 cxxxii,
536 1343 573 1411 l.)
980 1335 1079 1404 lectus,
1107 1338 1299 1407 speculatione
1336 1338 1453 1408 gaudes,
1481 1338 1529 1394 sed
1563 1339 1643 1395 nullo
1684 1341 1831 1411 precipuo

116 1425 204 1484 Vnus.
226 1429 270 1482 33.
286 1429 457 1483 -Rursum
471 1433 600 1499 coacepit,
616 1435 642 1485 et
663 1434 769 1502 peperit
785 1434 881 1502 tritum,
902 1439 928 1490 et
981 1439 1066 1494 opere
1092 1440 1143 1496 per
1170 1426 1246 1482 bano
1272 1426 1419 1482 evidenter
1440 1427 1549 1483 emines
1575 1428 1653 1484 unde
1681 1443 1734 1485 nec
1765 1430 1830 1500 opi-

80 1515 144 1569 uit:
166 1515 240 1580 Quia
265 1515 374 1571 audivit
402 1519 536 1574 mutuus
561 1519 656 1574 lutei
682 1536 723 1575 me
750 1525 925 1593 contemptui,
980 1514 1076 1570 nionis
1089 1514 1194 1571 indicio
1208 1515 1340 1585 exempla
1359 1514 1519 1571 sanctitatis
1540 1516 1660 1586 praebes.
1683 1517 1771 1588 (luas
1789 1519 1831 1588 2.)

80 1603 158 1658 dedit
179 1604 250 1658 mibi
276 1606 359 1659 etium
385 1608 480 1674 istum;
506 1610 665 1679 occuritque
685 1625 780 1664 nomeu
800 1611 859 1680 ejus
879 1613 923 1667 st.
980 1602 1067 1671 Num,
1080 1602 1185 1673 inquit,
1201 1605 1274 1659 ratio
1294 1603 1371 1659 vices
1394 1604 1444 1659 Dei
1459 1618 1546 1674 penes
1566 1612 1592 1661 ιε
1611 1618 1676 1676 ago,
1693 1606 1744 1677 qui
1766 1606 1828 1676 prl-

80 1707 166 1746 mtou·
183 1692 321 1762 concipit,
345 1708 412 1751 cum
437 1694 560 1753 interius
583 1697 730 1769 proponit;
755 1712 821 1755 cum
843 1707 926 1757 exte·
981 1692 1061 1747 vavit
1075 1700 1100 1748 te
1120 1692 1217 1749 lructu
1230 1692 1339 1749 ventris
1354 1693 1406 1761 lui,
1424 1693 1507 1750 idest
1524 1694 1575 1764 qui
1592 1694 1711 1751 tibinon
1730 1695 1829 1752 indul-

79 1779 142 1836 rius
157 1780 347 1851 administrat,
365 1783 449 1852 parit.
468 1783 552 1840 tuac
572 1787 690 1854 ponitur
708 1800 760 1856 pro
786 1789 925 1858 iutelligit,
979 1780 1172 1837 sitsoleruan
1196 1780 1352 1851 corporalis
1375 1781 1517 1847 exerenti,
1543 1796 1609 1852 ouae
1624 1790 1770 1853 quantum
1792 1784 1828 1840 ud

80 1869 157 1925 unde
179 1869 333 1939 Apostolus
358 1886 424 1927 enm
449 1871 575 1929 diceret:
605 1876 744 1930 Animatus
768 1876 844 1931 ιοηιο
873 1892 926 1932 nem
980 1884 1067 1925 auras
1077 1869 1160 1925 lamae
1175 1869 1277 1926 attinet
1287 1869 1315 1925 in
1332 1871 1450 1927 modum
1460 1871 1569 1926 ventris
1588 1878 1631 1927 εει
1655 1870 1776 1942 fragilis,
1798 1881 1829 1930 ut

78 1960 197 2028 percipit
218 1973 250 2012 ea
267 1966 404 2027 quacum
418 1962 541 2033 Spiritus
563 1961 650 2031 Deill
667 1963 727 2019 cor.
748 1979 778 2031 n,
804 1965 858 2036 ll),
878 1966 926 2022 ad·
979 1958 1030 2014 tibi
1047 1971 1111 2014 mea
1126 1971 1198 2015 cura
1213 1959 1340 2015 conterat
1355 1958 1433 2029 quod
1455 1959 1515 2029 ipsc
1538 1960 1614 2015 Deus
1629 1962 1738 2031 negat‘?
1757 1960 1830 2019 Sunt

79 2043 152 2101 didit
167 2060 174 2101 :
191 2046 292 2119 Neque
306 2046 383 2104 enim
398 2049 490 2116 audit,
508 2050 536 2105 id
555 2058 597 2107 cst
611 2051 755 2124 intelligit.
777 2054 864 2110 audit
878 2070 927 2112 au·
978 2047 1055 2103 essim
1078 2060 1205 2117 (limium
1239 2046 1355 2118 ingenii
1375 2047 1608 2117 ⁰0ss10fflltl³li⁰ul
1638 2049 1826 2116 surrentum,

79 2139 137 2188 tem
160 2135 309 2204 pominus,
332 2151 398 2193 cum
419 2137 576 2210 intelligere
590 2154 642 2196 nos
659 2140 735 2198 iacit
751 2140 824 2208 Quia
844 2157 923 2215 ergo,
978 2135 1028 2190 seo
1052 2148 1172 2209 corpora
1199 2134 1319 2206 negotiis
1341 2135 1461 2208 agendis
1482 2150 1540 2192 uon
1557 2144 1734 2207 congruunt.
1754 2138 1826 2194 Con-

79 2221 136 2278 Deo
160 2222 329 2294 inspirante,
351 2225 539 2298 intelligimus
554 2227 654 2284 haberi
673 2244 725 2286 nos
737 2232 923 2303 contemptui,
978 2222 1125 2293 temptatio
1155 2223 1244 2293 igitur
1272 2223 1341 2279 dum
1382 2222 1465 2279 lamae
1502 2224 1642 2280 desiderio
1683 2226 1826 2296 pulsatur.

77 2307 101 2365 si
117 2322 170 2380 pro
193 2316 263 2366 113
279 2311 341 2368 sola
363 2313 553 2370 redhibitione
576 2316 640 2385 ejus
659 2317 791 2386 proximo
815 2318 924 2388 impen-
979 2312 1076 2384 (Vnus.
1097 2313 1134 2381 3.)
1157 2312 1256 2377 Habeo,
1276 2314 1376 2380 iuquit,
1402 2313 1537 2379 famulum
1559 2314 1666 2381 halom,
1687 2315 1830 2383 iusttdm

77 2397 182 2455 damus
204 2414 313 2457 munus
338 2401 486 2471 beneficii3
510 2403 559 2459 dat
583 2404 659 2461 Deus
678 2413 706 2462 et
730 2408 813 2462 tetum
835 2407 924 2472 fitium
978 2401 1096 2469 adeum,
1115 2401 1142 2456 id
1166 2407 1208 2456 est
1222 2400 1314 2456 habeo
1330 2400 1514 2458 secularium
1538 2415 1637 2458 rernm
1668 2403 1828 2473 scientiam,

77 2487 168 2555 nobis,
191 2488 239 2544 cui
265 2496 309 2545 est
333 2504 438 2546 nomen
464 2490 587 2558 Simeon,
619 2494 697 2563 quod
719 2494 925 2565 interpretatur
978 2503 1044 2560 (111ae
1058 2490 1122 2545 Ηθθῑ
1143 2489 1374 2560 salleflllael'llSO
1401 2490 1557 2559 subsideat,
1589 2491 1636 2547 cui
1665 2498 1697 2548 ¹ss
1722 2491 1827 2556 inhias,

76 2575 326 2632 oudioitbomiuus
341 2578 385 2635 vel
400 2579 513 2634 audieus
530 2582 768 2653 tristitiamque
798 2585 924 2641 inomni
977 2578 1118 2646 ingredere
1142 2584 1237 2633 tamen
1258 2576 1444 2634 immiscendo
1470 2586 1497 2634 te
1517 2579 1555 2646 ei,
1583 2587 1610 2636 ει
1632 2581 1829 2637 condescende

77 2664 155 2734 quod
168 2665 291 2736 agimus,
307 2680 365 2723 non
383 2667 541 2737 humanus,
557 2669 605 2725 sed
621 2669 738 2727 divinus
758 2673 924 2741 pensandus
977 2669 1015 2723 ud
1025 2683 1095 2735 cum,
1108 2681 1173 2738 quac
1189 2667 1289 2722 mundi
1301 2667 1408 2723 dicitur
1421 2667 1572 2738 sapientia,
1584 2674 1616 2724 ιιι
1633 2669 1728 2738 pariat
1740 2683 1829 2740 super

74 2759 118 2808 εει
132 2752 260 2822 auditus,
275 2767 327 2810 nec
341 2754 413 2825 quid
432 2755 536 2813 referat
552 2759 647 2824 bomo,
668 2760 716 2816 sed
736 2761 923 2831 cogitandum
977 2770 1073 2830 genua
1086 2770 1160 2824 mea,
1173 2756 1201 2811 id
1225 2764 1267 2813 0⁸¹
1281 2763 1313 2812 ¹11
1328 2755 1435 2812 inflexi
1460 2763 1552 2814 status
1580 2757 1754 2814 Γθθῑῑῑῑιᾶῑῐιθ
1777 2758 1829 2814 2¹1·

75 2848 118 2897 est
133 2841 205 2912 quid
220 2842 329 2912 placeat
350 2843 416 2900 Deo.
438 2845 474 2901 Ει
488 2846 615 2916 auditus,
631 2847 660 2904 id
681 2854 724 2904 εει
747 2863 850 2906 sensus
871 2851 923 2907 tri·
977 2860 1050 2916 quos
1078 2844 1148 2900 mihi
1175 2844 1286 2901 tructus
1312 2842 1413 2900 alferat
1440 2845 1606 2915 temporalis
1625 2845 1741 2902 letitiae.
1774 2846 1828 2902 Per

75 2929 168 2998 stitia,
185 2931 250 2988 licet
264 2945 370 3004 magna
386 2947 530 3004 geramus,
546 2936 642 2993 deesse
659 2952 717 2994 non
737 2937 828 3008 debet,
852 2941 923 3011 quia
941 2955 961 3010 q
977 2934 1086 3001 Baium,
1103 2948 1169 3004 qnae
1187 2938 1346 2989 uetustatem
1364 2940 1456 3000 sonat,
1481 2932 1632 2990 saecularia
1656 2933 1826 3004 accipimus,

75 3020 220 3076 nescimus
235 3027 334 3077 utrum
356 3034 453 3078 amore
474 3037 512 3078 an
526 3024 590 3081 odio
605 3025 686 3098 digni
707 3027 799 3084 simus
822 3028 921 3100 (tecle.
978 3037 1044 3093 uuae
1070 3029 1167 3079 vetera
1195 3021 1224 3076 iu
1253 3021 1401 3091 Scriptura
1430 3021 1614 3092 appellantur
1645 3022 1712 3092 (Col.
1743 3024 1768 3091 3,
1800 3022 1826 3094 9)

74 3121 114 3176 rx,
133 3109 170 3178 ll.
189 3109 240 3165 Ger
265 3116 372 3179 autem,
395 3111 482 3181 juxta
503 3113 580 3183 quod
608 3113 723 3185 legitur,
752 3116 825 3184 quod
847 3121 924 3174 uouit
978 3111 1075 3182 (Vnus.
1089 3110 1167 3181 i,5.)
1188 3109 1336 3166 intellectu
1348 3110 1436 3181 igitur
1451 3109 1482 3164 in
1502 3109 1660 3179 penetralia
1689 3109 1825 3180 scientia,

74 3197 287 3253 amaritudinem
297 3201 394 3254 anima
408 3215 473 3268 suec,
501 3203 531 3255 iu
549 3188 650 3271 gaudio
669 3203 728 3272 ejus
743 3201 801 3274 pou
825 3208 921 3261 misee—
977 3206 1005 3256 et
1026 3197 1192 3255 intentionis
1212 3197 1369 3265 saecularis,
1394 3204 1421 3253 et
1439 3196 1523 3268 quasi
1543 3196 1580 3252 ad
1601 3195 1754 3252 ancillaria
1777 3200 1825 3252 iu-

76 3285 151 3341 bitur
173 3287 278 3341 ulieuue
304 3286 393 3358 (Pecu.
408 3303 466 3355 xlv,
499 3292 553 3357 ld.)
578 3289 675 3361 (Vens.
707 3291 765 3363 34.)
797 3294 924 3365 Gmteeptt
976 3303 1078 3358 gresso,
1092 3289 1213 3356 concepit
1233 3292 1259 3342 et
1271 3289 1378 3356 peperit
1400 3287 1501 3353 filium,
1530 3284 1679 3356 proposuit
1706 3284 1823 3352 scilicet,

76 3376 165 3443 tertio,
194 3380 220 3430 et
242 3377 337 3444 genuit
355 3376 451 3443 ulium,
479 3376 629 3446 dicitque:
649 3380 726 3436 Nunc
750 3383 924 3450 copulabitur
976 3385 1004 3435 ot
1017 3375 1150 3433 exhibuit
1164 3389 1237 3446 opus
1253 3374 1392 3446 ineptum.

74 3463 142 3516 mihi
153 3465 198 3517 uir
224 3478 307 3533 meus,
323 3480 352 3519 eo
366 3465 439 3534 quod
463 3470 600 3536 guuucrim
615 3471 640 3522 ei
653 3474 707 3525 tres
725 3471 806 3540 illios,
823 3477 853 3538 et
875 3472 922 3527 id·
1012 3467 1098 3524 Vens.
1112 3468 1136 3520 u.
1154 3494 1189 3505 —
1204 3467 1277 3519 Dicit
1290 3478 1358 3535 ergo
1373 3465 1478 3518 Rachel
1495 3478 1501 3517 :
1517 3462 1660 3518 Judicueit
1674 3465 1744 3518 mihi
1769 3466 1825 3518 llo·

31 3614 36 3620 ,
75 3553 146 3607 circo
164 3553 314 3623 appellauit
336 3570 432 3610 nomeu
455 3556 514 3625 ejus
539 3559 613 3612 leui.
626 3558 692 3615 Levi
716 3558 923 3630 interpretatur
976 3558 1077 3622 miuus,
1090 3559 1116 3609 tl
1135 3554 1278 3609 exaudivit
1299 3567 1387 3608 vorem
1407 3567 1503 3620 meam,
1534 3552 1604 3607 dani
1631 3553 1701 3606 mihi
1716 3553 1825 3623 filium,

7 3630 11 3638 ’
74 3640 197 3697 additus.
221 3641 289 3699 Post
303 3643 413 3711 Rubea,
428 3643 478 3700 ubi
500 3646 693 3703 communiter
715 3649 845 3705 omnium
870 3649 923 3707 uti·
976 3648 1001 3699 tt
1015 3644 1116 3698 idcirco
1130 3643 1281 3712 appellavit
1296 3656 1392 3696 multu
1406 3642 1464 3711 ejus
1486 3641 1560 3695 Dou.
1583 3641 1695 3696 Dictum
1712 3643 1823 3709 Rachel.

73 3728 147 3786 litati
161 3731 339 3801 providetur,
358 3740 385 3789 ot
401 3732 524 3800 Simeon,
543 3734 592 3791 ubi
615 3735 666 3792 Dei
686 3736 842 3808 plusquam
867 3739 923 3795 ho·
975 3731 1164 3801 depravatum
1179 3729 1343 3802 cujuspiam
1368 3728 1602 3800 contemplatoris
1622 3728 1749 3800 intellige
1767 3744 1827 3786 sen·

74 3816 160 3874 minis
177 3819 296 3875 auditus
319 3819 489 3890 intenditur,
510 3829 585 3879 recte
607 3823 720 3880 additus
743 3825 826 3882 lertio
849 3825 919 3893 loco,
976 3835 1050 3878 sum.
1067 3820 1207 3877 iudicavit
1226 3819 1295 3874 mili
1319 3819 1402 3887 Deus,
1417 3818 1446 3873 id
1474 3824 1515 3874 est
1540 3817 1665 3874 levorem
1694 3817 1826 3886 prestitit

73 3906 126 3977 qui
138 3907 306 3965 Trinitatem
329 3907 482 3980 significat,
507 3913 671 3981 apponitur.
695 3911 772 3984 leuia
796 3914 921 3985 quisquo
975 3909 1053 3979 operi
1076 3923 1139 3965 meo
1169 3909 1255 3977 Deus,
1285 3908 1366 3975 dum,
1392 3906 1465 3963 sicut
1494 3919 1615 3973 mereor,
1647 3905 1827 3976 populariter

73 3994 195 4052 solaDei
222 3996 379 4053 intentione
401 4012 534 4068 operans,
554 3999 711 4057 electorum
736 4002 815 4069 sorti,
843 4003 921 4073 quod
974 3997 1086 4055 laudor.
1102 3998 1195 4053 Vocem
1206 3996 1358 4063 exaudivit,
1372 3995 1441 4051 dum
1451 3994 1624 4051 desiderium
1634 3994 1712 4065 qnod
1732 3993 1825 4050 babeo

72 4089 115 4140 est
135 4083 186 4141 Dei
202 4084 285 4153 visio,
306 4085 424 4144 indubie
443 4086 569 4143 additur.
600 4090 662 4144 ires
683 4096 754 4146 tunc
772 4090 844 4160 tilios
874 4091 920 4162 gi·
975 4087 1039 4143 aliis
1053 4085 1231 4159 proficiendi,
1249 4098 1336 4156 opera
1351 4098 1415 4140 mea
1438 4097 1471 4140 ac
1485 4083 1509 4139 si
1534 4082 1609 4139 hlios
1633 4082 1825 4153 exemplando

73 4171 146 4244 guil,
163 4179 226 4242 post
244 4172 350 4228 bonam
368 4173 446 4229 enim
462 4174 613 4241 actionem,
643 4175 779 4247 piamque
801 4186 919 4235 actuum
975 4176 1142 4246 tantamque
1157 4173 1362 4245 subjungendo
1375 4172 1537 4242 complevit.
1555 4172 1616 4228 Dan
1632 4184 1712 4242 ergo,
1728 4171 1757 4226 id
1782 4179 1825 4228 est

72 4259 269 4328 intentionem,
294 4262 377 4332 quasi
401 4269 463 4333 post
482 4262 554 4319 dnos
577 4263 659 4331 silius,
690 4266 806 4321 tertium
828 4266 920 4324 elabo
938 4256 1120 4335 Dinaretum,
1152 4263 1229 4319 tilius
1257 4261 1429 4333 appellatur,
1459 4260 1529 4331 quia
1557 4260 1717 4317 moundum
1746 4259 1824 4330 quod

73 4347 174 4415 rando,
190 4347 458 4419 proterimushonac
478 4350 599 4407 actionis
621 4352 790 4422 mercedem,
810 4361 838 4410 ει
859 4355 920 4425 jam
974 4367 1061 4424 opera
1090 4366 1144 4409 sua
1170 4351 1302 4407 saeculari
1330 4349 1518 4406 estimatione
1543 4348 1711 4415 laudantur,
1741 4355 1826 4418 putat

72 4431 234 4490 intellectus
248 4446 344 4501 verus,
373 4432 480 4491 scilicet
505 4438 636 4508 maritus,
658 4439 710 4509 qui
732 4441 831 4498 divino
853 4443 920 4498 ani·
974 4442 1050 4513 qnod
1068 4441 1108 4498 sic
1123 4456 1140 4497 a
1153 4442 1210 4496 Deo
1223 4446 1339 4509 accepta
1353 4438 1393 4495 uli
1407 4438 1444 4495 ab
1459 4437 1624 4494 huminibus
1638 4439 1702 4508 ejus
1714 4436 1825 4507 judicio

72 4535 150 4577 mam
165 4520 327 4593 impregnat
341 4522 449 4579 semine
467 4539 578 4582 memor
600 4528 665 4598 ejus
679 4530 757 4598 quod
773 4543 803 4586 se
825 4539 921 4588 manet
973 4530 1182 4602 approbentur,
1195 4535 1223 4584 ει
1238 4542 1288 4598 per
1309 4527 1457 4584 bominum
1477 4540 1528 4582 ora
1542 4527 1619 4583 Dens
1643 4526 1700 4595 ipse
1724 4525 1826 4596 loqua-

73 4610 193 4682 premii,
210 4609 246 4666 ad
259 4610 336 4681 piam
351 4624 381 4667 se
396 4611 527 4669 vivacius
539 4613 645 4686 ingerit
658 4617 810 4674 actionem.
974 4628 1033 4677 tur.
1050 4619 1147 4687 (vans.
1168 4622 1195 4685 ι,
1207 4616 1245 4687 8.)
1260 4619 1430 4685 itureamque
1453 4616 1521 4671 Buta
1543 4616 1694 4684 eunapieus
1715 4617 1824 4684 peperit

107 4698 193 4755 Virus.
209 4701 253 4754 ³5.
270 4728 306 4740 -
321 4699 425 4765 Quarto
448 4705 576 4772 concepit,
593 4708 619 4758 et
640 4708 748 4774 peperit
771 4707 869 4776 tilium,
895 4713 921 4763 et
974 4711 1164 4776 alterumque
1193 4721 1245 4775 quo
1267 4706 1308 4759 uit
1331 4705 1454 4760 Rachel:
1481 4704 1660 4773 comparauit
1684 4717 1727 4756 me
1751 4705 1824 4756 Deua

71 4789 135 4844 uit:
160 4788 238 4845 Modo
264 4789 408 4859 uctteocr
431 4792 548 4858 hemian»,
573 4797 599 4846 et
622 4793 654 4847 cb
674 4795 721 4849 ltoe
742 4800 849 4851 emovit
874 4811 921 4851 uo·
974 4809 1137 4852 cumeorum
1160 4808 1229 4862 meu,
1249 4792 1407 4864 etiauulut'.
1433 4791 1600 4848 Notandum
1614 4789 1692 4861 quod
1715 4790 1825 4861 cuique

71 4878 200 4947 mentius
220 4877 330 4943 iudum,
348 4878 514 4947 cessavitque
524 4895 632 4949 parere.
649 4881 721 4939 Cum
746 4884 782 4939 ad
799 4884 920 4956 gloriam
974 4898 1046 4955 pene
1058 4882 1155 4954 partui
1172 4881 1318 4952 conceptio
1334 4880 1523 4952 preponitur,
1537 4879 1608 4950 quia
1618 4878 1823 4948 perminimum

71 4973 207 5022 aetemam
231 4966 406 5035 venerimus,
436 4967 464 5022 in
493 4969 606 5038 quadro
628 4979 698 5029 tunc
723 4973 818 5043 positi,
841 4973 920 5044 quod
974 4978 1017 5027 εει
1042 4976 1191 5041 peccatum
1219 4970 1297 5040 quod
1335 4968 1417 5026 nulla
1449 4967 1663 5037 deliberatione,
1705 4966 1825 5039 solaque

72 5061 176 5124 quarto
201 5055 335 5125 signatur
358 5053 426 5123 lilio,
461 5056 489 5111 id
516 5064 558 5113 est
582 5057 753 5115 inconcussa
779 5059 920 5118 soliditate
975 5058 1199 5131 precipitatione
1226 5058 1337 5130 agitnr3
1361 5057 1540 5127 concipimus
1561 5056 1648 5123 onim,
1673 5070 1742 5112 cum
1765 5055 1823 5113 dis-

71 5140 201 5208 stabiliti,
227 5142 343 5209 ludam,
358 5142 387 5198 id
401 5151 443 5201 εει
471 5153 609 5203 aternam
624 5146 869 5218 'glorificationem
893 5157 921 5206 et
975 5148 1121 5218 ponimus.
1141 5149 1210 5205 itala
1228 5148 1344 5203 alterum
1363 5147 1451 5217 parit;
1467 5153 1495 5202 et
1508 5144 1694 5215 Nepbtbalia
1716 5145 1824 5202 Rachel

71 5228 156 5285 corde
170 5230 357 5299 concipimus,
372 5238 401 5288 et
419 5231 521 5290 ellectu
537 5233 650 5290 infinito
670 5235 809 5304 parimus.
832 5237 921 5294 ludas
974 5245 1106 5305 vocatur,
1123 5251 1189 5293 cum
1205 5234 1346 5306 sapientia
1361 5234 1462 5290 muudi
1479 5234 1527 5290 liei
1550 5233 1722 5304 sapientiam
1743 5234 1825 5291 adul·

70 5316 148 5374 enlm
163 5317 357 5389 veleoufiteua,
373 5320 417 5376 vel
439 5323 595 5391 glorificum
619 5322 734 5380 dicitur.
760 5326 848 5395 Modo,
876 5325 919 5383 in·
975 5326 1066 5382 terina
1089 5326 1277 5392 contundens,
1302 5323 1417 5380 dilatari
1442 5323 1592 5394 quaeritin
1621 5323 1768 5392 laudibus,
1796 5332 1824 5382 et

71 5405 145 5476 quit,
166 5405 194 5461 id
209 5414 250 5462 est
262 5407 358 5464 iubae
372 5401 539 5473 aeternitate.
556 5424 621 5480 qua·
635 5424 686 5481 per
704 5426 830 5482 praesens
850 5421 920 5471 lem·
975 5414 1136 5485 comparari
1156 5414 1290 5481 laudatis,
1311 5413 1482 5469 haecomnia
1497 5425 1659 5484 agensnon
1682 5426 1753 5469 vera
1778 5413 1824 5469 al-

71 5508 127 5566 pus
140 5508 269 5567 congrue
282 5496 629 5570 designatur,ooatttebcr,
644 5499 674 5558 id
689 5509 733 5560 εει
746 5502 921 5561 sacrificium
975 5503 1104 5573 lectione,
1118 5501 1295 5560 sednomine
1317 5501 1388 5558 ialso
1411 5500 1527 5571 Rachel,
1548 5501 1634 5560 idest
1654 5502 1826 5575 contempla
