3818 6008
501 107 678 167 dualitati
701 110 733 166 lll
753 106 913 178 GENESIN.
932 140 964 147 -
981 109 1046 165 lta.
1068 107 1120 165 [ιι.

56 245 209 302 meandum
226 245 302 301 bunc
323 250 424 314 typum
438 244 527 300 animi
546 246 801 313 commatrum
820 245 940 310 Avivit,
960 245 1043 301 vobis
1062 244 1233 316 proponitur
1257 245 1438 303 imitandum.
1463 248 1550 314 Quasi
1568 249 1641 304 olera
1658 252 1704 306 oi-

56 335 120 406 luod
138 333 254 391 virtutis
275 333 364 388 robur
378 333 543 388 venerimus
564 340 591 389 et
612 333 801 390 tentationum

56 437 98 481 ius
112 423 213 479 vexari
233 422 415 492 ruperimus,
431 421 629 479 adolescentiae
643 422 802 492 spiritualis

56 527 64 568 s
90 511 288 582 ingredimur:
327 510 403 565 ttndc
435 509 563 565 dicitnr:
591 511 654 576 Fili,
675 509 801 565 accedens

56 604 157 656 ritatem
173 603 229 666 Dei,
247 605 291 654 sta
306 600 334 652 in
347 599 461 666 justitia
475 603 500 652 et
515 601 619 657 timore.
636 603 661 652 et
673 614 801 668 prepara

56 695 168 744 atatam
188 688 225 742 ad
245 689 419 741 tentationem
439 686 527 749 (Eccl.
549 701 578 755 ιι,
600 687 636 754 l).
660 686 802 743 Cavemus

56 776 187 842 eiectum,
203 783 230 831 et
253 774 418 832 delectionis
440 775 617 845 exemplum,
641 774 710 845 quia
734 789 800 830 cnm

56 865 161 932 atione,
178 879 244 935 quae
262 878 313 919 nos
329 864 480 935 impugnat
496 863 632 919 vitiorum
647 862 800 933 insurgen-

56 969 70 1011 ι
99 955 205 1011 virtute
234 955 316 1024 qnasi
342 968 379 1009 ex
402 952 593 1008 adolescentia
612 953 802 1023 deprimimus

56 1084 63 1110 ,
90 1042 160 1099 dum
190 1056 305 1097 sensum
330 1041 501 1096 exteriorem
537 1047 565 1096 et
594 1041 801 1111 cogitationum

56 1131 186 1189 tationem
207 1143 317 1198 semper
337 1128 392 1185 nisi
417 1129 527 1185 ratione
552 1129 701 1184 trenentur
712 1143 803 1199 prona

58 1234 93 1276 us
121 1218 157 1274 ad
182 1218 310 1287 malum3
339 1217 468 1288 utrmque
494 1217 617 1288 propnae
645 1222 696 1271 5⁰
724 1224 802 1272 metu

56 1307 113 1364 atis
128 1308 226 1362 anima
249 1313 382 1377 suspecta
404 1313 697 1374 unamquamquam
723 1305 801 1360 adid

56 1396 115 1453 enti
139 1396 302 1463 deducitur,
330 1401 361 1450 ιιι
387 1394 546 1449 animantia
569 1393 677 1457 amnia,
703 1392 802 1447 vitalia

81 1485 188 1552 studia,
219 1484 246 1539 in
275 1499 304 1540 se
334 1482 448 1554 penitus
478 1481 666 1551 perimantur.
694 1483 802 1537 Cunctas

71 1572 166 1628 ιιιιιιιι
192 1577 279 1636 terra,
305 1572 333 1626 id
362 1578 404 1627 est
428 1570 594 1626 omnimoda
615 1568 801 1640 intelligentia

56 1662 122 1716 tatis
147 1659 365 1715 acininmitalis
391 1657 586 1726 unstradam
611 1656 716 1712 scilicet
738 1671 800 1712 eam

58 1756 102 1806 ter
144 1747 360 1814 attenderimus,
400 1749 535 1815 sementis,
566 1746 594 1802 id
624 1753 667 1802 cst
697 1754 801 1802 nostra

56 1837 145 1893 sionis
160 1836 251 1902 initia,
274 1842 298 1890 ιι
313 1837 418 1901 messis,
437 1834 514 1906 quod
536 1841 578 1890 est
599 1848 714 1891 summa
733 1848 799 1904 per-

56 1925 88 1992 is,
101 1924 230 1995 aliquam
249 1938 265 1979 a
287 1924 477 1981 tentationum
496 1936 648 1994 nunquam
669 1923 798 1993 requiem

56 2020 145 2070 antur
165 2013 270 2069 babere
291 2013 429 2078 molestia,
454 2011 557 2067 sivein
581 2011 685 2082 trigone
701 2018 799 2081 torpo-

56 2101 240 2174 negligentire
255 2101 429 2166 desidamus,
445 2114 495 2155 seu
517 2099 553 2155 ab
571 2099 656 2168 aquis
675 2098 798 2165 nivium,

59 2190 122 2248 llud
139 2191 203 2256 lob,
219 2190 255 2245 ad
275 2196 377 2246 astum
392 2189 458 2258 (dab
481 2203 555 2255 xxiv,
577 2190 633 2256 l9),
654 2187 739 2243 idest
762 2187 798 2242 ad

56 2292 71 2334 n
100 2277 247 2349 religionis
270 2275 392 2333 nimium
420 2275 596 2342 veniamus,
615 2274 660 2332 vel
693 2275 799 2332 mentis

56 2365 134 2422 ntula
156 2367 247 2421 instar
272 2365 379 2421 aestatis
403 2364 555 2420 serenitate
579 2363 728 2434 pollentes,
753 2363 797 2419 vel

56 2455 187 2511 matrimi
202 2453 374 2524 aegritudine
389 2452 424 2508 ad
445 2452 561 2509 modum
583 2451 683 2507 lriemis
702 2466 798 2507 cacu-

56 2585 59 2607 ‚
77 2550 128 2598 aut
142 2549 223 2598 nocte
239 2541 444 2597 adversitatum
462 2541 561 2611 pressi,
578 2546 628 2596 aut
647 2539 692 2596 die
714 2554 798 2610 pros·
818 2564 821 2569 ⁴

56 2629 79 2685 is
112 2628 197 2685 eliasi
221 2643 397 2699 quocunque
425 2634 502 2685 statu
531 2626 700 2695 vixerimus,
737 2628 798 2683 sine

59 2730 88 2785 a,
119 2716 189 2773 dum
214 2716 333 2786 spiritus
356 2717 407 2772 bos
429 2715 502 2787 regit
518 2722 609 2783 artus,
635 2713 798 2794 titillatione

56 2820 87 2862 in
105 2819 270 2876 possumus,
295 2811 328 2860 ut
346 2817 497 2874 nunquam
513 2804 547 2859 de
565 2803 671 2874 peccati
688 2804 796 2860 immu-
817 2845 837 2900 C

56 2894 219 2967 gaudentes,
234 2893 338 2950 iterare
352 2899 467 2963 peccata
481 2893 613 2949 velimus.

281 3034 397 3091 CAPUT
418 3035 467 3090 lx.

58 3199 65 3212 .
83 3161 108 3226 l,
124 3161 152 3223 ι,
169 3160 194 3212 3.
209 3187 242 3198 -
258 3144 454 3225 benedicitque
464 3159 532 3210 licus
544 3158 598 3212 Nae
611 3160 636 3210 ct
651 3156 798 3225 filiisque,

57 3247 206 3312 :Crescite
227 3250 252 3299 ιι
271 3246 503 3314 multiplicamini,
520 3250 544 3299 et
562 3244 663 3314 replete
687 3250 796 3313 terram,

56 3349 76 3388 a·
91 3338 188 3399 aester,
204 3348 236 3387 ae
253 3337 352 3388 tremor
375 3335 412 3387 sit
436 3339 627 3403 superexacta
646 3335 798 3388 animantia

56 3426 81 3478 ιι
96 3436 278 3492 superamare
293 3428 412 3476 uolucres
432 3420 492 3476 coeli
505 3437 565 3476 cum
578 3423 722 3487 urriaersis,
739 3436 799 3489 qua

56 3527 90 3566 ur
112 3512 142 3564 in
164 3515 247 3564 terra.
280 3510 376 3565 Omnes
398 3512 484 3580 pisces
498 3511 584 3563 maris
594 3511 690 3563 manui
704 3513 798 3565 uestra

58 3604 134 3654 sunt.
159 3601 195 3654 Et
210 3613 285 3653 omae
309 3598 382 3667 quod
404 3602 525 3652 mouetur
548 3603 573 3652 ιι
595 3599 664 3651 uiuit
684 3599 737 3652 erit
755 3613 799 3650 aa

56 3688 155 3743 eibum.
176 3687 220 3743 Αιι
233 3686 419 3743 obtinendam
434 3687 577 3742 internam
591 3685 723 3756 requiem
745 3686 799 3739 Nae

76 3774 181 3846 spiritu
207 3783 314 3841 nostro,
345 3781 373 3830 et
397 3773 472 3841 liliis,
502 3773 638 3844 operibus
666 3773 798 3829 videlicet

56 3863 266 3930 benedictionis,
297 3862 324 3919 id
353 3870 395 3918 est
423 3861 620 3918 exuberantiae
646 3862 797 3918 eonsilium

65 3953 187 4016 crescite,
208 3950 259 4020 ait,
281 3964 342 4020 spe,
358 3949 407 4005 sed
429 3964 465 4005 ne
490 3949 516 4004 id
538 3949 662 4005 inaniter
678 3948 797 4015 faciatis,

56 4040 177 4094 licemini
205 4039 278 4095 liano
303 4037 383 4108 prius
400 4052 495 4109 apere,
517 4041 543 4091 ιι
563 4039 661 4107 remae
687 4032 797 4103 temam,

56 4125 152 4184 alibus
174 4126 280 4183 scilicet
302 4125 403 4182 officiis
425 4132 561 4195 occupate
585 4124 799 4181 sensualitatem
820 4141 842 4194 p

56 4229 91 4283 n,
106 4220 133 4269 ιι
155 4220 242 4269 terror
264 4220 361 4282 uester,
383 4230 415 4269 aa
432 4219 530 4268 tremor
552 4216 589 4267 sit
611 4228 693 4283 suna
707 4218 802 4268 cuncta

56 4306 87 4358 ia
105 4307 193 4370 terra,
218 4302 301 4358 idest
324 4316 411 4373 super
434 4301 521 4370 vitia,
539 4316 605 4372 qnae
628 4316 663 4358 ex
691 4302 800 4358 anima-

56 4400 223 4458 uascuntur,
253 4404 311 4446 non
335 4390 412 4462 quad
436 4390 498 4460 ipsa
522 4390 713 4446 substantiata
734 4390 801 4455 sint,

56 4479 98 4536 eri
115 4493 149 4535 ac
172 4486 293 4536 tremere
315 4485 435 4549 queant,
458 4478 506 4534 sed
530 4477 607 4549 quod
627 4478 662 4533 ad
684 4477 803 4548 spiritus

55 4567 152 4625 itatem
177 4568 281 4623 vitiosa
308 4566 408 4623 terreri
448 4565 622 4622 conscientia
646 4580 740 4636 usque
767 4566 802 4621 ad

56 4670 107 4713 em
131 4656 231 4712 debeat
254 4656 390 4726 emperie,
415 4660 441 4709 ιι
463 4668 545 4724 saper
567 4669 656 4708 amires
684 4655 804 4708 uolucres

59 4744 78 4800 d
107 4750 149 4800 est
183 4757 270 4814 super
296 4756 409 4799 omnem
436 4742 600 4798 damonum
628 4741 802 4811 superbiam,

56 4834 173 4896 ιιιιιιιι,
199 4847 259 4900 qua
282 4830 400 4887 loedeac
423 4829 576 4886 carnaliter
613 4836 752 4886 mouentur
773 4829 803 4885 in

56 4928 191 4978 evestro.
212 4919 316 4976 Omnes
337 4918 437 4989 pisces,
462 4918 513 4989 qui
539 4917 741 4988 perambulant
756 4933 804 4973 se-

63 5008 155 5065 moris
184 5008 267 5079 (Psal.
296 5022 356 5074 rrrr,
381 5005 420 5076 9),
449 5006 543 5062 omnis
567 5005 674 5062 scilicet
696 5004 805 5076 ingenii

56 5107 105 5164 us,
123 5109 190 5165 quae
205 5094 348 5151 discernat
361 5107 494 5165 quasque
520 5093 623 5150 mentis
650 5093 803 5152 versutias.

56 5224 66 5252 ,
83 5184 111 5239 id
125 5189 168 5239 eat
181 5183 258 5253 operi
274 5189 369 5239 vestro
388 5181 472 5252 quasi
498 5181 616 5252 quidam
639 5180 802 5235 adminicu-

56 5269 166 5342 djuueti
182 5276 261 5337 sunt,
277 5270 328 5340 qui
341 5284 406 5341 qnae
419 5269 530 5341 agenda
551 5268 609 5324 sint
625 5274 803 5338 suggerunt:

56 5373 87 5416 na
108 5356 186 5429 quod
204 5357 245 5427 pii
265 5357 359 5428 operis
384 5357 469 5413 babet
489 5363 609 5423 motum,
637 5364 665 5411 ot
682 5369 720 5411 ex
750 5354 805 5410 ide

136 5456 277 5521 Parnon.
302 5455 404 5522 curt.

855 337 944 388 reuda
957 333 1064 388 tradidi
1074 335 1149 388 arabis
1165 337 1266 388 ornrriu.

893 450 972 503 linas.
994 453 1022 512 4,
1049 452 1074 514 5,
1100 451 1126 515 6,
1144 454 1170 503 t.
1200 479 1234 489 -
1262 452 1382 520 Eutresia
1408 453 1481 521 quod
1507 469 1616 509 carnem
1644 473 1704 512 cum

855 539 987 601 sanquine
1014 553 1067 591 non
1100 539 1225 592 comedis.
1259 539 1423 607 Sanguinem
1450 544 1520 595 enim
1549 546 1704 599 animarum

855 631 1006 681 uestrarum
1031 629 1170 696 requiram
1193 627 1226 681 de
1253 643 1336 680 manu
1364 633 1523 684 cunctarum
1545 630 1703 701 bestiarum,

855 719 880 768 et
903 714 936 768 de
958 729 1041 768 manu
1069 716 1193 769 bominis.
1223 716 1263 768 ι)ι
1285 731 1367 768 macru
1387 719 1443 769 uiri
1469 724 1494 769 ιι
1521 721 1621 785 matris
1645 723 1703 787 ejus

854 806 995 872 requiram
1019 805 1139 857 animum
1164 804 1289 857 leominis.
1318 805 1475 874 Quicunque
1497 807 1625 875 effuderit
1650 810 1703 863 lcu-

854 908 965 946 mauum
983 894 1152 960 sanquinem,
1173 892 1306 959 ιιιιιιιιιιιι
1325 897 1436 962 sanquis
1459 895 1545 949 illius.
1567 896 1613 951 Ad
1632 899 1703 952 ima·

855 984 944 1049 qinom
972 982 1073 1050 quippe
1098 983 1146 1034 ilci
1174 984 1265 1046 sactus
1291 985 1330 1034 est
1352 983 1438 1037 leonto.
1464 983 1543 1037 Olera
1572 987 1702 1051 uirentia,

856 1069 936 1125 idest
951 1069 1041 1126 cruda
1069 1068 1145 1138 apud
1173 1083 1225 1123 nos
1244 1069 1306 1123 esni
1329 1076 1397 1138 apta
1424 1085 1481 1126 non
1512 1081 1594 1141 sunt;
1618 1077 1701 1144 quasi

855 1158 927 1213 alera
942 1159 1139 1228 ergocirentia
1155 1156 1290 1226 predicta
1309 1157 1407 1212 omnia
1426 1172 1443 1213 a
1464 1160 1519 1216 lieo
1539 1161 1622 1218 nabis
1642 1170 1703 1217 tra-

855 1245 976 1311 duntur,
993 1258 1058 1299 cum
1076 1258 1132 1299 non
1151 1258 1202 1313 pro
1217 1243 1348 1299 smarrlari
1365 1245 1520 1314 honestate,
1538 1251 1704 1307 nescientia

856 1341 1046 1403 peraguntur,
1081 1346 1133 1387 neo
1165 1334 1299 1387 bumana
1330 1334 1524 1390 delectationis
1557 1351 1645 1407 aqna,
1675 1348 1703 1395 et

856 1420 1020 1477 ambitionis
1048 1421 1114 1491 igne
1133 1427 1212 1476 cocta
1236 1422 1400 1487 salvuntur,
1426 1423 1474 1477 sed
1498 1437 1548 1493 pro
1573 1426 1633 1481 sola
1656 1426 1703 1482 in-

823 1518 946 1600 Bternae
973 1508 1032 1579 spei
1055 1508 1199 1564 viriditate
1222 1516 1366 1565 tenentur.
1391 1510 1435 1565 Sic
1451 1509 1540 1580 igitur
1554 1512 1704 1584 allegorice

856 1597 1024 1667 accipiatur.
1041 1597 1154 1652 Carnem
1176 1604 1271 1652 autem
1296 1613 1355 1651 cum
1370 1601 1503 1666 sanquine
1527 1614 1585 1655 nan
1607 1616 1704 1658 come-

855 1687 961 1753 dimus,
979 1684 1001 1740 si
1016 1685 1141 1741 carnalis
1155 1686 1309 1757 cujuslibet
1323 1686 1438 1757 culpam
1459 1687 1494 1742 ad
1522 1688 1704 1745 instituendae

855 1773 1018 1843 exemplum
1030 1774 1096 1829 vitae
1113 1788 1171 1829 non
1197 1775 1385 1841 assumimus;
1410 1776 1530 1846 sanguis
1544 1776 1620 1832 enim
1642 1792 1705 1847 pec·

855 1870 950 1918 catum
966 1870 1006 1918 est
1024 1877 1109 1930 :non,
1137 1863 1267 1932 inquam,
1291 1863 1399 1919 debetis
1423 1863 1529 1920 imitari
1558 1879 1702 1935 perversa,

854 1965 921 2005 cum
936 1950 971 2007 de
985 1965 1074 2006 manu
1091 1959 1264 2007 cunctarum
1280 1951 1447 2019 bestiarum,
1463 1952 1490 2007 id
1506 1960 1548 2008 est
1570 1953 1604 2008 ιιι
1619 1967 1704 2024 opere

853 2045 1026 2094 cunctorum
1052 2038 1228 2105 daemonum,
1247 2039 1297 2109 qui
1313 2040 1349 2095 ad
1376 2041 1554 2110 peccandum
1575 2056 1627 2098 vos
1650 2041 1702 2097 im·

853 2127 960 2198 palere,
977 2135 1085 2184 constet
1105 2142 1182 2183 anre
1204 2128 1280 2199 exigi
1306 2128 1457 2198 supplicia,
1479 2136 1506 2185 et
1529 2131 1564 2186 de
1587 2131 1703 2187 bomine

854 2217 904 2287 qui
925 2231 959 2273 ea
978 2217 1153 2287 perpetravit
1172 2216 1300 2288 exigitur
1321 2231 1421 2287 prena;
1445 2217 1564 2287 sanguis
1587 2218 1702 2273 anima-

853 2318 918 2361 rum
934 2319 1011 2361 mors
1024 2313 1066 2362 est
1080 2305 1227 2375 ipsarum3
1243 2319 1320 2360 mors
1335 2312 1431 2361 autem
1445 2319 1546 2362 earum
1568 2320 1702 2363 assensus

853 2393 1085 2450 delectationum.
1102 2397 1140 2448 ιιι
1152 2410 1235 2448 marcu
1248 2396 1303 2448 uiri
1323 2393 1351 2448 id
1373 2401 1415 2449 est
1438 2394 1571 2463 pastoris,
1586 2394 1633 2451 cui
1653 2394 1700 2450 vi-

853 2482 913 2538 rilis
942 2481 1033 2538 inesse
1063 2481 1146 2538 debet
1167 2481 1283 2538 animus
1307 2482 1343 2537 ad
1368 2474 1597 2553 restringendam
1619 2481 1701 2539 temi-

853 2583 936 2626 neam
952 2569 982 2625 in
1002 2569 1124 2626 subditis
1144 2569 1302 2638 mollitiem,
1325 2570 1447 2626 undeet
1469 2569 1612 2626 annulum
1633 2570 1703 2640 quia

851 2671 982 2726 sponsam
996 2656 1081 2714 babet
1096 2658 1169 2728 gerit
1192 2657 1351 2727 episcopus,
1372 2657 1515 2728 quaeritur
1535 2656 1702 2714 animabo

853 2745 947 2814 minis,
962 2753 994 2802 ιιι
1008 2745 1055 2801 cui
1071 2759 1191 2816 praeesse
1206 2745 1464 2816 impresentiarum
1484 2744 1636 2812 consensit,
1662 2744 1700 2801 illi

853 2841 911 2889 lam
939 2833 967 2889 in
994 2833 1122 2903 corporis
1151 2847 1239 2904 quarn
1269 2833 1297 2888 in
1323 2832 1437 2899 animae,
1470 2838 1610 2902 tanquam
1634 2846 1700 2889 curn
1751 2891 1757 2896 ,

852 2921 882 2976 in
900 2934 934 2977 eo
968 2920 1034 2976 inde
1062 2929 1192 2987 acturae,
1220 2921 1439 2977 necessitatibus
1463 2935 1520 2976 non
1545 2920 1635 2987 desit;
1668 2921 1701 2976 de

851 3026 936 3064 manu
957 3011 1056 3077 {ratris
1076 3009 1174 3065 anima
1205 3009 1357 3080 queritur,
1382 3009 1404 3064 si
1428 3023 1462 3066 ea
1482 3023 1548 3079 quae
1570 3009 1701 3079 proximo

852 3098 1072 3169 debeturJ'uxta
1094 3113 1146 3154 nos
1168 3099 1259 3168 posita
1284 3097 1393 3154 bomini
1417 3096 1530 3153 anobis
1548 3111 1619 3153 eura
1642 3111 1699 3153 non

853 3187 1043 3258 irnpenditur;
1072 3187 1095 3242 si
1123 3187 1199 3244 enim
1225 3186 1401 3259 negligentia
1424 3193 1521 3242 nostra
1550 3193 1658 3256 pereat,
1685 3200 1701 3242 a

854 3275 1012 3345 nabisjnre
1036 3275 1210 3346 requiritur:
1233 3278 1393 3343 ιιηιιιιιιιιι
1410 3275 1557 3329 humanam
1579 3274 1700 3332 etlundit

854 3363 903 3434 qul
919 3362 1045 3434 aliquem
1061 3364 1090 3419 in
1106 3371 1245 3434 conceptu
1260 3363 1369 3434 peccati
1383 3363 1572 3420 lluctuantem
1586 3363 1699 3419 suasio-

852 3452 940 3508 nibus
962 3453 997 3508 ad
1027 3452 1266 3523 perpetrationem
1288 3452 1378 3522 cogit3
1410 3451 1440 3507 ιιι
1463 3459 1558 3507 autem
1589 3452 1617 3507 id
1643 3466 1699 3507 non

852 3539 944 3597 solum
967 3540 1126 3607 suadendo,
1150 3541 1197 3596 sed
1213 3547 1240 3596 et
1255 3539 1388 3609 exempla
1411 3538 1563 3608 praebendo
1579 3553 1586 3592 :
1602 3548 1701 3609 penset

852 3641 921 3698 ergo
935 3628 1069 3683 seductor
1081 3641 1169 3697 quam
1195 3627 1252 3683 Deo
1275 3626 1408 3696 supplicii
1431 3625 1533 3682 debeat
1551 3626 1699 3694 ultionem,

852 3716 904 3786 qui
919 3715 968 3772 Dei
981 3715 1012 3771 iu
1031 3715 1146 3771 homine
1158 3714 1301 3771 destruxit
1315 3714 1483 3786 imaginem.

889 3831 979 3887 Aliter
1005 3833 1165 3899 sanquinem
1196 3831 1344 3885 humanum
1377 3827 1509 3896 aliundit,
1550 3828 1602 3900 qui
1628 3830 1702 3886 alte-

853 3918 914 3975 rius
943 3918 1035 3974 latens
1057 3917 1162 3974 vitium
1190 3917 1366 3974 detrahendo
1384 3916 1503 3988 detegit3
1532 3917 1582 3987 qui
1605 3917 1702 3988 itaque

853 4005 1024 4061 utrumlibet
1050 4004 1150 4077 egerit,
1170 4003 1342 4074 sanguinem
1359 4005 1507 4073 proprium
1523 4004 1701 4061 tundendum

855 4094 978 4162 noverit,
1005 4094 1076 4164 quia
1099 4093 1150 4163 qui
1165 4092 1208 4148 vel
1232 4091 1322 4148 aliurn
1346 4091 1502 4161 seduxerit,
1528 4094 1573 4149 rel
1593 4093 1700 4149 crimen

856 4183 1019 4253 cujuspiam
1059 4181 1194 4248 emiserit,
1230 4180 1354 4250 idipsum
1387 4179 1542 4251 inlligenda
1582 4181 1700 4251 patitur,

856 4269 934 4340 quod
953 4269 1035 4325 alteri
1050 4269 1164 4336 inllixit,
1187 4282 1239 4324 nec
1264 4268 1291 4324 id
1313 4267 1430 4338 injuria,
1446 4284 1514 4325 nam
1533 4270 1639 4341 dignus
1661 4277 1704 4326 est

856 4357 1039 4425 discriminis,
1064 4355 1115 4427 qui
1139 4356 1282 4427 judicium
1308 4355 1363 4412 sibi
1391 4356 1496 4413 divinae
1527 4365 1650 4427 usurpat
1676 4366 1704 4413 et

857 4447 994 4502 bonorem
1016 4444 1113 4501 invide
1132 4443 1259 4500 intirmat
1284 4443 1428 4516 imaginis
1453 4444 1563 4515 quique
1587 4459 1703 4500 naevum

856 4534 947 4590 eidem
977 4533 1088 4605 irrogat
1110 4532 1317 4603 corruptionis3
1346 4533 1384 4586 ad
1403 4535 1549 4600 imaginem
1577 4546 1704 4602 namque

859 4624 911 4676 Dei
924 4625 1015 4689 faetus
1038 4627 1077 4676 est
1101 4623 1187 4677 bomo.
1217 4624 1266 4676 Vas
1290 4627 1380 4674 autem
1400 4620 1436 4676 ab
1451 4621 1496 4676 bis
1513 4627 1642 4676 extorres
1655 4634 1702 4689 pe·

857 4710 959 4778 stibna,
974 4712 1083 4765 crescite
1107 4709 1161 4780 piis
1181 4709 1327 4780 operibus,
1349 4710 1572 4779 multiplicamini
1593 4708 1704 4765 intelle-

857 4799 961 4864 ctibus,
985 4797 1165 4866 ingredimini
1193 4797 1228 4852 ad
1253 4796 1302 4851 Del
1324 4797 1433 4862 oculos,
1460 4810 1495 4850 ne
1519 4795 1704 4853 mulceamini

857 4887 937 4959 vulgi
964 4887 1113 4944 favoribus
1137 4901 1220 4956 super
1235 4891 1345 4940 terram.
1370 4891 1415 4938 51
1441 4884 1533 4940 idest
1556 4884 1705 4942 Christum

857 4974 1080 5032 constabilimini
1108 4974 1248 5041 landitus,
1262 4978 1287 5028 ιι
1310 4973 1416 5043 implete
1440 4987 1509 5041 eam,
1533 4972 1625 5042 ipsam
1649 4975 1705 5030 sci·

858 5064 923 5119 licet
937 5063 1044 5118 sanctis
1065 5061 1172 5132 pascite
1193 5061 1314 5126 actibus,
1331 5061 1382 5131 qui
1403 5061 1492 5116 esurit
1515 5061 1635 5117 salutem
1656 5077 1706 5119 ve·

857 5159 955 5208 stram.

895 5267 980 5321 Vens.
996 5268 1022 5332 8,
1039 5269 1065 5333 a,
1086 5269 1128 5333 lo,
1156 5268 1198 5320 ll.
1212 5296 1245 5304 —-
1263 5265 1324 5319 llaec
1346 5280 1451 5334 quoquc
1473 5263 1548 5319 alluit
1573 5265 1645 5320 Deus
1669 5265 1707 5319 ad

859 5356 922 5422 Noe,
938 5359 962 5407 cl
982 5353 1019 5407 ad
1037 5355 1107 5422 tilios
1123 5355 1187 5422 ¹ejus
1209 5368 1267 5407 cum
1289 5366 1341 5406 eo:
1364 5354 1428 5407 Ecce
1451 5367 1497 5420 eqo
1522 5357 1641 5405 statuum
1655 5367 1706 5420 pa·

1532 5456 1552 5512 ll

1653 98 1785 169 ιιι
