3818 6008
606 107 841 166 donatiuum
861 104 1014 167 uurtBStrt
1034 111 1100 169 tta.
1120 113 1166 170 Vl.
1382 117 1385 123 '
1675 121 1723 175 tau

56 255 65 296 t
81 239 268 297 delectatione
285 237 425 296 lavemus.
447 239 534 295 Porro
556 244 633 294 terre
652 239 824 297 miseremur
840 245 863 298 tt
878 245 954 298 nium
974 244 1051 310 mibi,
1066 245 1133 313 qnia
1152 244 1276 312 eqo-sodi
1287 248 1399 314 puteum
1412 247 1505 301 atum,
1521 246 1624 303 Idcirco
1638 265 1723 305 coca·

56 329 195 385 arrersati
219 343 321 384 sumus
345 327 472 395 advenae,
499 342 566 384 cum
588 329 700 399 corpori
724 336 821 385 nostro
875 335 919 385 tus
938 337 977 386 est
999 333 1071 387 locus
1094 333 1140 387 iiie
1160 333 1299 399 Bersabee,
1326 336 1391 404 quia
1410 334 1453 390 ibt
1472 340 1585 406 uterque
1602 337 1718 406 jurarit.

56 433 74 475 n
98 418 295 489 indulgemus,
322 417 349 473 in
374 432 434 488 qua
455 417 619 474 exbibenda
645 418 821 487 temporibus
875 421 910 473 Bt
923 421 1044 474 inierant
1057 421 1145 488 radus
1160 437 1209 490 prc
1223 428 1302 491 peteo
1313 423 1475 490 juramenti.
1497 425 1538 479 Ac
1557 427 1579 480 si
1595 425 1719 483 diceret:

64 516 170 564 nastrae
194 506 373 563 abstinentiae
397 521 453 562 non
477 506 633 574 domestici,
657 506 705 562 sed
737 504 821 575 quasi
876 505 985 563 Sanctae
1012 515 1040 563 et
1063 508 1220 578 spiritualis
1249 524 1319 565 meae
1348 511 1514 566 intentionis
1543 515 1721 583 propositum

55 596 115 663 nei,
130 604 158 652 et
173 596 291 652 advenae
315 595 434 651 luimus.
452 595 597 650 Abrabam
614 594 721 665 itaque,
738 595 820 651 intel·
875 593 1008 663 qnandiu
1023 595 1080 650 tuis
1090 595 1234 652 deservire
1250 597 1370 667 placebit
1389 599 1477 668 nugis
1492 600 1527 656 de
1542 615 1631 658 manu
1646 616 1733 670 mea,

56 685 134 742 tlitas
149 683 279 740 videlicet
292 691 399 751 nostra,
412 683 456 738 bis
471 697 560 754 qnam
571 682 738 752 simpliciter
752 697 820 754 sug·
876 681 903 736 id
929 688 971 736 est
991 681 1026 737 de
1047 697 1092 738 me
1113 697 1130 738 a
1150 691 1309 753 spontanea
1328 685 1532 744 deliberatione
1547 703 1604 743 non
1621 696 1721 746 extor-

56 771 206 838 ttlectitur,
216 779 244 828 et
258 771 418 827 secundum
430 785 464 826 ea
474 778 647 827 seacturum
659 770 819 842 pollicetar.
875 769 986 839 quebis,
1010 772 1060 827 sed
1075 774 1158 841 quasi
1175 772 1335 843 depositum
1352 773 1438 830 alieni
1450 777 1529 846 juris
1544 791 1721 834 conservan-

56 874 94 918 ιε.
112 861 157 927 24,
173 862 217 927 ιδ,
231 861 275 913 26.
291 889 325 898 —
339 860 411 928 Ego,
428 861 479 925 ait,
491 859 592 928 iurabo
608 861 763 929 :increpuit
776 864 820 913 ta·
874 858 944 913 dum
960 872 1017 914 nnn
1031 860 1259 916 consumendum
1282 862 1412 931 accipies,
1429 864 1553 920 solemus
1577 871 1626 920 84
1643 866 1720 922 enim

56 948 201 1004 ibimeiecb
214 951 327 1018 propter
345 953 456 1018 putenm
479 962 568 1018 aqna,
585 962 662 1016 quem
681 949 709 1000 ci
723 947 821 1002 abstu·
874 947 995 1004 scienter
1018 949 1151 1018 qnaedam
1176 951 1205 1005 in
1232 966 1284 1006 nas
1309 953 1385 1007 mala
1407 953 1566 1019 admittere,
1582 963 1720 1012 ettamen

56 1039 157 1092 taetri
179 1038 264 1091 itlius.
286 1037 403 1102 Nescioi,
428 1036 523 1106 inquit
550 1036 724 1103 abimelech,
759 1039 820 1105 quis
874 1050 932 1092 non
950 1037 1077 1093 deserere
1103 1037 1290 1095 intentionem
1314 1039 1470 1096 voluntatis
1498 1041 1589 1110 bonae,
1619 1051 1652 1101 ut
1673 1044 1718 1112 sit,

56 1126 150 1179 titane
165 1124 240 1179 rem?
259 1123 307 1178 sect
328 1128 353 1178 et
372 1129 401 1178 tn
415 1139 469 1178 non
483 1123 613 1178 indicasti
626 1123 704 1190 mibi,
729 1128 755 1179 et
773 1139 820 1193 ego
874 1124 978 1196 inquit,
995 1126 1025 1182 in
1041 1125 1234 1183 testimonium
1246 1129 1315 1184 mibi
1327 1129 1388 1198 ipsa
1398 1129 1510 1198 pietatis
1519 1129 1638 1199 allectio,
1650 1133 1721 1203 qnia

56 1213 147 1269 rudici
171 1217 269 1282 prater
292 1212 379 1266 nodie.
405 1213 512 1268 Puteus
532 1226 616 1282 aquae
640 1212 821 1282 profunditas
873 1214 1020 1283 quondam
1035 1214 1106 1271 mihi
1130 1215 1308 1272 discretionis
1331 1218 1509 1274 nescientia
1532 1219 1637 1276 iontem
1653 1234 1719 1277 car-

56 1301 217 1358 isereticnis
247 1314 280 1357 ac
304 1299 516 1370 intelligentia:
542 1301 621 1358 bunc
644 1301 719 1357 servi
744 1300 820 1372 regis
874 1301 1132 1360 natiumruderum
1148 1305 1230 1374 quasi
1247 1306 1399 1376 cujusdam
1416 1307 1532 1363 obsoleti
1548 1308 1629 1364 lacus
1644 1323 1720 1365 com·

56 1397 109 1445 ant
120 1402 188 1444 cum
206 1401 296 1458 prava
309 1387 451 1457 superbiae
466 1401 563 1457 opera,
579 1402 645 1458 quae
668 1387 721 1457 ipsi
736 1387 819 1458 qnasi
874 1393 1035 1462 paraverim
1048 1391 1193 1462 repurgio.
1215 1393 1321 1448 Patous
1332 1407 1401 1464 ergo
1411 1395 1569 1464 iuramenti
1586 1396 1664 1466 quod
1678 1405 1719 1454 est

56 1475 223 1543 leserviunt,
240 1476 394 1531 caecitatem
411 1474 493 1530 nobis
513 1475 624 1544 reprobi
644 1488 744 1530 sensns
764 1474 818 1531 im·
874 1479 1012 1535 Bersabee
1028 1480 1106 1536 locus
1122 1479 1168 1536 ille
1182 1480 1297 1547 dicitur,
1315 1482 1386 1551 qma
1400 1481 1439 1536 ibi
1459 1490 1580 1552 uterque
1597 1484 1718 1554 juravit.

57 1573 107 1635 nt;
130 1565 179 1621 sed
202 1564 335 1635 cogitatio
359 1563 483 1632 superba
499 1577 565 1619 cum
583 1563 643 1619 baec
666 1577 725 1619 saae
746 1579 818 1636 sug·
838 1539 858 1592 Β
874 1569 944 1624 dnm
959 1577 987 1624 et
1002 1568 1100 1638 aliqua
1112 1569 1187 1623 mala
1203 1568 1278 1625 intra
1292 1570 1396 1625 mentis
1410 1571 1506 1626 sinum
1525 1585 1561 1626 ex
1576 1571 1720 1629 industria

56 1654 95 1710 ini
111 1666 146 1709 ac
160 1652 181 1709 si
197 1651 372 1723 increpando
389 1651 569 1721 opponimus,
586 1665 615 1706 se
631 1654 739 1707 nescire
754 1651 821 1721 quis
874 1656 1068 1727 recipiuntur;
1089 1665 1116 1713 et
1136 1665 1229 1713 tamen
1248 1671 1283 1712 ne
1299 1659 1327 1712 in
1343 1658 1497 1728 reprobum
1516 1673 1600 1715 ruere
1616 1669 1720 1730 cogant

56 1749 67 1799 t
83 1742 141 1799 hoc
167 1740 327 1811 respondet,
350 1739 420 1811 quia
439 1754 497 1795 non
521 1754 575 1795 suo
598 1741 689 1796 reatui
714 1739 819 1796 ascribi
874 1758 1000 1812 sensum,
1017 1759 1054 1800 ex
1070 1745 1169 1814 aliqua
1185 1751 1263 1813 parte
1278 1754 1467 1815 respuuntur,
1482 1748 1640 1818 spondente
1655 1761 1720 1804 con-

56 1845 89 1901 rr,
113 1830 163 1887 sed
184 1844 237 1886 nec
261 1828 317 1885 illis
331 1829 509 1900 argumentis
533 1827 586 1883 sibi
602 1828 717 1898 probari
739 1842 819 1900 posse
873 1833 999 1888 scientiae
1020 1832 1134 1888 vitiose
1156 1833 1324 1890 nullatenus
1338 1841 1422 1906 extra
1438 1835 1567 1906 regulam
1583 1849 1719 1907 progres-

55 1933 103 1987 ur,
120 1918 197 1990 quod
211 1916 314 1974 mentis
328 1917 529 1987 perspioaeitas
540 1929 591 1986 per
605 1931 634 1972 se
645 1916 817 1974 obducatur.
873 1936 987 1986 suram,
1008 1921 1180 1977 conscientia
1203 1924 1391 1992 respondente
1414 1923 1525 1979 aditum
1550 1923 1596 1980 sui
1620 1924 1721 1995 gloria

56 2024 70 2062 r
97 2008 176 2061 bodie
191 2021 248 2062 non
272 2005 386 2062 audisse
406 2019 435 2060 sc
458 2005 535 2072 dicit,
562 2006 632 2075 quia
655 2005 696 2061 nil
719 2020 748 2062 se
769 2019 819 2061 sa·
874 2008 1036 2079 temporalis
1050 2009 1183 2066 occursui
1203 2017 1298 2079 utpote
1322 2011 1446 2067 bonestae
1470 2011 1509 2067 rei
1533 2026 1590 2067 non
1604 2027 1718 2084 negan-

63 2096 106 2153 nil
132 2095 291 2166 intelligere
314 2094 369 2150 nisi
386 2093 479 2161 bodie,
507 2093 535 2149 id
562 2094 723 2150 esttamen
748 2094 817 2150 laisa
872 2098 953 2166 dum,
979 2106 1075 2154 tamen
1104 2098 1176 2155 citra
1199 2113 1311 2155 omnem
1337 2099 1451 2155 inlamis
1475 2099 1567 2170 culpae
1594 2109 1714 2158 reatum.
1750 2118 1757 2129 ¹

56 2184 169 2241 catione
188 2183 293 2239 dirinae
317 2181 346 2237 in
360 2183 421 2238 suis
435 2182 571 2252 operibus
592 2181 816 2254 glorificationis,
873 2187 925 2242 Sed
941 2186 1144 2243 attendendum
1170 2196 1242 2242 esset
1268 2187 1338 2257 quia
1354 2187 1497 2244 modicum
1525 2189 1656 2245 iermcnti
1673 2198 1717 2246 to-

56 2273 162 2329 vandae
177 2271 344 2337 honestatis,
368 2285 435 2326 cum
450 2285 516 2327 vere
531 2271 688 2342 superbiat,
713 2279 740 2328 et
757 2272 817 2327 ina·
873 2282 930 2330 tam
958 2288 1079 2330 massam
1102 2275 1261 2344 corrumpit
1284 2275 1356 2344 (dui.
1381 2290 1409 2330 r.
1433 2278 1477 2347 til:
1500 2277 1716 2336 solemusenim

56 2360 205 2433 glorietur,
222 2359 361 2430 perbibet.
377 2359 472 2413 Hodie
486 2359 577 2426 audit,
593 2359 818 2430 quiaqnidquid
872 2364 997 2432 aspicere
1012 2362 1125 2434 aliquos
1140 2362 1169 2417 in
1192 2364 1299 2433 quibus
1316 2372 1343 2420 et
1366 2364 1501 2434 quaedam
1519 2365 1593 2421 mala
1608 2373 1715 2436 patent,

56 2454 123 2504 nest
144 2446 310 2518 simpliciter
330 2454 421 2503 totum
442 2461 476 2502 ac
497 2446 593 2503 lucide
612 2447 769 2519 intelligere
789 2462 818 2504 se
863 2458 899 2522 ¹et
918 2451 993 2507 bona
1006 2458 1101 2507 tamen
1123 2450 1222 2520 aliqua
1241 2452 1373 2521 retinent,
1399 2467 1452 2509 nec
1473 2453 1634 2524 cogitamus
1647 2455 1718 2525 quia

56 2549 116 2592 aare
131 2536 193 2592 sine
209 2535 269 2591 ulla
284 2534 398 2606 reprobi
413 2548 515 2591 sensus
527 2533 655 2603 seientia,
673 2549 738 2605 quae
753 2535 818 2593 ullis
872 2537 951 2593 aliud
968 2546 1009 2594 est
1028 2538 1194 2595 infirmitate
1213 2546 1264 2595 aut
1278 2538 1444 2610 ignorantia
1460 2540 1522 2596 illos
1536 2541 1714 2612 delinquere,

59 2622 85 2678 is
99 2623 219 2694 coargui
233 2621 331 2693 possit,
348 2623 459 2678 asserit.
492 2638 496 2645 ⁴
871 2625 950 2681 aliud
965 2640 1017 2682 nos
1032 2627 1156 2696 superba
1173 2627 1377 2684 deliberatione
1392 2642 1518 2699 peccare,
1538 2629 1618 2685 aliud
1632 2632 1717 2687 etiarn

56 2726 93 2769 as.
117 2713 163 2779 27,
187 2714 232 2766 28.
259 2741 293 2750 —
319 2711 392 2765 Tulit
414 2713 507 2779 itaque
532 2710 678 2765 Abrabam
706 2725 765 2765 coes
792 2716 819 2766 et
871 2713 1054 2769 naturalibus
1069 2714 1146 2771 vitiis
1159 2714 1232 2783 laedi,
1254 2713 1333 2772 aliud
1356 2731 1412 2771 non
1428 2717 1621 2784 naturalibus,
1640 2719 1718 2790 quad

79 2805 106 2855 et
126 2799 203 2853 dedit
217 2798 383 2865 abimelech,
406 2803 648 2868 percusseruntque
663 2798 741 2853 onoc
764 2801 814 2866 fae·
834 2807 913 2889 cest
928 2801 1063 2871 superbia
1077 2809 1105 2857 et
1125 2802 1292 2872 cenodoxia,
1309 2811 1408 2873 sponte
1431 2804 1534 2860 addici.
1550 2806 1584 2861 ln
1598 2808 1717 2862 maimo-

56 2890 82 2944 tt
99 2892 198 2944 statuit
213 2889 356 2943 Abrabam
370 2893 468 2956 septem
483 2901 569 2955 agnas
583 2889 673 2956 gregis
685 2901 814 2942 seorsum.
871 2889 926 2943 lam
941 2893 1062 2944 unimam
1081 2905 1136 2944 nan
1153 2891 1277 2945 introibit
1291 2893 1427 2961 sapientia
1449 2894 1527 2962 (Sap.
1552 2908 1571 2959 t,
1589 2894 1627 2964 4),
1650 2908 1716 2951 cum

56 2976 485 3032 tumoresetboresAbtmeteeb
500 2975 558 3042 dat,
576 2989 642 3031 cum
657 2975 818 3032 intellectus
870 2982 965 3033 tamen
992 2977 1132 3048 peccatori
1162 2991 1211 3048 per
1243 2978 1332 3048 ipsam
1360 2980 1529 3050 sapientiam
1555 2981 1714 3052 inspiratur

56 3065 204 3122 radmissc
224 3064 253 3119 in
278 3078 307 3120 se
325 3063 468 3134 snperbiae
492 3076 581 3132 regno
604 3060 817 3132 simplicitatem
871 3066 1048 3136 punitentia.

58 3193 67 3222 ,
85 3160 114 3209 et
137 3152 285 3208 charitatis
303 3151 484 3217 beneficium,
501 3150 579 3220 quod
595 3158 685 3206 toturn
700 3151 736 3207 ob
761 3151 816 3206 mi·
905 3154 1041 3210 Bersabee
1068 3154 1165 3225 itaque
1180 3162 1298 3213 vacatur
1313 3155 1401 3223 locus,
1428 3157 1496 3213 dum
1515 3157 1544 3214 in
1567 3159 1620 3215 bac
1635 3160 1717 3216 nela-

56 3250 189 3309 aturam,
212 3246 241 3296 'et
256 3238 369 3297 velleris
383 3239 590 3310 impensionem
606 3237 634 3293 in
648 3238 752 3294 ovibus
766 3253 817 3295 ac·
870 3239 913 3295 ria
928 3240 988 3309 Dei,
998 3248 1026 3297 et
1038 3240 1144 3297 diaboli
1158 3242 1234 3298 intra
1245 3257 1332 3299 unam
1349 3244 1476 3299 animam
1491 3244 1715 3314 participatione,

59 3343 84 3397 r,
100 3335 129 3385 et
143 3326 354 3398 predicationis
368 3326 503 3390 laborent,
517 3325 595 3396 quod
611 3325 640 3381 in
654 3326 747 3382 bobus
761 3341 816 3382 no·
870 3328 975 3384 misera
998 3329 1071 3386 ratio
1096 3329 1183 3401 sigere
1210 3330 1322 3399 nititur,
1348 3333 1424 3402 qnod
1451 3332 1510 3388 lieri
1533 3348 1590 3389 non
1616 3341 1715 3404 potest,

76 3416 131 3488 ipsi
153 3416 286 3473 videlicet
301 3415 530 3472 consumendum
553 3415 697 3485 superbire
723 3415 817 3486 prodit
869 3416 954 3487 quasi
970 3417 1086 3474 localem
1102 3426 1227 3475 statum:
1253 3419 1302 3474 sed
1324 3433 1381 3474 non
1404 3427 1446 3476 est
1462 3420 1642 3490 participatio
1658 3421 1716 3479 luci

56 3521 62 3561 t
96 3516 186 3576 quam
209 3502 381 3560 commodat.
414 3502 513 3557 Firdus
537 3502 614 3556 arnitc
640 3502 814 3573 percutiunt,
870 3505 905 3561 ad
933 3506 1074 3573 tenebras,
1102 3504 1216 3578 dillagit
1247 3507 1331 3577 plane
1357 3507 1410 3563 lux
1436 3508 1567 3564 tenebras
1596 3511 1714 3578 peccati.

56 3592 156 3649 mundi
175 3592 321 3648 arridente
346 3589 438 3661 gloria
452 3591 526 3646 ratio
551 3597 578 3646 et
592 3590 726 3660 snperbia
742 3590 816 3647 irre·
869 3593 973 3650 Ineunt
989 3593 1081 3651 loedas
1094 3608 1145 3664 pro
1160 3603 1246 3665 puteo
1256 3595 1423 3665 juramenti,
1440 3594 1509 3650 dum
1530 3596 1648 3665 quidam
1665 3597 1716 3669 qui

56 3681 146 3740 bilitcr
160 3680 354 3739 consentiunt.
370 3679 535 3737 Notandum
552 3680 630 3750 quod
648 3680 814 3737 abimelech
869 3696 921 3737 nec
934 3695 1032 3738 carere
1048 3682 1123 3738 vitiis
1139 3682 1240 3739 volunt
1253 3690 1281 3738 et
1296 3690 1391 3740 tamen
1406 3684 1442 3739 ad
1463 3682 1572 3754 flagitia
1590 3698 1648 3740 non
1665 3699 1716 3754 pro

56 3771 119 3839 icol,
141 3784 209 3826 cunt
232 3770 290 3826 dno
312 3768 369 3825 sint
389 3768 468 3835 vitia,
494 3767 534 3824 ita
549 3776 645 3824 tamen
669 3768 724 3825 sibi
748 3776 816 3826 sunt
869 3771 919 3826 Dei
944 3779 1032 3839 metu,
1061 3771 1109 3828 sed
1137 3786 1187 3842 pro
1211 3771 1307 3828 saeculi
1331 3773 1426 3841 potins
1441 3772 1559 3829 inlamia
1581 3773 1717 3830 devenire

56 3872 82 3916 :a
108 3865 141 3915 nt
165 3872 319 3930 nunquam
341 3871 359 3912 a
381 3856 539 3914 cenodoxia
565 3857 653 3925 possit
676 3855 815 3914 dimoveri
869 3859 1077 3928 mercantias
1097 3867 1190 3916 status
1205 3861 1278 3916 intra
1299 3875 1329 3916 se
1344 3869 1638 3932 nunquamstatnros
1658 3867 1715 3916 sta·

56 3948 113 4017 bia,
138 3946 211 4003 illud
226 3960 315 4018 quam
329 3945 456 4002 maxime
471 3945 548 4016 quad
568 3944 665 4000 Phiccl
681 3946 816 4016 princeps
868 3947 983 4016 bittunt,
1006 3955 1039 4003 ut
1061 3955 1164 4017 puteus
1183 3963 1240 4004 non
1266 3949 1409 4005 obruatur
1432 3949 1567 4015 scientie,
1591 3963 1642 4018 pro
1658 3962 1717 4019 qao

56 4037 112 4093 itus
142 4033 309 4091 abimelech
345 4033 460 4090 dicitur.
494 4033 656 4089 cenodoxia
689 4047 816 4104 namque
868 4034 951 4092 irrita
965 4049 1033 4092 mox
1048 4035 1148 4092 lutura
1176 4044 1204 4092 et
1227 4051 1309 4093 mens
1332 4044 1359 4092 et
1378 4036 1482 4094 vitium
1504 4038 1617 4093 sibimet
1630 4038 1716 4108 jura-

56 4123 199 4196 superbiae
219 4124 295 4180 vires
321 4122 351 4177 in
369 4136 399 4178 se
418 4121 523 4178 habere
539 4121 728 4192 dignoscitur,
743 4121 814 4177 dum
834 4132 856 4186 [t
872 4131 968 4180 menta
980 4124 1091 4181 dedere.
1101 4117 1157 4194 (Ex
1170 4139 1249 4181 rans.
1262 4126 1321 4194 33.)
1333 4125 1386 4181 Sed
1398 4126 1492 4197 surgit
1502 4125 1677 4194 abimelech,
1689 4133 1716 4182 et

67 4213 199 4270 rabidius
223 4226 273 4283 per
293 4209 452 4268 sanctitatis
470 4209 682 4266 simulationem
706 4209 814 4267 elevari
868 4210 963 4268 Pbicol
980 4213 1111 4282 princeps
1126 4212 1236 4269 militiae
1253 4211 1327 4283 eius,
1349 4219 1377 4268 et
1398 4221 1585 4270 revertuntur
1609 4213 1639 4270 in
1659 4222 1715 4270 ter·

56 4314 78 4370 r,
92 4307 203 4371 quanto
216 4298 329 4356 visibus
341 4298 492 4354 bominum
508 4297 648 4354 humilius
658 4312 813 4354 conversa-
866 4313 928 4355 ram
947 4299 1197 4369 Philistbinorum,
1220 4301 1291 4372 quia
1305 4301 1413 4371 peccati
1428 4302 1543 4358 initium
1559 4303 1646 4358 semel
1661 4303 1716 4358 ad-

56 4390 117 4460 plns
129 4402 199 4446 sane
214 4388 267 4445 sibi
285 4386 429 4444 contrabit
448 4386 558 4457 iniquae
574 4386 747 4444 valetudinis
762 4387 812 4459 qui
866 4388 986 4444 missurn
1011 4403 1124 4460 semper
1147 4389 1238 4459 seipso
1261 4390 1406 4460 potentius
1429 4390 1523 4462 surgit
1543 4392 1634 4446 animi
1654 4392 1715 4462 jam

56 4491 146 4550 quam
169 4476 220 4548 qui
246 4475 375 4547 superbit
391 4483 497 4545 aperte.
516 4475 569 4530 Per
592 4480 692 4544 septen
716 4482 812 4531 autem
866 4475 974 4545 captivi
989 4491 1136 4546 usurpans
1159 4477 1324 4549 imperium,
1348 4487 1375 4534 ct
1397 4479 1432 4534 ad
1450 4480 1644 4536 terrenitatem
1663 4493 1715 4536 nos

56 4562 250 4638 ,intelligimus
260 4563 439 4620 universales
453 4561 577 4633 Spiritus
586 4562 678 4617 sancti
689 4562 797 4633 gratias
803 4577 812 4632 ;
866 4565 942 4635 cogit
951 4566 1056 4621 reverti
1067 4565 1315 4633 Philistbinornm‚
1328 4567 1354 4622 id
1364 4568 1527 4637 estpotione
1537 4568 1713 4635 cadentium,

56 4666 162 4710 arsum
186 4651 351 4719 statuimus,
377 4665 444 4707 cum
466 4650 602 4707 attinente
625 4649 697 4706 alias
716 4651 813 4706 animo
866 4666 966 4708 eorum
990 4653 1097 4711 scilicet
1119 4654 1170 4725 qui
1187 4654 1254 4710 vino
1275 4654 1372 4727 gloriae
1386 4655 1543 4711 mundialis
1561 4656 1715 4712 debriatia

56 4749 105 4800 tter
127 4739 352 4811 superbiendum
367 4746 395 4796 et
410 4752 483 4796 vane
499 4738 683 4810 gloriandum
697 4752 812 4796 conser-
866 4743 943 4797 recto
966 4741 1116 4799 deviantes
1140 4757 1237 4812 sensu,
1255 4743 1284 4799 in
1310 4743 1422 4800 lunesta
1446 4743 1587 4799 maloram
1611 4744 1714 4800 discri-

56 4827 235 4887 liscemendo
250 4842 407 4884 censemus.
426 4826 480 4883 Sed
502 4826 572 4897 quid
592 4826 654 4882 haec
668 4840 812 4898 agnarum
865 4829 946 4885 mina
959 4830 1077 4887 cadunt.

56 4917 100 4975 etit
114 4915 259 4973 distinctio
272 4917 396 4973 miratur
416 4914 592 4981 abimelech,
609 4915 678 4986 quia
703 4921 813 4971 constat
902 4917 986 4975 Vens.
1012 4922 1056 4975 33.
1079 4950 1113 4960 -
1135 4920 1276 4975 Abrabam
1301 4924 1390 4974 autem
1408 4922 1545 4991 plantavit
1560 4922 1589 4975 in
1609 4921 1714 4976 Bersa-

56 5006 104 5065 tiat
129 5013 232 5077 tvpam
248 5004 366 5077 indigne
386 5018 497 5074 semper
515 5003 589 5060 terre
613 5003 696 5060 bonae
715 5002 812 5060 inten—
866 5005 910 5061 dee
934 5021 1037 5074 rreum,
1062 5014 1087 5064 et
1108 5011 1214 5063 occurit
1236 5008 1277 5061 ibi
1295 5023 1390 5062 nomen
1413 5011 1463 5065 Bei
1484 5012 1588 5074 eterni,
1609 5015 1634 5065 et
1657 5010 1715 5078 brit

60 5094 249 5152 consortium,
864 5094 972 5149 colonus
998 5100 1077 5151 terra
1099 5096 1324 5150 Pbiiistbr'narum
1346 5097 1439 5151 multis
1464 5097 1569 5152 diebus.
1598 5096 1714 5155 Plantat

56 5197 83 5240 s.
98 5184 145 5250 BB,
168 5183 213 5246 30,
234 5181 279 5249 ll,
301 5181 346 5238 32.
362 5210 398 5222 -
421 5182 494 5249 Quid
521 5181 584 5246 sibi,
611 5179 706 5251 inquit
718 5181 811 5235 notant
863 5183 1005 5238 abaciam
1017 5199 1120 5250 nemus,
1146 5198 1213 5240 cum
1231 5185 1291 5255 jam
1306 5184 1341 5240 ad
1357 5185 1455 5241 saeculi
1472 5192 1581 5243 tractus
1598 5186 1714 5244 animus

56 5286 107 5337 rar,
126 5285 197 5341 quas
212 5274 286 5327 stare
300 5272 393 5338 sensti
407 5267 543 5326 seorsum?
558 5270 598 5324 At
612 5269 676 5323 itte:
692 5269 808 5339 Septem,
863 5270 1051 5341 voluptatem,
1069 5272 1200 5339 incultas,
1222 5272 1414 5329 inextricabili
1437 5288 1534 5330 errore
1551 5275 1712 5345 perplexas,

56 5375 116 5428 raas
132 5361 250 5430 nepte
273 5359 306 5414 de
327 5374 410 5414 manu
428 5373 497 5425 mea,
517 5362 549 5412 ut
567 5358 624 5412 tint
642 5359 672 5413 in
688 5360 809 5414 testimo·
863 5365 891 5415 et
906 5372 996 5417 cacas
1010 5359 1196 5431 cogitationes
1220 5359 1279 5416 fixa
1299 5361 1360 5432 jam
1375 5362 1580 5420 deliberatione
1596 5363 1711 5434 gignit:
