3818 6008
110 280 160 333 'lli

554 276 586 331 V.
606 275 775 333 curarum
792 272 938 332 arbaris
956 276 984 333 S.
1005 275 1126 333 haute
1145 275 1192 332 hh
1212 274 1409 334 horldhhrd

112 407 302 480 dispositionis
327 406 480 478 sagacitate
508 407 668 474 mirandus,
704 422 770 463 cum
804 405 1259 463 innumerahnimeconvenit:
1280 406 1466 477 quiquidem
1493 406 1622 476 eorporis
1646 407 1771 478 pondus,
1800 408 1865 464 leni·
1896 402 1898 463 l

112 512 232 554 suarum
247 495 370 566 partium
385 503 468 566 gente
484 508 533 564 per
548 494 715 553 Sclavorum
730 497 875 568 regionem
893 509 958 565 pro·

112 585 197 641 ficisci
219 584 331 654 delegit.
358 582 448 653 Cuius
469 583 653 651 vocabulum,
671 584 888 656 quiasuperius
912 597 959 639 me

110 673 243 744 ignorare
256 671 415 739 dolueram,
442 686 494 727 nec
512 685 560 742 per
582 686 645 729 eam
671 674 779 731 discere
800 672 891 744 potui,
906 688 957 729 eu-

107 761 157 832 ius
178 774 240 816 esse
267 760 366 816 videor
392 760 542 831 interpres,
569 761 738 818 historiam:
756 776 806 833 per
826 768 955 818 costan-

109 849 173 906 dem
189 849 240 920 qui
265 849 294 905 in
320 848 368 905 ille
388 849 567 918 expeditione
591 864 657 906 eum
691 857 841 919 noverant,
865 864 958 920 eoque

108 937 154 994 usi
168 943 245 1005 sunt,
262 936 411 1009 attigimus
425 938 488 1008 ejus
502 938 632 995 notitiam
649 955 656 995 :
682 940 840 996 vocabatur
860 945 957 996 autem

108 1026 184 1083 idem
199 1025 340 1096 pretiosus
351 1027 404 1093 vir,
421 1027 565 1083 himarus.

146 1112 242 1187 [xlvi
258 1114 345 1186 Hepo
364 1116 490 1187 Magnus
507 1116 732 1171 strenuissimae.
758 1149 792 1157 -
809 1118 885 1173 luter
901 1130 956 1172 ειε-

107 1211 182 1260 teros
210 1201 363 1273 principes,
392 1203 507 1259 initium
547 1204 617 1261 mihi
645 1205 760 1261 videtur
787 1219 805 1261 a
833 1203 957 1275 Philippi

108 1292 183 1364 regis
198 1292 375 1348 Francorum
396 1291 484 1348 fratre
500 1293 620 1364 lingone
642 1294 745 1365 Magno
760 1293 933 1350 sumendum
947 1308 955 1360 ;

107 1382 169 1452 qui,
183 1381 235 1438 etsi
255 1382 290 1437 ab
309 1379 457 1451 aliquibus
480 1382 627 1451 opulentia
651 1396 684 1437 ac
706 1389 842 1452 potestate
855 1396 957 1452 praece·

106 1469 195 1538 ditur,
215 1469 288 1525 nulli
313 1477 409 1525 tamen
441 1477 584 1539 quantum
612 1470 648 1525 ad
682 1470 823 1541 originem
849 1476 957 1540 spectat

106 1572 280 1628 morumque
305 1557 475 1626 probitatem
490 1558 782 1615 secundushabetur.
809 1559 899 1629 Cuius
925 1557 956 1613 in

106 1647 195 1702 armis
218 1646 383 1713 strenuitas,
414 1659 481 1702 cum
505 1648 617 1718 generis
640 1647 787 1718 majestate
807 1647 954 1716 serenitas,

106 1743 210 1806 practer
236 1735 298 1791 haec
324 1734 411 1790 etiem
438 1749 507 1806 erga
536 1750 648 1792 omnem
679 1749 794 1791 sacrum
823 1735 955 1791 ordinem

107 1823 265 1891 humilitas,
281 1837 369 1895 quam
384 1838 444 1880 suae
471 1824 560 1893 ipsius
581 1823 770 1880 nihilominus
792 1831 954 1894 temperau-

107 1913 153 1969 tiae
165 1912 315 1968 condiebat
330 1912 473 1979 honestas,
494 1913 652 1983 justissime
677 1913 858 1983 predicetur.
883 1912 957 1968 lluic

106 2000 226 2071 quidam
241 2016 392 2072 procerum
409 2001 608 2057 innitebantur
625 2017 631 2055 :
647 2009 674 2057 et
690 2002 713 2057 si
729 2001 799 2072 quid
815 2000 955 2058 bellorum

102 2089 169 2161 J'ure
202 2090 301 2147 evictis
324 2090 505 2162 gentilibus:
535 2105 583 2147 eos
612 2091 741 2147 obtinere
766 2091 954 2161 contingeret,

106 2179 202 2250 ipsum
217 2179 270 2235 sibi
287 2193 381 2250 regem
398 2180 541 2249 praeiicere
554 2179 777 2235 meditabantur.

141 2267 227 2339 [XV]
250 2268 413 2339 Stephanus
432 2285 525 2323 comes
545 2267 706 2322 ditissimus
724 2284 759 2328 ac
782 2265 954 2321 liberalissi-

104 2371 180 2413 mae.
194 2385 230 2398 -
250 2357 316 2414 Post
340 2357 534 2414 hunc-comes
558 2356 719 2426 Stephanus
741 2356 785 2411 vir
808 2363 888 2412 tanta
904 2371 955 2426 po·

105 2445 194 2502 tentia
218 2445 356 2515 preditus
375 2444 493 2512 exstitit,
519 2451 551 2501 ut
577 2443 653 2499 lama
678 2447 796 2501 testetur
822 2448 864 2501 tot
887 2458 953 2500 cum

104 2533 210 2606 pollere
237 2533 363 2591 dominio
391 2533 584 2594 castellorum,
619 2539 691 2603 quot
720 2547 815 2588 annus
843 2541 954 2589 constet

105 2622 215 2679 honore
230 2622 364 2678 dierum:
387 2623 483 2693 cujus,
511 2622 581 2677 dum
601 2621 647 2676 hic
673 2629 780 2692 ageret,
798 2621 953 2677 admodum

105 2709 249 2766 excellens
271 2709 427 2766 liberalitas
455 2710 518 2777 luit,
546 2716 629 2781 grata
647 2709 716 2765 satis
741 2708 952 2779 personalitas3

106 2797 293 2855 consiliorum
307 2811 373 2854 vero
393 2797 588 2869 undecunque
608 2798 711 2854 librata
733 2798 904 2867 maturitas3
925 2799 954 2853 in

106 2900 204 2943 rerum
231 2886 410 2956 equestrium
436 2886 588 2953 industria,
615 2894 694 2942 tanta
717 2885 866 2942 nobilitate
889 2886 953 2957 lat,

1013 502 1100 550 tatem
1113 494 1176 565 lot,
1191 492 1344 566 levitatem]
1367 508 1454 565 quam
1477 496 1523 550 hic
1543 495 1687 553 habuerat
1712 501 1789 552 8⁸5
1812 511 1864 553 ro·
1894 486 1899 563 Ι

1012 582 1142 651 luntatis,
1159 583 1337 654 nimiamque
1352 581 1519 640 effusionem
1534 584 1663 655 pecunie
1679 584 1772 640 animi
1787 598 1864 641 escu-
1896 574 1899 623 l

1012 671 1152 741 leuticiis,
1185 687 1243 728 nou
1277 672 1339 729 siue
1361 671 1462 743 maiori
1487 672 1686 742 somnolentia,
1714 672 1864 730 celebriori

1012 760 1180 831 petulantia,
1196 760 1321 831 fluxum,
1339 774 1373 818 ea
1388 775 1448 832 qua
1464 760 1495 817 in
1507 761 1654 819 Dominiro
1669 761 1768 834 viguit
1781 775 1863 819 exer·

1010 850 1069 906 citu
1091 850 1303 919 perseverantia
1317 857 1344 907 ει
1368 849 1475 906 virtute
1497 849 1597 921 piavit.
1623 850 1671 907 lsti
1687 850 1760 907 adeo
1782 857 1864 908 natu-

1011 937 1110 995 raliter
1132 938 1218 995 insita
1240 938 1391 995 clementia
1406 939 1470 1007 luit,
1497 945 1530 996 ut
1544 939 1574 996 in
1597 939 1712 1011 eosqui
1731 953 1821 1010 penes
1834 954 1863 997 se

1010 1034 1122 1082 reatum
1150 1025 1318 1096 proditionis
1333 1039 1367 1081 ac
1389 1026 1533 1098 judicium
1562 1027 1661 1084 mortis
1687 1027 1861 1095 inciderant,

1010 1113 1109 1171 ulcisci
1124 1129 1181 1170 non
1205 1115 1326 1185 sineret;
1349 1115 1528 1185 quinetiam
1549 1116 1573 1173 si
1597 1121 1663 1187 qua'
1680 1116 1860 1180 accidissent.

1010 1218 1110 1261 eorum
1125 1203 1289 1260 infortuniis
1311 1204 1515 1275 illacrymaret.
1530 1203 1621 1276 Cujus
1641 1199 1761 1276 quidem
1776 1205 1809 1262 in
1823 1219 1862 1262 re

1012 1292 1065 1349 bus
1088 1293 1196 1350 bellicis
1216 1293 1348 1360 audacia,
1365 1300 1392 1349 et
1414 1301 1559 1364 quantum
1574 1294 1611 1351 ad
1630 1306 1737 1364 parvas
1752 1295 1862 1351 machi-

1011 1383 1150 1450 nationes,
1180 1382 1288 1452 quibus
1326 1383 1431 1440 multos
1463 1381 1563 1439 loedari
1592 1383 1751 1449 cernimur,
1782 1383 1861 1441 nulla

1011 1471 1146 1537 versutia,
1164 1472 1262 1527 hierita
1272 1471 1452 1540 laudaretur,
1477 1470 1533 1527 nisi
1552 1472 1727 1543 quibusdam
1742 1473 1861 1530 tacenda
1903 1528 1905 1537 ,

1011 1558 1232 1630 indignitatibus
1259 1567 1430 1630 urgeretur3
1461 1561 1539 1631 quod
1564 1567 1655 1617 totum
1677 1560 1741 1632 jam
1766 1568 1859 1619 mmen

1009 1648 1036 1703 ei
1054 1647 1212 1704 condonari
1238 1647 1331 1713 debet,
1347 1647 1416 1717 quia
1437 1663 1489 1720 pro
1511 1648 1555 1706 his
1575 1649 1741 1720 horumque
1755 1650 1859 1706 simili-

1016 1735 1081 1803 bus,
1113 1737 1168 1793 lieo
1193 1736 1217 1793 ei
1239 1737 1433 1807 temporaliter
1468 1737 1652 1806 retribuente,
1676 1739 1859 1807 carceralem,
1903 1749 1905 1813 ι

1010 1824 1116 1880 amisso
1130 1825 1208 1881 omni
1223 1825 1376 1882 comitatus
1389 1825 1497 1882 honore
1509 1825 1669 1883 custodiam
1682 1824 1773 1884 lohet.

1331 1913 1446 1971 CAPUT
1466 1914 1543 1972 lilll.
1903 1990 1905 1994 ι

1046 2000 1157 2072 [livii]
1179 2001 1251 2057 Cum
1273 2001 1394 2058 istorum
1415 2017 1488 2073 quos
1512 2003 1547 2059 de
1570 2017 1624 2060 sua
1643 2003 1773 2075 quisque
1799 2019 1858 2076 pro

1009 2089 1106 2145 vincia
1133 2104 1230 2146 secum
1261 2097 1389 2146 traxerat
1415 2091 1529 2161 inclytis
1556 2091 1719 2160 ordinibus,
1757 2091 1859 2149 medie

1009 2176 1102 2232 crium
1118 2175 1282 2246 principum
1296 2178 1367 2233 exiit
1382 2177 1547 2234 multitudo.
1569 2177 1699 2245 Quorum
1721 2193 1859 2236 numero-

1010 2264 1089 2330 sitas,
1106 2265 1176 2335 quia
1191 2272 1318 2321 uestram
1341 2265 1457 2322 videtur
1480 2266 1654 2323 obnubilare
1668 2268 1816 2334 notitiam,
1832 2267 1860 2323 iu

1011 2353 1144 2423 presenti
1160 2353 1359 2423 suprimimus,
1384 2354 1513 2411 habituri
1538 2355 1696 2422 meliorem,
1724 2370 1859 2426 processu

1010 2441 1146 2509 historiae,
1177 2441 1317 2512 quosdam
1354 2441 1475 2499 lorsitan
1512 2443 1695 2514 exprimendi
1728 2457 1857 2501 causam.

1010 2528 1102 2586 Unius
1118 2530 1206 2596 enim,
1225 2530 1328 2600 duum,
1351 2530 1449 2596 trium,
1473 2545 1525 2588 seu
1540 2539 1667 2602 quatuor
1686 2532 1860 2603 oppidorum

1009 2617 1139 2674 dominos
1153 2618 1219 2688 quis
1243 2617 1395 2675 numeret?
1420 2632 1545 2689 quorum
1572 2626 1650 2675 tauta
1676 2619 1859 2691 lueritcopia

1009 2712 1041 2762 ut
1057 2707 1106 2761 vix
1120 2705 1236 2761 totidem
1250 2706 1375 2777 coegisse
1391 2714 1508 2776 putetur
1521 2707 1630 2764 obsidio
1644 2707 1783 2778 i'rojana.

1044 2793 1084 2848 Eo
1098 2800 1224 2863 tempore
1244 2808 1311 2850 cuin
1337 2794 1412 2851 iuter
1436 2795 1518 2866 regni
1534 2796 1669 2865 primates
1693 2811 1783 2867 super
1806 2798 1860 2853 hac

1007 2881 1188 2951 expeditione
1217 2894 1263 2937 res
1291 2881 1380 2950 lieret,
1408 2889 1436 2938 et
1452 2880 1628 2953 colloquium
1655 2883 1693 2939 ab
1717 2883 1770 2952 cis,
1795 2866 1862 2941 cum

105 2974 273 3045 mobilitate]
307 2974 499 3045 praeeminuit,
531 2982 562 3031 ut
597 2989 665 3031 eum
694 2981 752 3031 tota
782 2974 831 3029 illa
856 2969 1131 3045 sanctacllugoue
1149 2969 1261 3041 llagno,
1284 2970 1337 3027 sub
1359 2969 1481 3040 Philippi
1505 2972 1581 3043 regis
1596 2971 1760 3041 praesentia,
1778 2973 1862 3034 Pari-

105 3064 217 3130 militia,
241 3077 308 3119 cum
329 3064 358 3118 in
386 3064 536 3132 procinctu
561 3072 660 3120 contra
679 3064 786 3119 'lurcos
808 3062 951 3129 existeret,

104 3152 271 3209 dictatorem
292 3151 400 3208 sibiae
424 3152 595 3224 magistrum
621 3151 744 3208 efiiceret
770 3150 831 3224 lah,
852 3150 954 3207 eiiece-

103 3240 162 3311 ritl.
188 3240 262 3296 lluic
280 3239 467 3311 sagacissima
489 3241 663 3296 laminarum
686 3254 760 3296 uxor
784 3246 951 3308 accesserat,

103 3343 169 3399 quae
183 3327 327 3385 Guilielmi
350 3328 472 3386 senioris
497 3328 580 3400 regis,
598 3329 648 3398 qui
672 3328 832 3398 huglorum
859 3329 953 3383 Scuto

103 3430 228 3488 rumque
247 3417 301 3473 sibi
327 3431 417 3487 regna
432 3417 555 3488 subegit,
573 3417 631 3472 lilia
645 3417 755 3472 lucrat:
772 3416 857 3486 cujus
881 3430 952 3486 pru-

102 3505 238 3574 dentiam,
269 3505 508 3573 munificentiam,
532 3503 742 3575 dapsilitatem,
761 3504 952 3575 opulentiam·

103 3608 160 3665 que
176 3595 200 3649 si
225 3593 344 3650 laudare
372 3593 506 3660 velimus
532 3608 633 3649 vereor
650 3607 685 3648 ne
712 3593 775 3649 viro
797 3592 951 3664 magnilica

101 3682 210 3738 nubem
233 3696 270 3737 ex
296 3681 428 3749 leminea,
458 3695 546 3752 quarn
565 3689 593 3737 et
617 3681 646 3736 in
673 3680 813 3738 viduitate
835 3681 951 3742 meruit,

102 3767 188 3824 laude
205 3769 341 3825 ieramus

138 3857 181 3910 De
209 3857 329 3913 lieberto
362 3854 547 3910 Fleadrense'.
585 3853 735 3928 Principes
758 3854 805 3910 itti
838 3869 950 3922 uxorea,

100 3943 300 4016 possessiones,
316 3947 376 4012 cic,
393 3943 606 4016 derelinquent.
622 3973 656 3984 -
671 3943 715 4000 Ad
733 3943 836 3999 horum
853 3956 953 3998 cumu-

102 4031 203 4088 landas
218 4033 303 4098 vires,
316 4032 458 4088 liebertus
471 4032 571 4102 junior
585 4033 716 4098 senioris,
731 4032 767 4088 ad
782 4045 868 4102 quem
895 4031 951 4086 im-

102 4121 241 4191 peratoris
255 4121 344 4177 missa
362 4128 404 4177 est
419 4120 548 4191 epistola,
571 4120 656 4187 iilius,
679 4127 736 4176 tota
756 4119 845 4175 animi
869 4121 951 4175 vira·

102 4209 186 4266 citate
213 4209 372 4281 dirigitur:
400 4218 427 4265 ct
452 4210 670 4266 Flandrensium
700 4208 879 4276 comitatum,
904 4208 951 4263 cui

1006 3056 1055 3113 siis
1070 3057 1234 3124 haberetur,
1266 3071 1361 3114 meuse
1387 3057 1553 3126 Februario,
1584 3059 1665 3115 tertio
1690 3060 1760 3116 ldus
1783 3060 1859 3132 eius

1006 3144 1083 3212 dem,
1113 3145 1183 3201 luna
1211 3145 1338 3216 eclipsim
1363 3148 1485 3216 patiens,
1511 3148 1692 3204 antehactis
1718 3149 1858 3217 medium,

1007 3234 1166 3305 sanguinea
1190 3233 1329 3303 paulatim
1356 3234 1441 3303 coepit
1470 3234 1563 3290 colore
1591 3235 1691 3300 velari,
1717 3235 1811 3294 donec
1829 3238 1878 3295 in·

1006 3322 1241 3379 cruentissimum
1266 3328 1324 3379 tota
1353 3322 1529 3379 horribiliter
1551 3330 1593 3379 est
1614 3337 1756 3380 conversa
1779 3326 1861 3383 rubo

1006 3425 1077 3468 rem.
1094 3415 1129 3467 ht
1151 3410 1200 3467 ubi
1221 3423 1334 3466 aurore
1354 3411 1523 3480 crepusculo
1543 3418 1656 3468 naturae
1673 3412 1768 3482 rediit,
1785 3415 1861 3471 circa

1007 3500 1100 3569 ipsum
1116 3498 1249 3555 lunarem
1259 3499 1402 3556 circulum
1417 3499 1550 3556 insolitus
1571 3500 1705 3570 splendor
1726 3502 1861 3561 emicuit.

1006 3588 1135 3653 Quadam
1150 3595 1246 3644 autem
1260 3587 1352 3643 aestivi
1373 3587 1428 3644 diei
1445 3587 1606 3657 vespertina
1625 3589 1757 3645 irruente
1778 3589 1860 3657 hora,

1007 3683 1086 3732 tanta
1110 3676 1146 3731 ab
1175 3675 1320 3745 aquilonis
1352 3675 1438 3747 plaga
1466 3675 1626 3746 elilagratic
1652 3677 1792 3747 apparuit
1830 3686 1862 3735 ut

1007 3764 1152 3834 plurimie
1168 3764 1302 3821 domibus
1323 3765 1385 3820 suis
1408 3779 1468 3821 sese
1489 3765 1679 3835 proriperent,
1695 3775 1861 3836 quaerentes

1005 3854 1126 3925 quinam
1150 3854 1244 3911 hostes
1263 3855 1425 3924 provincias
1454 3868 1522 3911 suas
1555 3855 1626 3911 adeo
1650 3858 1733 3927 gravi
1763 3856 1862 3914 ambu-

1004 3944 1095 3999 stione
1123 3950 1278 4000 vastareut.
1310 3943 1381 4000 llisae
1418 3951 1487 3999 sunt
1512 3951 1650 4013 preterea
1679 3957 1738 4000 non
1770 3946 1861 4003 multo

1006 4038 1069 4101 post
1084 4038 1222 4100 tempore,
1245 4045 1342 4087 mense
1362 4030 1455 4101 aprili
1473 4031 1562 4086 stellae
1586 4037 1683 4100 noctu,
1705 4032 1780 4088 acsi
1795 4033 1859 4103 plu·

1005 4120 1053 4175 ria
1067 4119 1152 4176 dense
1167 4119 1200 4174 de
1215 4119 1378 4177 caelestibus
1401 4119 1469 4176 labi.
1496 4119 1576 4185 Quod
1597 4118 1625 4174 in
1647 4127 1765 4176 tantum
1781 4120 1859 4192 apud

1006 4209 1156 4279 plerasque
1179 4208 1321 4264 Ecclesiae
1346 4216 1476 4278 portento
1500 4207 1602 4274 simile,
1627 4208 1706 4278 quod
1733 4217 1764 4267 et
1794 4210 1856 4278 tuit,

101 4299 195 4354 multa
221 4312 368 4355 armorum
393 4299 629 4370 magnanimitate
656 4297 817 4367 praetnerar,
839 4296 875 4351 ad
898 4297 952 4352 hoc
968 4285 992 4341 D
1007 4297 1139 4354 habitum
1153 4304 1204 4365 est,
1224 4303 1255 4352 ut
1271 4297 1384 4353 litanias
1400 4311 1450 4367 pro
1465 4296 1519 4353 hoc
1543 4296 1601 4366 ipse
1614 4297 1694 4367 (quod
1708 4299 1857 4371 signitica-

101 4393 256 4442 uteorum
279 4387 331 4457 qui
356 4401 406 4457 pro
421 4387 532 4444 Christo
557 4386 672 4442 exsules
697 4384 758 4441 sieri
773 4385 949 4456 delegerunt,

102 4474 258 4530 commilito
279 4481 407 4540 vocetur,
431 4474 573 4530 immutat.
597 4471 650 4540 Qui
674 4470 741 4527 huie
763 4471 841 4542 quod
863 4486 953 4542 crepe

103 4571 147 4619 rat
162 4562 275 4634 negotio
289 4576 377 4633 quam
401 4568 616 4632 perseveranter
640 4560 783 4627 institerit,
806 4567 951 4632 gestorum

102 4650 286 4722 presentium
314 4651 473 4721 prosecutio
499 4648 666 4705 declarabit.
691 4649 736 4704 liii
763 4663 868 4705 uxores
890 4648 952 4704 cla-

103 4739 242 4804 rissimas,
267 4752 333 4794 cum
355 4737 420 4793 liliis
444 4737 614 4809 gratissimis
637 4736 842 4809 relinquentes,
863 4737 952 4808 quid-

103 4828 176 4899 quid
200 4828 229 4881 in
257 4825 456 4882 allectionibus
474 4827 568 4896 majus
596 4832 649 4894 est,
678 4826 820 4896 proposito
843 4833 953 4895 postpo-

104 4923 225 4974 suerunt
266 4913 362 4969 exilio.
400 4915 439 4970 Dc
478 4915 636 4971 honeribus
667 4914 953 4984 possessionibusque

104 5004 218 5071 reticeo,
245 5017 311 5072 quae
335 5001 452 5072 quidem
480 5011 563 5058 extra
586 5016 638 5058 nos
659 5009 736 5058 sunt.
761 5001 813 5057 Sed
828 5001 877 5056 illa
891 5013 952 5057 stu-

105 5105 203 5163 porem
221 5089 304 5146 nobis
328 5096 486 5161 generant:
510 5089 654 5160 quomodo
687 5088 857 5144 maritorum
885 5103 954 5144 uxo

104 5192 239 5248 rumque,
260 5178 355 5234 sobole
374 5178 518 5234 mediante
543 5178 598 5233 imo
613 5176 813 5248 agglutinante
828 5177 952 5232 charita·

104 5273 157 5333 tes,
186 5267 246 5322 sine
270 5266 477 5324 alterutrorum
501 5266 627 5337 pericula
652 5266 688 5322 ab
713 5265 835 5321 invicem
856 5265 952 5323 divelli

106 5361 249 5424 poterant.

142 5439 240 5514 [KVb]
251 5440 363 5497 lieberti
373 5439 593 5498 Nortbmeaaiae
601 5439 720 5496 comitis
732 5439 842 5498 laudea.
858 5470 893 5483 -
903 5441 953 5499 De

105 5529 196 5601 nique
218 5528 375 5589 liebertum
396 5528 615 5588 Northmanuiae
638 5527 771 5588 comitem
795 5537 888 5589 tacere
902 5530 954 5589 rni-

1007 4392 1055 4442 tur
1073 4384 1177 4441 damno
1197 4387 1351 4442 avertendo
1373 4385 1566 4454 instituerent,
1590 4393 1618 4442 et
1641 4387 1760 4464 scriptis
1788 4395 1857 4445 tem·

1007 4489 1061 4544 pus
1080 4481 1109 4529 et
1123 4480 1258 4530 eventum
1283 4475 1436 4557 traderent.
1463 4475 1558 4531 Mense
1580 4488 1685 4531 rursus
1710 4477 1856 4548 Augusto,

1006 4569 1086 4619 sexto
1102 4562 1169 4617 idus
1185 4563 1325 4632 ejusdem,
1342 4569 1408 4619 ante
1423 4563 1489 4620 solis
1500 4578 1571 4634 pene
1585 4564 1765 4635 occubitum,
1783 4567 1858 4624 lunae
1904 4544 1905 4623 i

1007 4664 1074 4721 pars
1089 4663 1177 4720 prope
1193 4650 1285 4706 media
1306 4658 1348 4707 est
1372 4651 1401 4706 in
1425 4651 1615 4724 nigredinem,
1631 4653 1732 4709 multis
1746 4655 1858 4712 intueu-
1904 4690 1905 4711 i

1006 4737 1094 4805 tibus,
1137 4751 1231 4803 versa,
1264 4739 1313 4795 ubi
1338 4738 1502 4807 dicendum,
1527 4741 1604 4810 quod
1635 4740 1701 4797 licet
1729 4742 1803 4800 luna
1830 4743 1857 4799 iu
1904 4714 1905 4771 ¹

1006 4825 1172 4896 pleniluniis
1210 4826 1381 4883 naturaliter
1418 4829 1545 4898 patiatur
1578 4828 1763 4900 deiectiones,
1792 4837 1859 4889 sunt

1005 4922 1102 4971 tamen
1125 4915 1230 4985 aliquae
1255 4915 1377 4984 idipsis
1402 4915 1532 4974 colorum
1556 4918 1618 4989 eius
1646 4921 1859 4978 mutationibus

1007 5003 1212 5073 portensiones.
1230 5003 1310 5060 Unde
1333 5011 1361 5060 et
1385 5003 1415 5060 in
1439 5006 1685 5074 pontificabilibus
1702 5015 1732 5065 ει
1757 5022 1857 5082 regum

1008 5091 1093 5164 gestis
1106 5091 1211 5147 exinde
1225 5090 1314 5148 solent
1331 5091 1391 5148 lieri
1413 5094 1622 5153 adnotationes.
1645 5096 1715 5154 Visa
1739 5106 1810 5155 suut
1833 5099 1859 5152 et

1007 5180 1064 5235 alia
1078 5179 1215 5250 pleraque
1230 5194 1299 5251 quae
1313 5194 1433 5237 narrare
1447 5181 1673 5253 supersedimus.

1043 5265 1168 5339 [xtuli
1187 5266 1368 5324 Reimundee
1385 5285 1479 5325 comer
1493 5273 1525 5328 S.
1539 5270 1645 5344 epidii
1665 5272 1859 5344 proficiscitur

1007 5373 1072 5412 cam
1097 5354 1175 5411 tiliis.
1198 5387 1233 5396 -
1259 5357 1302 5413 hd
1327 5366 1490 5415 extremum
1520 5359 1615 5416 Sancti
1642 5360 1741 5434 Egidii
1767 5375 1858 5418 comes

1006 5444 1197 5513 Raimundus,
1222 5459 1280 5502 nou
1305 5447 1341 5502 ad
1366 5448 1412 5504 sui
1437 5448 1587 5518 vilitatem,
1612 5449 1662 5506 sed
1678 5464 1857 5520 prosumma

1007 5531 1136 5603 ponitur.
1165 5532 1230 5603 dut,
1268 5535 1339 5606 quia
1367 5535 1398 5593 in
1429 5551 1566 5611 supremo
1602 5538 1735 5597 Franciae
1774 5538 1857 5598 limbo
