3818 6008
69 255 121 308 327
513 250 545 304 V.
566 246 733 304 adiuuari
752 244 897 302 lucaris
916 245 943 301 S.
965 245 1084 301 baula
1102 243 1149 301 bb
1179 243 1373 301 novlcltrtro
1768 244 1821 296 328

71 382 234 455 signitica13
263 381 311 436 cui
333 377 432 435 semita
449 377 584 442 concinit,
607 390 672 446 quse
690 375 918 445 singularitatem
938 374 1042 442 Adici,
1059 381 1086 429 et
1107 372 1293 442 Apocalypsis
1310 379 1438 440 testatur,
1454 379 1481 427 et
1495 372 1609 440 Psalmi,
1635 387 1760 443 quorum
1777 373 1823 429 de-

71 561 185 616 cunctis
199 556 377 626 indignande
390 555 492 620 elevat,
509 553 559 623 qui
573 566 643 622 pene
657 553 713 607 bec
726 551 779 619 ipsi
796 564 825 605 se
841 564 921 606 cem·
976 548 1065 605 lucris
1091 564 1149 605 sese
1174 563 1319 605 exercere.
1343 550 1489 619 Frequens
1512 552 1588 605 enim
1614 550 1717 620 legere,
1744 550 1821 611 tiere,

71 654 162 717 parat.
180 645 289 700 Mordet
305 641 504 710 verouaoulcs
526 642 597 709 equi,
612 654 677 696 cum
701 638 859 707 corrumpit
874 637 921 691 ni-
975 637 1064 693 verba
1088 638 1135 691 [lei
1163 636 1264 692 audire
1293 636 1426 704 libenter,
1454 645 1481 693 et
1509 636 1616 704 dicere,
1643 645 1671 693 et
1698 651 1824 708 quaeque

71 735 171 788 mietas
193 731 366 801 arrogantia
384 729 412 783 in
435 728 531 783 animo
549 730 638 796 ipsam
663 726 707 781 sui
723 725 919 781 discretionem
975 725 1142 795 quibusque
1184 725 1318 781 sensibus
1349 725 1550 780 convenientia
1584 725 1632 795 pia
1665 726 1823 781 intentione

71 822 141 893 typi,
159 828 261 876 utnon
278 833 307 875 se
327 817 487 888 superbire,
503 816 550 871 sed
568 815 709 885 quidquid
726 815 761 870 de
775 828 804 868 se
816 813 920 883 glorio·
975 826 1069 882 agere,
1087 812 1195 868 deliciae
1219 820 1286 869 sunt
1307 821 1484 884 emergentes
1499 813 1535 869 ab
1560 813 1673 868 interna
1697 814 1823 883 pingue-

71 923 135 964 snm
150 907 265 977 cogitat,
285 906 337 960 sibi
360 906 481 960 aestimet
497 904 583 973 digne
608 909 775 971 competere.
793 902 922 971 Ungulas
974 901 1051 955 diue.

71 1011 122 1067 pro
141 996 310 1051 discretione
334 1007 437 1064 ponere
461 993 552 1058 novit,
575 990 625 1061 oiri
645 991 697 1046 scit
721 988 845 1045 vitulum
869 1004 920 1044 ne·
1011 989 1096 1045 Vens.
1117 990 1161 1043 tl.
1178 1019 1212 1027 —
1233 988 1372 1058 Nepbtoli,
1390 1004 1482 1043 curus
1496 991 1620 1056 emissus,
1635 994 1660 1044 et
1680 988 1750 1043 daus
1765 991 1822 1043 elo-

70 1084 176 1140 vellum
191 1097 301 1138 cornua
315 1090 342 1137 et
358 1081 485 1151 ungulas
500 1079 658 1149 producere
674 1078 757 1148 (Psoi.
773 1092 849 1144 cxvii,
864 1077 919 1146 Si).
975 1078 1041 1145 quio
1062 1075 1288 1144 pulchritudinis.
1311 1075 1441 1144 Nephtali
1465 1075 1571 1131 dieitur
1585 1078 1757 1130 conversavit
1771 1093 1821 1142 me,

71 1175 185 1244 Equum
201 1178 297 1227 autem
326 1185 378 1241 pro
402 1169 539 1238 superbia
564 1168 653 1223 solere
677 1166 753 1236 poni,
780 1167 857 1221 testis
879 1172 921 1220 est
974 1165 1018 1221 vel
1035 1165 1186 1232 implicavit
1196 1179 1246 1229 me,
1259 1162 1304 1218 vel
1319 1163 1448 1217 dilatavit
1462 1179 1512 1217 me.
1532 1166 1683 1234 Postquam
1695 1179 1823 1234 uanaque

72 1262 210 1332 psalmus
227 1261 277 1330 qui
301 1272 465 1314 ascensores
480 1270 623 1327 equorum
642 1255 810 1311 dormitasse
830 1254 922 1323 perbi-
974 1252 1207 1308 celebrevirtutis
1217 1266 1271 1306 usu
1283 1251 1383 1320 impios
1395 1253 1479 1320 Deris,
1490 1261 1521 1307 ut
1532 1266 1587 1306 non
1601 1254 1666 1319 sint,
1679 1255 1714 1309 ab
1725 1253 1824 1323 impie-

72 1350 119 1406 bet
143 1349 178 1404 ab
212 1348 405 1416 increpatione
429 1345 478 1400 bei
505 1345 589 1414 (Pscl.
615 1358 700 1411 cxxv,
717 1344 753 1411 7).
779 1345 812 1397 b't
840 1342 921 1396 cadet
976 1347 1031 1396 tate
1044 1346 1203 1406 conversat,
1220 1347 1247 1395 et
1262 1339 1322 1394 suis
1335 1353 1382 1395 eos
1401 1339 1547 1411 obsequiis
1568 1340 1705 1410 implicat,
1728 1355 1823 1397 conse

72 1451 197 1492 ascensor
209 1436 267 1504 ejus
280 1439 363 1496 retro,
380 1433 473 1498 idest,
488 1441 520 1487 ut
534 1433 604 1487 dum
620 1430 653 1485 de
669 1431 767 1501 gloriae
784 1429 922 1485 inanitate
975 1435 1097 1498 cruenter
1113 1432 1184 1481 ms
1200 1442 1251 1497 per
1264 1426 1444 1497 profectuum
1459 1428 1567 1498 gradus
1577 1429 1725 1484 charitatis
1739 1430 1824 1483 visre·

72 1525 211 1594 superbit,
237 1529 393 1583 evertatur,
418 1527 445 1575 et
459 1521 571 1575 decidat
596 1519 623 1573 in
652 1519 700 1573 ille
715 1519 792 1574 unde
819 1519 921 1574 avertit
976 1517 1087 1573 raiitate
1104 1515 1212 1570 dilatat.
1229 1514 1352 1584 Spiritus
1370 1529 1439 1586 erge
1456 1524 1561 1583 noster,
1579 1517 1629 1572 ubi
1646 1517 1707 1572 haee
1721 1518 1823 1587 attige-

72 1613 192 1670 ehtutus
207 1612 304 1665 iutriro
324 1609 437 1664 seacula.
461 1606 603 1662 Percussit
618 1605 693 1661 enim
711 1603 849 1659 Dominus
864 1601 921 1655 ini·
977 1605 1023 1671 rit,
1037 1605 1206 1674 cervusjam
1220 1603 1421 1672 potentissimae
1433 1605 1572 1659 adversus
1585 1605 1655 1660 vitia
1668 1605 1824 1674 majestatis

72 1702 161 1758 mices
186 1714 261 1760 suos.
288 1698 336 1752 nbi
353 1697 450 1751 minus
471 1696 625 1751 attendunt
647 1691 837 1763 insequentis
855 1689 921 1744 vite
940 1666 961 1721 B
977 1691 1114 1748 cornibus
1128 1698 1156 1746 et
1171 1690 1365 1746 subtilissimis
1382 1691 1526 1746 adomnia
1540 1691 1727 1748 discernenda
1742 1693 1824 1748 sensi-

74 1786 240 1857 posteriera.
256 1784 378 1853 Spiritus
395 1791 490 1839 autem
513 1790 609 1837 noster
624 1782 678 1837 ista
702 1779 818 1850 previde
834 1777 921 1847 dispi-
976 1782 1041 1847 bus,
1055 1787 1138 1835 entra
1152 1793 1180 1834 se
1195 1779 1335 1834 emittitur
1350 1793 1400 1848 per
1412 1779 1511 1846 saltus,
1522 1788 1547 1834 et
1558 1771 1735 1836 alacritatem
1750 1781 1822 1836 divi·

74 1873 162 1936 creos,
187 1879 273 1940 atquo
299 1868 469 1938 despiciens,
491 1868 612 1921 saturare
635 1866 686 1920 bet
704 1878 734 1920 se
756 1870 922 1932 exspectare·
977 1867 1291 1937 viaconremptauonts,
1306 1866 1356 1922 ubi
1372 1867 1469 1923 naorn
1483 1870 1587 1937 etoquia
1603 1869 1823 1938 cortvspvtcarc-

76 1960 132 2015 Deo
153 1958 205 2028 ipsi
222 1957 381 2027 pollicetur,
410 1955 480 2026 quia
497 1969 555 2025 que
568 1953 662 2024 magis
690 1952 795 2022 impius
808 1959 835 2007 et
858 1964 923 2020 ape
977 1957 1092 2009 tudiciis.
1111 1954 1179 2021 Quce
1192 1962 1301 2024 quanto
1312 1953 1365 2010 sibi
1382 1955 1458 2010 intre
1470 1956 1599 2025 gratiora
1613 1955 1729 2022 luerint,
1746 1964 1823 2012 tante

75 2055 149 2103 stata
163 2045 301 2116 superbit,
327 2058 437 2113 pauper
452 2050 530 2098 tauto
549 2044 643 2113 magis
660 2040 822 2096 incenditur
837 2039 921 2109 (Psoi.
977 2044 1091 2107 dulcius
1105 2056 1138 2099 ea
1154 2043 1286 2112 propinat
1298 2050 1324 2098 es
1339 2042 1411 2097 attis,

75 2151 105 2202 x,
122 2135 179 2204 23),
201 2134 236 2188 ad
256 2135 327 2189 bene
339 2133 485 2202 egendum
502 2131 607 2187 scilicet
622 2129 772 2200 purgatior
788 2127 923 2183 vividior·
1016 2131 1097 2186 Vens.
1123 2133 1167 2182 ai.
1183 2160 1218 2169 -
1232 2131 1317 2184 Filr'cs
1342 2144 1492 2183 accrescens
1506 2129 1615 2201 loseph,
1641 2132 1717 2199 fitius
1732 2146 1821 2185 accre-

76 2236 133 2292 que
148 2222 295 2284 redditur;
312 2227 339 2274 et
360 2233 425 2274 cum
450 2217 601 2274 saeculares
624 2216 668 2272 ille
682 2216 788 2286 glorias
805 2221 924 2285 presto·
976 2233 1060 2284 secus,
1085 2223 1111 2272 et
1134 2218 1245 2272 decorus
1270 2223 1389 2286 aspectu.
1412 2217 1516 2286 loseph
1542 2219 1750 2288 interpretatur
1771 2235 1823 2272 ev-

75 2306 162 2374 latur,
180 2307 231 2362 iste
254 2307 287 2361 de
316 2306 458 2374 salutaris,
475 2305 503 2360 id
528 2312 570 2361 est
584 2304 687 2361 Christi
714 2303 923 2372 exspectatione
977 2312 1121 2373 pmentvm.
1137 2309 1329 2376 augmentum
1346 2304 1435 2374 igitur
1449 2300 1525 2361 istud
1546 2307 1692 2374 accrescit,
1708 2315 1736 2363 et
1756 2321 1823 2363 rur-

76 2396 198 2451 laetallli·
214 2393 293 2449 Unde
310 2393 409 2459 David,
426 2393 477 2463 (lui
491 2392 525 2447 de
541 2406 574 2446 eo
595 2392 646 2462 qui
659 2390 811 2460 praevaluit
827 2392 855 2444 in
869 2403 923 2444 va·
977 2408 1027 2450 sus
1042 2395 1184 2456 accrescit,
1210 2407 1275 2448 carru
1300 2392 1370 2448 illud
1404 2393 1516 2448 coeleste
1540 2393 1658 2462 bonum,
1683 2409 1741 2465 que
1766 2395 1823 2449 solo

75 2484 165 2540 nitate
187 2495 240 2537 sua
265 2481 441 2551 loqueretur,
467 2480 596 2536 subdidit
616 2479 651 2535 de
676 2494 714 2546 se,
731 2478 776 2534 vel
800 2477 921 2544 Christo,
977 2497 1044 2538 vere
1058 2481 1256 2552 provehimur,
1272 2491 1300 2536 et
1315 2481 1344 2535 in
1360 2482 1463 2536 mentis
1478 2481 1560 2550 prius
1575 2481 1714 2537 desiderio
1728 2490 1824 2537 exten-

75 2571 196 2640 ejusque
222 2568 366 2623 similibus
381 2583 387 2622 :
402 2571 458 2635 boo
473 2573 573 2634 eutem,
598 2567 754 2621 sicutolivo
775 2567 924 2633 fructifera
978 2570 1067 2636 ditur,
1097 2576 1125 2624 et
1149 2568 1320 2623 certitudine
1345 2568 1478 2636 deinceps
1504 2569 1629 2638 quadam
1650 2569 1708 2638 spei
1736 2576 1763 2623 et
1778 2583 1824 2623 se-

77 2659 159 2728 (Psul.
176 2671 212 2723 m,
230 2659 255 2722 tl,
276 2654 329 2723 llll,
346 2663 399 2710 etc.
979 2659 1108 2713 caritatis
1134 2655 1300 2724 ampliatur.
1329 2655 1409 2711 Unde
1434 2655 1542 2711 Paulus
1560 2671 1566 2709 :
1582 2658 1694 2724 Nostro,
1719 2657 1822 2726 inquit,

112 2744 198 2799 Vens.
218 2745 260 2796 19.
276 2772 310 2781 -
332 2741 391 2796 6ιά
413 2743 548 2796 accinctus
569 2741 746 2810 proeliabt'tttt
768 2743 832 2794 aitte
854 2754 923 2806 tum,
979 2747 1144 2800 ceraversctie
1166 2746 1195 2797 in
1209 2745 1279 2797 cetis
1296 2743 1378 2812 (Phil.
1399 2758 1439 2810 lu,
1463 2744 1515 2813 to).
1537 2744 1570 2799 Et
1590 2759 1595 2797 :
1612 2744 1763 2798 Consedere
1778 2758 1824 2798 uos

76 2834 174 2900 etipse
193 2832 349 2895 accingetur
371 2833 528 2882 retrorsum.
556 2827 615 2883 Gad
640 2828 809 2881 latrunculus
833 2826 925 2881 inter·
979 2836 1045 2901 tecit
1076 2835 1105 2887 in
1131 2832 1279 2886 celestibus
1306 2832 1418 2899 (Eplrcs.
1444 2845 1473 2898 u,
1503 2831 1541 2898 6.)
1565 2836 1686 2902 Aspcctu
1713 2833 1824 2887 decorus

78 2924 216 2988 pretatur,
243 2930 293 2986 per
317 2930 402 2986 quem
429 2915 599 2986 intelligitur
629 2915 754 2970 carnalis
777 2914 922 2970 stinrulus.
944 2928 1030 3011 Cest,
1061 2919 1130 2990 quia
1156 2932 1281 2987 superna
1306 2918 1509 2988 speculatione,
1539 2919 1579 2975 uil
1607 2921 1691 2976 etiam
1718 2920 1823 2986 adhuc,

77 3005 132 3072 Qui
158 3005 303 3061 accinctus
323 3011 389 3059 ante
406 3005 467 3058 Dan
485 3004 642 3074 praeliatur,
667 3003 737 3074 quia
758 3002 882 3058 collectis
897 3009 924 3057 et
979 3022 1044 3062 cum
1061 3007 1182 3062 necdum
1199 3004 1286 3060 rebus
1306 3005 1413 3075 agitur,
1435 3007 1541 3062 clarius
1556 3008 1700 3062 esibilia
1715 3006 1822 3060 discur-

78 3093 215 3164 appositis
229 3092 282 3148 sibi
304 3106 339 3147 ex
356 3092 436 3147 inani
447 3099 563 3148 terruere
579 3091 700 3158 viribus,
718 3091 842 3146 lunaria
854 3089 924 3145 solet
978 3098 1072 3150 ruunt
1087 3108 1299 3164 supernarum
1319 3093 1416 3163 (Vens.
1442 3096 1497 3161 ii).
1521 3095 1574 3150 Sed
1595 3099 1823 3164 exasperaverunt

78 3182 250 3252 despumare
272 3180 419 3236 leteribus.
437 3179 514 3248 sepe
530 3180 617 3247 enim,
641 3188 668 3234 et
683 3180 766 3249 occasi
782 3179 924 3235 naturali·
979 3199 1047 3247 evm,
1063 3187 1088 3236 et
1099 3181 1219 3255 jurgata
1233 3186 1306 3247 sunt,
1319 3183 1529 3252 invideruntque
1543 3186 1569 3237 ei
1582 3184 1708 3238 laicales
1716 3183 1824 3254 jacula.

78 3277 131 3335 ter,
155 3267 314 3337 majestatis
339 3267 416 3322 illius
433 3268 590 3323 ventositas
613 3266 708 3322 retiari
723 3267 871 3323 consuevit
894 3265 923 3320 in
979 3272 1081 3327 Murus
1100 3269 1230 3326 Christus
1255 3269 1435 3340 intelligitur,
1463 3271 1589 3326 Salvator
1609 3271 1687 3326 enim
1711 3277 1826 3341 ponetur

78 3358 183 3422 labem,
209 3364 236 3411 et
263 3357 340 3425 justo
361 3356 407 3410 hei
428 3355 537 3424 judicio
564 3354 723 3423 improvide
742 3354 925 3409 latrunculus
979 3364 1054 3413 ioco
1077 3375 1170 3412 inuras
1204 3360 1280 3426 (isui.
1314 3373 1392 3426 xnrr,
1415 3358 1452 3429 2).
1485 3358 1577 3428 Super
1596 3359 1674 3416 huuc
1708 3373 1824 3415 murum

79 3445 131 3501 sihi
149 3445 200 3500 iste
215 3442 350 3509 occurrit,
370 3451 401 3498 nt
415 3442 466 3512 qui
490 3445 577 3498 [lenm
594 3443 782 3512 hominesque
805 3456 862 3497 nen
877 3456 942 3497 rev
981 3447 1045 3502 silice
1072 3446 1249 3513 discurrunt,
1276 3459 1341 3500 cum
1369 3445 1476 3501 inbrmi
1505 3447 1625 3516 quique,
1654 3453 1682 3502 et
1710 3446 1827 3515 tragiles

79 3540 171 3603 putat,
196 3533 226 3587 in
244 3546 296 3586 suo
320 3540 435 3601 repente
456 3530 610 3586 toedissimo
633 3544 702 3586 casu
726 3530 822 3586 videat
836 3543 923 3600 quam
980 3543 1084 3602 motus,
1111 3536 1174 3591 licet
1199 3534 1229 3589 in
1244 3534 1349 3591 Christi
1376 3533 1431 3589 dde
1446 3548 1476 3589 se
1497 3541 1572 3589 stare
1595 3534 1752 3599 confidant,
1774 3535 1827 3589 hac

78 3620 303 3678 nullnsexistat.
323 3623 396 3673 Abit
412 3626 506 3675 aulem
529 3618 655 3689 titillari
675 3618 791 3684 dicitur,
809 3619 878 3689 (lilia
899 3618 923 3682 ti
980 3632 1075 3679 tanien
1098 3621 1271 3678 confidentia
1286 3620 1434 3677 atiectibus
1456 3621 1553 3690 pravis
1567 3629 1595 3678 et
1616 3620 1764 3678 effectibus
1785 3636 1827 3677 er-

78 3711 129 3781 qui
145 3708 266 3765 interius
289 3707 367 3763 uitro
389 3721 501 3763 omnem
519 3706 635 3762 modum
658 3706 801 3777 gloriatur
821 3714 925 3774 apertae
981 3719 1056 3768 rant.
1084 3710 1137 3766 Sed
1164 3711 1228 3767 licet
1252 3710 1451 3767 lenocinentur
1474 3709 1719 3773 intellectualitati,
1748 3710 1827 3781 quod

78 3796 303 3868 impugnationis
317 3796 419 3852 turbas
441 3795 592 3850 insolentia
607 3795 710 3850 subitae
726 3793 852 3849 libidinis
869 3808 926 3848 mo·
980 3808 1022 3856 est
1043 3799 1153 3869 loseph,
1176 3813 1297 3868 eamque
1313 3798 1467 3865 mulceant,
1492 3811 1526 3854 ea
1548 3805 1644 3854 tamen
1665 3797 1828 3853 mulcedine

78 3900 146 3941 rere
171 3883 355 3955 permittitur.
379 3884 429 3939 ilis
450 3884 526 3939 enim
550 3883 601 3953 qui
622 3882 784 3939 voluntarie
808 3888 926 3951 peccant
981 3902 1039 3943 non
1055 3887 1197 3951 molliunt,
1214 3886 1263 3941 sed
1285 3885 1469 3941 vehementer
1483 3886 1519 3941 ad
1543 3899 1572 3941 se
1586 3899 1688 3941 versus
1711 3899 1829 3955 exaspe-

78 3970 282 4027 otlcudiculum
305 3970 484 4040 proponitur.
502 3974 656 4025 Retrorsum
671 3980 766 4026 tamen
782 3969 862 4039 prius
878 3983 924 4024 ae·
981 3984 1056 4033 rans.
1073 3973 1154 4031 Unde
1168 3982 1194 4030 et
1206 3973 1373 4044 jurgantur,
1387 3973 1457 4045 quia
1470 3974 1576 4043 repulsi
1592 3971 1720 4044 graviori
1733 3974 1827 4030 denuo

79 4059 216 4130 cluditur,
239 4059 308 4113 dum
324 4058 354 4112 in
376 4059 472 4113 animo
487 4072 549 4124 sue,
574 4057 620 4114 ⁰11i
636 4058 784 4128 hypocrita
808 4058 925 4114 dorsum
981 4072 1155 4120 contraeam
1179 4061 1320 4117 bellorum
1348 4061 1516 4131 repetitione
1538 4068 1702 4116 moventur.
1731 4062 1769 4117 lle
1783 4061 1828 4117 his

78 4147 174 4213 vertit,
191 4146 289 4201 multis
313 4145 393 4216 prius
408 4147 613 4216 cogitationum
639 4145 836 4202 moliminibus
855 4160 927 4201 con·
982 4151 1097 4206 filiabus
1118 4149 1224 4205 dicitur
1241 4165 1247 4203 :
1263 4150 1340 4203 Pilia
1354 4149 1405 4202 tibi
1417 4151 1502 4202 suat?
1522 4163 1601 4203 cova
1615 4163 1714 4218 cerpus
1734 4164 1828 4202 eorum

79 4240 168 4303 ceptae
190 4234 345 4303 voluptatis
365 4233 484 4290 allectus
499 4241 639 4301 armatur,
656 4235 802 4304 quomodo
816 4233 927 4290 callidis
947 4239 1066 4307 ptbccl.
1083 4254 1131 4305 vu,
1156 4239 1211 4305 ab),
1238 4236 1322 4292 idest
1345 4237 1485 4307 restringe
1500 4250 1627 4306 nequam
1646 4249 1734 4305 opera
1756 4234 1828 4292 atle-

79 4320 227 4378 effectibus
242 4321 403 4390 impleatur.
980 4327 1118 4383 clionum.
1140 4325 1273 4381 invident
1301 4339 1418 4395 queque
1438 4327 1464 4378 ei
1482 4325 1608 4379 hebentes
1628 4325 1734 4393 jacula,
1758 4324 1829 4394 quia

115 4410 200 4466 Vens.
216 4411 259 4463 ab.
276 4439 310 4448 —
330 4409 407 4476 Aser,
429 4412 542 4480 pinguis
560 4411 641 4478 punis
665 4409 733 4480 ejus,
751 4415 777 4464 et
793 4410 926 4480 prebebit

80 4497 192 4552 delirius
215 4498 333 4561 regibus.
351 4499 420 4551 Aser
434 4497 540 4552 dicitur
564 4498 672 4567 bectus3
690 4511 743 4553 nec
756 4497 848 4553 Deum
862 4510 926 4565 per-

80 4584 151 4641 lecta
174 4585 285 4641 timenti
309 4584 417 4640 beatior
440 4593 482 4640 est
505 4585 592 4640 ullus.
616 4586 690 4641 ilnic
712 4588 795 4655 porcis
814 4587 927 4655 pinguis

80 4681 131 4739 est,
145 4674 214 4743 quia
236 4673 305 4728 dnm
322 4674 417 4729 eleum
437 4673 572 4740 continet,
596 4687 649 4728 nec
674 4674 794 4729 interius
808 4673 843 4729 de
865 4673 928 4728 vir-

80 4761 198 4832 ginitate
219 4761 362 4832 superbit,
385 4763 468 4831 panis
488 4761 524 4829 ei,
556 4762 607 4832 uati
630 4762 664 4817 de
688 4762 758 4818 ereio
782 4761 927 4817 descendit

80 4852 166 4921 (locu.
190 4867 227 4918 vr,
243 4852 297 4916 tl),
324 4850 442 4906 iuterier
456 4849 583 4916 libertas,
605 4857 633 4906 et
647 4864 751 4906 succus
765 4857 816 4907 est.
841 4850 868 4904 ls
890 4863 925 4905 ex

980 4415 1015 4471 ad
1031 4422 1203 4471 aeternorum
1229 4413 1367 4470 suscitare
1382 4412 1541 4469 moliuntur
1565 4413 1704 4468 invidiam
1718 4412 1826 4479 molles,

980 4503 1007 4559 id
1031 4510 1074 4559 est
1099 4508 1202 4567 metue,
1220 4501 1406 4570 intellectum,
1428 4515 1478 4570 per
1499 4500 1695 4571 presentium,
1721 4500 1830 4571 quibus

980 4605 1048 4646 eum
1068 4589 1237 4660 iaculantur
1261 4589 1411 4646 desideria.
1437 4588 1520 4644 Recte
1544 4588 1681 4644 dicuntur
1698 4586 1829 4645 invidere

981 4678 1030 4749 qui
1044 4681 1080 4732 ad
1095 4677 1148 4732 brac
1163 4676 1315 4745 impellunt
1328 4684 1360 4732 ut
1375 4676 1481 4732 iaciant
1496 4691 1553 4732 non
1567 4676 1675 4731 videre.

1017 4767 1102 4823 vvis.
1118 4768 1163 4818 it.
1179 4795 1213 4803 -
1236 4765 1315 4821 Sedit
1328 4768 1358 4818 in
1377 4767 1446 4832 terti
1461 4780 1541 4819 orcus
1560 4766 1628 4832 ejas,
1649 4770 1675 4819 et
1696 4764 1830 4820 dissoluto

981 4858 1045 4909 suot
1058 4853 1166 4906 eiricutu
1180 4852 1360 4919 brachiorum,
1376 4856 1402 4906 et
1418 4869 1547 4907 munuum
1565 4854 1649 4920 illius,
1667 4869 1717 4922 per
1732 4869 1829 4909 merrus

80 4938 163 5008 adipe
184 4938 320 4993 trementi
348 4939 463 4993 cibatur
487 4939 572 5005 (Psal.
588 4953 675 5007 unna,
699 4942 753 5007 ¹7)-
775 4938 928 5009 nscrergo
979 4941 1208 5012 potentistucob,·
1232 4941 1296 4995 inde
1318 4946 1413 5010 postor
1435 4956 1555 5009 egressus
1570 4948 1610 4996 est
1633 4944 1705 5012 lapis
1728 4944 1827 4997 Israel.

82 5025 142 5093 iste,
164 5034 260 5081 nester
274 5026 380 5082 seilicet
403 5027 531 5095 spiritus,
553 5040 622 5082 vera
637 5027 726 5097 hujus
741 5026 852 5095 saporis
866 5026 929 5103 bela-

82 5111 203 5170 litudine
218 5116 352 5182 donatus,
377 5115 503 5185 praetatis
527 5115 650 5182 duabus
670 5116 732 5170 Dan
757 5115 886 5171 videlicet
901 5123 929 5171 et

82 5201 152 5268 Gad,
177 5205 334 5272 oppositus,
362 5203 469 5272 prabet
491 5204 552 5274 jam
569 5203 684 5259 delicias
708 5201 834 5272 regibus,
859 5203 929 5272 quia

83 5303 141 5345 non
164 5291 324 5358 spurcitias,
347 5291 404 5347 imo
425 5293 523 5361 spinas
546 5290 855 5361 concupiscentiarum,
880 5291 928 5346 scd

83 5376 284 5433 delectationes
316 5379 434 5434 internae
463 5379 656 5449 jucunditatis
679 5378 861 5434 administrat
885 5379 930 5434 his

84 5464 135 5534 qui
154 5478 206 5520 nos
226 5466 373 5535 quondam
394 5480 493 5523 rexere
508 5468 648 5523 sensibus.
665 5467 755 5538 Reges
768 5457 865 5523 autem
878 5466 930 5522 bos

982 5032 1118 5084 Arcasin
1141 5031 1210 5095 ferti
1225 5029 1312 5096 sedet,
1334 5044 1400 5085 cum
1422 5029 1552 5097 intentio,
1568 5044 1604 5086 ex
1627 5045 1686 5100 uua
1709 5044 1830 5102 operum

983 5118 1102 5174 missilia
1124 5118 1302 5188 diriguntur,
1319 5131 1376 5173 non
1399 5116 1551 5189 fragilibus
1571 5118 1619 5174 sed
1640 5119 1756 5174 aeternis
1771 5133 1831 5191 per-

983 5214 1149 5262 severanter
1176 5207 1304 5261 inheret.
1331 5206 1389 5261 Hoc
1408 5207 1485 5262 enim
1510 5205 1644 5263 sessionis
1667 5206 1830 5278 significare

983 5307 1088 5349 nomen
1110 5292 1187 5356 solet,
1219 5300 1251 5348 ut
1273 5299 1315 5348 est
1338 5307 1344 5347 :
1369 5294 1403 5346 lo
1426 5292 1558 5348 cathedre
1586 5294 1748 5364 pestilentie
1777 5311 1830 5349 nen

983 5383 1053 5436 sedit
1068 5381 1155 5451 (Psct.
1173 5397 1191 5448 ι,
1221 5380 1256 5451 ι),
1282 5381 1334 5436 Per
1354 5381 1482 5448 brachia,
1511 5380 1668 5451 tortitnd0;
1694 5396 1746 5452 per
1770 5397 1829 5438 vna·

984 5481 1049 5534 nus,
1065 5469 1198 5537 signatur
1222 5466 1358 5536 operatio.
1389 5468 1497 5524 Horum
1518 5468 1588 5524 dum
1613 5472 1687 5524 recte
1710 5468 1832 5524 intendit
