3818 6008
111 186 161 240 lib

586 181 617 234 V.
638 179 806 237 anteneri
825 146 970 237 subicis
989 176 1016 237 S.
1039 176 1157 235 llitRlAE
1177 178 1221 233 DE
1240 175 1438 233 NOVIGENTO

1813 177 1862 231 litt

109 314 280 387 permitteris
294 313 392 385 (ilpoc
409 327 449 379 ιιι,
474 311 530 381 ιιι),
553 311 623 366 (ιιιιιι
646 310 727 365 utilia
750 311 896 380 noxiaque
920 312 958 367 dir
976 317 999 369 A
1015 311 1091 367 intra
1114 317 1193 379 septa
1218 307 1397 364 eonscientiae
1424 314 1531 363 statum
1559 307 1648 363 animi
1671 307 1731 379 jain
1756 309 1863 364 saecnln

109 405 194 461 vidis.
224 404 320 459 inlecta
345 402 490 471 sepulcra,
512 399 619 470 quibus
643 399 797 469 sepelimus
823 406 958 454 mortuum
986 447 988 451 ,

111 494 211 549 activae
234 501 276 549 est
304 499 332 546 et
360 488 588 558 contemplativa>
622 488 685 543 vitre
717 497 868 556 secretum,
895 488 959 544 lieet

112 597 235 653 iqnieqne
259 581 315 636 alia
335 580 428 634 virtus
454 577 620 647 sepulcrum
645 577 698 632 diei
723 579 819 646 possit,
846 592 905 648 qua
930 593 959 634 se

112 671 235 738 uirisque
264 682 281 722 a
306 668 441 723 vitiorum
467 666 641 722 tumultibus
667 664 828 722 abscondit.
855 666 893 732 Si,
912 668 958 722 in-

112 757 311 827 quintiacum
331 757 386 811 Dee
410 755 536 810 sentiens
556 755 714 824 principari
738 755 863 825 legitime
886 757 960 810 inter

110 859 162 900 nos
196 845 330 912 voliieris,
371 846 463 898 nialus
494 849 519 897 te
552 845 696 914 pronibere
734 847 835 913 poterit
864 851 959 899 motus

111 933 215 1000 carnis,
245 933 315 1003 quia
339 933 437 1002 sopitis
462 932 670 1001 cogitationum
699 933 837 1001 pestibus
867 946 961 988 neees-

111 1023 187 1077 sario
214 1021 274 1092 jam
295 1037 354 1076 nan
381 1021 435 1077 erit
465 1021 589 1090 peruersi
616 1021 746 1077 molestia
770 1028 862 1086 actus,
893 1034 960 1090 quie

111 1111 267 1179 praepediat
300 1112 330 1163 in
354 1115 523 1164 monumento
551 1113 686 1163 mortuum
713 1123 828 1177 ponere,
861 1108 889 1162 id
917 1115 961 1163 est

111 1198 187 1253 intra
202 1198 370 1254 memoriam
393 1198 430 1252 ad
450 1198 668 1253 incitamentum
694 1197 877 1266 penitentie,
903 1212 959 1253 nen

111 1287 146 1342 ad
162 1286 371 1342 refricationem
387 1286 503 1341 malitia
526 1286 634 1355 peccati
655 1283 798 1340 licentiam
819 1298 958 1340 coercere.

111 1376 329 1431 Monumentum
358 1383 453 1429 antem
485 1374 659 1440 amonendo,
689 1373 772 1443 quiisi
800 1374 961 1428 monimen-

112 1471 173 1519 tum
203 1463 318 1518 dicitur.
347 1465 497 1518 Peccatum
525 1476 591 1517 vere
615 1470 762 1517 mertuum
788 1461 920 1530 dicimus
944 1475 962 1516 a

111 1551 197 1620 cujus
213 1551 422 1620 perpetratione
437 1550 596 1605 delinimus.

1012 400 1158 456 erneillri.

1048 490 1133 546 viis.
1153 491 1196 553 le,
1214 491 1256 541 ll.
1281 517 1316 526 -
1336 486 1487 541 Habitabat
1509 492 1600 541 autem
1615 487 1733 556 Epliron
1756 489 1786 540 in
1809 502 1863 540 me-

1013 579 1058 633 die
1071 579 1190 646 filiorum
1205 578 1281 631 lietb.
1311 576 1512 645 Responditquc
1527 577 1638 644 prron
1658 575 1862 641 admiralium,

1013 670 1116 722 cunctis
1141 666 1324 729 audientibus,
1349 667 1398 733 qui
1416 664 1641 731 ingrediebantur
1663 670 1773 733 parterm
1796 666 1865 718 cici·

1013 758 1079 811 tetis
1101 754 1159 825 ejus
1182 755 1290 808 dicens:
1323 755 1501 821 Nequaquam
1530 754 1572 806 ita
1594 755 1654 820 fiat,
1680 756 1792 807 Domine
1816 756 1865 820 mi,

1013 845 1061 898 scd
1090 845 1179 913 maqis
1211 843 1335 896 ausculta
1367 841 1440 909 quod
1468 842 1579 909 biquor:
1609 843 1715 910 Agrum
1753 842 1865 895 tradam

1013 934 1073 999 tibi,
1096 937 1122 988 et
1140 932 1293 1001 speluncam
1315 945 1374 999 quae
1395 932 1425 982 in
1448 945 1477 983 ee
1502 934 1551 993 cst,
1581 931 1760 998 praenotione
1784 930 1859 998 filiis

1013 1023 1108 1092 pepuli
1134 1023 1196 1087 mci,
1224 1021 1307 1087 sepeli
1334 1025 1469 1073 ritortuum
1495 1023 1580 1072 tuum.
1604 1019 1682 1073 luter
1704 1018 1865 1073 lilioslletti

1014 1111 1131 1179 Ephron
1165 1109 1285 1176 babitat,
1318 1122 1384 1163 eum
1412 1105 1633 1178 cogitationibus
1662 1113 1741 1162 iuetu
1765 1106 1865 1161 divino

1014 1197 1186 1264 conterritis,
1216 1197 1336 1252 allectus
1363 1204 1457 1252 nester
1484 1195 1535 1266 qni
1565 1209 1622 1250 non
1651 1196 1688 1251 ab
1709 1209 1742 1251 re
1769 1195 1865 1265 pulvis

1014 1287 1120 1342 dicitur
1150 1286 1269 1349 inutilis,
1294 1284 1379 1355 quasi
1406 1283 1532 1354 quedam
1560 1284 1703 1352 spirituali
1731 1285 1863 1349 bumore,

1015 1376 1077 1445 ipsa
1090 1376 1188 1431 eadem
1204 1375 1354 1430 tormidine
1378 1374 1413 1428 ad
1428 1387 1529 1429 earum
1545 1373 1715 1429 metentium
1735 1388 1765 1428 se
1781 1373 1867 1428 strin-

1015 1466 1055 1534 git
1074 1472 1101 1519 et
1126 1464 1238 1519 solidat.
1267 1462 1457 1533 Cogitationes
1484 1469 1580 1517 antem
1603 1461 1674 1517 lilios
1704 1476 1785 1531 posse
1810 1462 1865 1516 dici

1015 1567 1051 1608 er
1076 1553 1214 1623 sapientis
1237 1551 1326 1607 verbo
1348 1550 1521 1620 colligimus,
1545 1550 1596 1619 qui
1613 1550 1737 1619 vipereis
1752 1550 1865 1619 cegita-

150 1639 234 1695 Veus.
251 1642 277 1705 l,
303 1643 330 1703 8,
351 1641 376 1694 9.
402 1670 436 1678 -
458 1640 586 1694 Surrexit
610 1639 765 1703 Abrabam,
787 1643 813 1692 et
833 1639 960 1693 adorauit
979 1611 1105 1698 Btiones
1126 1642 1280 1696 stulterum
1305 1638 1538 1710 generationibus
1554 1646 1712 1707 caniparat,
1729 1647 1865 1705 melitem,

113 1730 241 1797 populum
272 1734 359 1790 terra,
390 1729 461 1796 tilios
493 1728 617 1782 uidelicet
647 1728 728 1794 lletli,
764 1728 891 1797 dicitque
925 1728 962 1782 ad
1016 1733 1065 1795 ait,
1080 1730 1244 1795 comedunt,
1262 1737 1383 1784 matrem
1398 1741 1491 1782 suam.
1510 1727 1542 1781 ln
1557 1728 1651 1781 medio
1666 1741 1732 1782 vero
1750 1728 1866 1796 llpbren

113 1832 173 1870 ees:
199 1817 230 1871 Si
253 1818 343 1885 piacet
370 1820 467 1870 anima
491 1822 597 1878 cestrie,
621 1822 651 1870 ut
674 1818 803 1885 sepeliam
827 1822 962 1871 mortuum
1016 1820 1135 1880 babitnt,
1153 1819 1224 1888 quia
1250 1817 1354 1872 rationi
1369 1816 1494 1871 innitens
1514 1819 1610 1871 nester
1625 1813 1746 1870 :illectus
1765 1816 1866 1870 iisdem

113 1920 210 1970 meum,
236 1905 328 1959 audite
346 1921 395 1971 nte,
423 1911 449 1959 et
470 1906 629 1959 intercedite
649 1906 724 1974 apud
740 1907 852 1974 Epiron
876 1907 963 1973 filium
1016 1907 1238 1978 cogitationibus
1266 1919 1300 1960 ac
1327 1905 1349 1959 si
1377 1905 1439 1959 dux
1469 1903 1575 1972 aliquis
1600 1902 1741 1959 militibus
1757 1905 1866 1959 utiliter

113 1995 188 2060 Scor,
215 2000 245 2047 ut
269 1994 314 2047 det
333 1995 402 2047 milii
425 1995 581 2061 speluncam
603 1993 750 2061 duplicem,
776 2008 857 2060 quam
883 1993 963 2046 liabct
1012 1996 1073 2067 jam
1089 2011 1118 2052 se
1142 1996 1245 2060 munit,
1268 2001 1296 2050 el
1310 1994 1459 2062 constipat.
1473 1993 1591 2061 prrou
1605 1992 1731 2047 nerana
1746 2005 1865 2062 respon·

113 2084 144 2135 in
166 2087 286 2135 extreme
310 2086 389 2150 parte
408 2083 471 2151 oqri
498 2085 552 2135 sui.
572 2084 610 2135 Do
629 2083 655 2134 ei
679 2085 823 2150 pecuniam
837 2080 960 2152 diqriarn,
1015 2085 1066 2150 dit,
1091 2099 1157 2140 cum
1174 2083 1293 2140 allectus
1307 2083 1427 2138 rationis
1452 2081 1560 2136 monita
1575 2089 1724 2151 gratanter
1745 2082 1864 2151 accepit.

115 2170 208 2223 tradat
232 2168 291 2240 lul,
316 2173 433 2238 pecnnia
456 2169 542 2236 dique
561 2166 663 2240 tradat]
692 2170 760 2222 milei
786 2185 845 2222 enm
872 2185 962 2224 coram
1014 2174 1066 2240 Qui
1096 2173 1302 2244 ingrediuntur
1337 2177 1448 2240 portam
1479 2169 1603 2225 civitatis
1631 2169 1768 2236 audiunt,
1799 2185 1864 2226 cnm

113 2258 188 2312 uobis
224 2259 253 2312 in
288 2260 480 2326 possessionem
507 2258 652 2326 sepiiteliri.
682 2258 828 2312 Abrabam
857 2258 960 2328 surgit,
1015 2263 1143 2318 universi
1168 2260 1307 2316 animales
1322 2259 1411 2314 nostri
1428 2260 1560 2329 impetus,
1582 2259 1632 2328 qni
1655 2260 1786 2315 timorem
1804 2259 1863 2326 Dei,

112 2360 178 2401 cnm
204 2346 238 2401 de
260 2345 467 2417 cogitatienum
490 2358 609 2400 assensn
636 2346 663 2400 in
688 2359 767 2415 spem
791 2345 962 2414 arripiendae
1016 2352 1066 2421 qui
1100 2357 1181 2421 porta
1208 2350 1244 2404 ad
1270 2351 1370 2413 Deum,
1401 2356 1428 2403 et
1451 2348 1488 2402 ad
1517 2353 1568 2401 ot)
1595 2347 1690 2402 cordis
1717 2348 1864 2404 civitatem

112 2434 271 2490 sanctitatis
309 2434 470 2489 intellectus
500 2448 529 2489 se
562 2434 656 2504 erigit.
693 2434 800 2490 Aderat
831 2436 962 2504 populum
1016 2438 1204 2495 redeuntibus
1229 2445 1280 2504 est,
1310 2435 1514 2505 experiuntur,
1546 2434 1688 2505 proposito
1717 2435 1866 2507 religionis

115 2528 203 2588 terra,
233 2537 299 2577 cnm
328 2522 478 2577 devotione
506 2522 609 2576 bamili
636 2522 743 2590 excipit
769 2522 961 2579 obedientiam
1015 2527 1161 2582 obediant.
1184 2527 1373 2594 Nequaquam,
1402 2524 1451 2590 ait,
1480 2526 1600 2590 Domine,
1619 2524 1747 2580 scientiae
1770 2538 1865 2594 opere

113 2610 295 2681 cogitationis
321 2611 382 2681 jain
411 2608 518 2665 solida.
555 2610 593 2676 Si,
622 2609 724 2679 inquit,
748 2612 838 2679 placet
865 2614 963 2666 anima
1015 2617 1076 2671 sius
1091 2614 1162 2669 mibi
1177 2612 1411 2669 commendandae
1426 2611 1640 2681 seripturarum
1656 2611 1781 2678 insistas,
1796 2613 1865 2682 qnia

113 2704 218 2766 nestra,
237 2699 320 2753 idest
340 2699 409 2753 linic
423 2698 477 2767 pia
492 2698 668 2753 animositati
684 2706 793 2767 vestrae,
811 2713 871 2769 qua
885 2699 962 2755 desi·
1016 2704 1040 2758 si
1068 2702 1167 2758 nullus
1194 2707 1277 2766 esset,
1305 2701 1357 2770 qui
1386 2714 1430 2755 me
1450 2707 1589 2766 moneret,
1614 2713 1708 2755 seroie
1735 2699 1863 2766 divinus,

114 2787 228 2842 derium
241 2794 347 2841 sancte
370 2785 596 2841 conversationis
618 2786 774 2854 aspirastis,
794 2794 858 2842 uta
880 2801 961 2856 pres·
1016 2791 1096 2845 nullo
1120 2790 1203 2846 medo
1218 2797 1313 2845 tamen
1330 2788 1443 2857 tepidas
1459 2788 1577 2857 reperiri
1594 2802 1704 2857 possein
1719 2802 1790 2859 erga
1816 2789 1864 2844 [lei

115 2875 191 2930 suris
219 2872 380 2929 forensibus
408 2874 518 2928 ioream
548 2875 691 2938 animuin,
725 2875 819 2929 audite
845 2891 896 2942 me,
926 2875 962 2930 ad
982 2878 1178 2966 Crotoniates
1203 2876 1412 2946 exsequendas.
1436 2876 1516 2931 Talia
1541 2876 1713 2946 cogitamus,
1738 2890 1805 2933 cnm
1828 2878 1862 2933 ad

116 2976 211 3019 meum
240 2962 433 3030 obtemperate
459 2960 623 3031 imperinm,
648 2968 674 3016 ct
702 2963 860 3018 intercedite
887 2963 963 3033 apud
1018 2973 1129 3034 tempus
1161 2964 1302 3033 spirituali
1327 2963 1465 3018 desiderio
1486 2961 1674 3018 allectnaliter
1698 2963 1863 3020 inllamma·

114 3051 279 3122 Epliren,ld
306 3058 348 3106 est
376 3050 452 3120 agite
480 3065 546 3106 euin
563 3049 666 3107 allecta
693 3059 795 3119 vestre,
818 3051 869 3122 qni
898 3059 961 3108 tan·
1017 3069 1093 3110 mur.
1129 3054 1210 3109 Unde
1232 3051 1366 3108 additur:
1397 3052 1528 3106 Ausculto
1561 3051 1634 3119 qued
1660 3054 1767 3120 loquor,
1795 3054 1862 3123 qnia

115 3154 204 3209 equam
235 3139 329 3210 pulvis
357 3139 466 3194 inutilis
495 3139 638 3208 superbiae
655 3148 769 3195 renton
792 3140 863 3195 lacie
878 3147 961 3196 terrie

116 3227 275 3297 projicitur,
303 3235 447 3296 quatenus
476 3227 521 3282 det
544 3227 613 3281 niibi
640 3229 794 3296 speluncam
816 3228 960 3297 duplicem,

116 3315 261 3385 permittat
290 3315 395 3370 scilicet
424 3315 552 3372 obtinere
577 3317 784 3385 sensualitatis,
810 3322 838 3371 et
864 3315 962 3386 imagi-

114 3404 239 3460 nationis
258 3404 401 3475 geminam
429 3418 546 3460 caveam
573 3404 653 3459 lerali
674 3405 801 3474 quadam
821 3404 961 3474 {aviditate

114 3492 200 3548 rebus
216 3491 357 3561 corporeis
374 3490 540 3559 inhiantem,
566 3491 676 3547 nullius
695 3491 853 3560 spiritualis
872 3494 961 3548 scien-

115 3581 160 3636 tia
187 3593 331 3649 capacem.
363 3579 481 3648 Ephron
509 3588 605 3635 autem
639 3580 846 3649 interpretatur
869 3581 959 3649 puluis

112 3669 228 3734 inutilis,
244 3668 273 3721 in
294 3682 352 3737 qno
373 3667 493 3722 allectus
513 3667 665 3722 instabilis.
680 3669 708 3724 ls
721 3678 762 3724 est
785 3671 815 3721 in
839 3675 960 3724 ectrema

112 3763 191 3826 parte
215 3758 286 3823 aqri,
312 3757 340 3811 in
365 3756 409 3811 bis
426 3756 528 3826 ntique
545 3771 610 3826 quie
624 3758 806 3814 extrinsecus
828 3759 960 3828 adiacent

112 3845 233 3914 corpori
255 3849 332 3915 ilgei·
355 3852 452 3901 autem
474 3858 579 3913 cerpus
600 3853 642 3901 est
661 3846 851 3902 excolendum
866 3847 958 3903 cultro

112 3931 230 4002 ingenii.
259 3937 297 3988 lto
323 3937 348 3985 ei
380 3936 523 4002 pecuniam
557 3934 679 4001 diqnam,
715 3936 817 3989 vinnm
853 3936 959 3992 scilieet

1016 3142 1107 3198 multo
1130 3141 1269 3210 ampliora
1292 3141 1423 3209 proponit
1440 3139 1603 3210 aliquoties,
1623 3140 1695 3196 darii
1709 3142 1746 3196 ad
1763 3141 1861 3197 boram

1015 3230 1125 3286 novitia
1140 3229 1230 3285 lerret
1259 3226 1380 3293 affectio,
1398 3241 1487 3297 quam
1513 3227 1582 3283 velit
1599 3228 1719 3299 aggredi
1742 3230 1860 3300 spiritus

1016 3319 1105 3389 bajas
1127 3317 1223 3372 nimiae
1247 3316 1403 3372 alacritatis
1417 3317 1590 3372 moderator.
1618 3317 1735 3385 Aprum,
1755 3317 1859 3388 inquit,

1014 3405 1142 3473 eorporis
1170 3411 1218 3459 tuo
1243 3401 1478 3473 irrefragabiliter
1514 3402 1574 3472 juri
1604 3403 1767 3474 subjiciam,
1796 3419 1859 3460 sen·

1015 3491 1165 3558 sualitatis,
1196 3505 1229 3546 ac
1256 3491 1473 3561 imaginalitatis
1487 3491 1632 3562 geminam
1658 3493 1857 3562 capacitatem,

1013 3582 1168 3650 speluncam
1195 3579 1296 3650 utique
1322 3579 1465 3649 duplicem
1490 3580 1647 3636 attribuam
1669 3581 1859 3650 presentibus

1015 3670 1090 3736 liliis,
1120 3668 1147 3723 id
1173 3675 1216 3724 est
1241 3667 1472 3738 cogitationibus,
1496 3682 1554 3723 non
1579 3669 1639 3738 jam
1668 3669 1704 3724 ab
1733 3669 1859 3726 interiori

1014 3773 1067 3815 sna
1094 3757 1253 3813 oberrando
1275 3770 1345 3812 cura
1368 3757 1493 3824 remotis
1510 3757 1559 3813 sed
1583 3758 1620 3813 ad
1636 3757 1718 3828 pium
1733 3757 1858 3815 cilicium

1014 3846 1175 3903 astantibus
1188 3852 1216 3901 et
1230 3845 1350 3901 devotis.

1049 3936 1135 3992 Vens.
1158 3937 1200 3998 ta,
1218 3937 1260 3996 la,
1280 3935 1320 4001 ti,
1346 3937 1388 3989 lli.
1408 3965 1443 3972 —
1462 3935 1594 3989 Adoraoit
1609 3935 1751 3991 Amabam
1769 3952 1859 3991 coram

112 4021 193 4090 illud,
210 4023 288 4093 quod
316 4025 344 4076 iii
372 4021 495 4077 canticis
509 4021 625 4086 dicitur,
651 4021 735 4077 dulce
758 4023 853 4078 dilecti
876 4023 958 4080 labiis
1010 4023 1112 4094 populo
1131 4028 1219 4087 terra,
1244 4027 1269 4076 et
1286 4023 1389 4077 locutus
1412 4028 1452 4077 est
1473 4022 1511 4076 ad
1532 4023 1644 4092 Epliron
1668 4027 1860 4081 circumstante

111 4110 421 4175 adruminanilnm,et
437 4110 547 4180 gutturi
567 4110 779 4180 ejussaperuin
797 4113 884 4179 (darii.
906 4128 955 4178 vn,
1011 4113 1104 4182 plebe:
1131 4113 1226 4178 Quaeso
1253 4115 1283 4164 ut
1315 4110 1415 4165 audias
1448 4127 1509 4177 me,
1534 4111 1604 4165 dabo
1631 4127 1776 4181 pecuariam
1810 4128 1859 4182 pro

110 4197 149 4267 9),
165 4199 313 4254 scientiam
335 4199 435 4267 utique
457 4196 672 4265 Scripturarnm
697 4198 774 4252 cinni
798 4198 955 4269 diligentia,
977 4209 1090 4267 paqro,
1111 4201 1216 4267 suscipe
1234 4213 1302 4264 eam,
1323 4203 1348 4250 ct
1370 4199 1410 4251 sic
1424 4199 1553 4266 sepciiam
1572 4203 1708 4253 marturam
1725 4215 1812 4254 meum
1830 4202 1859 4254 in

110 4295 138 4342 et
166 4286 349 4342 meditatione
372 4285 491 4356 dignam
509 4285 533 4341 ei
561 4285 740 4341 administro.
759 4286 832 4342 llnlc
855 4290 957 4357 spretis

109 4375 300 4431 saecularibus
325 4374 412 4438 curis,
438 4373 648 4443 multiplicibus
671 4375 839 4431 interiorum
866 4391 955 4448 nego-

108 4465 215 4520 tiorum
245 4463 471 4533 impensionibus
497 4464 731 4533 aiigmentandic,
760 4465 861 4521 etbne
877 4466 957 4522 illuc·

108 4567 165 4623 que
184 4567 241 4608 nori
254 4551 436 4618 continendo,
453 4552 500 4607 sed
515 4552 661 4623 erogando
681 4552 846 4622 dilatanda,
861 4553 955 4610 inten-

107 4639 176 4696 dere
204 4648 401 4709 opportunum
437 4654 549 4709 semper
574 4647 616 4695 est
641 4647 670 4695 et
702 4640 817 4697 salubre
841 4641 955 4699 aflectui

107 4737 213 4786 nostro.
231 4732 326 4785 Coram
350 4729 425 4783 cobis
448 4745 507 4782 eam
520 4731 591 4783 milii
606 4729 700 4783 tradet
718 4733 747 4784 in
763 4733 954 4799 possessionem

105 4819 236 4887 sepulcri,
266 4817 396 4874 videlicet
424 4832 491 4873 cnm
517 4832 605 4873 sacrae
631 4819 744 4889 paginae
773 4820 955 4887 pecuniamn

105 4921 151 4962 me
166 4907 324 4963 curandam
346 4906 637 4976 pertractandamque
661 4908 827 4978 susceperit,
854 4915 885 4964 ut
907 4910 955 4964 in-

105 4995 260 5052 terioribus
289 4995 377 5051 lucris
399 4996 523 5062 studeat,
540 5010 607 5051 cum
634 4996 670 5051 ab
690 4996 881 5052 exterioribus
902 5011 953 5052 va·

104 5097 169 5138 care
207 5084 332 5153 caperit,
371 5084 431 5152 ipse
468 5083 612 5153 appetitus
647 5084 792 5154 qnondam
829 5086 954 5142 carnalis

103 5172 173 5225 mini
202 5188 261 5225 eam
285 5171 389 5235 tradat,
419 5173 490 5227 mibi
510 5172 616 5228 scilieet
643 5171 748 5228 babere
764 5173 869 5228 nolenti
889 5189 953 5243 spe-

102 5261 211 5314 luncam
238 5259 374 5328 duplicem
399 5261 567 5317 nullatenus
590 5261 776 5327 contradicat,
792 5277 883 5316 coram
905 5279 952 5317 oe-

1011 4304 1050 4342 ιο.
1065 4286 1216 4357 Respondit
1232 4287 1364 4355 Epiron:
1383 4286 1495 4340 Domine
1510 4288 1558 4353 mi,
1574 4286 1652 4340 audi.
1673 4287 1760 4342 Terra
1776 4304 1857 4358 quam

1009 4377 1133 4446 postulas
1155 4374 1365 4447 quadringentis
1389 4377 1498 4441 arpenti
1516 4375 1592 4430 siclis
1616 4377 1702 4441 ualet·
1722 4379 1800 4433 istud
1820 4383 1858 4432 est
1901 4363 1903 4379 ¹

1007 4466 1128 4534 pretium
1147 4467 1284 4529 interme,
1307 4468 1332 4516 et
1346 4468 1381 4527 te,
1406 4463 1454 4516 sed
1469 4469 1601 4530 quantum
1622 4470 1662 4518 est
1676 4465 1744 4519 boe?
1768 4466 1858 4534 Sepeii

1009 4557 1144 4607 mortuum
1160 4558 1245 4607 tunm.
1266 4551 1410 4605 Abrabam
1432 4567 1522 4606 omnim
1535 4552 1635 4621 popule
1650 4557 1729 4607 terra
1744 4553 1855 4618 adorat,

1009 4656 1077 4698 cum
1104 4639 1309 4711 cogitationum
1329 4640 1448 4695 tarbua
1470 4653 1524 4697 sna
1538 4640 1714 4710 dispersione
1730 4655 1855 4709 reversa,

1008 4729 1087 4785 etad
1111 4742 1204 4784 unum
1216 4735 1323 4794 coacta,
1340 4735 1367 4783 et
1382 4729 1593 4797 quodammode
1617 4728 1740 4800 sibiipsi
1760 4744 1855 4786 coram

1009 4816 1092 4880 lacta,
1110 4830 1196 4886 penes
1219 4817 1309 4872 Deum
1325 4816 1398 4873 ratio
1416 4832 1477 4873 sese
1498 4818 1640 4873 humiliat.
1668 4819 1748 4875 Unde
1762 4827 1790 4875 et
1805 4834 1856 4890 po-

1008 4905 1096 4976 pulus
1130 4913 1213 4961 terre
1239 4905 1356 4974 dicitur,
1390 4919 1456 4961 euin
1486 4907 1664 4978 cogitatuum
1691 4916 1856 4965 nostrerum

1008 4993 1152 5049 mobilitas
1180 4993 1215 5048 ad
1244 4993 1363 5049 medam
1390 5000 1473 5049 terrie
1500 4993 1672 5064 aliquandiu
1700 4995 1854 5063 stabilitur,

1006 5089 1035 5137 et
1061 5081 1121 5138 bec
1152 5080 1230 5151 plebs
1253 5082 1433 5148 circumstat,
1459 5083 1527 5139 duni
1559 5084 1704 5140 Abrabam
1735 5086 1854 5156 prinn

1007 5169 1146 5240 loquitur,
1176 5170 1246 5240 quia
1274 5170 1408 5241 cogitatio
1434 5172 1464 5227 in
1488 5185 1548 5228 snae
1567 5172 1680 5230 terrore
1697 5173 1856 5230 devotionis

1006 5259 1162 5315 constituta
1181 5259 1344 5325 circumest,
1370 5260 1440 5316 dnm
1454 5273 1508 5316 sna
1523 5260 1625 5318 intima
1641 5261 1772 5332 undique
1786 5277 1854 5334 pro-

103 5348 145 5402 bis
164 5347 336 5404 assentiente
361 5348 463 5418 utique
493 5347 631 5404 universe
658 5355 740 5404 motu
761 5348 950 5419 cogitationis,
1005 5347 1069 5404 vide
1092 5347 1197 5415 munit,
1215 5363 1268 5404 nec
1292 5363 1321 5404 se
1346 5362 1362 5403 a
1391 5349 1510 5406 rationis
1532 5352 1648 5408 oraculo
1668 5351 1780 5420 dividit,
1799 5358 1854 5408 stat

101 5438 131 5490 in
141 5436 334 5504 possessionem
349 5437 478 5505 sepulcri,
494 5442 526 5491 ut
541 5434 624 5491 liceat
643 5435 673 5490 in
696 5442 758 5490 tuto
780 5450 951 5492 conservare
1005 5451 1133 5507 quoque,
1160 5437 1230 5493 dnm
1254 5438 1290 5494 ad
1313 5437 1457 5507 quoslibet
1472 5439 1611 5496 vitiorum
1625 5441 1754 5497 assultus
1768 5439 1851 5511 spiri·
