3818 6008
1900 40 1906 103 l

116 248 167 303 tlh
558 246 589 303 ll.
609 243 776 304 obtexunt
796 244 942 303 abbatis
961 244 988 303 S.
1009 243 1130 304 HARIAE
1148 247 1195 304 bu
1213 245 1414 306 Nouellum
1812 249 1863 305 tlt
1899 250 1903 295 l

109 384 164 442 Sed
178 394 374 456 saepennmero
388 396 454 438 eum
469 383 615 452 subigens,
629 381 685 438 nisi
708 383 811 439 veneni
835 382 959 439 haustus
978 386 1002 438 h
1018 382 1173 440 residuam.
1189 381 1271 450 Quod
1296 383 1485 453 imperatoris,
1512 382 1563 454 qui
1589 380 1655 441 inde
1682 399 1742 441 non
1767 384 1866 455 procul

108 475 134 530 ei
157 474 253 530 subito
275 472 362 527 vitam
378 470 584 541 praeripuisset,
601 478 689 540 caput
712 478 883 527 coronatum
911 472 958 526 in·
1011 473 1121 540 aberat,
1138 473 1208 529 dum
1234 472 1417 540 comperisset
1441 472 1593 539 exercitus,
1618 472 1763 560 comitem,
1786 472 1866 530 ducis
1901 522 1903 555 Ι

107 562 151 618 ira
178 574 293 632 paucos,
320 567 353 615 ut
381 558 497 626 dicitur,
532 559 601 626 dies,
636 558 957 628 Constantinopolitanis
1011 562 1062 631 qui
1081 569 1264 631 praeeesserat
1280 560 1449 617 destitutum
1463 560 1604 631 praesidio,
1632 562 1816 633 aggreditur,
1840 571 1867 618 et

107 649 223 705 sedibus
248 646 397 703 intulisset.
424 646 526 702 Videat
550 647 599 716 qni
625 646 687 702 vult
712 647 794 702 hodie
821 646 871 701 filii
893 645 957 716 ejus
1010 647 1205 704 comitissocii
1227 649 1378 718 repentina
1402 648 1716 704 hostinm'incnrsione
1743 649 1863 705 turban-

107 736 264 792 Boemundi
280 735 445 807 potentiam,
462 734 513 804 qui
528 742 658 791 veterum
669 734 833 791 oblitterata
847 734 957 790 vilitate
1011 744 1069 792 tnr.
1086 737 1261 794 Perveninnt
1287 737 1348 793 baec
1371 737 1407 792 ad
1433 750 1519 792 aures
1539 736 1679 792 'lancredi
1704 736 1864 806 tortissimi,
1900 776 1904 845 Ι

106 832 269 893 parentum,
287 823 407 893 Philippi
423 823 498 894 regis
513 823 689 879 Francorum
712 822 801 878 liliam
816 822 901 878 duxit
927 822 955 877 in
1010 832 1039 882 et
1054 825 1129 881 dicto
1144 825 1231 882 citius
1259 825 1460 896 retrogradum
1484 839 1601 881 sumens
1629 825 1691 892 iter,
1721 839 1813 896 seque
1837 826 1867 882 in

105 913 286 983 conjugium,
311 920 338 968 et
365 912 493 981 praedicti
514 911 611 967 Alexis
638 925 793 982 aggressus
816 919 858 966 est
880 910 957 965 obti-

104 1015 174 1057 nere
189 1000 326 1057 violenter
340 1000 505 1070 imperium.
527 1000 649 1071 lingerio
672 1001 763 1070 igitur
783 998 871 1054 tratre
893 999 956 1068 ejus

104 1096 249 1145 remeante
280 1088 423 1155 Siciliam;
458 1096 486 1144 et
520 1100 607 1158 prope
636 1087 831 1142 omnimodam
863 1087 956 1158 gentis

104 1191 164 1234 suae
191 1176 383 1241 amissionem,
416 1190 481 1247 quae
507 1183 566 1231 tota
602 1176 760 1232 Jerusalem
800 1175 954 1231 videbatur

1011 912 1119 969 flumen
1136 913 1286 982 praelatum
1301 913 1466 984 projiciens,
1483 913 1519 968 ad
1538 926 1586 969 eos
1610 912 1661 983 qni
1686 913 1865 984 impeteban-

1009 1008 1057 1057 tur
1076 1001 1216 1058 tranando
1229 1003 1380 1070 pervenit:
1405 1009 1434 1058 et
1458 1001 1516 1057 duo
1546 1014 1618 1072 pene
1644 1001 1735 1056 millia
1765 1017 1864 1059 secum

1010 1089 1242 1153 auxiliariorum,
1260 1087 1310 1159 qui
1327 1097 1388 1158 post
1403 1090 1497 1159 ipsum
1519 1097 1655 1145 enatuere
1682 1087 1747 1162 led,
1769 1097 1865 1146 enata-

1010 1176 1138 1251 verunt],
1170 1178 1322 1233 contraxit.
1348 1177 1448 1233 Hostes
1472 1176 1587 1248 reperit.
1614 1185 1642 1232 et
1668 1186 1773 1234 contra
1800 1192 1865 1234 suos

105 1266 192 1332 itura,
208 1264 329 1320 dolente.
1010 1267 1115 1323 acriter
1129 1265 1325 1337 confligentes,
1339 1265 1453 1332 acriori,
1471 1273 1501 1321 ut
1518 1273 1654 1336 parerat,
1681 1264 1864 1322 animositate

142 1353 184 1406 De
200 1350 348 1406 Tancredo
364 1350 521 1407 Boemnndl
531 1353 643 1422 nepote.
659 1381 694 1390 —
709 1351 786 1406 Idem
811 1351 956 1408 Boemun-
1010 1355 1159 1426 pervasit:
1178 1369 1230 1410 nec
1245 1368 1335 1420 mora,
1360 1353 1482 1424 subegit.
1505 1352 1679 1424 apprehensi
1708 1353 1809 1424 itaque
1829 1367 1863 1408 ex

104 1439 160 1496 dns
174 1440 336 1507 contractis,
358 1454 423 1509 quae
443 1439 478 1495 ad
504 1446 612 1495 tantam
637 1439 841 1509 professionem
861 1452 955 1495 neces·
1008 1444 1048 1500 eis
1061 1442 1188 1514 plurimi,
1203 1450 1268 1499 ante
1284 1442 1438 1498 Boemnndl
1456 1443 1637 1512 praesentiam
1662 1441 1859 1507 deducuntur,

104 1526 188 1584 sati&
217 1534 309 1591 etant,
337 1526 435 1595 mitiis.
466 1526 627 1581 conscensis
642 1541 708 1581 cnm
738 1540 790 1582 sno
826 1528 955 1582 exercitu
1009 1530 1215 1587 etinvinenia
1235 1530 1441 1601 conjiciuntur.
1460 1528 1681 1599 ddqnosidem
1709 1529 1860 1599 princeps:

104 1616 238 1681 navibus,
255 1628 327 1670 aura
342 1613 501 1671 famulante
515 1614 651 1679 secunda,
679 1614 766 1670 littori
791 1614 954 1685 Bnlgarioo,
1014 1623 1108 1686 «cnr,
1128 1618 1234 1688 inquit,
1250 1627 1276 1673 et
1289 1619 1392 1674 Christi
1408 1625 1436 1673 et
1460 1631 1552 1673 meam
1579 1616 1767 1688 insequimini
1794 1632 1859 1687 gen-

104 1703 223 1760 leliciter
237 1710 363 1767 evectus,
384 1704 548 1773 exponitur.
576 1703 606 1757 ln
629 1701 713 1772 cnjus
729 1702 870 1759 comitatu
889 1717 955 1759 cum
976 1676 1091 1762 Btem?
1105 1706 1167 1776 Ego
1184 1705 1347 1775 imperatori
1363 1713 1456 1760 vestro
1471 1705 1543 1760 nibil
1554 1705 1712 1761 eversionis
1725 1703 1859 1761 molior.-

104 1792 196 1849 multa
215 1791 393 1862 equestrium
411 1792 539 1847 virorum
560 1790 698 1860 probitas,
723 1798 784 1846 tum
808 1791 956 1860 principa·
1011 1796 1033 1850 E
1050 1802 1151 1850 contra
1166 1794 1227 1849 illi:
1246 1814 1260 1842 v
1276 1795 1319 1849 Ex
1333 1802 1430 1849 nostra
1444 1793 1647 1849 deliberatione
1673 1793 1714 1849 nil
1740 1793 1859 1864 agimus,

104 1880 175 1936 lium
213 1895 270 1935 non
301 1893 393 1950 parva
429 1879 592 1935 sublimitas
625 1879 742 1934 exstitit.
773 1881 953 1949 intorques,
1010 1890 1105 1953 togam
1152 1879 1213 1954 let,
1242 1879 1356 1952 rogam]
1385 1880 1523 1951 principis
1546 1881 1704 1944 emerituri,
1730 1880 1860 1937 militiam
1905 1917 1907 1921 -

103 1968 295 2036 Tenerednm,
325 1968 500 2024 marchionis
524 1967 677 2037 eujusdam
711 1981 747 2022 ex
785 1968 954 2036 Boemnndl,
1011 1970 1128 2040 prolessi
1152 1984 1262 2035 sumus,
1286 1978 1313 2026 et
1335 1969 1478 2039 quidquid
1502 1970 1585 2025 nobis
1607 1970 1789 2040 praecepcrit,
1812 1984 1861 2025 ne-

103 2057 160 2111 nisi
176 2056 267 2124 lallor,
285 2071 382 2112 sorore
399 2055 609 2126 filinm;cujus
637 2054 808 2110 iratercnm
836 2056 956 2126 lingone
1011 2059 1133 2114 cessario
1171 2073 1420 2128 prosequemur.»
1451 2058 1531 2124 Quod
1557 2059 1603 2113 vir
1628 2059 1767 2129 egregius
1799 2071 1861 2114 cum

103 2145 207 2216 blagno
221 2153 415 2215 praecesserat,
430 2147 475 2201 cni
496 2144 670 2211 Guillelmus;
685 2152 746 2199 erat
769 2144 955 2213 vocabulum,

102 2240 130 2289 et
150 2234 304 2303 quemdam
329 2233 379 2303 qni
404 2233 555 2289 dicebatur
588 2233 622 2288 de
649 2232 742 2302 prima
764 2233 881 2290 civitate
905 2232 953 2288 Ri-

103 2321 244 2376 chardnm
261 2320 466 2377 nominatiores
482 2321 664 2391 agnovimus,
681 2321 776 2376 virum
794 2335 864 2376 sane
888 2320 954 2389 pul·

103 2409 173 2464 chra
206 2409 333 2479 corporis
361 2409 533 2465 habitudine
559 2410 757 2479 spectandum,
791 2423 877 2479 quem
904 2422 955 2479 pro

102 2495 279 2565 Constantia,
304 2498 463 2553 Boemnndl
488 2498 620 2567 conjuge,
646 2497 682 2551 ad
710 2498 838 2553 Franciae
859 2511 955 2567 regem

102 2585 229 2641 vidimus
245 2585 385 2656 legatione
403 2584 595 2654 perfunctum.
611 2586 763 2655 ingressus
785 2586 873 2656 igitur
888 2599 954 2641 cum

102 2675 163 2729 suis
178 2673 321 2744 Bnlgariae
337 2673 493 2743 regionem,
509 2673 629 2728 multam
654 2673 830 2742 opulentiam
853 2687 954 2729 eorum

103 2776 168 2832 quae
183 2761 218 2817 ad
247 2760 384 2816 victualia
399 2761 542 2831 pertinent
568 2769 747 2829 repererunt.
769 2761 888 2816 Etcum
917 2761 953 2816 ad

102 2848 361 2919 Andropolitanam
378 2848 559 2904 devenissent
582 2848 707 2918 vallem;
731 2849 837 2906 ibidem
865 2849 955 2906 donec

1010 2146 1146 2213 audisset,
1174 2146 1331 2216 impunitos
1367 2161 1400 2202 ae
1424 2147 1621 2216 irredemptos,
1652 2146 1728 2202 illico
1753 2146 1861 2202 laxavit

1010 2236 1098 2291 abire.
1114 2233 1222 2302 Quarta
1238 2235 1319 2298 ierin,
1335 2250 1401 2305 quae
1416 2235 1493 2304 apud
1510 2235 1689 2290 Christianos
1703 2243 1746 2290 est
1773 2234 1862 2305 Capul

1009 2329 1110 2379 vocata
1122 2320 1237 2392 ieiunii,
1254 2322 1362 2378 bellum
1382 2322 1457 2378 istud
1475 2322 1582 2378 luctum
1600 2330 1723 2378 constat.

1347 2409 1463 2465 CAPUT
1483 2410 1519 2465 ll.

1046 2497 1117 2568 [llll
1159 2497 1260 2551 Foedus
1285 2514 1351 2552 cum
1380 2496 1546 2551 boemundo
1568 2496 1784 2562 ‚fraudolenter
1811 2498 1861 2553 init

1008 2585 1176 2656 imperator.
1190 2616 1225 2624 -
1238 2585 1334 2641 Alexis
1347 2585 1502 2654 imperator
1523 2587 1658 2655 corriperti
1685 2587 1740 2642 viri
1764 2586 1861 2643 eximii

1011 2675 1145 2735 facinore,
1162 2674 1212 2729 uni
1226 2689 1262 2729 ex
1278 2674 1339 2730 suis
1363 2673 1538 2740 necessariis,
1567 2675 1652 2742 cnjus
1682 2674 1863 2745 potissimum

1010 2763 1188 2818 innitebatur
1207 2763 1333 2829 consilio,
1350 2768 1419 2817 tuno
1435 2761 1583 2818 mandavit
1598 2770 1630 2818 nt
1647 2763 1862 2834 magnanimem

1010 2865 1076 2907 cum
1091 2849 1399 2907 snoexercitnducem
1423 2864 1474 2919 per
1500 2856 1605 2905 terram
1629 2864 1713 2906 sitam
1739 2851 1858 2907 honori·

103 2943 161 2994 tota
200 2951 300 2994 eornm
339 2936 436 2992 classis
475 2941 670 3007 perenatasset
705 2945 732 2993 et
769 2937 953 3005 allaberetur,
974 2937 1063 3003 clice
1076 2937 1238 3004 deduceret,
1253 2937 1342 2993 donec
1363 2937 1398 2993 ad
1423 2937 1469 2993 sui
1494 2938 1675 3008 praesentiam
1699 2939 1862 2995 Constanti·

102 3033 353 3096 exspectaverunt.
384 3026 453 3081 'lota
490 3025 579 3096 igitur
607 3030 679 3080 ³87
719 3033 802 3095 gente
839 3035 954 3093 coacta;

104 3113 229 3171 collectis
260 3115 428 3185 proceribus
454 3114 606 3169 consilinm
635 3128 701 3169 cnm
728 3114 769 3169 eis
799 3113 957 3170 communi-

105 3210 161 3268 cat,
200 3202 263 3272 pari
289 3203 419 3259 omnium
456 3202 611 3258 indictione
640 3203 808 3272 praecipiens
834 3211 875 3270 ut,
907 3215 957 3272 per

53 3298 56 3307 '
105 3289 284 3346 Christianus
319 3290 473 3346 transitum
513 3289 641 3345 habituri
674 3298 783 3360 gentes,
833 3288 956 3361 benigne

102 3378 329 3448 innocenterque
342 3392 370 3434 se
384 3385 513 3449 agerent,
529 3392 582 3433 nec
595 3391 694 3433 eornm
721 3379 843 3448 patriam
874 3376 958 3448 depo-

107 3467 288 3537 pularentur,
321 3481 373 3538 pro
397 3480 524 3537 quornm
549 3465 688 3537 sullragio
712 3466 824 3521 venisse
847 3465 956 3521 debue-

111 3563 197 3626 rant;
232 3569 267 3612 ea
297 3555 401 3622 solnm,
436 3562 464 3611 et
493 3568 583 3626 quam
615 3554 742 3625 pacifice,
770 3555 836 3610 dato
862 3561 957 3609 tamen

111 3645 211 3714 pretio,
233 3645 403 3714 acciperent,
432 3659 499 3715 quae
524 3644 560 3699 ad
584 3643 720 3699 victualia
743 3643 873 3699 suillcere
894 3656 957 3712 pos·

109 3741 182 3789 sent.
200 3733 403 3790 Processerunt
419 3733 495 3801 inde,
509 3739 536 3788 et
552 3732 621 3788 dum
641 3731 676 3787 de
696 3731 767 3787 urbe
792 3731 820 3784 in
845 3729 956 3797 urbem,

110 3822 145 3877 de
160 3837 228 3879 rure
243 3823 273 3876 in
290 3836 350 3889 rus,
367 3822 402 3878 dc
416 3821 521 3891 oppido
548 3821 726 3876 transierunt
752 3819 781 3874 ln
809 3818 957 3889 oppidum,

110 3909 290 3966 uberrimum
305 3909 415 3978 ubique
430 3922 560 3978 reperere
579 3907 794 3973 commercium,
819 3908 909 3963 donec
929 3906 957 3961 ln

109 4009 173 4052 eam
209 4010 274 4065 qnae
301 4004 421 4051 vocatur
445 3995 573 4051 castoria
596 3995 735 4051 devenere
760 3994 958 4063 provinciam3

110 4083 162 4139 nbi
178 4091 205 4139 et
222 4082 401 4138 bominicum
415 4081 580 4139 solemniter
602 4082 792 4150 celebravere,
815 4081 957 4149 Natalem,

111 4173 337 4243 commoratique
351 4179 417 4227 sunt
433 4171 544 4243 aliquot
559 4172 660 4228 diebus
675 4171 789 4228 ibidem.

146 4260 327 4324 Quaesierunt
350 4260 439 4331 igitur
461 4275 478 4316 a
499 4260 667 4330 provinciali
693 4268 777 4331 gente
800 4260 958 4331 negotium,
978 4231 1000 4284 Β

108 4348 157 4403 sed
172 4348 226 4418 ipsi
240 4348 396 4405 noluerunt
416 4349 457 4404 eis
479 4349 607 4419 praebere
629 4362 802 4404 consensum
823 4364 856 4404 eo
879 4348 959 4404 scili-

110 4445 153 4492 cet
170 4437 246 4506 quod
265 4445 433 4492 vererentur
446 4451 504 4502 eos,
530 4436 667 4492 militares
690 4436 752 4492 illos
775 4435 958 4504 estimantes,

110 4539 169 4580 non
185 4527 360 4597 peregrinos,
384 4533 412 4581 et
427 4524 496 4594 qnia
526 4525 631 4581 vellem
656 4523 828 4581 exterminio
853 4533 959 4581 terram

109 4612 222 4669 tradere
250 4627 284 4668 ac
303 4615 441 4684 perimere
470 4612 541 4668 illos.
570 4614 607 4669 At
635 4611 675 4668 illl
697 4612 842 4680 irredestia,
870 4627 958 4683 quam

109 4700 283 4769 habuerant,
312 4702 341 4757 in
370 4703 496 4758 intorem
533 4715 626 4769 versa,
661 4700 833 4770 diripiebant
858 4715 957 4771 equos,

109 4790 207 4856 boves,
224 4790 328 4857 asinos,
346 4804 379 4845 ac
394 4790 529 4860 quaelibet
545 4789 598 4845 sibi
623 4789 714 4845 utilia.
741 4788 871 4859 Egressis
895 4797 958 4845 tan-

110 4878 224 4934 demde
248 4877 375 4934 Castorin
398 4879 525 4938 occurrit
549 4878 712 4949 Pelagonia,
739 4876 789 4933 nbi
812 4877 959 4948 quoddam

110 4966 310 5023 baereticorum
326 4974 453 5022 castrum
468 4966 625 5036 reperiunt,
651 4965 728 5036 quod
757 4963 888 5035 undique
905 4979 958 5036 ag-

111 5054 211 5126 gressi,
228 5055 264 5110 ad
289 5069 375 5111 suum
402 5055 488 5111 subdi
514 5069 631 5126 coegere
656 5053 819 5123 imperinm,
844 5063 871 5108 et
894 5053 959 5123 igne

110 5141 248 5212 subjecto,
264 5142 485 5198 combusserunt
499 5155 566 5197 cum
589 5141 650 5197 suis
675 5138 885 5195 habitatoribus
908 5153 958 5195 ca-

110 5235 213 5284 strum.
229 5229 297 5284 lnde
319 5230 355 5285 ad
381 5229 506 5286 llnvium
531 5229 704 5298 perveniunt
730 5227 781 5298 qui
809 5227 959 5283 dicebatur

111 5314 278 5371 Bandarum
310 5316 374 5386 lai,
402 5315 591 5387 Bandarumi.
622 5316 796 5386 Progressus
821 5325 862 5371 est
889 5328 957 5386 ergo

110 5401 374 5459 Boemundnscnm
392 5405 492 5474 aliqua
519 5418 639 5460 suornm
664 5404 789 5459 militnm
811 5411 900 5474 parte,
928 5404 957 5458 in

110 5503 201 5545 mann
226 5497 323 5548 autem
346 5492 499 5563 cujusdam
520 5493 565 5549 sui
583 5491 695 5548 comitis
717 5500 828 5562 partem
851 5491 958 5550 dimisit

1010 3025 1136 3095 nopolim
1152 3024 1308 3082 deveniret.
1324 3024 1456 3096 Cumque
1473 3039 1524 3096 pcr
1540 3025 1630 3095 ipsius
1645 3026 1757 3097 imperii
1773 3026 1864 3082 muni.

1009 3114 1124 3184 cipiaet
1147 3114 1233 3169 nrbes
1262 3113 1397 3169 transiret
1423 3115 1578 3180 exercitus,
1606 3116 1763 3184 regionum
1790 3129 1861 3185 qua·

1010 3215 1135 3271 rumque
1149 3200 1249 3256 incolis
1265 3201 1412 3271 imperiale
1421 3200 1542 3272 jubebat
1557 3201 1693 3267 edictum,
1716 3211 1863 3273 qnatenus

1009 3289 1034 3346 ei
1049 3297 1213 3360 satagerent
1227 3297 1403 3359 comportare
1419 3290 1529 3359 copiam
1552 3303 1649 3345 rerum
1672 3291 1864 3362 undicunque

1009 3377 1167 3433 venalium.
1184 3377 1230 3432 Sic
1244 3385 1340 3433 autem
1355 3377 1462 3432 militia>
1479 3376 1518 3432 illi
1540 3391 1590 3447 por
1612 3377 1782 3447 provincias
1799 3392 1862 3449 pro

1010 3480 1109 3537 perare
1141 3464 1266 3522 dabatur
1294 3473 1326 3520 ut
1353 3465 1452 3520 nullus
1477 3479 1577 3521 eornm
1612 3465 1664 3535 qui
1694 3466 1864 3522 Boemnndo

1010 3555 1197 3620 cohaeserant,
1215 3552 1290 3608 intra
1306 3553 1460 3624 cujuslibet
1482 3552 1604 3608 civitatis
1627 3567 1727 3609 muros
1753 3554 1864 3626 ingredi

1010 3642 1233 3713 permitteretur.
1251 3641 1312 3698 Nisi
1327 3649 1395 3697 sunt
1411 3650 1507 3696 antem
1526 3641 1610 3697 iidem
1636 3641 1743 3698 milites
1759 3643 1864 3699 irrum-

1012 3743 1078 3799 pere
1093 3729 1238 3800 quoddam
1251 3738 1388 3796 castrum,
1406 3730 1489 3784 bonis
1504 3744 1569 3800 quae
1590 3737 1661 3786 tunc
1686 3729 1865 3788 videbantur

1012 3826 1169 3888 competere
1181 3818 1360 3887 opulentum.
1378 3822 1412 3874 at
1427 3818 1472 3873 vir
1489 3818 1535 3873 ille
1562 3817 1682 3874 illustris
1705 3818 1735 3874 id
1761 3819 1863 3886 vetuit,

1011 3906 1116 3974 partim
1130 3919 1165 3961 ne
1178 3913 1259 3961 terrae
1270 3906 1339 3975 jura
1360 3906 1499 3974 turbaret,
1524 3905 1626 3977 partim
1652 3908 1687 3963 de
1713 3906 1864 3978 imperato

1012 3995 1052 4049 ris
1064 4000 1194 4050 tenerum
1211 3995 1306 4050 adhuc
1320 3994 1450 4050 animum
1465 3994 1630 4060 ollonderet,
1646 3995 1702 4050 imo
1727 4010 1765 4052 ne
1782 4003 1863 4066 pacta

1012 4095 1078 4137 cum
1097 4095 1129 4137 eo
1143 4096 1192 4152 per
1209 4082 1402 4138 internuntios
1419 4097 1517 4140 recens
1533 4084 1605 4139 laeta
1616 4091 1754 4140 cassaret.
1783 4084 1862 4142 Unde

1013 4178 1134 4240 emptam
1150 4170 1295 4240 ineptiam,
1310 4186 1386 4242 aegre
1402 4171 1505 4239 terens,
1531 4172 1622 4228 iratus
1646 4172 1708 4228 suis
1732 4173 1786 4244 qui
1808 4187 1861 4228 eoa-

1015 4265 1125 4328 perant,
1164 4266 1192 4315 et
1221 4260 1382 4330 specialiter
1404 4261 1564 4322 Tancredo,
1585 4261 1734 4330 repressit.
1760 4261 1792 4318 ld
1815 4274 1861 4316 ve

1012 4360 1093 4416 spere
1129 4348 1297 4418 contigerat.
1333 4348 1416 4403 blane
1447 4361 1542 4404 amem
1583 4348 1668 4413 lacto,
1703 4349 1861 4417 procedunt

1012 4442 1179 4502 castrenses,
1215 4442 1242 4491 et
1277 4449 1335 4504 prae
1359 4449 1389 4491 so
1414 4437 1509 4492 crucis
1533 4435 1640 4491 vexilla
1669 4434 1805 4502 terentes,
1827 4434 1860 4491 ad

1013 4523 1170 4579 Boemnndl
1185 4532 1368 4593 conspectum
1385 4537 1451 4579 cum
1476 4523 1626 4592 multiplici
1649 4522 1816 4580 hnmilitate
1836 4530 1861 4579 et

1012 4611 1149 4682 religione
1175 4611 1362 4667 contendunt.
1397 4612 1458 4681 lpse
1486 4625 1553 4667 vero
1577 4608 1736 4667 allabiliter
1759 4626 1809 4668 eos
1830 4624 1860 4665 ae

1012 4706 1161 4755 mansuete
1175 4699 1338 4767 admittens,
1356 4699 1468 4756 indulta
1484 4699 1589 4756 eisdem
1603 4713 1657 4755 sna
1672 4701 1780 4770 gratia,
1796 4714 1814 4756 a
1833 4712 1861 4754 se

1011 4787 1192 4844 laetabundos
1205 4788 1309 4843 emisit.

1048 4876 1177 4946 Denique
1191 4876 1227 4932 ad
1237 4876 1393 4947 qnamdam
1409 4875 1567 4934 deveniunt
1578 4875 1692 4944 urbem,
1703 4890 1772 4947 qnae
1781 4875 1860 4933 Sem

1011 4972 1142 5031 vocatur,
1170 4965 1218 5020 nbi
1240 4978 1293 5021 sua
1317 4964 1407 5020 llxere
1435 4965 1574 5033 tentoria;
1602 4978 1657 5019 nec
1681 4964 1740 5021 illis
1763 4964 1860 5021 diebus

1011 5065 1141 5122 congrua
1167 5052 1221 5107 sibi
1249 5052 1365 5108 deluere
1391 5053 1572 5108 commercia.
1603 5050 1646 5107 lbi
1674 5051 1859 5109 Boemundus

1011 5152 1077 5194 cnm
1101 5139 1215 5196 dnobus
1241 5139 1381 5209 praelectis
1405 5139 1539 5209 palatinis
1562 5137 1591 5193 in
1614 5139 1801 5195 concordiam
1823 5152 1860 5194 rc—

1011 5227 1072 5283 dilt.
1091 5226 1171 5283 Unde
1185 5241 1236 5296 pro
1250 5241 1351 5282 eornm
1367 5241 1440 5283 novo
1456 5226 1571 5292 ioedcre,
1586 5234 1614 5281 et
1636 5240 1689 5296 pro
1708 5227 1777 5298 jure
1801 5239 1859 5283 ser-

1010 5317 1106 5370 vando
1141 5315 1305 5384 provincia.
1343 5313 1429 5384 Jussit
1452 5313 1565 5369 restitui
1592 5313 1741 5384 quidquid
1763 5314 1858 5371 incolis

1010 5403 1158 5459 sublatum
1175 5403 1267 5458 luerat
1280 5405 1392 5472 praedae.
1410 5402 1522 5458 Exinde
1535 5401 1747 5474 alteriusque
1758 5403 1858 5460 dicitur

1011 5491 1099 5560 husa,
1116 5490 1239 5547 civitatis
1260 5490 1332 5547 lines
1355 5490 1520 5562 attigerant,
1544 5495 1572 5546 et
1596 5503 1673 5561 ecee,
1697 5491 1857 5550 Graiorum
