3818 6008
116 231 168 285 tls
329 192 335 207 Ι
559 232 593 287 V.
613 231 781 288 suranus!
799 233 947 290 austris
966 235 993 289 S.
1015 233 1136 291 MdlllAE
1156 236 1201 291 un
1223 234 1422 292 ubvluuuto
1813 238 1865 291 lib
1898 221 1905 261 ¹³

117 378 189 421 num
200 381 285 437 motta
300 375 374 423 sorte
388 365 503 422 deducti
521 381 579 421 non
603 365 756 438 dispariter
780 382 884 424 nomen
899 382 961 438 por·
978 371 1001 422 Α
1017 369 1093 426 tione
1105 370 1294 440 suscepimus.
1311 371 1374 440 lpse
1396 370 1496 441 igitur,
1512 371 1598 441 cujus
1612 370 1784 426 munditiam
1803 384 1865 426 sor-
1899 352 1905 406 ¹³

118 460 189 510 tant.
220 456 256 510 Αι
283 455 516 524 praevaricatores
544 453 573 509 in
597 455 638 511 eis
660 464 811 522 corruunt,
839 457 890 527 qui
915 464 966 513 aut
1019 457 1187 515 desnostree
1208 474 1266 515 uon
1293 466 1486 529 praegravant,
1504 474 1538 515 ea
1556 474 1622 530 quae
1647 473 1698 529 per
1717 473 1770 515 nos
1793 459 1865 514 dixit
1899 440 1905 481 Ἃ

114 541 192 613 juste
206 543 395 610 vivendi‚aut
410 544 591 612 postmodum
605 544 759 613 poenitendi
773 546 965 615 juracassare
1019 546 1054 600 ad
1076 546 1229 603 electorum
1255 561 1372 602 suorum
1400 547 1441 603 sic
1464 556 1574 603 mentes
1595 547 1738 614 extendet,
1766 555 1797 603 ut
1820 560 1865 617 per

117 645 175 686 uon
190 639 333 686 metuunt.
356 631 469 687 Gratias
493 632 584 688 sancti
599 632 725 702 Spiritus
744 635 963 704 omnipotentis·
1019 635 1080 690 baec
1105 635 1168 705 ipsa
1189 636 1230 692 eis
1253 636 1468 692 condimentum
1494 651 1554 692 sum
1577 634 1785 692 dulcorationis
1815 635 1864 691 im·
1901 642 1905 658 ι

117 719 196 774 simae
218 717 387 788 benignitati
407 719 567 786 referimus,
593 720 678 790 cuius
698 720 901 790 aspirationem
918 721 965 776 im·
1018 724 1132 794 pendat.
1902 711 1905 724 '

117 805 211 861 meriti
233 812 261 860 et
286 805 397 879 indigni
421 807 450 863 in
470 808 566 864 listula
589 809 647 864 oris
668 809 759 864 nostri
783 823 837 865 sua
858 809 964 881 digna-

541 1136 805 1297 VEN.
874 1134 1443 1299 GUIBERTI

251 1413 343 1527 nb
386 1415 891 1528 TROPOLOGIAS
936 1415 1009 1525 IN
1056 1417 1250 1527 AMOS
1298 1417 1734 1528 PROPHETAM

863 1643 1119 1718 rotumum

152 1944 226 1993 m
242 1938 471 1995 Amossanotum
488 1939 587 1995 eadem
612 1953 671 2009 qua
684 1938 896 1995 elaboravimus
910 1953 964 1995 cae-
1019 1936 1214 1996 vivificatoriae
1234 1939 1269 1995 ad
1293 1938 1423 1995 oninium
1446 1939 1497 2009 qui
1522 1938 1641 2011 legerint
1667 1940 1865 1997 instructiones

117 2032 177 2084 tera
189 2028 345 2084 intentione
359 2026 570 2097 presumimus,
587 2026 678 2092 illum,
693 2027 744 2099 qui
757 2028 791 2083 de
801 2041 963 2098 gregoeum
1020 2033 1162 2091 immittat.
1189 2027 1251 2085 utbi
1277 2041 1355 2098 ergo,
1390 2027 1545 2084 reverende
1572 2029 1709 2099 magister
1738 2029 1805 2100 (tt),
1837 2029 1864 2084 in

116 2117 153 2173 ad
164 2124 296 2172 armenta
315 2115 495 2172 transtulerit
515 2124 542 2173 et
561 2116 595 2171 de
620 2117 685 2172 rudi
711 2124 740 2172 et
766 2116 872 2187 agresti
890 2117 963 2171 iuter
1018 2134 1178 2191 autemnon
1196 2117 1278 2174 modo
1299 2123 1406 2182 nostra,
1432 2116 1480 2171 sed
1502 2124 1529 2171 et
1549 2130 1601 2172 nos
1624 2117 1792 2186 appuimus,
1816 2119 1863 2189 qui

115 2205 275 2275 spiritualis
299 2203 387 2262 curiae
414 2204 550 2274 primates
567 2205 704 2271 evexerit,
727 2204 964 2274 praecordialibus
1019 2207 1282 2265 infinitassciontiae
1296 2204 1393 2275 copias
1416 2204 1528 2260 eunctis
1544 2204 1605 2260 sine
1621 2204 1710 2261 livore
1733 2219 1863 2262 eommu-

116 2293 249 2364 suspiriis
285 2292 463 2364 invocantes,
488 2297 633 2364 quatenus
673 2294 875 2350 intellectualis
899 2293 963 2363 eius
1017 2297 1106 2364 nicas,
1134 2295 1220 2352 totius
1243 2308 1386 2352 summam
1412 2292 1588 2364 corrigendae
1603 2301 1709 2349 nostrae
1729 2294 1864 2350 orationis

117 2383 246 2439 buccinae
261 2381 427 2454 fragoribus
444 2381 571 2451 torpidas
586 2381 676 2438 nostri
697 2381 786 2438 animi
809 2382 963 2438 surditates
1017 2384 1202 2455 imponimus.
1234 2390 1264 2439 ut
1291 2397 1391 2439 secure
1411 2382 1511 2437 dilates
1535 2389 1585 2437 aut
1607 2382 1724 2438 minuas
1746 2382 1769 2437 si
1796 2383 1863 2453 quid

116 2471 295 2536 excutiebat
310 2470 415 2541 ipsum,
434 2470 484 2542 qui
505 2470 596 2527 iectus
610 2479 652 2527 est
669 2472 695 2527 ei
724 2485 813 2526 sonus
832 2470 961 2538 interior,
1017 2474 1082 2544 plus
1096 2487 1180 2544 aequo
1203 2471 1336 2528 minusve
1355 2470 1462 2526 dixisse
1485 2477 1534 2526 tuo
1551 2469 1660 2541 judicio
1680 2469 1802 2541 reperiri
1825 2485 1865 2542 po

115 2558 250 2630 spiritum
264 2559 306 2615 sic
319 2558 461 2626 infundat,
488 2567 520 2615 ut
542 2559 603 2615 voci
624 2566 739 2626 uostrae,
762 2574 851 2629 quam
875 2559 964 2615 abeo
1018 2562 1148 2619 terimus.

116 2644 235 2701 haurire
257 2644 313 2702 ude
333 2644 453 2703 indubia
475 2660 526 2702 nos
549 2646 702 2713 credimus,
724 2660 821 2703 vocem
848 2646 964 2703 virtutis

811 2779 955 2862 EXPLICl'l'
978 2818 1164 2863 Pnofflttlmu.

732 3076 736 3081 ’
786 3134 928 3208 urrann
955 3132 1191 3220 suenrus

399 3342 813 3440 TROPOLOGIAE
861 3342 925 3437 IN
972 3339 1138 3437 AMOS
1180 3339 1577 3437 PRllPHETlllll.

1017 3743 1115 3813 possit,
1137 3743 1191 3798 sub
1215 3743 1319 3798 borum
1340 3743 1495 3799 verborum
1511 3741 1563 3798 sibi
1580 3741 1811 3799 discussionibus
1827 3743 1867 3798 in

152 3840 238 3896 Vens.
256 3843 281 3895 l.
299 3869 333 3879 -
356 3857 370 3889 e
390 3838 485 3894 Verba
499 3837 597 3906 Amos,
613 3837 664 3908 qui
687 3836 740 3892 luit
761 3836 789 3890 in
810 3833 963 3904 pastorali·
1016 3831 1146 3887 terlucet.
1172 3831 1257 3886 lsrael
1284 3830 1358 3887 enim
1384 3830 1503 3885 directas
1530 3832 1588 3896 bet,
1608 3830 1653 3887 vel
1675 3846 1736 3885 eam
1754 3831 1811 3886 Deo
1824 3832 1865 3888 di·

119 3949 130 3978 a
149 3928 204 3984 bus
218 3926 280 4000 [ct.‚
301 3926 476 3996 pastoribus]
499 3925 533 3981 de
553 3926 674 3991 Tbeeue,
696 3938 762 3995 quae
781 3923 852 3978 vidit
877 3936 964 3992 snper
1016 3919 1101 3977 citur.
1118 3921 1154 3975 ln
1166 3919 1260 3974 diebus
1273 3920 1345 3975 Oeta
1358 3922 1430 3988 regis
1443 3919 1516 3973 tado
1534 3920 1617 3973 verba
1632 3919 1778 3988 videntur,
1797 3920 1866 3991 quia

118 4015 242 4082 »lsrael
267 4016 295 4071 in
319 4015 421 4071 diebus
439 4014 511 4070 Oziae
534 4014 610 4085 regis
636 4013 721 4079 luda,
749 4019 776 4068 et
806 4012 835 4067 in
862 4011 964 4067 diebus
1016 4008 1128 4064 nisiex
1151 4007 1269 4064 rationis
1289 4007 1459 4063 auctoritate
1484 4007 1596 4064 sibimet
1615 4007 1697 4078 prius
1724 4007 1866 4078 imperare

117 4104 296 4160 eteroboam
317 4105 367 4159 lilii
388 4104 453 4159 toas
472 4103 548 4173 regis
569 4101 666 4167 lsrael,
688 4107 755 4157 aute
782 4101 855 4156 duos
873 4113 964 4156 annos
1016 4110 1098 4154 mens
1113 4097 1235 4162 noverit,
1251 4095 1412 4166 spiritualia
1428 4095 1595 4152 nullatenus
1609 4096 1866 4168 aliquaattinguu-

116 4213 131 4242 e
149 4199 231 4249 terrae
248 4200 381 4248 motus.»
405 4191 492 4248 Amos
524 4191 730 4261 interpretatur
752 4189 870 4258 populos
889 4189 965 4243 aaut·
1015 4193 1074 4242 tur.
1098 4185 1180 4243 Ozias
1205 4184 1280 4241 euim
1297 4187 1442 4254 imperium
1467 4185 1579 4240 Domina·
1597 4183 1712 4240 dieitur.
1737 4183 1793 4252 Qui
1815 4199 1865 4241 rex

115 4293 172 4334 sos.
187 4279 393 4349 Populusvero
409 4279 529 4336 avulsus
547 4285 589 4334 est
608 4275 813 4348 cogitationum
828 4276 963 4347 trequen—
1016 4280 1059 4330 est
1075 4273 1159 4341 luda,
1185 4274 1256 4345 quie
1275 4273 1311 4329 ad
1333 4287 1432 4329 veram
1453 4273 1560 4343 peceati
1585 4272 1793 4330 consessionem
1816 4272 1865 4329 teli

117 4368 165 4436 tia,
183 4383 249 4439 que
268 4369 356 4425 nullis
379 4368 570 4424 intentionum
589 4365 735 4421 radicibus
755 4365 859 4421 saeculo
875 4364 964 4420 altixa
1017 4360 1142 4431 impulsa
1167 4360 1307 4432 regimine
1336 4360 1506 4431 perducitur
1528 4361 1719 4432 loouscieutia.
1747 4360 1866 4416 initium
1903 4382 1905 4425 t

115 4466 168 4525 est,
192 4457 240 4514 sed
262 4465 321 4514 tota
341 4458 377 4513 ab
404 4458 467 4528 ejus
494 4469 591 4511 amore
618 4461 752 4523 exempta
778 4453 829 4509 soli
855 4453 962 4510 intelle·
1017 4449 1094 4505 enim
1110 4450 1263 4519 bonorum,
1277 4448 1416 4505 confessio
1439 4447 1583 4505 malorum
1610 4457 1661 4506 est.
1677 4449 1769 4506 ludas
1788 4463 1867 4505 nam-

117 4547 257 4604 ctualitati
276 4547 378 4603 innixa
392 4554 443 4603 est.
462 4546 556 4616 liujus
576 4545 659 4600 Amos
678 4544 761 4598 verbo
782 4551 860 4611 sunt,
880 4558 964 4614 qum·
1018 4551 1075 4607 que
1098 4539 1291 4604 confessionem
1317 4543 1411 4593 sonat.
1438 4537 1587 4593 temboam
1617 4550 1735 4607 quoque
1758 4536 1867 4608 diiudi-

460 3695 576 3752 CAPUT
594 3695 616 3750 1·
982 3653 1097 3724 Cscper
1124 3655 1214 3709 lsrael
1247 3654 1334 3720 videt,
1360 3654 1430 3724 quia
1455 3653 1580 3724 qualiter
1602 3667 1669 3710 cum
1699 3654 1757 3710 Deo
1780 3653 1865 3727 dirigi

15 4654 18 4658 ’
116 4650 234 4707 cunque
255 4635 450 4705 spiritualium
473 4643 604 4690 motuum
630 4633 754 4689 aciesde
775 4640 881 4688 natura
904 4646 964 4687 vrr-
1017 4629 1089 4684 cotio
1117 4627 1222 4696 populi,
1248 4625 1315 4682 toas
1345 4640 1423 4680 moro
1447 4627 1558 4680 Domini
1585 4623 1802 4694 interpretatur.
1834 4623 1867 4678 Io

118 4732 211 4781 tutum
227 4737 315 4794 super
328 4723 498 4780 discretione
517 4722 672 4791 spirituum
689 4728 813 4777 tractare
834 4727 962 4792 possunt.
1017 4715 1112 4771 diebos
1130 4728 1198 4786 ergo
1224 4714 1369 4770 Jeroboom
1387 4716 1460 4782 repis
1475 4714 1561 4768 lsrael
1583 4713 1666 4767 aerbo
1691 4711 1776 4781 liunt,
1801 4726 1867 4768 cum

115 4813 144 4869 ls
160 4827 277 4884 quoque
290 4811 523 4882 ¹inpostorctibus
544 4818 716 4879 commanet,
739 4809 810 4880 quia
833 4809 863 4864 in
883 4809 964 4865 verbi
1017 4816 1055 4859 ex
1070 4803 1184 4858 interna
1197 4801 1367 4858 discretione
1382 4799 1450 4857 acsi
1468 4800 1566 4872 populi
1585 4799 1867 4871 diiudicationeoon·

116 4901 165 4958 Dei
191 4901 298 4972 pabulo
321 4901 391 4957 dum
415 4899 521 4956 talibus
544 4898 712 4955 desudatio
732 4897 845 4966 studiis,
868 4897 963 4954 inedia
1017 4890 1191 4961 templativae
1216 4889 1445 4961 perspicacitates
1459 4888 1617 4961 {prodeunt
1636 4888 1690 4953 0¹11
1719 4889 1868 4944 teroboam
1903 4885 1905 4895 '

118 4990 177 5060 ipse
205 4989 286 5046 nulla
307 4989 427 5061 adjacet.
451 4989 564 5045 Tbeeue
595 4996 692 5044 autem
724 4988 753 5042 iu
782 4986 883 5053 tabem,
917 4985 963 5042 vel
1019 4980 1096 5036 tilius
1118 4981 1183 5037 toas
1205 4979 1321 5047 dicitur,
1344 4978 1414 5049 quia
1436 4992 1473 5034 ex
1497 4977 1595 5034 diviua
1622 4977 1652 5033 iu
1671 4977 1779 5033 nostris
1803 4989 1869 5033 cor-

118 5078 258 5133 buccinam
270 5078 403 5134 vertitur.
421 5078 457 5133 Et
477 5092 544 5148 quae
564 5077 727 5133 sonorosior
742 5074 829 5130 menti
842 5075 965 5130 buccina
1018 5068 1104 5124 dibus
1125 5067 1347 5124 commoratione
1372 5066 1516 5137 quidquid
1542 5066 1625 5122 bonae
1643 5064 1813 5121 subtilitatis
1827 5070 1868 5120 ost

116 5165 273 5236 instrepere
298 5165 433 5235 prevalet
464 5179 552 5236 quam
582 5165 689 5221 divinae
718 5162 830 5234 pagine
855 5160 965 5217 intelli·
1019 5156 1422 5213 nobisinnascitur.1licrex
1443 5154 1596 5221 lsraelest,
1620 5152 1869 5225 quiadirectiouis

117 5254 224 5324 gentle,
255 5268 332 5325 que,
367 5254 560 5311 somnolentos
586 5252 675 5308 animi
705 5258 798 5307 status
825 5264 964 5322 arguens,
1018 5246 1054 5302 ad
1073 5247 1164 5302 Deum
1179 5253 1283 5301 nostrae
1306 5242 1437 5315 specialis
1456 5242 1518 5298 dux
1533 5250 1561 5299 et
1583 5242 1714 5297 incentor
1730 5249 1783 5298 est.
1798 5241 1868 5295 Acte

119 5341 237 5397 terribili
267 5356 320 5398 nos
343 5342 379 5398 ed
400 5342 501 5398 divina
527 5340 679 5398 revisenda
705 5353 775 5396 voce
803 5337 876 5395 ciet?
899 5339 967 5396 llaec
1019 5335 1086 5390 daos
1106 5348 1191 5389 aranos
1209 5343 1288 5389 terre
1302 5335 1390 5388 motus
1413 5331 1502 5389 verba
1516 5338 1687 5398 cernuntur,
1703 5343 1772 5387 cnm
1788 5337 1867 5386 aute-

154 5495 213 5568 (l6)
227 5496 256 5555 S.
271 5496 447 5555 Norbertum
459 5495 602 5569 intelligit.
