3794 6008
574 246 757 304 HORALIUM
782 248 816 303 ttt
841 246 989 303 GENESIN
1015 247 1079 302 utu.
1108 248 1137 301 t.

52 388 99 444 nis
111 386 238 452 letorem,
256 386 308 456 qui
331 385 464 457 signatur
479 385 509 440 11
537 383 687 455 sulphure,
709 391 737 440 et
762 396 829 438 cru·
847 384 869 435 Α
887 381 983 453 digna,
999 395 1087 451 quam
1103 381 1293 452 praetulimus,
1310 381 1437 449 intentio,
1453 397 1490 438 ex
1514 382 1638 439 duarum
1656 382 1731 439 11111-

51 476 153 546 tmqui
177 475 207 530 11
235 475 310 545 igne,
333 474 461 540 caecitati,
488 480 515 529 et
540 471 672 528 seditioni
693 471 829 528 vitiorum
883 483 959 538 rum,
976 484 1050 540 quas
1065 471 1262 540 exposuimus,
1284 470 1494 528 cohabitatione
1519 472 1730 528 lunestanota-

52 572 158 620 nostrat
174 563 257 619 uobis
270 563 370 618 inesse.
388 563 499 618 Bonum
524 568 667 631 quantum
693 561 723 617 in
745 561 829 616 nobis
883 567 933 615 tur
948 574 955 613 :
971 559 1116 629 praedictis
1131 559 1228 630 itaque
1242 573 1278 615 11
1303 558 1398 616 causis
1414 559 1441 614 in
1469 560 1564 630 tepido
1585 560 1669 630 quasi
1694 559 1730 616 ti·

52 653 135 722 quasi
149 654 224 708 Deus
244 651 441 706 noshahitaus
462 658 530 706 est:
557 650 783 720 Dominusergo,
800 648 828 704 id
883 661 963 703 meos
991 646 1143 716 persistere
1164 646 1284 704 vivendi
1311 648 1404 712 modo,
1434 649 1488 704 hoc
1510 656 1552 704 est
1579 649 1608 703 in
1632 648 1728 719 Segor,

52 741 154 796 tonitas
167 741 196 795 in
211 740 294 795 nohis
310 740 426 809 degens,
453 753 470 794 a
495 739 613 794 Domino
626 737 733 804 haurit,
751 736 829 807 quod
883 735 1022 791 transitin
1035 743 1172 800 montem,
1183 736 1325 792 ibitamen
1336 737 1364 792 in
1376 737 1663 806 speluncavicturus,
1676 736 1727 806 qni

52 843 64 884 s
88 829 122 884 de
141 828 222 894 coelo,
250 828 360 883 ratione
389 827 495 883 scilicet
523 827 664 882 divinitus
687 833 763 881 tacta
792 825 829 881 ad
884 824 1010 881 terarum
1025 833 1053 881 et
1068 825 1215 880 latronum
1237 835 1280 880 est
1292 824 1381 893 locus,
1405 826 1475 896 quia
1494 825 1624 881 cuitales
1639 826 1730 881 corui-

52 918 189 974 ertendos
202 917 346 973 daemones
356 916 530 971 habitatores
545 914 674 980 urbium,
691 928 829 971 sensuum
883 915 951 970 tiam
967 913 1096 983 prebent
1111 911 1186 979 111111,
1203 912 1333 969 crudeles
1349 927 1501 983 nunqnam
1518 913 1621 968 deserit
1642 927 1729 983 appe-

52 1021 84 1063 11
112 1015 276 1062 nostrorum
301 1004 374 1075 pluit
398 1018 404 1057 :
433 1018 547 1059 omnem
575 1003 649 1058 circa
671 1003 827 1073 regionem,
885 1002 1107 1059 titus-Vsus.
1120 1001 1176 1071 31.)
1189 1003 1261 1055 llicit
1270 1017 1332 1068 ergo
1341 1000 1431 1071 major
1442 1001 1631 1055 odmtnnmrn:
1649 990 1730 1055 Pater

54 1092 274 1154 dialtinitatem,
293 1099 320 1146 ot
339 1099 443 1147 cuncta
457 1098 541 1146 terrae
555 1090 689 1157 virentia,
708 1100 829 1147 terrenae
883 1097 1066 1149 nostersenec
1080 1096 1129 1154 est,
1146 1094 1171 1144 et
1193 1089 1284 1143 nuilus
1307 1093 1429 1144 nir-orum
1455 1093 1588 1145 remansit
1600 1094 1629 1142 tn
1645 1094 1729 1157 terrc,

56 1180 192 1251 quaelibet
211 1179 400 1247 delectabilia,
412 1179 466 1234 hac
482 1180 558 1235 Deus
572 1179 715 1236 infusione
730 1179 828 1250 cogni·
883 1183 932 1251 qni
945 1181 1031 1249 possit
1043 1177 1153 1245 ingredi
1167 1177 1204 1231 ccl
1219 1192 1267 1232 nos
1278 1178 1364 1247 iacto
1379 1194 1477 1232 morem
1493 1181 1626 1231 uniuersa
1641 1183 1728 1232 terra.

53 1284 67 1326 s
99 1269 266 1340 exstinguit,
303 1275 445 1339 quantum
480 1274 599 1338 puteant
626 1275 830 1338 quantumque
886 1275 931 1323 π
961 1267 1053 1338 hlajor
1073 1266 1231 1323 cenodoxia
1255 1267 1371 1322 omnino
1394 1273 1468 1322 recte
1493 1266 1643 1336 accipitur,
1664 1280 1730 1336 quae

52 1358 111 1414 ient
129 1358 284 1414 criminum
307 1371 394 1424 curm,
413 1364 542 1426 patenter
564 1356 696 1413 ostendit.
721 1357 785 1412 Post
800 1371 829 1412 se
883 1370 949 1412 cum
963 1356 1037 1411 hona
1050 1362 1193 1424 operetur,
1210 1355 1239 1410 id
1265 1368 1321 1410 non
1341 1355 1411 1424 agit,
1441 1361 1472 1410 ot
1494 1356 1568 1409 Deus
1584 1353 1729 1424 glorifice-

52 1461 77 1502 m
93 1460 170 1502 uxor
197 1447 247 1501 Lot
269 1445 394 1516 respicit,
425 1460 490 1501 cum
516 1444 590 1500 hona
617 1445 752 1500 voluntas
769 1443 829 1514 111-
883 1451 942 1509 tur,
953 1443 1001 1500 sed
1012 1443 1096 1513 quasi
1112 1443 1239 1513 quadam
1255 1440 1452 1510 idolololatria‚
1470 1456 1503 1497 ac
1517 1442 1678 1512 sacrilegio,
1700 1449 1733 1498 ut

60 1534 228 1591 medullitus
245 1535 346 1590 innixa
361 1533 463 1589 rationi
488 1534 523 1589 ad
541 1548 575 1590 ea
590 1547 655 1605 quae
671 1541 827 1602 spreverat,
883 1532 968 1587 homo
990 1538 1161 1602 prepostero
1193 1531 1366 1600 honoretur;
1396 1530 1526 1600 loquitur
1547 1544 1618 1601 ergo
1644 1542 1733 1585 oeno-

52 1620 80 1677 111
101 1621 309 1676 oblectamenta
333 1619 492 1690 appetenda
524 1619 640 1689 tepescit
666 1639 672 1672 :
705 1627 768 1689 post
799 1634 829 1676 se
883 1619 970 1675 dotia
982 1619 1018 1675 ad
1032 1619 1229 1689 cupiditatem,
1245 1620 1315 1675 dum
1331 1619 1409 1688 quod
1430 1618 1570 1674 violenter
1595 1617 1657 1687 rapi
1673 1631 1733 1674 nou

52 1709 107 1777 icit,
123 1724 190 1765 cum
205 1716 324 1779 accepto
343 1716 420 1765 statu
437 1708 572 1764 deficiens
588 1708 664 1764 inira
686 1722 716 1764 se
743 1708 829 1778 quip-
848 1676 870 1731 B
885 1715 984 1778 potest,
1012 1709 1142 1778 suggerit
1157 1707 1269 1779 acquiri
1295 1722 1375 1778 posse
1390 1721 1441 1777 por
1464 1706 1624 1763 sanctitatis
1638 1707 1733 1763 simu-

52 1813 59 1852 t
85 1797 264 1867 concupiscit
289 1813 296 1850 ε
318 1798 366 1853 sed
389 1796 514 1853 vertitur
540 1796 569 1851 11
600 1803 725 1853 statuam
750 1795 828 1863 salis,
884 1798 1030 1854 lationem.
1049 1798 1132 1850 Peter
1146 1801 1246 1861 noster,
1262 1796 1378 1852 animos
1392 1796 1507 1861 scilicet,
1522 1795 1573 1865 qui
1588 1795 1664 1851 malo
1680 1809 1733 1851 suo

69 1888 144 1943 hano
161 1887 309 1956 apostasiae
324 1886 526 1941 hebetudinem
543 1885 776 1940 animadvertens
800 1884 828 1939 iu
885 1885 955 1941 tales
973 1884 1116 1956 'genitrice
1133 1884 1242 1940 carnali
1268 1882 1417 1940 1111111111
1442 1885 1552 1954 genuit,
1568 1899 1658 1949 senec,
1685 1884 1732 1938 in-

51 1974 176 2044 nlarguit
196 1974 333 2043 sapientia
348 1973 496 2043 salutaris3
514 1986 581 2027 nam
605 1986 688 2027 suam
704 1972 740 2027 ad
768 1972 830 2040 ple·
885 1974 957 2044 quit,
980 1981 1032 2040 est,
1063 1973 1099 2028 ad
1131 1981 1228 2029 vetera
1258 1980 1285 2028 et
1311 1972 1606 2043 temporaliapronus
1626 1979 1678 2038 est,
1703 1977 1732 2027 et

52 2062 271 2127 stoliditatem,
295 2075 383 2129 quam
407 2067 502 2115 statua
522 2060 627 2131 signat,
653 2060 829 2130 dignoscere,
884 2061 984 2119 nullus
1005 2061 1135 2117 virorum
1161 2060 1398 2117 intellectualium
1416 2061 1499 2130 plaue
1513 2068 1657 2128 motuum,
1681 2058 1733 2129 qui

64 2151 192 2207 maxima
205 2156 247 2205 est
261 2149 396 2215 scientiae,
415 2164 480 2220 quae
491 2156 608 2205 notatur
621 2150 652 2204 in
666 2150 741 2204 sale:
884 2151 1064 2207 allectttalem
1081 2150 1108 2205 in
1135 2150 1218 2206 nohis
1246 2150 1523 2220 mottittetmregam,
1551 2149 1687 2206 remansit
1703 2149 1733 2205 in

52 2254 104 2295 tus.
125 2242 169 2304 27,
197 2240 242 2292 aa.
261 2267 297 2277 -
324 2237 468 2291 Abrohom
491 2252 652 2305 consurgens
674 2250 761 2304 mnne,
783 2238 832 2292 ubi
885 2247 970 2307 terra,
987 2239 1016 2294 iu
1032 2238 1179 2295 tractiiera
1194 2239 1352 2309 quondam,
1367 2248 1394 2294 et
1407 2237 1528 2294 cultibili
1548 2237 1731 2303 conscientia,

52 2333 93 2382 rot
118 2330 198 2396 prius
225 2342 285 2381 cam
301 2328 420 2389 Domino,
442 2327 561 2381 intuitus
585 2334 625 2380 est
648 2325 792 2381 Sodomam
805 2330 831 2380 et
885 2326 936 2396 qui
952 2327 1038 2397 possit
1054 2326 1163 2397 ingredi
1179 2326 1215 2381 ad
1231 2341 1292 2391 nos,
1311 2327 1469 2396 irrumpere
1490 2326 1567 2381 avidi
1588 2325 1681 2381 cordis
1696 2325 1732 2382 ad

52 2418 169 2482 amiam,
204 2420 229 2469 et
270 2417 425 2469 universam
456 2420 557 2470 terram
589 2417 708 2482 regionis
735 2416 829 2481 iltins;
884 2427 937 2469 nos
951 2413 1120 2469 evertendos
1131 2412 1362 2480 obstinationem,
1376 2413 1461 2483 111111
1485 2427 1594 2469 morem
1609 2413 1730 2469 univer-

52 2521 107 2572 111
121 2504 305 2559 ostendentem
315 2504 443 2569 {anillam
467 2503 499 2557 de
514 2508 588 2558 terra
608 2505 688 2572 quasi
708 2502 830 2568 fornacis
884 2517 922 2558 saa
933 2509 1026 2568 terrae,
1043 2501 1071 2557 id
1086 2510 1128 2557 est
1144 2502 1341 2571 inquantum,
1358 2501 1402 2558 vel
1416 2504 1500 2574 juxta
1515 2502 1595 2572 quod
1618 2516 1734 2557 necesse

52 2608 99 2646 tm.
124 2592 270 2647 Abraham
297 2606 383 2648 mane
411 2591 831 2662 111111111,11111[)111111-
884 2598 957 2646 esset
981 2591 1110 2659 reparari
1140 2604 1247 2646 morem
1270 2590 1377 2646 seilicet
1402 2590 1554 2660 pristinum
1590 2589 1733 2645 universae

52 2689 125 2737 'ante
147 2682 183 2737 ad
199 2681 301 2737 altiora
316 2695 396 2737 mens
409 2681 630 2752 contemplanda
651 2696 680 2738 se
695 2681 829 2752 subrigit,
885 2679 1064 2736 conscientiae
1088 2694 1094 2733 :
1126 2687 1218 2749 posset
1237 2693 1305 2735 sane
1328 2680 1400 2735 ratio
1427 2678 1538 2750 ingredi
1566 2678 1733 2734 111111111-

52 2769 163 2826 umdem
192 2783 322 2840 regressa
344 2777 465 2835 statum,
489 2770 519 2824 in
544 2785 603 2840 quo
626 2770 661 2825 de
689 2769 831 2825 mentium
884 2767 1007 2824 dandam
1023 2767 1177 2838 cujuslibet
1197 2776 1329 2831 mentem,
1348 2767 1396 2822 sed
1412 2781 1470 2822 non
1497 2766 1578 2822 lacile
1592 2766 1628 2822 ad
1642 2765 1728 2821 inno-

60 2857 202 2914 bonarum
219 2872 269 2927 per
296 2871 485 2913 numerorum
510 2857 618 2928 gradus
637 2856 832 2912 altercabatur
884 2854 1607 2923 111111111111111111111.-(11111,31.171111,
1626 2854 1731 2925 inquit,

52 2946 201 3012 lominum,
218 2946 337 3001 undeet
352 2960 456 3000 nomen
474 2946 534 3012 jam
550 2957 630 3000 mens
654 2945 716 3012 ipsa
730 2944 831 3014 recipit
850 2973 870 3028 C
887 2945 968 3012 heus,
986 2952 1019 3000 tu
1030 2942 1183 3013 cupiditas,
1199 2944 1269 3014 quia
1284 2945 1340 2999 vim
1358 2944 1462 2999 inierre
1474 2944 1510 2999 ad
1525 2957 1558 3000 ea
1574 2958 1639 3014 quae
1653 2943 1734 3012 cupis

1682 248 1731 302 tat

52 3030 131 3087 tham
143 3030 232 3100 patris
246 3029 369 3086 videntis
382 3029 532 3099 populum,
549 3044 614 3100 quae
634 3043 713 3084 nuuc
738 3042 831 3098 usque

52 3118 212 3186 1111113181,
229 3133 265 3174 ex
280 3132 339 3189 quo
353 3117 390 3174 ab
410 3117 573 3189 integritate
596 3116 693 3172 vincta
707 3124 830 3185 coeperat

52 3206 129 3262 tnare
157 3220 163 3259 :
187 3213 244 3262 stat
267 3213 364 3261 autem
387 3219 453 3261 cum
483 3205 612 3272 Domino,
640 3205 758 3275 quaudo
782 3218 830 3274 per

52 3295 74 3350 11
100 3295 299 3351 rectitudinem
328 3310 386 3351 non
415 3295 544 3352 dissentit
560 3298 595 3350 ab
622 3295 681 3366 ipso
701 3281 836 3351 intuetur

52 3397 134 3439 11111
159 3390 187 3438 11
215 3383 413 3450 Gomorrham,
442 3391 529 3454 atque
561 3382 686 3454 regionis
714 3391 828 3450 terram,

74 3471 247 3542 flagitiorum
287 3473 504 3539 turbulentiam,
529 3480 557 3528 et
587 3486 688 3528 sensus
717 3471 830 3541 reprobi

52 3569 149 3628 111111,
174 3575 335 3631 eorumque
355 3561 589 3616 circumstantem
604 3560 755 3616 materiam
782 3559 829 3615 di-

52 3661 93 3706 :us
116 3649 254 3705 irradiata
268 3649 393 3719 dispicit.
422 3649 559 3719 videtque
579 3649 779 3704 ascendentem
795 3646 830 3702 de

52 3751 61 3792 t
75 3735 213 3802 favillam,
224 3737 261 3792 ab
274 3737 382 3792 intimis
396 3750 464 3792 sane
474 3737 654 3793 consulentiae
669 3750 829 3807 exsurgen-

72 3824 244 3895 poenitentiae
284 3824 532 3894 compunctionem
562 3824 615 3881 sibi
640 3823 829 3880 necessariam

52 3927 78 3969 m
100 3913 160 3985 jam
184 3912 325 3985 iutelligit,
352 3914 448 3984 quasi,
478 3913 561 3969 idest
578 3927 679 3970 revera
707 3914 831 3970 fornacis

52 4015 108 4068 111,
124 4001 230 4058 scilicet
249 4002 369 4069 ardoris,
380 4009 408 4058 et
422 4002 569 4058 cruciatus
583 4002 688 4057 interni
701 4001 829 4072 signum.

52 4090 149 4155 lenit,
166 4095 279 4156 montes,
306 4095 333 4144 et
359 4089 536 4157 fumigabunt
564 4089 652 4159 (Psoi.
669 4104 764 4155 cxtttt,
790 4090 828 4159 5),

52 4183 80 4233 st
105 4176 199 4233 cordis
225 4177 350 4234 dolorem
383 4179 594 4248 perlacrymas
616 4178 828 4248 evaporabunt.

885 3033 1042 3090 obtinenda
1063 3047 1121 3089 nou
1136 3034 1283 3104 praevales,
1299 3047 1352 3102 age
1368 3033 1437 3088 dum
1461 3031 1535 3087 clam
1558 3031 1629 3086 meis
1653 3037 1733 3086 utere

885 3122 995 3179 olliciis.
1016 3122 1179 3178 inebriemus
1218 3138 1276 3177 eum
1308 3125 1381 3186 aino,
1417 3120 1444 3176 id
1477 3128 1529 3184 est,
1564 3118 1733 3188 impleamus

884 3211 1015 3267 animum
1042 3211 1233 3282 jucunditatis
1261 3210 1425 3280 temporalis
1461 3210 1579 3280 gaudio,
1604 3207 1732 3263 dormia-

885 3313 1009 3369 musque
1053 3314 1120 3355 cum
1159 3313 1203 3367 eo,
1244 3299 1331 3355 totius
1369 3299 1474 3355 scilicet
1512 3297 1665 3353 oblivionis
1705 3301 1733 3351 et

885 3388 1066 3459 negligentiae
1090 3388 1154 3458 ejus
1173 3388 1372 3458 opprimamus
1396 3386 1604 3457 providentiam
1621 3399 1730 3452 somno,

884 3483 915 3531 ut
930 3480 1181 3546 seuarepossimns
1196 3492 1283 3531 semen
1298 3491 1332 3530 ea
1347 3483 1426 3544 patre
1439 3480 1542 3542 nostro,
1557 3480 1589 3530 ul
1605 3473 1731 3529 {ructum

884 3565 986 3635 utique
1014 3564 1176 3636 cttjuspiam
1202 3564 1365 3633 temporalis
1397 3563 1537 3619 commodi
1566 3562 1731 3632 exigamus,

884 3653 928 3709 vel
943 3652 1158 3709 delectationem
1180 3652 1305 3723 alicujus
1319 3652 1424 3723 peccati
1440 3652 1541 3707 crebra
1565 3651 1594 3705 in
1611 3649 1730 3705 modum

884 3741 997 3797 leminis
1011 3740 1215 3812 propagatione
1239 3741 1398 3797 iterandam
1412 3739 1561 3795 eliciamus
1577 3752 1613 3794 ex
1635 3736 1731 3792 animo

884 3830 986 3886 talium
1000 3827 1112 3885 fetuum
1125 3828 1274 3884 affectibus
1290 3828 1440 3884 inclinato.

919 3918 1004 3974 Vtttts.
1023 3920 1067 3973 33.
1085 3946 1115 3958 -
1138 3915 1278 3971 Desierunt
1298 3919 1392 3988 itaque
1406 3919 1483 3985 patri
1511 3931 1559 3970 suo
1578 3915 1731 3970 11111111-

883 4022 948 4061 num
961 4010 1037 4061 noete
1051 4007 1110 4060 illc.
1135 4005 1197 4061 Nox
1211 4004 1265 4061 ista
1289 4004 1408 4062 allectus
1427 4012 1571 4074 conceptae
1591 4002 1730 4073 nequitiae

884 4102 936 4151 est.
956 4093 1123 4165 Ingreditur
1145 4095 1247 4162 major,
1275 4093 1439 4163 dormitque
1460 4107 1526 4148 cum
1548 4099 1639 4162 patre,
1664 4104 1731 4146 cum

884 4183 979 4240 inanis
993 4182 1085 4253 gloria
1097 4189 1154 4238 toto
1176 4182 1293 4238 rationis
1308 4196 1427 4237 assensu
1453 4181 1507 4237 sibi
1527 4186 1673 4236 contracto
1685 4177 1731 4234 sui

52 4265 286 4338 1111111111
299 4282 361 4335 erno
383 4270 548 4322 entonteret
562 4270 632 4322 Deua
654 4269 830 4322 eicientesre·
849 4271 1000 4341 upenttus
1023 4271 1111 4326 oblita
1131 4271 1263 4328 abutitur
1284 4279 1380 4326 mente
1406 4285 1412 4324 :
1438 4270 1514 4326 unde
1540 4267 1729 4338 diciturquia

51 4355 181 4421 utilius,
212 4355 241 4411 id
268 4363 310 4411 est
330 4369 397 4411 cum
425 4354 495 4412 vitia
524 4355 630 4411 diaboli
654 4355 683 4410 in
715 4355 831 4411 homine

52 4443 141 4498 tantis
155 4445 334 4500 munimenta
344 4444 506 4510 subrueret,
517 4443 829 4512 recordaturhhrahae,

52 4545 125 4587 mem
149 4531 274 4601 proiecto
298 4532 365 4588 iacit
398 4547 457 4588 suae
483 4531 632 4604 dignitatis
655 4531 828 4598 meminisse,

52 4620 112 4676 1111
145 4619 235 4690 ipsam
267 4620 369 4691 utique
388 4621 558 4678 humanitus
586 4621 708 4690 lapsam,
735 4634 771 4675 ne
799 4619 829 4676 in

52 4707 139 4764 chum
162 4715 308 4764 evertatur
325 4724 441 4765 sensum
467 4724 518 4780 per
541 4708 610 4765 vitia
633 4709 741 4779 quihus
758 4709 830 4764 sub-

52 4795 81 4862 it,
95 4795 233 4866 dignatur
249 4797 380 4854 liberare.

52 4897 108 4940 tus,
128 4885 216 4938 31-
237 4885 420 4954 Accenditque
436 4887 505 4940 Loth
519 4886 553 4939 tle
572 4887 663 4952 senor,
689 4885 749 4939 duae
763 4901 829 4954 quo-

65 4971 135 5043 filiae
159 4972 219 5043 ejus
245 4988 306 5028 cum
338 4989 382 5040 eo;
411 4977 540 5029 timuerat
562 4977 633 5028 enim
660 4990 768 5029 manem
800 4976 829 5028 in

52 5077 73 5127 r,
103 5065 130 5115 et
153 5065 254 5116 mansit
268 5064 298 5115 11
320 5062 449 5132 spelunca
473 5066 540 5132 ipse,
556 5069 583 5117 et
597 5062 657 5118 duae
684 5063 829 5132 1111111111

65 5164 106 5204 eo.
139 5151 189 5205 tot
216 5150 344 5206 ascendit
371 5150 406 5207 de
435 5151 532 5222 Segor,
556 5165 621 5208 curu
646 5152 765 5207 humani
792 5151 828 5207 ti·

52 5237 191 5306 11111111
211 5252 246 5294 11
270 5239 377 5295 scilicet
394 5239 488 5310 palam
505 5239 602 5310 lapsus
616 5240 718 5310 probro
733 5248 829 5311 pateat

52 5339 131 5381 anus
143 5326 303 5384 intellectus
330 5328 360 5384 in
377 5328 494 5385 minoris
520 5329 587 5385 vitae
603 5329 746 5400 proposito
761 5343 828 5398 per-

52 5428 97 5470 ere
119 5424 247 5482 veretur,
278 5418 365 5473 etad
392 5417 580 5473 excellentius
604 5418 828 5474 conversationis

52 5510 147 5560 tutum
163 5505 248 5575 quasi
274 5505 311 5562 ad
338 5514 463 5564 montem
477 5514 684 5577 promovetur:
701 5521 767 5577 quae
780 5506 827 5563 iu-

883 4374 942 4416 111
970 4360 1066 4426 sensit,
1096 4367 1207 4415 reatum
1236 4359 1366 4415 videlicet
1388 4373 1474 4415 suum
1502 4372 1578 4429 aegre
1603 4356 1729 4424 terendo,

884 4448 1002 4516 quando
1022 4447 1169 4513 accubuit,
1197 4462 1262 4503 cum
1287 4448 1393 4504 scilicet
1420 4462 1469 4503 cor
1496 4447 1532 4502 ad
1571 4444 1731 4515 nequitiam

883 4534 1005 4602 inflexit,
1018 4541 1046 4590 et
1059 4534 1176 4605 quando
1191 4536 1325 4602 surrexit,
1348 4534 1377 4589 id
1391 4543 1432 4591 est
1446 4550 1511 4590 cunt
1534 4536 1563 4589 in
1579 4533 1729 4589 audaciam

883 4623 918 4679 de
939 4622 1068 4678 criminis
1096 4637 1126 4679 se
1153 4623 1362 4692 perpetratione
1383 4623 1482 4679 1111111.
1508 4623 1629 4693 lmpellit
1644 4621 1729 4678 etiam

884 4711 987 4782 major,
1002 4710 1080 4780 qnod
1107 4718 1149 4767 est
1169 4712 1338 4776 cenodoxia,
1360 4712 1504 4782 juniorem
1526 4709 1730 4780 proculdubio

882 4800 1080 4870 cupiditatem,
1098 4808 1131 4856 ut
1146 4816 1211 4857 cum
1227 4809 1307 4872 patre
1320 4801 1444 4857 dormiat
1460 4816 1466 4855 :
1484 4800 1555 4871 quia
1577 4807 1728 4870 postquam

884 4902 934 4958 per
972 4887 1146 4958 hypocrisim
1181 4889 1282 4945 11111111
1326 4889 1471 4959 quispiam
1510 4886 1671 4957 prosperari
1700 4901 1730 4942 se

882 4976 996 5044 viderit,
1016 4977 1052 5032 ad
1079 4985 1184 5047 apertae
1204 4976 1264 5048 jnm
1285 4977 1450 5047 cupiditatis
1473 4976 1581 5032 rabiem
1594 4974 1728 5031 ellrcnari

882 5064 1063 5121 dissimulata
1082 5064 1265 5122 simulatione
1288 5065 1398 5137 incipit,
1415 5072 1443 5122 11
1466 5079 1541 5121 caeco
1564 5072 1676 5134 pectore
1692 5064 1729 5120 ab

882 5168 916 5210 ea
928 5168 958 5210 se
979 5153 1088 5209 involvi
1110 5154 1258 5224 permittit.
1284 5154 1416 5211 81111111
1435 5162 1550 5209 nonest
1576 5167 1611 5209 ex
1629 5152 1729 5209 inolita

883 5241 1019 5313 peccandi
1045 5241 1192 5298 voluntate
1208 5242 1320 5311 reprobi
1348 5257 1451 5299 sensus
1483 5241 1656 5311 obstinati03
1692 5255 1729 5297 111

883 5330 1009 5402 imagine
1024 5344 1150 5400 namque
1172 5330 1243 5386 uctae
1267 5331 1438 5394 sanctitatis,
1459 5331 1593 5387 citissime
1608 5329 1729 5385 deveni-

881 5419 975 5475 turad
989 5429 1096 5490 apertae
1115 5419 1301 5489 opprobrium
1318 5420 1521 5488 perversitatis,
1539 5419 1608 5489 quia
1627 5418 1728 5473 vinum

881 5506 1037 5565 arridentis
1051 5507 1106 5563 sihi
1133 5506 1329 5564 insimulando
1352 5506 1450 5578 glorie
1466 5507 1630 5580 temporalis
1654 5519 1729 5577 111-
