3818 6008
108 259 157 312 911
566 251 597 305 V.
615 250 776 307 tautecurt
792 250 941 307 cesaris
957 251 984 306 S.
1005 251 1124 307 HARIAE
1144 253 1189 308 DE
1214 253 1411 309 Nownshro
1807 256 1860 308 ete

108 389 174 445 sciri
202 393 300 458 potest,
333 384 410 455 qnod
450 382 486 438 ad
520 389 578 437 tam
604 380 746 437 evidentis
769 386 797 436 et
820 381 956 437 immanis
973 387 1083 452 hquos
1097 382 1189 438 adluit
1203 382 1345 452 ipseidem
1361 383 1565 454 ingelrannus,
1579 383 1669 453 quiet
1683 383 1860 453 superiorem

108 476 209 550 flagitii
224 475 328 532 saltum
358 484 511 543 nunquam
526 470 660 535 venisset,
688 470 743 525 nisi
757 470 952 527 clandestino·
1009 471 1186 541 episcopum,
1206 486 1272 528 cum
1288 487 1354 529 eum
1366 487 1418 528 rex
1436 486 1487 543 pro
1501 474 1562 530 suis
1579 473 1746 530 levitatibus
1760 487 1778 529 a
1793 488 1862 544 pon·

108 580 173 623 rum
189 565 330 620 malorum
341 560 480 632 gradibus
494 559 692 625 descendisset,
715 559 873 628 presertim
886 572 954 615 cum
1011 559 1104 615 titiciis
1116 560 1276 630 obiurasset
1289 560 1340 634 if,
1353 560 1538 634 abjurasset
1554 575 1607 618 sua
1630 563 1708 632 apud
1725 562 1861 619 eumdem

106 655 232 711 externis
260 649 462 706 concubitibus
491 647 612 720 gravida
648 647 758 703 veniret
784 647 820 702 ad
856 647 953 715 istum,
1009 661 1105 720 regem
1133 647 1360 719 interpellatione
1372 657 1493 706 crearat.
1522 649 1563 706 hd
1590 649 1645 706 hoc
1671 650 1758 721 plano
1788 650 1860 706 nite-

107 756 193 814 quem
223 754 301 797 nunc
330 738 448 795 obsidet.
469 738 541 794 Nam
571 736 779 806 preteritarum
805 737 868 808 ejus
889 734 955 791 libi·
1010 737 1096 793 batur
1112 736 1227 793 animus
1241 743 1270 793 et
1283 751 1377 794 sermo
1391 737 1454 810 ejus
1468 745 1500 795 ut
1514 737 1567 808 qni
1581 737 1738 810 eligeretur
1752 738 1864 809 episco

106 832 209 887 dinum
222 843 256 885 ea
268 828 344 898 apud
359 841 467 894 omnes,
485 826 535 896 qui
551 839 613 881 eam
639 832 757 891 norunt,
781 824 879 895 opinio
901 830 953 892 est,
1010 837 1065 895 pus
1087 824 1141 881 sibi
1169 833 1242 882 esset
1269 826 1423 884 obnoxius.
1456 827 1509 885 Cui
1540 827 1721 899 potissimum
1749 830 1782 884 in
1805 829 1863 885 eill-

106 927 137 977 ut
153 934 210 976 non
222 918 306 974 modo
319 931 371 972 nos
386 925 490 982 texere,
516 914 565 971 sed
581 914 625 970 vel
652 913 815 970 meminisse
830 914 947 985 pudeat.
1008 913 1109 969 ciendo
1128 913 1259 985 episcopo
1273 929 1324 971 rex
1338 915 1447 973 faveret
1460 923 1488 972 et
1501 916 1607 986 clerus,
1623 924 1652 974 et
1666 917 1731 974 ideo
1760 917 1861 974 minus

141 1009 211 1064 Erat
233 1014 329 1064 antem
367 1004 415 1061 ille
456 1002 627 1060 Godelridus
650 1002 768 1073 iuvenis
791 1002 955 1058 omnimode
1008 1001 1155 1058 adversari
1170 1003 1289 1059 auderet
1315 1003 1451 1075 conjugio
1473 1003 1546 1076 eius.
1562 1005 1605 1061 ad
1624 1005 1776 1063 excidium
1791 1019 1862 1078 ergo

105 1096 236 1169 pulcher,
251 1094 444 1166 ingelrannus
459 1106 537 1159 vero,
554 1091 590 1147 ad
614 1105 702 1162 quem
717 1105 747 1147 se
760 1090 891 1158 contulit,
911 1092 955 1147 vir
1008 1090 1099 1158 urbis,
1126 1097 1154 1147 et
1179 1091 1267 1148 totius
1282 1093 1438 1162 provincie
1452 1093 1667 1161 detrimentum,
1694 1091 1746 1166 (⁸⁹)
1770 1095 1861 1152 Gnat-

105 1184 290 1259 grandaevus.
307 1182 401 1254 Igitur
425 1181 500 1237 inter
519 1188 679 1252 utrumque
703 1184 784 1237 tanta
813 1179 954 1237 bellorum
1008 1177 1121 1235 drioum
1148 1179 1259 1253 eligunt
1273 1181 1429 1252 quemdam
1456 1183 1534 1253 regis
1558 1182 1722 1255 Anglorum
1735 1183 1863 1240 releren-

105 1275 230 1347 flagrare
244 1271 329 1342 coepit
347 1269 490 1337 vecordia,
511 1269 758 1341 etquicunqnea
783 1267 954 1340 lotharingo
1007 1266 1133 1337 darium,
1148 1282 1235 1340 quem
1260 1283 1332 1327 auro
1358 1277 1536 1342 argentoque
1554 1270 1708 1328 audierant
1732 1271 1861 1342 opulen-

106 1364 163 1430 illo,
180 1362 215 1418 de
236 1360 281 1416 his
302 1358 353 1430 qui
382 1359 418 1415 ad
444 1358 651 1429 ingelrannum
678 1357 867 1429 pertinebant,
890 1356 953 1428 capi
1008 1361 1082 1412 tum.

106 1456 230 1524 possent,
251 1456 303 1506 aut
322 1446 411 1503 lurcis
427 1445 668 1517 appenderentur,
686 1454 736 1503 aut
751 1445 843 1503 oculis
858 1446 954 1516 priva·
1042 1443 1303 1510 Quidamombiens
1314 1445 1511 1519 episcopatum
1525 1465 1545 1503 a
1560 1449 1619 1504 Deo
1632 1447 1808 1521 pecatilar.
1824 1480 1859 1489 -

106 1547 218 1604 rentur,
238 1544 289 1593 aut
312 1534 432 1606 pedibus
460 1540 678 1591 truncarentur.
707 1533 788 1601 Quod
812 1532 953 1605 hodieque
1007 1538 1168 1606 antequam
1209 1534 1374 1593 electionem
1402 1537 1460 1594 dno
1489 1537 1623 1596 Ecclesia
1655 1538 1859 1595 archidiaconi

107 1629 272 1684 Porcensem
295 1622 454 1681 visentibus
479 1636 588 1694 pagum
614 1621 724 1693 liquido
743 1628 864 1678 constat.
887 1621 950 1680 An·
1008 1630 1190 1693 permutues
1214 1624 1383 1696 eligentium
1408 1627 1605 1684 contentiones
1630 1627 1660 1684 in
1687 1627 1858 1684 cathedram

106 1717 165 1773 divi
177 1722 252 1772 certe
266 1728 283 1770 a
297 1713 434 1784 quodam,
455 1711 506 1782 qui
528 1712 675 1782 quondam
701 1711 750 1768 tali
778 1710 954 1768 carnificinae
1008 1710 1123 1768 inerant
1147 1711 1248 1781 erecti,
1272 1713 1438 1771 Gualterins
1466 1714 1574 1772 scilicet
1599 1723 1627 1772 et
1650 1715 1786 1783 Ebalns3
1810 1715 1858 1772 sed

105 1804 244 1871 interluit,
278 1800 430 1858 duodecim
455 1800 545 1857 terme
582 1799 712 1856 homines
735 1799 765 1854 in
786 1798 954 1870 hujusmodi
1008 1799 1170 1870 apostolice
1184 1800 1381 1872 sedisjudicio
1395 1810 1464 1859 sunt
1478 1803 1569 1875 ejecti.
1592 1803 1761 1862 Gualterius
1782 1805 1858 1862 enim

105 1892 238 1964 contllgio
251 1890 442 1962 deprehensos
465 1903 525 1945 uno
552 1888 596 1944 die
624 1888 752 1945 sublatos
777 1887 805 1944 in
830 1887 951 1944 turcam.
1008 1901 1065 1944 non
1081 1888 1228 1958 clericum,
1248 1891 1296 1947 sed
1317 1890 1470 1948 militarem
1486 1906 1515 1949 se
1529 1906 1641 1963 semper
1662 1892 1857 1962 exhibuerat;

104 1979 287 2037 Porcensium
314 1977 390 2035 enim
405 1976 525 2048 quidam
544 1975 683 2045 primores
711 1975 954 2046 hujustransmi-
1007 1976 1080 2033 alter
1115 1978 1271 2035 mulierum
1308 1978 1490 2037 incontinens
1515 1990 1586 2038 erat.
1611 1981 1724 2049 Quibus
1745 1980 1855 2038 emissis

105 2068 244 2141 grationis
272 2064 415 2137 sequestri
434 2063 524 2131 luere,
551 2072 579 2121 et
605 2072 745 2133 auctores,
773 2064 825 2135 qni
848 2063 885 2120 ob
899 2064 954 2121 boc
1006 2065 1108 2123 tertius
1123 2067 1254 2123 Ecclesia
1273 2068 1381 2125 candor
1395 2082 1425 2125 sc
1440 2068 1587 2127 intrudere
1606 2070 1716 2137 volens,
1747 2069 1856 2127 curiam

104 2165 131 2215 et
146 2158 174 2214 in
188 2157 259 2224 vita,
276 2163 303 2212 et
319 2155 347 2210 in
370 2161 460 2210 morte
475 2153 556 2210 luere
570 2152 700 2210 inlames.
717 2152 763 2210 Sic
777 2154 875 2211 Venus
893 2167 952 2210 non
1007 2155 1098 2225 petiit,
1111 2162 1149 2223 et,
1159 2169 1226 2213 cnm
1242 2157 1326 2227 quasi
1349 2171 1400 2227 pro
1415 2157 1505 2214 altero
1532 2173 1562 2214 se
1582 2172 1670 2231 agere
1693 2159 1772 2216 velle
1786 2173 1855 2230 pre-

103 2254 241 2316 concepta
266 2243 389 2301 Vulcani
418 2242 536 2314 ignibus
572 2242 709 2312 processit
748 2241 783 2297 ad
820 2242 950 2311 Martem,
1006 2244 1144 2312 tenderet,
1170 2243 1200 2300 in
1224 2259 1254 2301 so
1269 2244 1391 2302 verbum
1411 2246 1446 2302 de
1459 2246 1616 2302 sacerdotio
1630 2247 1760 2303 retorsit.
1784 2247 1854 2315 Quid

102 2336 197 2392 terror
210 2333 316 2390 scilicet
331 2331 486 2388 libidinum
501 2330 678 2400 despumans
694 2329 723 2385 in
739 2329 949 2387 crudelitatem.
1005 2331 1116 2388 eilluol
1140 2332 1310 2404 Multiplices
1324 2334 1385 2406 regi
1398 2333 1554 2404 paciscitur
1567 2349 1727 2392 munerum
1750 2336 1852 2407 copias.

103 2423 173 2491 Quis
186 2421 308 2495 predas,
319 2420 386 2492 quis
399 2418 533 2476 incendia
557 2418 626 2474 hinc
640 2426 667 2475 et
681 2418 748 2474 inde
763 2419 838 2475 lacta
854 2432 951 2476 enun-
1005 2434 1068 2490 spes
1106 2428 1134 2477 et
1163 2422 1303 2492 promissa
1331 2422 1499 2479 divitiarum
1515 2424 1682 2480 ‘tuberosus
1709 2422 1854 2498 [indatus]

103 2512 163 2579 tiet,
192 2519 220 2568 et
253 2517 356 2566 cetera
390 2522 456 2579 quae
479 2521 580 2577 parcre
604 2506 770 2579 hujusmodi
800 2514 952 2577 tempestas
1005 2508 1198 2580 amplectitur,
1227 2511 1346 2568 sednon
1362 2511 1487 2568 divitias.
1508 2513 1651 2569 Reversus
1677 2526 1784 2585 nempe
1806 2514 1853 2571 do·

103 2600 270 2669 soletque
293 2603 375 2652 tanta
403 2595 493 2663 luere,
528 2602 560 2651 ut
587 2603 683 2651 mutos
711 2594 817 2652 lactant
846 2592 951 2651 referre
1005 2599 1367 2668 mumpraestotabatnrm
1385 2601 1517 2672 sequenti
1544 2601 1731 2658 Dominicaa
1755 2602 1854 2675 legatis

103 2688 229 2745 volentes
246 2685 291 2756 [f.,
305 2683 471 2754 nolentes]‘?
1004 2686 1092 2758 regiis
1104 2696 1259 2757 poneretur
1272 2688 1302 2744 in
1316 2689 1462 2745 cathedra.
1487 2689 1521 2745 Et
1535 2703 1599 2746 ecoe
1616 2689 1692 2747 heus
1710 2691 1774 2761 (qui
1789 2692 1854 2747 tali-

139 2775 240 2846 ltaque
254 2772 388 2829 dominus
413 2771 564 2841 episcopus
579 2769 749 2828 diabolicam
774 2770 849 2827 hanc
862 2784 950 2842 copu·
1005 2771 1061 2828 bus
1079 2773 1158 2830 dolos
1172 2776 1322 2846 praeponit,
1338 2775 1388 2847 qul
1403 2790 1451 2832 eos
1465 2776 1534 2832 darm
1554 2775 1723 2833 allevantur
1749 2777 1854 2850 dejicit)

102 2865 161 2922 lam
174 2862 250 2920 male
278 2875 367 2918 sanus
382 2859 514 2916 absolvit.
533 2859 623 2916 Multa
642 2872 728 2928 super
743 2859 871 2930 epicopis
885 2873 949 2916 mo·
1005 2861 1102 2918 lethali
1124 2863 1283 2933 superbum
1299 2865 1398 2922 morbo
1411 2864 1544 2935 percutit,
1560 2872 1588 2921 et
1598 2872 1736 2922 mortuns
1751 2881 1784 2923 eo
1808 2867 1852 2923 die

103 2953 184 3011 ribus
211 2950 310 3008 reterri
335 2954 447 3020 possent
476 2961 594 3018 prorsus
615 2947 704 3018 digna
719 2947 816 3016 taceri,
838 2947 867 3003 in
893 2962 951 3018 qno
968 2947 991 3005 (t
1006 2949 1034 3005 in
1062 2949 1181 3006 ecclesia
1210 2952 1332 3020 sistitur,
1362 2953 1391 3007 in
1412 2966 1471 3023 qua
1497 2951 1551 3008 sibi
1579 2951 1811 3011 cathedraticum
1839 2969 1856 3012 a

102 3039 287 3113 sepereminet
314 3037 395 3103 illud,
426 3036 504 3106 quod
533 3035 613 3092 nulla
640 3036 748 3105 peccati
775 3035 951 3092 conscientia
1005 3035 1079 3092 clero
1095 3043 1122 3093 et
1136 3038 1240 3108 populo
1259 3047 1430 3109 accepturus
1445 3040 1607 3097 videbatur.
1632 3040 1665 3096 ln
1680 3055 1743 3112 qua
1770 3042 1854 3114 depo

102 3127 351 3201 compungebatur
378 3125 414 3182 ad
444 3126 545 3182 Deum.
580 3125 605 3179 ls
634 3125 751 3180 tandem
780 3124 948 3182 inllrmitate
1004 3125 1087 3194 situs,
1103 3134 1136 3182 nt
1154 3126 1225 3183 mihi
1254 3127 1377 3184 relatum
1400 3135 1453 3197 est,
1469 3142 1537 3184 mox
1552 3129 1675 3198 crepuit,
1706 3129 1855 3188 etadme

101 3225 260 3286 contactus,
276 3230 329 3272 nec
348 3229 365 3270 a
384 3213 550 3270 levitatibus
572 3212 739 3269 intirmitatc
766 3213 949 3282 contractior,
1004 3212 1084 3270 dium
1102 3229 1196 3285 usque
1216 3215 1295 3272 chori
1310 3215 1378 3273 hedi
1392 3215 1523 3273 humoris
1535 3216 1730 3274 exuberantia
1757 3217 1850 3276 lluxit.

102 3309 142 3365 ita
156 3311 272 3376 repente
288 3303 388 3374 sopitis
402 3302 534 3359 sensibus
565 3301 665 3359 nubilo
680 3301 779 3357 mortis
792 3301 951 3359 involvitur
1004 3299 1057 3356 Sed
1072 3302 1109 3357 ad
1120 3303 1148 3358 id
1159 3302 1236 3359 unde
1246 3304 1423 3360 excessimus
1438 3311 1629 3360 revertamur.

102 3403 134 3454 nt
148 3395 229 3467 loqui
245 3408 281 3450 ex
296 3392 405 3449 ratione
420 3405 478 3447 non
493 3397 595 3461 posset,
613 3390 659 3446 cui
687 3390 837 3456 confessio,
867 3390 952 3448 inun-
1039 3391 1206 3448 &aldricum
1218 3391 1288 3464 eligi
1300 3392 1331 3447 ia
1343 3392 1507 3465 episcopam
1523 3392 1597 3466 petit
1610 3408 1662 3448 rea
1675 3394 1850 3467 duplorum,

101 3484 168 3558 otio,
184 3481 347 3539 communio
358 3478 421 3536 aliis
435 3479 606 3536 curantibus
618 3484 686 3535 sunt
709 3478 848 3536 violenter
860 3480 949 3553 illata,
1003 3479 1051 3535 cai
1063 3496 1213 3536 accensum
1221 3481 1365 3553 prebuere
1378 3497 1486 3550 omnes,
1495 3485 1601 3553 preter
1615 3482 1800 3538 Arcelacam.
1820 3514 1852 3524 —

100 3588 154 3630 nec
168 3570 364 3629 estsententia
389 3567 544 3639 postulata.
574 3567 706 3638 Cumque
730 3573 825 3623 tamen
849 3567 950 3640 lingua
1004 3567 1057 3639 Spe
1073 3567 1323 3641 igiturlalsissima
1339 3569 1553 3626 commodorum
1575 3567 1682 3625 electus
1710 3570 1758 3626 ille
1787 3586 1853 3643 pre

100 3669 128 3719 et
143 3661 234 3718 oculis
248 3673 320 3732 pene
331 3657 391 3730 jam
417 3657 472 3714 suh
497 3663 589 3713 morte
603 3655 782 3724 natantibus,
800 3656 949 3728 ingelran-
1003 3652 1098 3711 dictus
1121 3669 1138 3710 a
1161 3654 1247 3725 clero,
1273 3655 1447 3726 ingelranno
1476 3655 1602 3726 primum
1621 3655 1800 3725 elaborante,
1826 3668 1852 3717 et

80 3736 230 3818 basille,
249 3762 337 3819 quem
357 3746 432 3803 male
446 3744 582 3803 solvendo
601 3744 752 3816 ligaverat,
778 3744 947 3812 advenisset,
1003 3742 1113 3798 ceteris
1139 3741 1213 3798 malo
1237 3757 1289 3798 suo
1323 3742 1520 3799 adnitentibus
1548 3742 1722 3816 Rothomagi
1748 3760 1766 3802 a
1790 3761 1854 3819 rego

101 3852 189 3910 quem
203 3837 289 3894 etiam
305 3834 399 3892 clerici
414 3842 446 3891 ut
462 3834 654 3905 inungeretur
678 3833 763 3904 quasi
782 3847 949 3890 excommu·
1003 3830 1165 3902 Anglorum
1189 3827 1237 3902 (⁹⁰)
1262 3830 1298 3887 de
1320 3831 1402 3887 curia
1416 3837 1516 3887 contra
1541 3842 1666 3886 canones
1695 3833 1853 3902 expetitur.

101 3927 228 3982 nicatum
242 3912 268 3979 'a
293 3925 376 3980 domo
403 3921 595 3989 excluserant,
615 3935 741 3992 eumque
765 3920 950 3991 illacrymans
1003 3919 1056 3987 Qui
1070 3933 1256 3991 nequaqnam
1285 3920 1375 3991 hujus
1388 3918 1533 3977 electionis
1547 3920 1685 3988 incertus,
1703 3921 1784 3991 qnod
1801 3921 1854 3977 snb

100 4013 297 4085 compellasset
323 4016 409 4077 aas,
434 4009 531 4066 dicens
552 4025 559 4065 :
577 4010 696 4065 bomine
724 4010 863 4080 episcope,
885 4023 950 4066 ecce
1003 4005 1114 4062 nullius
1127 4006 1251 4063 ecclesiae
1265 4006 1348 4064 titulo
1367 4016 1439 4075 erat,
1454 4020 1507 4063 nec
1531 4006 1682 4078 quidpiam
1710 4009 1788 4064 sacri
1809 4023 1855 4065 or-

102 4102 308 4174 ingelrannus,
325 4114 377 4171 ego
399 4113 463 4155 sum
479 4106 621 4170 cognatus
634 4106 710 4155 tuus.
723 4098 772 4154 llle
788 4098 838 4168 qui
856 4112 949 4169 neque
1003 4094 1078 4150 dinis
1092 4102 1195 4165 preter
1208 4094 1375 4152 clericatum
1392 4104 1552 4166 exceperat,
1574 4096 1698 4152 lectione
1722 4096 1794 4168 egit,
1823 4103 1855 4153 nt

101 4191 241 4257 1011111111,
258 4203 353 4260 neque
374 4188 488 4259 inungi,
508 4201 603 4258 neque
626 4187 833 4251 ⁰0msst11ni⁰³ii
856 4182 949 4258 littere
1003 4191 1156 4264 evestigio
1170 4192 1367 4250 subdiaconus
1378 4193 1466 4262 heret,
1481 4200 1508 4250 et
1523 4192 1693 4249 canonicam
1710 4193 1741 4249 in
1759 4194 1854 4251 Eccle-

101 4281 233 4337 sciverat.
250 4279 462 4349 injectamanu
486 4276 558 4332 collo
574 4275 665 4346 ipsius
691 4289 777 4332 suum
802 4275 948 4333 hominem
1002 4282 1045 4339 sia
1078 4281 1299 4354 Rothomagensi
1335 4282 1502 4354 susciperet,
1527 4296 1594 4338 cunr
1622 4282 1768 4339 hactenus
1795 4298 1854 4341 sese

101 4367 246 4426 contraxit
261 4367 295 4423 ad
312 4366 454 4424 osculum.
480 4364 542 4433 Quo
561 4364 634 4420 lacto
663 4363 861 4421 scandalizatis
886 4378 947 4421 0111·
1003 4370 1120 4428 omnino
1150 4370 1313 4426 militariter
1340 4369 1499 4426 habuisset.
1531 4368 1603 4426 Cum
1632 4368 1725 4440 igitur
1754 4385 1854 4428 omnes

101 4457 198 4526 nibus,
215 4456 469 4528 ipsepostmodum
485 4462 588 4525 praeter
602 4453 791 4509 deliramenta
814 4452 855 4509 nil
874 4453 949 4509 dixit
1002 4472 1149 4514 assensum
1174 4457 1204 4512 in
1225 4458 1288 4527 ejus
1311 4457 1491 4528 susceptione
1516 4456 1669 4523 dedissent,
1701 4453 1748 4529 (⁹¹)
1777 4459 1854 4516 solus

101 4561 194 4618 usque
216 4547 252 4603 ad
277 4545 490 4602 exhalationem
517 4543 645 4612 spiritus.
662 4542 817 4612 Gerteipsa
832 4541 946 4611 mulier,
1001 4547 1139 4617 magister
1168 4546 1309 4614 ansellus,
1334 4545 1380 4602 vir
1404 4544 1490 4601 totius
1517 4544 1657 4611 Franciae,
1689 4545 1748 4602 imo
1773 4546 1851 4603 latini

101 4635 186 4705 cujus
201 4648 299 4691 amore
326 4633 355 4688 id
377 4639 483 4704 egerat,
510 4630 654 4687 multoties
673 4631 728 4688 hoc
752 4631 866 4701 publice
892 4631 947 4688 sub
1002 4633 1080 4690 orbis
1092 4633 1190 4690 lumen
1205 4634 1236 4689 in
1262 4633 1429 4690 liberalibus
1442 4632 1609 4704 disciplinis,
1625 4645 1660 4689 ac
1683 4633 1852 4706 tranquillis

100 4722 232 4794 exenrplo
265 4721 395 4778 narravit
419 4720 500 4791 quia,
530 4719 637 4776 scilicet
664 4720 741 4790 qnod
764 4720 837 4777 male
862 4719 948 4776 vivus
1000 4720 1140 4789 moribus,
1157 4720 1194 4776 ab
1208 4722 1272 4792 ejus
1286 4720 1422 4778 electione
1445 4721 1586 4777 dissentit.
1607 4720 1671 4790 lpse
1687 4719 1777 4790 plane
1795 4733 1852 4777 eer-

100 4819 209 4884 egerat,
226 4812 279 4868 hoo
293 4810 419 4867 moriens
441 4807 525 4879 qnasi
538 4807 642 4864 calcem
666 4807 773 4864 militie
796 4807 946 4880 posuisset.
1000 4808 1036 4876 tis
1064 4809 1231 4866 auctoribus
1259 4809 1322 4880 eius
1352 4816 1473 4866 noverat
1496 4807 1679 4879 qualitatem,
1704 4823 1776 4866 eum
1802 4822 1851 4865 nos

100 4901 171 4956 Ecce
195 4899 236 4955 sic
250 4898 313 4955 coeli
328 4896 523 4969 quorumdam
537 4897 705 4967 iniquitates
721 4897 861 4964 revelant,
875 4902 948 4953 utet
1000 4895 1065 4954 licet
1086 4897 1168 4953 inviti
1199 4910 1443 4968 prosequeremur
1471 4894 1613 4966 ignotum.
1629 4897 1760 4955 tiramus
1784 4908 1850 4955 sane

100 4995 178 5045 terra
206 4988 345 5044 adversus
369 5000 417 5043 eos
439 4994 596 5058 consurgat
623 4993 651 5042 et
679 4985 748 5056 ipsis
777 4984 947 5057 displiceant
1000 4988 1109 5060 quihus
1137 4987 1314 5058 displicebat,
1341 4987 1389 5043 sed
1418 4985 1541 5042 aliorum
1565 4982 1640 5040 male
1669 4985 1779 5055 timidi,
1803 4983 1851 5057 qui

101 5077 208 5149 quihus
218 5076 292 5133 ioede
307 5075 420 5146 placere
434 5073 571 5147 gestiunt.
1000 5077 1083 5132 nobis
1102 5084 1244 5147 preerant
1258 5075 1399 5146 potentias
1409 5073 1601 5131 sectabamur.
1718 5128 1724 5138 ,

433 5162 547 5220 CAPUT
564 5160 612 5219 IV.
1034 5165 1107 5221 Adit
1127 5181 1238 5237 papum
1266 5162 1421 5218 Goldricus
1437 5179 1502 5217 cum
1526 5160 1617 5216 tritos
1637 5160 1803 5219 abbatibus.
1818 5190 1850 5201 -

136 5250 256 5308 Biecoio
269 5254 355 5310 vocat
374 5250 466 5306 ceder.
479 5248 729 5322 Adepiecopoium
740 5249 855 5304 tandem
865 5250 946 5307 adle-
999 5254 1140 5325 Receptus
1157 5255 1252 5324 itaque
1267 5267 1334 5309 cnm
1350 5265 1454 5323 pompa
1463 5248 1622 5308 vanissima
1637 5251 1763 5308 veniens
1778 5252 1849 5307 intra

100 5342 166 5397 cles
190 5339 386 5398 Goldricacin
397 5337 558 5412 perniciem
576 5337 657 5394 artie
676 5354 712 5393 oc
733 5336 893 5410 procincte.
911 5371 946 5380 —
999 5341 1112 5412 urbem,
1126 5357 1183 5398 non
1212 5342 1304 5398 multo
1336 5349 1397 5413 post
1424 5339 1556 5397 sollicitat
1579 5353 1643 5409 nos,
1674 5347 1707 5397 ut
1732 5341 1850 5398 Romam

102 5428 160 5485 Hoc
176 5429 264 5501 igitur
286 5431 327 5486 sic
354 5438 478 5496 mortno,
495 5444 561 5485 cum
587 5428 702 5485 biennio
718 5436 845 5485 vacasset
854 5428 945 5486 Eccle
998 5445 1096 5488 secum
1113 5430 1220 5501 pariter
1236 5443 1432 5500 properemus.
1453 5427 1595 5485 hbbatem
1607 5428 1758 5499 siquidem
1777 5429 1850 5486 San-

101 5517 143 5574 sla
161 5517 277 5575 tandem
298 5516 417 5574 electuri
449 5516 611 5587 pontificem
643 5516 841 5575 convenimus.
867 5519 944 5576 inter
999 5517 1037 5576 cti
1060 5517 1205 5578 vincentii
1240 5517 1450 5575 Adalberonem
1489 5515 1587 5574 virum
1616 5531 1656 5575 ex
1690 5517 1849 5577 Suessionis
