<?xml version="1.0" encoding="UTF-8"?>
<!DOCTYPE html PUBLIC "-//W3C//DTD XHTML 1.0 Transitional//EN"
    "http://www.w3.org/TR/xhtml1/DTD/xhtml1-transitional.dtd">
<html xmlns="http://www.w3.org/1999/xhtml" xml:lang="en" lang="en">
 <head>
  <title>
</title>
<meta http-equiv="Content-Type" content="text/html;charset=utf-8" />
  <meta name='ocr-system' content='tesseract 3.04.00' />
  <meta name='ocr-capabilities' content='ocr_page ocr_carea ocr_par ocr_line ocrx_word'/>
</head>
<body>
  <div class='ocr_page' id='page_1' title='image "./patrologiaecurs05unkngoog_0319.png"; bbox 0 0 3818 6008; ppageno 0'>
   <div class='ocr_carea' id='block_1_1' title="bbox 70 134 1822 228">
    <p class='ocr_par' dir='ltr' id='par_1_1' title="bbox 70 134 1822 228">
     <span class='ocr_line' id='line_1_1' title="bbox 70 134 1822 228; baseline -0.002 -33"><span class='ocrx_word' id='word_1_1' title='bbox 70 141 124 201; x_wconf 76' lang='lat'>027</span> <span class='ocrx_word' id='word_1_2' title='bbox 168 214 180 228; x_wconf 37' lang='grc' dir='ltr'>ι</span> <span class='ocrx_word' id='word_1_3' title='bbox 521 138 552 193; x_wconf 82' lang='lat' dir='ltr'>V.</span> <span class='ocrx_word' id='word_1_4' title='bbox 573 136 739 194; x_wconf 82' lang='lat' dir='ltr'>edtetttttt</span> <span class='ocrx_word' id='word_1_5' title='bbox 758 134 901 194; x_wconf 77' lang='lat' dir='ltr'>teberts</span> <span class='ocrx_word' id='word_1_6' title='bbox 920 135 949 195; x_wconf 81' lang='lat' dir='ltr'>S.</span> <span class='ocrx_word' id='word_1_7' title='bbox 971 136 1092 194; x_wconf 77' lang='grc' dir='ltr'>ΙΑιιΙιΕ</span> <span class='ocrx_word' id='word_1_8' title='bbox 1112 135 1159 193; x_wconf 80' lang='lat' dir='ltr'>ttts</span> <span class='ocrx_word' id='word_1_9' title='bbox 1177 135 1378 192; x_wconf 76' lang='lat' dir='ltr'>rtovtttteltto</span> <span class='ocrx_word' id='word_1_10' title='bbox 1769 138 1822 194; x_wconf 69' lang='lat'>628</span> 
     </span>
    </p>
   </div>
   <div class='ocr_carea' id='block_1_2' title="bbox 72 264 1837 3080">
    <p class='ocr_par' dir='ltr' id='par_1_2' title="bbox 72 264 1837 3080">
     <span class='ocr_line' id='line_1_2' title="bbox 72 264 1825 340; baseline -0.005 -11"><span class='ocrx_word' id='word_1_11' title='bbox 72 270 122 329; x_wconf 92' lang='lat' dir='ltr'>tim</span> <span class='ocrx_word' id='word_1_12' title='bbox 139 270 197 328; x_wconf 88' lang='lat' dir='ltr'>bue</span> <span class='ocrx_word' id='word_1_13' title='bbox 221 268 348 340; x_wconf 89' lang='lat' dir='ltr'>illucque</span> <span class='ocrx_word' id='word_1_14' title='bbox 367 269 512 335; x_wconf 87' lang='lat' dir='ltr'>feruntur,</span> <span class='ocrx_word' id='word_1_15' title='bbox 531 275 559 324; x_wconf 93' lang='lat' dir='ltr'>et</span> <span class='ocrx_word' id='word_1_16' title='bbox 573 281 641 323; x_wconf 92' lang='lat' dir='ltr'>cum</span> <span class='ocrx_word' id='word_1_17' title='bbox 654 266 768 335; x_wconf 90' lang='lat' dir='ltr'>pietatis</span> <span class='ocrx_word' id='word_1_18' title='bbox 783 267 918 330; x_wconf 89' lang='lat' dir='ltr'>obtentus</span> <span class='ocrx_word' id='word_1_19' title='bbox 936 270 958 323; x_wconf 82' lang='grc' dir='ltr'><strong>Α</strong></span> <span class='ocrx_word' id='word_1_20' title='bbox 973 267 1027 323; x_wconf 90' lang='lat' dir='ltr'>bus</span> <span class='ocrx_word' id='word_1_21' title='bbox 1042 267 1254 338; x_wconf 75' lang='lat' dir='ltr'>pollinctorum,</span> <span class='ocrx_word' id='word_1_22' title='bbox 1275 274 1303 322; x_wconf 89' lang='lat' dir='ltr'>et</span> <span class='ocrx_word' id='word_1_23' title='bbox 1325 264 1517 336; x_wconf 88' lang='lat' dir='ltr'>vespillonum</span> <span class='ocrx_word' id='word_1_24' title='bbox 1540 264 1715 339; x_wconf 81' lang='lat' dir='ltr'>generaliter</span> <span class='ocrx_word' id='word_1_25' title='bbox 1736 265 1825 322; x_wconf 88' lang='lat' dir='ltr'>obse-</span> 
     </span>
     <span class='ocr_line' id='line_1_3' title="bbox 72 355 1825 426; baseline -0.003 -10"><span class='ocrx_word' id='word_1_26' title='bbox 72 360 182 416; x_wconf 89' lang='lat' dir='ltr'>occasio</span> <span class='ocrx_word' id='word_1_27' title='bbox 209 357 435 415; x_wconf 70' lang='lat' dir='ltr'><strong>circumlationis</strong></span> <span class='ocrx_word' id='word_1_28' title='bbox 460 356 610 422; x_wconf 78' lang='lat' dir='ltr'>exstiterit,</span> <span class='ocrx_word' id='word_1_29' title='bbox 638 358 673 411; x_wconf 91' lang='lat' dir='ltr'>ad</span> <span class='ocrx_word' id='word_1_30' title='bbox 698 356 751 412; x_wconf 92' lang='lat' dir='ltr'>boc</span> <span class='ocrx_word' id='word_1_31' title='bbox 777 356 920 412; x_wconf 78' lang='lat' dir='ltr'>subeunte</span> <span class='ocrx_word' id='word_1_32' title='bbox 974 357 1141 426; x_wconf 86' lang='lat' dir='ltr'>qucbantur</span> <span class='ocrx_word' id='word_1_33' title='bbox 1167 355 1270 422; x_wconf 87' lang='lat' dir='ltr'>officia,</span> <span class='ocrx_word' id='word_1_34' title='bbox 1295 365 1322 412; x_wconf 94' lang='lat' dir='ltr'>et</span> <span class='ocrx_word' id='word_1_35' title='bbox 1345 355 1474 426; x_wconf 84' lang='lat' dir='ltr'>vulgaris</span> <span class='ocrx_word' id='word_1_36' title='bbox 1498 355 1664 425; x_wconf 75' lang='lat' dir='ltr'>sandapila.</span> <span class='ocrx_word' id='word_1_37' title='bbox 1693 363 1722 412; x_wconf 91' lang='lat' dir='ltr'>et</span> <span class='ocrx_word' id='word_1_38' title='bbox 1746 362 1825 411; x_wconf 87' lang='lat' dir='ltr'>certe</span> 
     </span>
     <span class='ocr_line' id='line_1_4' title="bbox 73 442 1825 519; baseline -0.004 -15"><span class='ocrx_word' id='word_1_39' title='bbox 73 448 204 519; x_wconf 78' lang='lat' dir='ltr'>nequitia</span> <span class='ocrx_word' id='word_1_40' title='bbox 219 448 381 516; x_wconf 74' lang='lat' dir='ltr'>detorqueri</span> <span class='ocrx_word' id='word_1_41' title='bbox 397 455 489 514; x_wconf 87' lang='lat' dir='ltr'>coepta</span> <span class='ocrx_word' id='word_1_42' title='bbox 513 452 555 500; x_wconf 92' lang='lat' dir='ltr'>est</span> <span class='ocrx_word' id='word_1_43' title='bbox 578 444 744 499; x_wconf 87' lang='lat' dir='ltr'>intentionis</span> <span class='ocrx_word' id='word_1_44' title='bbox 766 444 916 508; x_wconf 85' lang='lat' dir='ltr'>rectitudo,</span> <span class='ocrx_word' id='word_1_45' title='bbox 974 459 1102 514; x_wconf 88' lang='lat' dir='ltr'>quorum</span> <span class='ocrx_word' id='word_1_46' title='bbox 1128 459 1200 515; x_wconf 89' lang='lat' dir='ltr'>spes,</span> <span class='ocrx_word' id='word_1_47' title='bbox 1226 445 1389 501; x_wconf 91' lang='lat' dir='ltr'>intereunte</span> <span class='ocrx_word' id='word_1_48' title='bbox 1413 458 1539 513; x_wconf 90' lang='lat' dir='ltr'>corpore,</span> <span class='ocrx_word' id='word_1_49' title='bbox 1554 446 1661 513; x_wconf 90' lang='lat' dir='ltr'>pariter</span> <span class='ocrx_word' id='word_1_50' title='bbox 1675 442 1825 509; x_wconf 88' lang='lat' dir='ltr'>interibat,</span> 
     </span>
     <span class='ocr_line' id='line_1_5' title="bbox 74 532 1824 607; baseline -0.005 -12"><span class='ocrx_word' id='word_1_51' title='bbox 74 545 107 595; x_wconf 91' lang='lat' dir='ltr'>ut</span> <span class='ocrx_word' id='word_1_52' title='bbox 123 551 193 607; x_wconf 67' lang='lat' dir='ltr'>pene</span> <span class='ocrx_word' id='word_1_53' title='bbox 208 551 273 606; x_wconf 77' lang='lat' dir='ltr'>quaa</span> <span class='ocrx_word' id='word_1_54' title='bbox 292 534 460 603; x_wconf 85' lang='lat' dir='ltr'>simpliciter</span> <span class='ocrx_word' id='word_1_55' title='bbox 481 532 542 588; x_wconf 87' lang='lat' dir='ltr'>beri</span> <span class='ocrx_word' id='word_1_56' title='bbox 562 541 772 588; x_wconf 88' lang='lat' dir='ltr'>consueverant</span> <span class='ocrx_word' id='word_1_57' title='bbox 793 546 921 588; x_wconf 85' lang='lat' dir='ltr'>eorrum—</span> <span class='ocrx_word' id='word_1_58' title='bbox 974 540 1002 587; x_wconf 92' lang='lat' dir='ltr'>et</span> <span class='ocrx_word' id='word_1_59' title='bbox 1019 546 1187 589; x_wconf 87' lang='lat' dir='ltr'>noseorum</span> <span class='ocrx_word' id='word_1_60' title='bbox 1204 534 1288 589; x_wconf 86' lang='lat' dir='ltr'>busta</span> <span class='ocrx_word' id='word_1_61' title='bbox 1304 532 1486 599; x_wconf 86' lang='lat' dir='ltr'>suffodimus,</span> <span class='ocrx_word' id='word_1_62' title='bbox 1503 534 1632 589; x_wconf 91' lang='lat' dir='ltr'>membra</span> <span class='ocrx_word' id='word_1_63' title='bbox 1653 532 1824 597; x_wconf 90' lang='lat' dir='ltr'>dividimus,</span> 
     </span>
     <span class='ocr_line' id='line_1_6' title="bbox 73 619 1828 697; baseline -0.003 -16"><span class='ocrx_word' id='word_1_64' title='bbox 73 632 154 697; x_wconf 91' lang='lat' dir='ltr'>peret</span> <span class='ocrx_word' id='word_1_65' title='bbox 177 623 313 679; x_wconf 82' lang='lat' dir='ltr'>universa</span> <span class='ocrx_word' id='word_1_66' title='bbox 336 621 450 691; x_wconf 88' lang='lat' dir='ltr'>cupido.</span> <span class='ocrx_word' id='word_1_67' title='bbox 480 620 506 676; x_wconf 90' lang='lat' dir='ltr'>Si</span> <span class='ocrx_word' id='word_1_68' title='bbox 533 621 605 676; x_wconf 91' lang='lat' dir='ltr'>tanti</span> <span class='ocrx_word' id='word_1_69' title='bbox 628 620 689 677; x_wconf 92' lang='lat' dir='ltr'>loco</span> <span class='ocrx_word' id='word_1_70' title='bbox 711 621 802 675; x_wconf 92' lang='lat' dir='ltr'>meriti</span> <span class='ocrx_word' id='word_1_71' title='bbox 825 620 920 677; x_wconf 81' lang='lat' dir='ltr'>tobia</span> <span class='ocrx_word' id='word_1_72' title='bbox 975 634 1048 692; x_wconf 92' lang='lat' dir='ltr'>quos</span> <span class='ocrx_word' id='word_1_73' title='bbox 1072 635 1141 678; x_wconf 86' lang='lat' dir='ltr'>saue</span> <span class='ocrx_word' id='word_1_74' title='bbox 1160 621 1292 691; x_wconf 88' lang='lat' dir='ltr'>plurimis</span> <span class='ocrx_word' id='word_1_75' title='bbox 1312 621 1491 677; x_wconf 81' lang='lat' dir='ltr'>documentis</span> <span class='ocrx_word' id='word_1_76' title='bbox 1511 634 1600 690; x_wconf 89' lang='lat' dir='ltr'>super</span> <span class='ocrx_word' id='word_1_77' title='bbox 1623 622 1677 677; x_wconf 93' lang='lat' dir='ltr'>bac</span> <span class='ocrx_word' id='word_1_78' title='bbox 1701 619 1828 676; x_wconf 87' lang='lat' dir='ltr'>motione</span> 
     </span>
     <span class='ocr_line' id='line_1_7' title="bbox 72 708 1279 780; baseline -0.006 -10"><span class='ocrx_word' id='word_1_79' title='bbox 72 720 253 770; x_wconf 90' lang='lat' dir='ltr'>mortuorum</span> <span class='ocrx_word' id='word_1_80' title='bbox 279 709 429 780; x_wconf 81' lang='lat' dir='ltr'>sepultura</span> <span class='ocrx_word' id='word_1_81' title='bbox 451 708 618 775; x_wconf 84' lang='lat' dir='ltr'>ascribitur,</span> <span class='ocrx_word' id='word_1_82' title='bbox 646 716 680 764; x_wconf 93' lang='lat' dir='ltr'>ut</span> <span class='ocrx_word' id='word_1_83' title='bbox 709 709 782 764; x_wconf 89' lang='lat' dir='ltr'>iuter</span> <span class='ocrx_word' id='word_1_84' title='bbox 809 718 922 765; x_wconf 76' lang='lat' dir='ltr'>caetera·</span> <span class='ocrx_word' id='word_1_85' title='bbox 976 709 1058 765; x_wconf 88' lang='lat' dir='ltr'>irasci</span> <span class='ocrx_word' id='word_1_86' title='bbox 1072 710 1279 779; x_wconf 82' lang='lat' dir='ltr'>comperimus!</span> 
     </span>
     <span class='ocr_line' id='line_1_8' title="bbox 73 795 1827 870; baseline -0.004 -13"><span class='ocrx_word' id='word_1_87' title='bbox 73 815 139 857; x_wconf 91' lang='lat' dir='ltr'>rum</span> <span class='ocrx_word' id='word_1_88' title='bbox 167 797 304 854; x_wconf 89' lang='lat' dir='ltr'>beneficia</span> <span class='ocrx_word' id='word_1_89' title='bbox 331 798 546 853; x_wconf 84' lang='lat' dir='ltr'>humanitatum</span> <span class='ocrx_word' id='word_1_90' title='bbox 581 796 735 865; x_wconf 86' lang='lat' dir='ltr'>ltapbaells</span> <span class='ocrx_word' id='word_1_91' title='bbox 762 796 923 865; x_wconf 81' lang='lat' dir='ltr'>specialiter</span> <span class='ocrx_word' id='word_1_92' title='bbox 1012 798 1098 854; x_wconf 88' lang='lat' dir='ltr'>Plane</span> <span class='ocrx_word' id='word_1_93' title='bbox 1118 798 1273 870; x_wconf 86' lang='lat' dir='ltr'>Gregorius</span> <span class='ocrx_word' id='word_1_94' title='bbox 1298 799 1348 866; x_wconf 89' lang='lat' dir='ltr'>(lib</span> <span class='ocrx_word' id='word_1_95' title='bbox 1373 813 1450 865; x_wconf 79' lang='lat' dir='ltr'>xxxi,</span> <span class='ocrx_word' id='word_1_96' title='bbox 1471 797 1554 869; x_wconf 81' lang='lat' dir='ltr'>epist.</span> <span class='ocrx_word' id='word_1_97' title='bbox 1580 797 1635 868; x_wconf 79' lang='grc' dir='ltr'>ιι),</span> <span class='ocrx_word' id='word_1_98' title='bbox 1660 810 1728 853; x_wconf 92' lang='lat' dir='ltr'>cum</span> <span class='ocrx_word' id='word_1_99' title='bbox 1744 795 1827 852; x_wconf 86' lang='lat' dir='ltr'>Pauli</span> 
     </span>
     <span class='ocr_line' id='line_1_9' title="bbox 73 883 1829 956; baseline -0.003 -13"><span class='ocrx_word' id='word_1_100' title='bbox 73 886 131 944; x_wconf 91' lang='lat' dir='ltr'>fere</span> <span class='ocrx_word' id='word_1_101' title='bbox 145 886 305 943; x_wconf 91' lang='lat' dir='ltr'>testimonio</span> <span class='ocrx_word' id='word_1_102' title='bbox 320 885 510 952; x_wconf 84' lang='lat' dir='ltr'>collaudetur,</span> <span class='ocrx_word' id='word_1_103' title='bbox 526 893 554 941; x_wconf 91' lang='lat' dir='ltr'>et</span> <span class='ocrx_word' id='word_1_104' title='bbox 576 892 643 940; x_wconf 89' lang='lat' dir='ltr'>aute</span> <span class='ocrx_word' id='word_1_105' title='bbox 667 886 712 939; x_wconf 83' lang='lat' dir='ltr'>[lei</span> <span class='ocrx_word' id='word_1_106' title='bbox 729 886 828 941; x_wconf 88' lang='lat' dir='ltr'>oculos</span> <span class='ocrx_word' id='word_1_107' title='bbox 842 894 923 956; x_wconf 81' lang='lat' dir='ltr'>grate</span> <span class='ocrx_word' id='word_1_108' title='bbox 976 886 1093 954; x_wconf 83' lang='lat' dir='ltr'>apostoli</span> <span class='ocrx_word' id='word_1_109' title='bbox 1109 888 1196 955; x_wconf 89' lang='lat' dir='ltr'>caput</span> <span class='ocrx_word' id='word_1_110' title='bbox 1218 884 1254 941; x_wconf 97' lang='lat' dir='ltr'>ab</span> <span class='ocrx_word' id='word_1_111' title='bbox 1269 889 1408 955; x_wconf 78' lang='lat' dir='ltr'>augusta,</span> <span class='ocrx_word' id='word_1_112' title='bbox 1429 884 1483 940; x_wconf 89' lang='lat' dir='ltr'>nisi</span> <span class='ocrx_word' id='word_1_113' title='bbox 1504 883 1596 952; x_wconf 90' lang='lat' dir='ltr'>fallor,</span> <span class='ocrx_word' id='word_1_114' title='bbox 1617 883 1724 939; x_wconf 77' lang='lat' dir='ltr'>Tiberii</span> <span class='ocrx_word' id='word_1_115' title='bbox 1748 891 1829 952; x_wconf 90' lang='lat' dir='ltr'>pete-</span> 
     </span>
     <span class='ocr_line' id='line_1_10' title="bbox 73 970 1830 1045; baseline -0.003 -14"><span class='ocrx_word' id='word_1_116' title='bbox 73 975 229 1031; x_wconf 91' lang='lat' dir='ltr'>admodum</span> <span class='ocrx_word' id='word_1_117' title='bbox 254 974 349 1030; x_wconf 89' lang='lat' dir='ltr'>delata</span> <span class='ocrx_word' id='word_1_118' title='bbox 375 974 589 1042; x_wconf 71' lang='lat' dir='ltr'>dicaturtfob.</span> <span class='ocrx_word' id='word_1_119' title='bbox 618 988 664 1033; x_wconf 84' lang='grc' dir='ltr'>ιιι,</span> <span class='ocrx_word' id='word_1_120' title='bbox 702 976 741 1033; x_wconf 86' lang='grc' dir='ltr'>ιι,</span> <span class='ocrx_word' id='word_1_121' title='bbox 767 978 822 1043; x_wconf 78' lang='grc' dir='ltr'>ιι),</span> <span class='ocrx_word' id='word_1_122' title='bbox 852 974 923 1045; x_wconf 91' lang='lat' dir='ltr'>quid</span> <span class='ocrx_word' id='word_1_123' title='bbox 977 983 1067 1042; x_wconf 89' lang='lat' dir='ltr'>retur,</span> <span class='ocrx_word' id='word_1_124' title='bbox 1089 973 1132 1042; x_wconf 74' lang='lat'><strong>(¹⁹)</strong></span> <span class='ocrx_word' id='word_1_125' title='bbox 1155 989 1185 1030; x_wconf 87' lang='lat' dir='ltr'>se</span> <span class='ocrx_word' id='word_1_126' title='bbox 1208 988 1326 1044; x_wconf 87' lang='lat' dir='ltr'>prorsus</span> <span class='ocrx_word' id='word_1_127' title='bbox 1352 974 1379 1029; x_wconf 86' lang='lat' dir='ltr'>id</span> <span class='ocrx_word' id='word_1_128' title='bbox 1398 989 1456 1029; x_wconf 93' lang='lat' dir='ltr'>non</span> <span class='ocrx_word' id='word_1_129' title='bbox 1476 973 1583 1029; x_wconf 91' lang='lat' dir='ltr'>audere</span> <span class='ocrx_word' id='word_1_130' title='bbox 1602 972 1759 1042; x_wconf 89' lang='lat' dir='ltr'>respondit,</span> <span class='ocrx_word' id='word_1_131' title='bbox 1781 970 1830 1026; x_wconf 90' lang='lat' dir='ltr'>illa</span> 
     </span>
     <span class='ocr_line' id='line_1_11' title="bbox 74 1059 1830 1135; baseline -0.002 -16"><span class='ocrx_word' id='word_1_132' title='bbox 74 1062 228 1134; x_wconf 86' lang='lat' dir='ltr'>impietatis</span> <span class='ocrx_word' id='word_1_133' title='bbox 252 1071 279 1119; x_wconf 93' lang='lat' dir='ltr'>et</span> <span class='ocrx_word' id='word_1_134' title='bbox 294 1063 386 1135; x_wconf 74' lang='lat' dir='ltr'>culpae</span> <span class='ocrx_word' id='word_1_135' title='bbox 407 1070 544 1132; x_wconf 88' lang='lat' dir='ltr'>putamus</span> <span class='ocrx_word' id='word_1_136' title='bbox 565 1062 701 1128; x_wconf 90' lang='lat' dir='ltr'>obtineat,</span> <span class='ocrx_word' id='word_1_137' title='bbox 729 1061 780 1130; x_wconf 93' lang='lat' dir='ltr'>qui</span> <span class='ocrx_word' id='word_1_138' title='bbox 805 1076 924 1131; x_wconf 88' lang='lat' dir='ltr'>corpora</span> <span class='ocrx_word' id='word_1_139' title='bbox 978 1078 1068 1134; x_wconf 88' lang='lat' dir='ltr'>quam</span> <span class='ocrx_word' id='word_1_140' title='bbox 1081 1065 1216 1132; x_wconf 91' lang='lat' dir='ltr'>superius</span> <span class='ocrx_word' id='word_1_141' title='bbox 1231 1064 1292 1119; x_wconf 78' lang='lat' dir='ltr'>diri</span> <span class='ocrx_word' id='word_1_142' title='bbox 1309 1078 1396 1132; x_wconf 89' lang='lat' dir='ltr'>super</span> <span class='ocrx_word' id='word_1_143' title='bbox 1410 1064 1474 1133; x_wconf 80' lang='lat' dir='ltr'>eJus</span> <span class='ocrx_word' id='word_1_144' title='bbox 1490 1062 1685 1133; x_wconf 80' lang='lat' dir='ltr'>repertoribus</span> <span class='ocrx_word' id='word_1_145' title='bbox 1700 1059 1830 1116; x_wconf 91' lang='lat' dir='ltr'>animad-</span> 
     </span>
     <span class='ocr_line' id='line_1_12' title="bbox 74 1147 1829 1222; baseline -0.003 -15"><span class='ocrx_word' id='word_1_146' title='bbox 74 1152 201 1208; x_wconf 88' lang='lat' dir='ltr'>naturali</span> <span class='ocrx_word' id='word_1_147' title='bbox 221 1152 315 1207; x_wconf 91' lang='lat' dir='ltr'>debito</span> <span class='ocrx_word' id='word_1_148' title='bbox 339 1152 456 1220; x_wconf 88' lang='lat' dir='ltr'>privans</span> <span class='ocrx_word' id='word_1_149' title='bbox 481 1150 587 1220; x_wconf 89' lang='lat' dir='ltr'>quavis</span> <span class='ocrx_word' id='word_1_150' title='bbox 609 1147 665 1203; x_wconf 92' lang='lat' dir='ltr'>levi</span> <span class='ocrx_word' id='word_1_151' title='bbox 691 1149 838 1204; x_wconf 89' lang='lat' dir='ltr'>occasione</span> <span class='ocrx_word' id='word_1_152' title='bbox 862 1165 924 1206; x_wconf 91' lang='lat' dir='ltr'>mo·</span> <span class='ocrx_word' id='word_1_153' title='bbox 979 1153 1108 1208; x_wconf 85' lang='lat' dir='ltr'>versione</span> <span class='ocrx_word' id='word_1_154' title='bbox 1139 1162 1287 1221; x_wconf 83' lang='lat' dir='ltr'>praetensa.</span> <span class='ocrx_word' id='word_1_155' title='bbox 1307 1153 1497 1209; x_wconf 83' lang='lat' dir='ltr'>Eadmundus</span> <span class='ocrx_word' id='word_1_156' title='bbox 1525 1152 1602 1222; x_wconf 91' lang='lat' dir='ltr'>apud</span> <span class='ocrx_word' id='word_1_157' title='bbox 1629 1149 1740 1220; x_wconf 73' lang='lat' dir='ltr'>anglos</span> <span class='ocrx_word' id='word_1_158' title='bbox 1770 1163 1829 1204; x_wconf 92' lang='lat' dir='ltr'>nou</span> 
     </span>
     <span class='ocr_line' id='line_1_13' title="bbox 75 1236 1830 1312; baseline -0.002 -16"><span class='ocrx_word' id='word_1_159' title='bbox 75 1240 175 1297; x_wconf 82' lang='lat' dir='ltr'>lestatf</span> <span class='ocrx_word' id='word_1_160' title='bbox 187 1241 222 1295; x_wconf 84' lang='lat' dir='ltr'>Et</span> <span class='ocrx_word' id='word_1_161' title='bbox 237 1254 303 1311; x_wconf 86' lang='lat' dir='ltr'>quae</span> <span class='ocrx_word' id='word_1_162' title='bbox 317 1254 375 1296; x_wconf 92' lang='lat' dir='ltr'>non</span> <span class='ocrx_word' id='word_1_163' title='bbox 391 1239 454 1294; x_wconf 90' lang='lat' dir='ltr'>dico</span> <span class='ocrx_word' id='word_1_164' title='bbox 467 1239 565 1304; x_wconf 86' lang='lat' dir='ltr'>levior,</span> <span class='ocrx_word' id='word_1_165' title='bbox 578 1238 626 1293; x_wconf 88' lang='lat' dir='ltr'>sed</span> <span class='ocrx_word' id='word_1_166' title='bbox 640 1237 833 1307; x_wconf 91' lang='lat' dir='ltr'>importunior</span> <span class='ocrx_word' id='word_1_167' title='bbox 840 1253 925 1295; x_wconf 89' lang='lat' dir='ltr'>occa·</span> <span class='ocrx_word' id='word_1_168' title='bbox 980 1240 1115 1312; x_wconf 84' lang='lat' dir='ltr'>ignobilis</span> <span class='ocrx_word' id='word_1_169' title='bbox 1130 1240 1228 1312; x_wconf 77' lang='lat' dir='ltr'>gloria</span> <span class='ocrx_word' id='word_1_170' title='bbox 1245 1255 1297 1296; x_wconf 84' lang='lat' dir='ltr'>ren</span> <span class='ocrx_word' id='word_1_171' title='bbox 1316 1248 1344 1296; x_wconf 91' lang='lat' dir='ltr'>et</span> <span class='ocrx_word' id='word_1_172' title='bbox 1368 1248 1478 1309; x_wconf 87' lang='lat' dir='ltr'>martyr</span> <span class='ocrx_word' id='word_1_173' title='bbox 1503 1239 1610 1307; x_wconf 71' lang='lat' dir='ltr'>existit,</span> <span class='ocrx_word' id='word_1_174' title='bbox 1631 1239 1676 1310; x_wconf 88' lang='lat' dir='ltr'>cuj</span> <span class='ocrx_word' id='word_1_175' title='bbox 1683 1252 1717 1293; x_wconf 90' lang='lat' dir='ltr'>us</span> <span class='ocrx_word' id='word_1_176' title='bbox 1740 1237 1770 1292; x_wconf 89' lang='lat' dir='ltr'>in</span> <span class='ocrx_word' id='word_1_177' title='bbox 1784 1236 1830 1292; x_wconf 88' lang='lat' dir='ltr'>sui</span> 
     </span>
     <span class='ocr_line' id='line_1_14' title="bbox 76 1325 1832 1399; baseline -0.002 -15"><span class='ocrx_word' id='word_1_178' title='bbox 76 1328 117 1384; x_wconf 90' lang='lat' dir='ltr'>sio</span> <span class='ocrx_word' id='word_1_179' title='bbox 140 1341 229 1398; x_wconf 91' lang='lat' dir='ltr'>quarn</span> <span class='ocrx_word' id='word_1_180' title='bbox 255 1335 286 1383; x_wconf 94' lang='lat' dir='ltr'>ut</span> <span class='ocrx_word' id='word_1_181' title='bbox 310 1325 471 1396; x_wconf 89' lang='lat' dir='ltr'>discipulus</span> <span class='ocrx_word' id='word_1_182' title='bbox 495 1333 678 1394; x_wconf 76' lang='lat' dir='ltr'>preponatur</span> <span class='ocrx_word' id='word_1_183' title='bbox 700 1325 855 1395; x_wconf 76' lang='lat' dir='ltr'>magistro?</span> <span class='ocrx_word' id='word_1_184' title='bbox 879 1325 926 1381; x_wconf 93' lang='lat' dir='ltr'>ille</span> <span class='ocrx_word' id='word_1_185' title='bbox 981 1330 1100 1386; x_wconf 86' lang='lat' dir='ltr'>tuitione</span> <span class='ocrx_word' id='word_1_186' title='bbox 1126 1329 1256 1399; x_wconf 88' lang='lat' dir='ltr'>corporis</span> <span class='ocrx_word' id='word_1_187' title='bbox 1269 1329 1362 1386; x_wconf 90' lang='lat' dir='ltr'>zelum</span> <span class='ocrx_word' id='word_1_188' title='bbox 1388 1329 1489 1385; x_wconf 91' lang='lat' dir='ltr'>vellem</span> <span class='ocrx_word' id='word_1_189' title='bbox 1512 1329 1603 1385; x_wconf 88' lang='lat' dir='ltr'>sancti</span> <span class='ocrx_word' id='word_1_190' title='bbox 1622 1326 1832 1384; x_wconf 80' lang='lat' dir='ltr'>aemularentur</span> 
     </span>
     <span class='ocr_line' id='line_1_15' title="bbox 76 1413 1832 1488; baseline -0.002 -15"><span class='ocrx_word' id='word_1_191' title='bbox 76 1414 165 1487; x_wconf 89' lang='lat' dir='ltr'>lapidi</span> <span class='ocrx_word' id='word_1_192' title='bbox 194 1416 370 1482; x_wconf 91' lang='lat' dir='ltr'>intrudatur,</span> <span class='ocrx_word' id='word_1_193' title='bbox 399 1415 445 1470; x_wconf 90' lang='lat' dir='ltr'>bic</span> <span class='ocrx_word' id='word_1_194' title='bbox 481 1428 552 1469; x_wconf 90' lang='lat' dir='ltr'>auro</span> <span class='ocrx_word' id='word_1_195' title='bbox 585 1413 763 1469; x_wconf 77' lang='lat' dir='ltr'>claudatur?</span> <span class='ocrx_word' id='word_1_196' title='bbox 793 1413 840 1470; x_wconf 89' lang='lat' dir='ltr'>ille</span> <span class='ocrx_word' id='word_1_197' title='bbox 875 1430 927 1470; x_wconf 86' lang='lat' dir='ltr'>nec</span> <span class='ocrx_word' id='word_1_198' title='bbox 981 1419 1154 1488; x_wconf 86' lang='lat' dir='ltr'>caeteri‚qui</span> <span class='ocrx_word' id='word_1_199' title='bbox 1174 1419 1299 1474; x_wconf 90' lang='lat' dir='ltr'>instatu</span> <span class='ocrx_word' id='word_1_200' title='bbox 1319 1418 1471 1474; x_wconf 88' lang='lat' dir='ltr'>dormienti</span> <span class='ocrx_word' id='word_1_201' title='bbox 1494 1417 1638 1474; x_wconf 89' lang='lat' dir='ltr'>simillimo</span> <span class='ocrx_word' id='word_1_202' title='bbox 1660 1417 1718 1472; x_wconf 91' lang='lat' dir='ltr'>buc</span> <span class='ocrx_word' id='word_1_203' title='bbox 1738 1429 1832 1484; x_wconf 89' lang='lat' dir='ltr'>usque</span> 
     </span>
     <span class='ocr_line' id='line_1_16' title="bbox 76 1501 1831 1578; baseline -0.003 -17"><span class='ocrx_word' id='word_1_204' title='bbox 76 1519 148 1576; x_wconf 86' lang='lat' dir='ltr'>pene</span> <span class='ocrx_word' id='word_1_205' title='bbox 163 1504 261 1561; x_wconf 91' lang='lat' dir='ltr'>subtili</span> <span class='ocrx_word' id='word_1_206' title='bbox 276 1504 396 1560; x_wconf 89' lang='lat' dir='ltr'>sindone</span> <span class='ocrx_word' id='word_1_207' title='bbox 417 1502 601 1569; x_wconf 88' lang='lat' dir='ltr'>obvolvatur,</span> <span class='ocrx_word' id='word_1_208' title='bbox 623 1503 670 1558; x_wconf 91' lang='lat' dir='ltr'>bic</span> <span class='ocrx_word' id='word_1_209' title='bbox 685 1501 779 1571; x_wconf 89' lang='lat' dir='ltr'>palliis</span> <span class='ocrx_word' id='word_1_210' title='bbox 797 1510 847 1558; x_wconf 93' lang='lat' dir='ltr'>aul</span> <span class='ocrx_word' id='word_1_211' title='bbox 861 1504 928 1559; x_wconf 91' lang='lat' dir='ltr'>scri·</span> <span class='ocrx_word' id='word_1_212' title='bbox 981 1507 1134 1576; x_wconf 91' lang='lat' dir='ltr'>persistens</span> <span class='ocrx_word' id='word_1_213' title='bbox 1158 1521 1175 1562; x_wconf 91' lang='lat' dir='ltr'>a</span> <span class='ocrx_word' id='word_1_214' title='bbox 1199 1507 1312 1563; x_wconf 91' lang='lat' dir='ltr'>nemine</span> <span class='ocrx_word' id='word_1_215' title='bbox 1340 1507 1429 1562; x_wconf 86' lang='lat' dir='ltr'>videri</span> <span class='ocrx_word' id='word_1_216' title='bbox 1452 1521 1482 1563; x_wconf 88' lang='lat' dir='ltr'>sc</span> <span class='ocrx_word' id='word_1_217' title='bbox 1508 1507 1648 1578; x_wconf 77' lang='lat' dir='ltr'>dignatur</span> <span class='ocrx_word' id='word_1_218' title='bbox 1666 1513 1719 1561; x_wconf 90' lang='lat' dir='ltr'>aut</span> <span class='ocrx_word' id='word_1_219' title='bbox 1740 1503 1831 1574; x_wconf 84' lang='lat' dir='ltr'>tangi.</span> 
     </span>
     <span class='ocr_line' id='line_1_17' title="bbox 77 1589 1832 1667; baseline -0.008 -6"><span class='ocrx_word' id='word_1_220' title='bbox 77 1594 127 1660; x_wconf 62' lang='lat'>⁰1⁸,</span> <span class='ocrx_word' id='word_1_221' title='bbox 144 1606 252 1649; x_wconf 75' lang='lat' dir='ltr'>a¹1i⁰i⁰</span> <span class='ocrx_word' id='word_1_222' title='bbox 267 1590 359 1647; x_wconf 79' lang='lat' dir='ltr'>textili</span> <span class='ocrx_word' id='word_1_223' title='bbox 374 1589 583 1661; x_wconf 80' lang='lat' dir='ltr'>subcingatur?</span> <span class='ocrx_word' id='word_1_224' title='bbox 981 1596 1083 1653; x_wconf 87' lang='lat' dir='ltr'>Nostra</span> <span class='ocrx_word' id='word_1_225' title='bbox 1108 1597 1185 1653; x_wconf 90' lang='lat' dir='ltr'>enim</span> <span class='ocrx_word' id='word_1_226' title='bbox 1205 1604 1298 1665; x_wconf 78' lang='lat' dir='ltr'>aetate,</span> <span class='ocrx_word' id='word_1_227' title='bbox 1316 1605 1347 1653; x_wconf 92' lang='lat' dir='ltr'>ut</span> <span class='ocrx_word' id='word_1_228' title='bbox 1368 1609 1402 1652; x_wconf 90' lang='lat' dir='ltr'>ea</span> <span class='ocrx_word' id='word_1_229' title='bbox 1420 1610 1486 1667; x_wconf 77' lang='lat' dir='ltr'>quea</span> <span class='ocrx_word' id='word_1_230' title='bbox 1505 1594 1534 1652; x_wconf 94' lang='lat' dir='ltr'>in</span> <span class='ocrx_word' id='word_1_231' title='bbox 1555 1597 1620 1667; x_wconf 88' lang='lat' dir='ltr'>ejus</span> <span class='ocrx_word' id='word_1_232' title='bbox 1642 1594 1776 1665; x_wconf 86' lang='lat' dir='ltr'>passione</span> <span class='ocrx_word' id='word_1_233' title='bbox 1792 1592 1832 1647; x_wconf 90' lang='lat' dir='ltr'>le-</span> 
     </span>
     <span class='ocr_line' id='line_1_18' title="bbox 113 1677 1834 1756; baseline -0.005 -10"><span class='ocrx_word' id='word_1_234' title='bbox 113 1680 159 1751; x_wconf 74' lang='lat' dir='ltr'>(¹³l</span> <span class='ocrx_word' id='word_1_235' title='bbox 176 1680 258 1750; x_wconf 78' lang='lat' dir='ltr'>spuo</span> <span class='ocrx_word' id='word_1_236' title='bbox 282 1677 544 1748; x_wconf 77' lang='lat' dir='ltr'>splendidissimum</span> <span class='ocrx_word' id='word_1_237' title='bbox 570 1691 674 1748; x_wconf 74' lang='lat' dir='ltr'>uanam</span> <span class='ocrx_word' id='word_1_238' title='bbox 693 1678 874 1750; x_wconf 77' lang='lat' dir='ltr'>erogo-tum,</span> <span class='ocrx_word' id='word_1_239' title='bbox 898 1678 927 1734; x_wconf 86' lang='lat' dir='ltr'>tn</span> <span class='ocrx_word' id='word_1_240' title='bbox 982 1693 1094 1756; x_wconf 78' lang='lat' dir='ltr'>guntur</span> <span class='ocrx_word' id='word_1_241' title='bbox 1121 1692 1242 1750; x_wconf 81' lang='grc' dir='ltr'>ιιιιιιι,</span> <span class='ocrx_word' id='word_1_242' title='bbox 1273 1684 1320 1756; x_wconf 79' lang='lat'><strong>(¹⁰)</strong></span> <span class='ocrx_word' id='word_1_243' title='bbox 1345 1684 1422 1741; x_wconf 85' lang='grc' dir='ltr'>ιιιι</span> <span class='ocrx_word' id='word_1_244' title='bbox 1447 1685 1568 1755; x_wconf 77' lang='lat' dir='ltr'>quinam</span> <span class='ocrx_word' id='word_1_245' title='bbox 1597 1683 1660 1754; x_wconf 80' lang='lat' dir='ltr'>ejus</span> <span class='ocrx_word' id='word_1_246' title='bbox 1687 1682 1741 1739; x_wconf 80' lang='lat' dir='ltr'>toci</span> <span class='ocrx_word' id='word_1_247' title='bbox 1770 1679 1834 1750; x_wconf 80' lang='lat' dir='ltr'>plus</span> 
     </span>
     <span class='ocr_line' id='line_1_19' title="bbox 79 1767 1834 1845; baseline -0.001 -20"><span class='ocrx_word' id='word_1_248' title='bbox 79 1768 131 1840; x_wconf 93' lang='lat' dir='ltr'>qui</span> <span class='ocrx_word' id='word_1_249' title='bbox 152 1781 272 1838; x_wconf 82' lang='lat' dir='ltr'>corpora</span> <span class='ocrx_word' id='word_1_250' title='bbox 293 1767 375 1824; x_wconf 86' lang='lat' dir='ltr'>Pauli</span> <span class='ocrx_word' id='word_1_251' title='bbox 401 1767 532 1837; x_wconf 92' lang='lat' dir='ltr'>apostoli,</span> <span class='ocrx_word' id='word_1_252' title='bbox 563 1768 767 1839; x_wconf 80' lang='lat' dir='ltr'>laurentiique</span> <span class='ocrx_word' id='word_1_253' title='bbox 792 1767 928 1838; x_wconf 88' lang='lat' dir='ltr'>martyris</span> <span class='ocrx_word' id='word_1_254' title='bbox 982 1787 1066 1844; x_wconf 76' lang='lat' dir='ltr'>aequo</span> <span class='ocrx_word' id='word_1_255' title='bbox 1088 1774 1229 1836; x_wconf 89' lang='lat' dir='ltr'>curiosus,</span> <span class='ocrx_word' id='word_1_256' title='bbox 1250 1784 1359 1841; x_wconf 91' lang='lat' dir='ltr'>utrum,</span> <span class='ocrx_word' id='word_1_257' title='bbox 1384 1773 1424 1829; x_wconf 90' lang='lat' dir='ltr'>uti</span> <span class='ocrx_word' id='word_1_258' title='bbox 1451 1773 1640 1845; x_wconf 85' lang='lat' dir='ltr'>vulgabatur,</span> <span class='ocrx_word' id='word_1_259' title='bbox 1663 1778 1754 1840; x_wconf 91' lang='lat' dir='ltr'>caput</span> <span class='ocrx_word' id='word_1_260' title='bbox 1773 1771 1834 1840; x_wconf 85' lang='lat' dir='ltr'>ejus</span> 
     </span>
     <span class='ocr_line' id='line_1_20' title="bbox 77 1855 1833 1934; baseline -0.002 -21"><span class='ocrx_word' id='word_1_261' title='bbox 77 1857 160 1914; x_wconf 87' lang='lat' dir='ltr'>inscii</span> <span class='ocrx_word' id='word_1_262' title='bbox 186 1869 361 1926; x_wconf 83' lang='lat' dir='ltr'>conspexere</span> <span class='ocrx_word' id='word_1_263' title='bbox 387 1855 556 1926; x_wconf 81' lang='lat' dir='ltr'>gravissime</span> <span class='ocrx_word' id='word_1_264' title='bbox 574 1862 642 1912; x_wconf 92' lang='lat' dir='ltr'>sunt</span> <span class='ocrx_word' id='word_1_265' title='bbox 668 1857 771 1925; x_wconf 90' lang='lat' dir='ltr'>puniti.</span> <span class='ocrx_word' id='word_1_266' title='bbox 798 1855 872 1923; x_wconf 85' lang='lat' dir='ltr'>Quid</span> <span class='ocrx_word' id='word_1_267' title='bbox 894 1856 929 1912; x_wconf 91' lang='lat' dir='ltr'>de</span> <span class='ocrx_word' id='word_1_268' title='bbox 984 1871 1047 1934; x_wconf 80' lang='lat' dir='ltr'>post</span> <span class='ocrx_word' id='word_1_269' title='bbox 1076 1861 1279 1919; x_wconf 83' lang='lat' dir='ltr'>abscissionem</span> <span class='ocrx_word' id='word_1_270' title='bbox 1308 1863 1421 1932; x_wconf 88' lang='lat' dir='ltr'>corpori</span> <span class='ocrx_word' id='word_1_271' title='bbox 1449 1869 1522 1918; x_wconf 87' lang='lat' dir='ltr'>esset</span> <span class='ocrx_word' id='word_1_272' title='bbox 1549 1861 1675 1926; x_wconf 89' lang='lat' dir='ltr'>unitum,</span> <span class='ocrx_word' id='word_1_273' title='bbox 1706 1860 1833 1929; x_wconf 77' lang='lat' dir='ltr'>praemis-</span> 
     </span>
     <span class='ocr_line' id='line_1_21' title="bbox 78 1944 1834 2022; baseline 0.001 -22"><span class='ocrx_word' id='word_1_274' title='bbox 78 1945 113 2001; x_wconf 90' lang='lat' dir='ltr'>ils</span> <span class='ocrx_word' id='word_1_275' title='bbox 124 1944 227 2016; x_wconf 85' lang='lat' dir='ltr'>judieii</span> <span class='ocrx_word' id='word_1_276' title='bbox 243 1944 414 2015; x_wconf 76' lang='lat' dir='ltr'>proferetur,</span> <span class='ocrx_word' id='word_1_277' title='bbox 432 1944 541 2014; x_wconf 89' lang='lat' dir='ltr'>quibus</span> <span class='ocrx_word' id='word_1_278' title='bbox 556 1944 680 2000; x_wconf 90' lang='lat' dir='ltr'>avaritia</span> <span class='ocrx_word' id='word_1_279' title='bbox 704 1944 764 2000; x_wconf 91' lang='lat' dir='ltr'>sola</span> <span class='ocrx_word' id='word_1_280' title='bbox 791 1944 820 1999; x_wconf 91' lang='lat' dir='ltr'>iu</span> <span class='ocrx_word' id='word_1_281' title='bbox 840 1958 928 2000; x_wconf 88' lang='lat' dir='ltr'>causa</span> <span class='ocrx_word' id='word_1_282' title='bbox 983 1952 1022 2008; x_wconf 81' lang='lat' dir='ltr'>sis</span> <span class='ocrx_word' id='word_1_283' title='bbox 1031 1950 1150 2022; x_wconf 80' lang='lat' dir='ltr'>jejuniis</span> <span class='ocrx_word' id='word_1_284' title='bbox 1164 1966 1229 2007; x_wconf 84' lang='lat' dir='ltr'>oum</span> <span class='ocrx_word' id='word_1_285' title='bbox 1245 1956 1319 2006; x_wconf 66' lang='lat' dir='ltr'>aas</span> <span class='ocrx_word' id='word_1_286' title='bbox 1333 1950 1460 2021; x_wconf 80' lang='lat' dir='ltr'>quodam</span> <span class='ocrx_word' id='word_1_287' title='bbox 1470 1964 1523 2007; x_wconf 87' lang='lat' dir='ltr'>suo</span> <span class='ocrx_word' id='word_1_288' title='bbox 1537 1949 1679 2006; x_wconf 86' lang='lat' dir='ltr'>monacho</span> <span class='ocrx_word' id='word_1_289' title='bbox 1687 1947 1834 2003; x_wconf 86' lang='lat' dir='ltr'>adnitente</span> 
     </span>
     <span class='ocr_line' id='line_1_22' title="bbox 77 2031 1832 2106; baseline -0.006 -6"><span class='ocrx_word' id='word_1_290' title='bbox 77 2041 128 2100; x_wconf 69' lang='lat'>08¹,</span> <span class='ocrx_word' id='word_1_291' title='bbox 158 2041 186 2089; x_wconf 70' lang='lat' dir='ltr'>ei</span> <span class='ocrx_word' id='word_1_292' title='bbox 207 2040 373 2089; x_wconf 66' lang='lat' dir='ltr'>SissGiOfllm</span> <span class='ocrx_word' id='word_1_293' title='bbox 407 2045 528 2102; x_wconf 74' lang='lat' dir='ltr'>⁰⁰itl⁰i³</span> <span class='ocrx_word' id='word_1_294' title='bbox 560 2031 669 2089; x_wconf 90' lang='lat' dir='ltr'>faciunt</span> <span class='ocrx_word' id='word_1_295' title='bbox 703 2032 861 2103; x_wconf 86' lang='lat' dir='ltr'>irrequieta</span> <span class='ocrx_word' id='word_1_296' title='bbox 890 2033 930 2087; x_wconf 79' lang='lat' dir='ltr'>di·</span> <span class='ocrx_word' id='word_1_297' title='bbox 984 2039 1120 2106; x_wconf 90' lang='lat' dir='ltr'>tentavit;</span> <span class='ocrx_word' id='word_1_298' title='bbox 1156 2039 1204 2095; x_wconf 88' lang='lat' dir='ltr'>sed</span> <span class='ocrx_word' id='word_1_299' title='bbox 1233 2040 1415 2095; x_wconf 86' lang='lat' dir='ltr'>tentationem</span> <span class='ocrx_word' id='word_1_300' title='bbox 1453 2038 1532 2093; x_wconf 85' lang='lat' dir='ltr'>illam</span> <span class='ocrx_word' id='word_1_301' title='bbox 1568 2040 1649 2092; x_wconf 89' lang='lat' dir='ltr'>tanta</span> <span class='ocrx_word' id='word_1_302' title='bbox 1681 2035 1832 2091; x_wconf 73' lang='lat' dir='ltr'>confestim</span> 
     </span>
     <span class='ocr_line' id='line_1_23' title="bbox 78 2120 1834 2196; baseline 0.001 -19"><span class='ocrx_word' id='word_1_303' title='bbox 78 2120 183 2192; x_wconf 80' lang='lat' dir='ltr'>spergi.</span> <span class='ocrx_word' id='word_1_304' title='bbox 207 2120 276 2186; x_wconf 89' lang='lat' dir='ltr'>imo,</span> <span class='ocrx_word' id='word_1_305' title='bbox 308 2129 340 2177; x_wconf 89' lang='lat' dir='ltr'>ut</span> <span class='ocrx_word' id='word_1_306' title='bbox 364 2121 405 2177; x_wconf 90' lang='lat' dir='ltr'>sic</span> <span class='ocrx_word' id='word_1_307' title='bbox 438 2121 543 2188; x_wconf 91' lang='lat' dir='ltr'>dicam,</span> <span class='ocrx_word' id='word_1_308' title='bbox 584 2134 635 2190; x_wconf 90' lang='lat' dir='ltr'>pro</span> <span class='ocrx_word' id='word_1_309' title='bbox 662 2120 722 2176; x_wconf 92' lang='lat' dir='ltr'>sola</span> <span class='ocrx_word' id='word_1_310' title='bbox 748 2121 929 2177; x_wconf 90' lang='lat' dir='ltr'>oblationum</span> <span class='ocrx_word' id='word_1_311' title='bbox 986 2126 1099 2196; x_wconf 88' lang='lat' dir='ltr'>punivit</span> <span class='ocrx_word' id='word_1_312' title='bbox 1117 2126 1268 2182; x_wconf 80' lang='lat' dir='ltr'>infirmitas</span> <span class='ocrx_word' id='word_1_313' title='bbox 1281 2135 1313 2183; x_wconf 94' lang='lat' dir='ltr'>ut</span> <span class='ocrx_word' id='word_1_314' title='bbox 1332 2126 1361 2182; x_wconf 92' lang='lat' dir='ltr'>in</span> <span class='ocrx_word' id='word_1_315' title='bbox 1387 2135 1489 2184; x_wconf 89' lang='lat' dir='ltr'>neutro</span> <span class='ocrx_word' id='word_1_316' title='bbox 1507 2126 1566 2183; x_wconf 92' lang='lat' dir='ltr'>ulla</span> <span class='ocrx_word' id='word_1_317' title='bbox 1586 2125 1721 2194; x_wconf 86' lang='lat' dir='ltr'>deinceps</span> <span class='ocrx_word' id='word_1_318' title='bbox 1742 2136 1834 2180; x_wconf 90' lang='lat' dir='ltr'>rema-</span> 
     </span>
     <span class='ocr_line' id='line_1_24' title="bbox 78 2208 1358 2279; baseline 0.001 -13"><span class='ocrx_word' id='word_1_319' title='bbox 78 2208 206 2266; x_wconf 91' lang='lat' dir='ltr'>illatione</span> <span class='ocrx_word' id='word_1_320' title='bbox 231 2209 401 2279; x_wconf 89' lang='lat' dir='ltr'>quotidiana</span> <span class='ocrx_word' id='word_1_321' title='bbox 425 2208 547 2266; x_wconf 91' lang='lat' dir='ltr'>ostentui</span> <span class='ocrx_word' id='word_1_322' title='bbox 571 2208 691 2266; x_wconf 82' lang='lat' dir='ltr'>baberi?</span> <span class='ocrx_word' id='word_1_323' title='bbox 723 2209 818 2265; x_wconf 89' lang='lat' dir='ltr'>Solent</span> <span class='ocrx_word' id='word_1_324' title='bbox 845 2223 929 2266; x_wconf 89' lang='lat' dir='ltr'>nam·</span> <span class='ocrx_word' id='word_1_325' title='bbox 987 2221 1066 2270; x_wconf 88' lang='lat' dir='ltr'>neret</span> <span class='ocrx_word' id='word_1_326' title='bbox 1083 2228 1224 2270; x_wconf 89' lang='lat' dir='ltr'>manuum</span> <span class='ocrx_word' id='word_1_327' title='bbox 1241 2213 1358 2269; x_wconf 88' lang='lat' dir='ltr'>utilitas.</span> 
     </span>
     <span class='ocr_line' id='line_1_25' title="bbox 78 2298 1835 2373; baseline 0 -19"><span class='ocrx_word' id='word_1_328' title='bbox 78 2313 135 2369; x_wconf 88' lang='lat' dir='ltr'>que</span> <span class='ocrx_word' id='word_1_329' title='bbox 157 2298 313 2369; x_wconf 84' lang='lat' dir='ltr'>pyxidibus</span> <span class='ocrx_word' id='word_1_330' title='bbox 335 2298 471 2355; x_wconf 89' lang='lat' dir='ltr'>eburneis</span> <span class='ocrx_word' id='word_1_331' title='bbox 492 2306 543 2354; x_wconf 91' lang='lat' dir='ltr'>aut</span> <span class='ocrx_word' id='word_1_332' title='bbox 558 2298 702 2369; x_wconf 79' lang='lat' dir='ltr'>argenteis</span> <span class='ocrx_word' id='word_1_333' title='bbox 717 2299 797 2354; x_wconf 92' lang='lat' dir='ltr'>nuda</span> <span class='ocrx_word' id='word_1_334' title='bbox 816 2307 929 2354; x_wconf 88' lang='lat' dir='ltr'>sancto·</span> <span class='ocrx_word' id='word_1_335' title='bbox 1021 2302 1048 2358; x_wconf 89' lang='lat' dir='ltr'>Si</span> <span class='ocrx_word' id='word_1_336' title='bbox 1070 2302 1111 2359; x_wconf 91' lang='lat' dir='ltr'>sic</span> <span class='ocrx_word' id='word_1_337' title='bbox 1134 2303 1265 2373; x_wconf 91' lang='lat' dir='ltr'>quietum</span> <span class='ocrx_word' id='word_1_338' title='bbox 1286 2303 1346 2358; x_wconf 91' lang='lat' dir='ltr'>suis</span> <span class='ocrx_word' id='word_1_339' title='bbox 1371 2301 1490 2358; x_wconf 90' lang='lat' dir='ltr'>tumulis</span> <span class='ocrx_word' id='word_1_340' title='bbox 1514 2302 1573 2356; x_wconf 91' lang='lat' dir='ltr'>fore</span> <span class='ocrx_word' id='word_1_341' title='bbox 1596 2313 1752 2371; x_wconf 91' lang='lat' dir='ltr'>quemque·</span> <span class='ocrx_word' id='word_1_342' title='bbox 1767 2298 1835 2355; x_wconf 85' lang='lat' dir='ltr'>lice-</span> 
     </span>
     <span class='ocr_line' id='line_1_26' title="bbox 78 2386 1834 2461; baseline 0.001 -19"><span class='ocrx_word' id='word_1_343' title='bbox 78 2399 144 2442; x_wconf 92' lang='lat' dir='ltr'>rum</span> <span class='ocrx_word' id='word_1_344' title='bbox 160 2399 225 2442; x_wconf 88' lang='lat' dir='ltr'>ossa</span> <span class='ocrx_word' id='word_1_345' title='bbox 248 2390 408 2457; x_wconf 81' lang='lat' dir='ltr'>contegere,</span> <span class='ocrx_word' id='word_1_346' title='bbox 426 2394 454 2442; x_wconf 92' lang='lat' dir='ltr'>et</span> <span class='ocrx_word' id='word_1_347' title='bbox 478 2387 514 2442; x_wconf 90' lang='lat' dir='ltr'>ad</span> <span class='ocrx_word' id='word_1_348' title='bbox 535 2395 648 2458; x_wconf 89' lang='lat' dir='ltr'>tempus</span> <span class='ocrx_word' id='word_1_349' title='bbox 671 2388 819 2445; x_wconf 88' lang='lat' dir='ltr'>ethoram</span> <span class='ocrx_word' id='word_1_350' title='bbox 841 2386 931 2456; x_wconf 87' lang='lat' dir='ltr'>pretio</span> <span class='ocrx_word' id='word_1_351' title='bbox 986 2399 1038 2457; x_wconf 93' lang='lat' dir='ltr'>ret,</span> <span class='ocrx_word' id='word_1_352' title='bbox 1061 2405 1147 2461; x_wconf 91' lang='lat' dir='ltr'>super</span> <span class='ocrx_word' id='word_1_353' title='bbox 1175 2405 1339 2461; x_wconf 90' lang='lat' dir='ltr'>corporum,</span> <span class='ocrx_word' id='word_1_354' title='bbox 1359 2391 1551 2460; x_wconf 74' lang='lat' dir='ltr'>pignorumve</span> <span class='ocrx_word' id='word_1_355' title='bbox 1571 2401 1721 2444; x_wconf 89' lang='lat' dir='ltr'>sacrorum</span> <span class='ocrx_word' id='word_1_356' title='bbox 1745 2396 1834 2443; x_wconf 88' lang='lat' dir='ltr'>muta·</span> 
     </span>
     <span class='ocr_line' id='line_1_27' title="bbox 78 2474 1835 2546; baseline -0.008 -1"><span class='ocrx_word' id='word_1_357' title='bbox 78 2489 138 2531; x_wconf 73' lang='lat' dir='ltr'>sese</span> <span class='ocrx_word' id='word_1_358' title='bbox 163 2475 310 2545; x_wconf 70' lang='lat' dir='ltr'>uigerem</span> <span class='ocrx_word' id='word_1_359' title='bbox 332 2482 468 2546; x_wconf 73' lang='lat' dir='ltr'>refecere·</span> <span class='ocrx_word' id='word_1_360' title='bbox 493 2474 616 2544; x_wconf 73' lang='lat' dir='ltr'>Spiritus</span> <span class='ocrx_word' id='word_1_361' title='bbox 638 2475 789 2538; x_wconf 71' lang='lat' dir='ltr'>samuelis,</span> <span class='ocrx_word' id='word_1_362' title='bbox 814 2476 875 2545; x_wconf 80' lang='lat' dir='ltr'>qut,</span> <span class='ocrx_word' id='word_1_363' title='bbox 901 2481 932 2531; x_wconf 84' lang='lat' dir='ltr'>ut</span> <span class='ocrx_word' id='word_1_364' title='bbox 986 2482 1062 2540; x_wconf 82' lang='grc' dir='ltr'>ιιιιι</span> <span class='ocrx_word' id='word_1_365' title='bbox 1078 2480 1139 2537; x_wconf 79' lang='lat' dir='ltr'>stne</span> <span class='ocrx_word' id='word_1_366' title='bbox 1167 2480 1334 2537; x_wconf 82' lang='grc' dir='ltr'>ιιιιιιιιιι</span> <span class='ocrx_word' id='word_1_367' title='bbox 1360 2478 1508 2535; x_wconf 83' lang='grc' dir='ltr'>ιιιιιιιιιι</span> <span class='ocrx_word' id='word_1_368' title='bbox 1534 2486 1592 2534; x_wconf 81' lang='lat' dir='ltr'>tota</span> <span class='ocrx_word' id='word_1_369' title='bbox 1613 2478 1720 2545; x_wconf 75' lang='lat' dir='ltr'>steret,</span> <span class='ocrx_word' id='word_1_370' title='bbox 1736 2490 1790 2533; x_wconf 87' lang='grc' dir='ltr'>ιιι</span> <span class='ocrx_word' id='word_1_371' title='bbox 1817 2476 1835 2531; x_wconf 85' lang='grc' dir='ltr'>ιι</span> 
     </span>
     <span class='ocr_line' id='line_1_28' title="bbox 78 2562 1836 2636; baseline 0.001 -18"><span class='ocrx_word' id='word_1_372' title='bbox 78 2562 196 2633; x_wconf 92' lang='lat' dir='ltr'>spiritus</span> <span class='ocrx_word' id='word_1_373' title='bbox 217 2562 340 2619; x_wconf 88' lang='lat' dir='ltr'>naturali</span> <span class='ocrx_word' id='word_1_374' title='bbox 356 2562 503 2619; x_wconf 90' lang='lat' dir='ltr'>alacritate</span> <span class='ocrx_word' id='word_1_375' title='bbox 516 2563 644 2635; x_wconf 80' lang='lat' dir='ltr'>vigebat,</span> <span class='ocrx_word' id='word_1_376' title='bbox 661 2577 711 2633; x_wconf 89' lang='lat' dir='ltr'>per</span> <span class='ocrx_word' id='word_1_377' title='bbox 735 2564 812 2635; x_wconf 84' lang='lat' dir='ltr'>Pytb·</span> <span class='ocrx_word' id='word_1_378' title='bbox 826 2562 931 2621; x_wconf 79' lang='lat' dir='ltr'>nissam</span> <span class='ocrx_word' id='word_1_379' title='bbox 988 2571 1080 2636; x_wconf 90' lang='lat' dir='ltr'>illurn,</span> <span class='ocrx_word' id='word_1_380' title='bbox 1105 2569 1146 2625; x_wconf 90' lang='lat' dir='ltr'>illl</span> <span class='ocrx_word' id='word_1_381' title='bbox 1166 2570 1298 2625; x_wconf 91' lang='lat' dir='ltr'>eumdem</span> <span class='ocrx_word' id='word_1_382' title='bbox 1329 2568 1434 2623; x_wconf 89' lang='lat' dir='ltr'>babere</span> <span class='ocrx_word' id='word_1_383' title='bbox 1457 2581 1486 2621; x_wconf 87' lang='lat' dir='ltr'>se</span> <span class='ocrx_word' id='word_1_384' title='bbox 1507 2566 1644 2628; x_wconf 87' lang='lat' dir='ltr'>dicerent,</span> <span class='ocrx_word' id='word_1_385' title='bbox 1673 2565 1697 2620; x_wconf 92' lang='lat' dir='ltr'>si</span> <span class='ocrx_word' id='word_1_386' title='bbox 1725 2564 1836 2620; x_wconf 92' lang='lat' dir='ltr'>illibata</span> 
     </span>
     <span class='ocr_line' id='line_1_29' title="bbox 80 2650 1834 2727; baseline -0.007 -8"><span class='ocrx_word' id='word_1_387' title='bbox 80 2650 236 2721; x_wconf 86' lang='lat' dir='ltr'>inquietari</span> <span class='ocrx_word' id='word_1_388' title='bbox 266 2665 296 2707; x_wconf 63' lang='grc' dir='ltr'>ιθ</span> <span class='ocrx_word' id='word_1_389' title='bbox 324 2651 394 2721; x_wconf 92' lang='lat' dir='ltr'>quia</span> <span class='ocrx_word' id='word_1_390' title='bbox 429 2652 614 2713; x_wconf 67' lang='grc' dir='ltr'>θιθιιῐιὸῑιιιι</span> <span class='ocrx_word' id='word_1_391' title='bbox 652 2651 787 2723; x_wconf 90' lang='lat' dir='ltr'>queritur</span> <span class='ocrx_word' id='word_1_392' title='bbox 808 2655 831 2719; x_wconf 81' lang='lat'>(1</span> <span class='ocrx_word' id='word_1_393' title='bbox 861 2652 930 2724; x_wconf 71' lang='lat' dir='ltr'>Rfd·</span> <span class='ocrx_word' id='word_1_394' title='bbox 988 2659 1203 2722; x_wconf 84' lang='lat' dir='ltr'>universorum,</span> <span class='ocrx_word' id='word_1_395' title='bbox 1228 2665 1261 2713; x_wconf 88' lang='lat' dir='ltr'>ut</span> <span class='ocrx_word' id='word_1_396' title='bbox 1281 2656 1393 2727; x_wconf 84' lang='lat' dir='ltr'>justum</span> <span class='ocrx_word' id='word_1_397' title='bbox 1413 2663 1495 2721; x_wconf 85' lang='lat' dir='ltr'>esset,</span> <span class='ocrx_word' id='word_1_398' title='bbox 1520 2663 1708 2709; x_wconf 88' lang='lat' dir='ltr'>monumenta</span> <span class='ocrx_word' id='word_1_399' title='bbox 1737 2666 1834 2708; x_wconf 91' lang='lat' dir='ltr'>mane·</span> 
     </span>
     <span class='ocr_line' id='line_1_30' title="bbox 80 2738 1835 2815; baseline -0.008 -9"><span class='ocrx_word' id='word_1_400' title='bbox 80 2752 180 2802; x_wconf 81' lang='lat' dir='ltr'>xxvtn,</span> <span class='ocrx_word' id='word_1_401' title='bbox 215 2739 267 2806; x_wconf 76' lang='lat' dir='ltr'>lb),</span> <span class='ocrx_word' id='word_1_402' title='bbox 294 2746 322 2794; x_wconf 78' lang='grc' dir='ltr'>θῑ</span> <span class='ocrx_word' id='word_1_403' title='bbox 347 2752 411 2795; x_wconf 71' lang='lat'>0⁸8³</span> <span class='ocrx_word' id='word_1_404' title='bbox 447 2740 606 2796; x_wconf 62' lang='lat' dir='ltr'>maieiiale&#39;i</span> <span class='ocrx_word' id='word_1_405' title='bbox 632 2755 698 2811; x_wconf 78' lang='lat' dir='ltr'>fliiae</span> <span class='ocrx_word' id='word_1_406' title='bbox 727 2741 779 2796; x_wconf 68' lang='lat' dir='ltr'>hac</span> <span class='ocrx_word' id='word_1_407' title='bbox 811 2741 933 2809; x_wconf 68' lang='lat' dir='ltr'>illacque</span> <span class='ocrx_word' id='word_1_408' title='bbox 988 2756 1062 2815; x_wconf 92' lang='lat' dir='ltr'>rent,</span> <span class='ocrx_word' id='word_1_409' title='bbox 1090 2747 1202 2803; x_wconf 87' lang='lat' dir='ltr'>etdum</span> <span class='ocrx_word' id='word_1_410' title='bbox 1224 2744 1441 2801; x_wconf 81' lang='lat' dir='ltr'>omnesinsibt</span> <span class='ocrx_word' id='word_1_411' title='bbox 1465 2742 1605 2798; x_wconf 90' lang='lat' dir='ltr'>attributa</span> <span class='ocrx_word' id='word_1_412' title='bbox 1630 2751 1706 2797; x_wconf 89' lang='lat' dir='ltr'>terra</span> <span class='ocrx_word' id='word_1_413' title='bbox 1727 2738 1835 2796; x_wconf 91' lang='lat' dir='ltr'>immoti</span> 
     </span>
     <span class='ocr_line' id='line_1_31' title="bbox 81 2826 1837 2908; baseline 0.001 -26"><span class='ocrx_word' id='word_1_414' title='bbox 81 2826 251 2896; x_wconf 86' lang='lat' dir='ltr'>dispersioni</span> <span class='ocrx_word' id='word_1_415' title='bbox 278 2834 385 2896; x_wconf 90' lang='lat' dir='ltr'>patent,</span> <span class='ocrx_word' id='word_1_416' title='bbox 414 2827 437 2883; x_wconf 88' lang='lat' dir='ltr'>si</span> <span class='ocrx_word' id='word_1_417' title='bbox 463 2827 570 2897; x_wconf 84' lang='lat' dir='ltr'>possint</span> <span class='ocrx_word' id='word_1_418' title='bbox 594 2828 753 2900; x_wconf 87' lang='lat' dir='ltr'>justissime</span> <span class='ocrx_word' id='word_1_419' title='bbox 776 2842 832 2883; x_wconf 93' lang='lat' dir='ltr'>non</span> <span class='ocrx_word' id='word_1_420' title='bbox 857 2843 932 2898; x_wconf 92' lang='lat' dir='ltr'>que·</span> <span class='ocrx_word' id='word_1_421' title='bbox 952 2837 1177 2908; x_wconf 75' lang='lat' dir='ltr'>cquiescerent,</span> <span class='ocrx_word' id='word_1_422' title='bbox 1214 2834 1338 2893; x_wconf 86' lang='lat' dir='ltr'>framis.</span> <span class='ocrx_word' id='word_1_423' title='bbox 1377 2847 1451 2901; x_wconf 87' lang='lat' dir='ltr'>quas</span> <span class='ocrx_word' id='word_1_424' title='bbox 1493 2829 1720 2901; x_wconf 74' lang='lat' dir='ltr'>prelibavimus,</span> <span class='ocrx_word' id='word_1_425' title='bbox 1751 2841 1837 2898; x_wconf 90' lang='lat' dir='ltr'>super</span> 
     </span>
     <span class='ocr_line' id='line_1_32' title="bbox 81 2914 1837 2986; baseline -0.001 -14"><span class='ocrx_word' id='word_1_426' title='bbox 81 2914 205 2972; x_wconf 79' lang='lat' dir='ltr'>rantur?</span> <span class='ocrx_word' id='word_1_427' title='bbox 227 2915 314 2972; x_wconf 87' lang='lat' dir='ltr'>laceb</span> <span class='ocrx_word' id='word_1_428' title='bbox 335 2923 362 2972; x_wconf 91' lang='lat' dir='ltr'>et</span> <span class='ocrx_word' id='word_1_429' title='bbox 392 2916 495 2985; x_wconf 88' lang='lat' dir='ltr'>losepb</span> <span class='ocrx_word' id='word_1_430' title='bbox 531 2924 677 2986; x_wconf 74' lang='lat' dir='ltr'>tantopere</span> <span class='ocrx_word' id='word_1_431' title='bbox 705 2917 739 2972; x_wconf 90' lang='lat' dir='ltr'>de</span> <span class='ocrx_word' id='word_1_432' title='bbox 775 2915 932 2986; x_wconf 82' lang='lat' dir='ltr'>sepulturis</span> <span class='ocrx_word' id='word_1_433' title='bbox 984 2939 1085 2981; x_wconf 68' lang='lat' dir='ltr'>erorum</span> <span class='ocrx_word' id='word_1_434' title='bbox 1106 2921 1248 2979; x_wconf 88' lang='lat' dir='ltr'>multifida</span> <span class='ocrx_word' id='word_1_435' title='bbox 1273 2920 1474 2977; x_wconf 82' lang='lat' dir='ltr'>distributione</span> <span class='ocrx_word' id='word_1_436' title='bbox 1498 2933 1555 2974; x_wconf 93' lang='lat' dir='ltr'>non</span> <span class='ocrx_word' id='word_1_437' title='bbox 1577 2917 1686 2981; x_wconf 85' lang='lat' dir='ltr'>fierent,</span> <span class='ocrx_word' id='word_1_438' title='bbox 1714 2929 1768 2971; x_wconf 89' lang='lat' dir='ltr'>nec</span> <span class='ocrx_word' id='word_1_439' title='bbox 1793 2916 1837 2970; x_wconf 91' lang='lat' dir='ltr'>in·</span> 
     </span>
     <span class='ocr_line' id='line_1_33' title="bbox 82 3005 1466 3080; baseline -0.001 -19"><span class='ocrx_word' id='word_1_440' title='bbox 82 3005 224 3062; x_wconf 89' lang='lat' dir='ltr'>mandant</span> <span class='ocrx_word' id='word_1_441' title='bbox 249 3005 359 3073; x_wconf 80' lang='lat' dir='ltr'>tGenes.</span> <span class='ocrx_word' id='word_1_442' title='bbox 382 3018 470 3071; x_wconf 84' lang='lat' dir='ltr'>xuvtt,</span> <span class='ocrx_word' id='word_1_443' title='bbox 494 3007 544 3075; x_wconf 87' lang='grc'>30;</span> <span class='ocrx_word' id='word_1_444' title='bbox 570 3020 597 3071; x_wconf 86' lang='grc' dir='ltr'>ι,</span> <span class='ocrx_word' id='word_1_445' title='bbox 624 3005 680 3074; x_wconf 79' lang='lat' dir='ltr'>at).</span> <span class='ocrx_word' id='word_1_446' title='bbox 703 3013 731 3060; x_wconf 92' lang='lat' dir='ltr'>et</span> <span class='ocrx_word' id='word_1_447' title='bbox 753 3020 853 3061; x_wconf 88' lang='lat' dir='ltr'>ottlttes</span> <span class='ocrx_word' id='word_1_448' title='bbox 867 3019 932 3061; x_wconf 90' lang='lat' dir='ltr'>san·</span> <span class='ocrx_word' id='word_1_449' title='bbox 986 3013 1065 3080; x_wconf 67' lang='lat' dir='ltr'>digni</span> <span class='ocrx_word' id='word_1_450' title='bbox 1083 3011 1238 3079; x_wconf 74' lang='lat' dir='ltr'>dignorum</span> <span class='ocrx_word' id='word_1_451' title='bbox 1254 3008 1314 3065; x_wconf 88' lang='lat' dir='ltr'>loca</span> <span class='ocrx_word' id='word_1_452' title='bbox 1330 3014 1466 3065; x_wconf 87' lang='lat' dir='ltr'>tenerent.</span> 
     </span>
    </p>
   </div>
   <div class='ocr_carea' id='block_1_3' title="bbox 81 3087 1837 3172">
    <p class='ocr_par' dir='ltr' id='par_1_3' title="bbox 81 3087 1837 3172">
     <span class='ocr_line' id='line_1_34' title="bbox 81 3087 1837 3172; baseline -0.002 -22"><span class='ocrx_word' id='word_1_453' title='bbox 81 3093 120 3150; x_wconf 93' lang='lat' dir='ltr'>cti</span> <span class='ocrx_word' id='word_1_454' title='bbox 135 3093 267 3165; x_wconf 89' lang='lat' dir='ltr'>sepulcra</span> <span class='ocrx_word' id='word_1_455' title='bbox 282 3092 335 3148; x_wconf 91' lang='lat' dir='ltr'>sibi</span> <span class='ocrx_word' id='word_1_456' title='bbox 359 3100 533 3162; x_wconf 79' lang='lat' dir='ltr'>preparant,</span> <span class='ocrx_word' id='word_1_457' title='bbox 554 3094 588 3150; x_wconf 90' lang='lat' dir='ltr'>de</span> <span class='ocrx_word' id='word_1_458' title='bbox 602 3094 781 3163; x_wconf 86' lang='lat' dir='ltr'>reportandis</span> <span class='ocrx_word' id='word_1_459' title='bbox 804 3094 839 3150; x_wconf 91' lang='lat' dir='ltr'>ad</span> <span class='ocrx_word' id='word_1_460' title='bbox 856 3093 933 3164; x_wconf 79' lang='lat' dir='ltr'>geni·</span> <span class='ocrx_word' id='word_1_461' title='bbox 1022 3099 1036 3172; x_wconf 68' lang='lat' dir='ltr'>g</span> <span class='ocrx_word' id='word_1_462' title='bbox 1053 3101 1088 3156; x_wconf 76' lang='lat' dir='ltr'>tt:</span> <span class='ocrx_word' id='word_1_463' title='bbox 1105 3100 1173 3154; x_wconf 84' lang='grc' dir='ltr'>Νιιι</span> <span class='ocrx_word' id='word_1_464' title='bbox 1193 3099 1316 3171; x_wconf 77' lang='lat' dir='ltr'>peccunt</span> <span class='ocrx_word' id='word_1_465' title='bbox 1333 3094 1383 3168; x_wconf 83' lang='lat' dir='ltr'>qui</span> <span class='ocrx_word' id='word_1_466' title='bbox 1404 3093 1546 3166; x_wconf 79' lang='lat' dir='ltr'>reliquiae</span> <span class='ocrx_word' id='word_1_467' title='bbox 1564 3092 1717 3161; x_wconf 70' lang='lat' dir='ltr'>cuiusdam</span> <span class='ocrx_word' id='word_1_468' title='bbox 1741 3087 1837 3145; x_wconf 79' lang='lat' dir='ltr'>eoacti</span> 
     </span>
    </p>
   </div>
   <div class='ocr_carea' id='block_1_4' title="bbox 80 3181 936 4135">
    <p class='ocr_par' dir='ltr' id='par_1_4' title="bbox 80 3181 934 3607">
     <span class='ocr_line' id='line_1_35' title="bbox 80 3181 930 3254; baseline -0.005 -15"><span class='ocrx_word' id='word_1_469' title='bbox 80 3182 138 3239; x_wconf 89' lang='lat' dir='ltr'>tale</span> <span class='ocrx_word' id='word_1_470' title='bbox 162 3181 255 3238; x_wconf 89' lang='lat' dir='ltr'>solum</span> <span class='ocrx_word' id='word_1_471' title='bbox 279 3181 392 3238; x_wconf 89' lang='lat' dir='ltr'>ossibus</span> <span class='ocrx_word' id='word_1_472' title='bbox 413 3195 529 3250; x_wconf 89' lang='lat' dir='ltr'>operam</span> <span class='ocrx_word' id='word_1_473' title='bbox 551 3189 666 3254; x_wconf 79' lang='lat' dir='ltr'>gerunt,</span> <span class='ocrx_word' id='word_1_474' title='bbox 699 3183 726 3237; x_wconf 92' lang='lat' dir='ltr'>in</span> <span class='ocrx_word' id='word_1_475' title='bbox 755 3183 840 3238; x_wconf 90' lang='lat' dir='ltr'>domo</span> <span class='ocrx_word' id='word_1_476' title='bbox 866 3195 930 3247; x_wconf 89' lang='lat' dir='ltr'>sua,</span> 
     </span>
     <span class='ocr_line' id='line_1_36' title="bbox 83 3268 933 3340; baseline 0 -16"><span class='ocrx_word' id='word_1_477' title='bbox 83 3269 112 3325; x_wconf 89' lang='lat' dir='ltr'>id</span> <span class='ocrx_word' id='word_1_478' title='bbox 141 3269 232 3326; x_wconf 89' lang='lat' dir='ltr'>estin</span> <span class='ocrx_word' id='word_1_479' title='bbox 257 3268 413 3340; x_wconf 89' lang='lat' dir='ltr'>parentela,</span> <span class='ocrx_word' id='word_1_480' title='bbox 439 3269 513 3326; x_wconf 92' lang='lat' dir='ltr'>inter</span> <span class='ocrx_word' id='word_1_481' title='bbox 538 3270 645 3327; x_wconf 89' lang='lat' dir='ltr'>scilicet</span> <span class='ocrx_word' id='word_1_482' title='bbox 669 3270 843 3327; x_wconf 87' lang='lat' dir='ltr'>contribules</span> <span class='ocrx_word' id='word_1_483' title='bbox 866 3283 933 3326; x_wconf 89' lang='lat' dir='ltr'>suos</span> 
     </span>
     <span class='ocr_line' id='line_1_37' title="bbox 83 3357 932 3429; baseline -0.004 -14"><span class='ocrx_word' id='word_1_484' title='bbox 83 3371 142 3415; x_wconf 92' lang='lat' dir='ltr'>non</span> <span class='ocrx_word' id='word_1_485' title='bbox 165 3357 288 3428; x_wconf 90' lang='lat' dir='ltr'>sepeliri,</span> <span class='ocrx_word' id='word_1_486' title='bbox 316 3358 398 3429; x_wconf 90' lang='lat' dir='ltr'>quasi</span> <span class='ocrx_word' id='word_1_487' title='bbox 425 3372 496 3428; x_wconf 91' lang='lat' dir='ltr'>pene</span> <span class='ocrx_word' id='word_1_488' title='bbox 524 3359 656 3414; x_wconf 89' lang='lat' dir='ltr'>damnari</span> <span class='ocrx_word' id='word_1_489' title='bbox 685 3366 834 3415; x_wconf 89' lang='lat' dir='ltr'>metuunt:</span> <span class='ocrx_word' id='word_1_490' title='bbox 862 3357 932 3429; x_wconf 91' lang='lat' dir='ltr'>quid</span> 
     </span>
     <span class='ocr_line' id='line_1_38' title="bbox 84 3445 934 3517; baseline 0 -16"><span class='ocrx_word' id='word_1_491' title='bbox 84 3446 165 3502; x_wconf 90' lang='lat' dir='ltr'>aliud</span> <span class='ocrx_word' id='word_1_492' title='bbox 191 3446 307 3502; x_wconf 90' lang='lat' dir='ltr'>videtur</span> <span class='ocrx_word' id='word_1_493' title='bbox 330 3445 385 3503; x_wconf 92' lang='lat' dir='ltr'>nisi</span> <span class='ocrx_word' id='word_1_494' title='bbox 410 3446 487 3517; x_wconf 91' lang='lat' dir='ltr'>quod</span> <span class='ocrx_word' id='word_1_495' title='bbox 511 3461 631 3517; x_wconf 90' lang='lat' dir='ltr'>corpora</span> <span class='ocrx_word' id='word_1_496' title='bbox 652 3447 689 3503; x_wconf 92' lang='lat' dir='ltr'>ad</span> <span class='ocrx_word' id='word_1_497' title='bbox 716 3445 934 3503; x_wconf 88' lang='lat' dir='ltr'>resurrectionis</span> 
     </span>
     <span class='ocr_line' id='line_1_39' title="bbox 85 3533 863 3607; baseline 0 -16"><span class='ocrx_word' id='word_1_498' title='bbox 85 3533 204 3607; x_wconf 77' lang='lat' dir='ltr'>gloriam</span> <span class='ocrx_word' id='word_1_499' title='bbox 221 3535 402 3590; x_wconf 90' lang='lat' dir='ltr'>immutanda</span> <span class='ocrx_word' id='word_1_500' title='bbox 415 3535 586 3592; x_wconf 90' lang='lat' dir='ltr'>omnimodis</span> <span class='ocrx_word' id='word_1_501' title='bbox 601 3536 696 3607; x_wconf 82' lang='lat' dir='ltr'>magni</span> <span class='ocrx_word' id='word_1_502' title='bbox 713 3534 863 3606; x_wconf 80' lang='lat' dir='ltr'>pendunt?</span> 
     </span>
    </p>

    <p class='ocr_par' dir='ltr' id='par_1_5' title="bbox 84 3623 936 4135">
     <span class='ocr_line' id='line_1_40' title="bbox 121 3623 934 3696; baseline -0.002 -17"><span class='ocrx_word' id='word_1_503' title='bbox 121 3623 149 3680; x_wconf 89' lang='lat' dir='ltr'>st</span> <span class='ocrx_word' id='word_1_504' title='bbox 173 3638 266 3691; x_wconf 88' lang='lat' dir='ltr'>nemo,</span> <span class='ocrx_word' id='word_1_505' title='bbox 292 3623 319 3679; x_wconf 92' lang='lat' dir='ltr'>id</span> <span class='ocrx_word' id='word_1_506' title='bbox 339 3631 382 3679; x_wconf 89' lang='lat' dir='ltr'>est</span> <span class='ocrx_word' id='word_1_507' title='bbox 401 3624 513 3680; x_wconf 91' lang='lat' dir='ltr'>ratione</span> <span class='ocrx_word' id='word_1_508' title='bbox 538 3639 569 3681; x_wconf 92' lang='lat' dir='ltr'>se</span> <span class='ocrx_word' id='word_1_509' title='bbox 588 3639 686 3696; x_wconf 83' lang='lat' dir='ltr'>agens,</span> <span class='ocrx_word' id='word_1_510' title='bbox 710 3637 826 3680; x_wconf 88' lang='lat' dir='ltr'>carnem</span> <span class='ocrx_word' id='word_1_511' title='bbox 851 3637 934 3680; x_wconf 89' lang='lat' dir='ltr'>suam</span> 
     </span>
     <span class='ocr_line' id='line_1_41' title="bbox 84 3711 935 3784; baseline -0.004 -15"><span class='ocrx_word' id='word_1_512' title='bbox 84 3712 148 3769; x_wconf 92' lang='lat' dir='ltr'>odio</span> <span class='ocrx_word' id='word_1_513' title='bbox 177 3711 280 3770; x_wconf 91' lang='lat' dir='ltr'>babuit</span> <span class='ocrx_word' id='word_1_514' title='bbox 304 3711 396 3783; x_wconf 75' lang='lat' dir='ltr'>(Epic.</span> <span class='ocrx_word' id='word_1_515' title='bbox 434 3727 462 3777; x_wconf 91' lang='lat' dir='ltr'>v,</span> <span class='ocrx_word' id='word_1_516' title='bbox 492 3715 548 3784; x_wconf 83' lang='grc' dir='ltr'>ιιι),</span> <span class='ocrx_word' id='word_1_517' title='bbox 579 3712 651 3783; x_wconf 88' lang='grc' dir='ltr'>ιιιι</span> <span class='ocrx_word' id='word_1_518' title='bbox 683 3726 755 3768; x_wconf 78' lang='lat' dir='ltr'>esrae</span> <span class='ocrx_word' id='word_1_519' title='bbox 791 3725 825 3768; x_wconf 91' lang='lat' dir='ltr'>ac</span> <span class='ocrx_word' id='word_1_520' title='bbox 851 3719 935 3782; x_wconf 87' lang='lat' dir='ltr'>potus</span> 
     </span>
     <span class='ocr_line' id='line_1_42' title="bbox 85 3800 935 3873; baseline -0.004 -15"><span class='ocrx_word' id='word_1_521' title='bbox 85 3802 204 3858; x_wconf 89' lang='lat' dir='ltr'>obsonia</span> <span class='ocrx_word' id='word_1_522' title='bbox 219 3800 395 3872; x_wconf 81' lang='lat' dir='ltr'>quotidiana</span> <span class='ocrx_word' id='word_1_523' title='bbox 410 3801 575 3873; x_wconf 73' lang='lat' dir='ltr'>indigentiae</span> <span class='ocrx_word' id='word_1_524' title='bbox 593 3802 809 3867; x_wconf 90' lang='lat' dir='ltr'>comministret,</span> <span class='ocrx_word' id='word_1_525' title='bbox 826 3806 935 3870; x_wconf 91' lang='lat' dir='ltr'>quanto</span> 
     </span>
     <span class='ocr_line' id='line_1_43' title="bbox 86 3887 935 3960; baseline -0.005 -15"><span class='ocrx_word' id='word_1_526' title='bbox 86 3890 179 3960; x_wconf 84' lang='lat' dir='ltr'>magis</span> <span class='ocrx_word' id='word_1_527' title='bbox 200 3888 282 3956; x_wconf 91' lang='lat' dir='ltr'>illud,</span> <span class='ocrx_word' id='word_1_528' title='bbox 305 3888 410 3960; x_wconf 92' lang='lat' dir='ltr'>inquo</span> <span class='ocrx_word' id='word_1_529' title='bbox 433 3888 593 3945; x_wconf 80' lang='lat' dir='ltr'>necessitati</span> <span class='ocrx_word' id='word_1_530' title='bbox 616 3888 735 3945; x_wconf 82' lang='lat' dir='ltr'>luxuria</span> <span class='ocrx_word' id='word_1_531' title='bbox 757 3887 838 3944; x_wconf 91' lang='lat' dir='ltr'>nulla</span> <span class='ocrx_word' id='word_1_532' title='bbox 853 3901 935 3942; x_wconf 92' lang='lat' dir='ltr'>com-</span> 
     </span>
     <span class='ocr_line' id='line_1_44' title="bbox 85 3975 936 4047; baseline -0.004 -14"><span class='ocrx_word' id='word_1_533' title='bbox 85 3977 223 4047; x_wconf 89' lang='lat' dir='ltr'>municet,</span> <span class='ocrx_word' id='word_1_534' title='bbox 254 3984 286 4033; x_wconf 94' lang='lat' dir='ltr'>ut</span> <span class='ocrx_word' id='word_1_535' title='bbox 313 3978 341 4032; x_wconf 92' lang='lat' dir='ltr'>in</span> <span class='ocrx_word' id='word_1_536' title='bbox 370 3977 476 4033; x_wconf 89' lang='lat' dir='ltr'>baustu</span> <span class='ocrx_word' id='word_1_537' title='bbox 498 3975 667 4032; x_wconf 89' lang='lat' dir='ltr'>victualium</span> <span class='ocrx_word' id='word_1_538' title='bbox 690 3976 842 4046; x_wconf 84' lang='lat' dir='ltr'>aliquoties</span> <span class='ocrx_word' id='word_1_539' title='bbox 865 3990 936 4031; x_wconf 90' lang='lat' dir='ltr'>con-</span> 
     </span>
     <span class='ocr_line' id='line_1_45' title="bbox 86 4063 936 4135; baseline -0.004 -14"><span class='ocrx_word' id='word_1_540' title='bbox 86 4065 197 4135; x_wconf 80' lang='lat' dir='ltr'>tingere</span> <span class='ocrx_word' id='word_1_541' title='bbox 216 4064 294 4132; x_wconf 87' lang='lat' dir='ltr'>solet,</span> <span class='ocrx_word' id='word_1_542' title='bbox 317 4064 588 4135; x_wconf 80' lang='lat' dir='ltr'>pracordialtusque</span> <span class='ocrx_word' id='word_1_543' title='bbox 612 4063 747 4135; x_wconf 92' lang='lat' dir='ltr'>quamvis</span> <span class='ocrx_word' id='word_1_544' title='bbox 766 4073 936 4133; x_wconf 89' lang='lat' dir='ltr'>sumptuoso</span> 
     </span>
    </p>
   </div>
   <div class='ocr_carea' id='block_1_5' title="bbox 985 3178 1841 4137">
    <p class='ocr_par' dir='ltr' id='par_1_6' title="bbox 985 3178 1841 4137">
     <span class='ocr_line' id='line_1_46' title="bbox 985 3178 1840 3260; baseline -0.012 -16"><span class='ocrx_word' id='word_1_545' title='bbox 985 3204 1040 3260; x_wconf 83' lang='lat' dir='ltr'>pro</span> <span class='ocrx_word' id='word_1_546' title='bbox 1055 3188 1118 3244; x_wconf 82' lang='lat' dir='ltr'>olio</span> <span class='ocrx_word' id='word_1_547' title='bbox 1130 3189 1302 3243; x_wconf 79' lang='lat' dir='ltr'>verterentur</span> <span class='ocrx_word' id='word_1_548' title='bbox 1334 3215 1369 3226; x_wconf 91' lang='lat'>-</span> <span class='ocrx_word' id='word_1_549' title='bbox 1383 3184 1528 3251; x_wconf 87' lang='lat' dir='ltr'>Quaeritur</span> <span class='ocrx_word' id='word_1_550' title='bbox 1543 3196 1660 3253; x_wconf 88' lang='lat' dir='ltr'>quoqne</span> <span class='ocrx_word' id='word_1_551' title='bbox 1682 3182 1718 3236; x_wconf 88' lang='lat' dir='ltr'>ab</span> <span class='ocrx_word' id='word_1_552' title='bbox 1736 3178 1764 3236; x_wconf 86' lang='lat' dir='ltr'>al</span> <span class='ocrx_word' id='word_1_553' title='bbox 1778 3179 1840 3251; x_wconf 92' lang='lat' dir='ltr'>qui·</span> 
     </span>
     <span class='ocr_line' id='line_1_47' title="bbox 986 3266 1840 3343; baseline -0.012 -10"><span class='ocrx_word' id='word_1_554' title='bbox 986 3277 1041 3333; x_wconf 91' lang='lat' dir='ltr'>bus</span> <span class='ocrx_word' id='word_1_555' title='bbox 1060 3284 1159 3332; x_wconf 89' lang='lat' dir='ltr'>utrum</span> <span class='ocrx_word' id='word_1_556' title='bbox 1184 3289 1285 3332; x_wconf 91' lang='lat' dir='ltr'>eorum</span> <span class='ocrx_word' id='word_1_557' title='bbox 1304 3272 1433 3343; x_wconf 76' lang='lat' dir='ltr'>reliquia</span> <span class='ocrx_word' id='word_1_558' title='bbox 1457 3286 1523 3327; x_wconf 84' lang='lat' dir='ltr'>cunt</span> <span class='ocrx_word' id='word_1_559' title='bbox 1546 3269 1642 3326; x_wconf 83' lang='lat' dir='ltr'>alterae</span> <span class='ocrx_word' id='word_1_560' title='bbox 1668 3282 1719 3338; x_wconf 91' lang='lat' dir='ltr'>pro</span> <span class='ocrx_word' id='word_1_561' title='bbox 1742 3266 1840 3324; x_wconf 86' lang='lat' dir='ltr'>aberis</span> 
     </span>
     <span class='ocr_line' id='line_1_48' title="bbox 987 3358 1838 3430; baseline -0.016 -4"><span class='ocrx_word' id='word_1_562' title='bbox 987 3370 1178 3430; x_wconf 87' lang='lat' dir='ltr'>honorantur,</span> <span class='ocrx_word' id='word_1_563' title='bbox 1198 3371 1226 3418; x_wconf 94' lang='lat' dir='ltr'>et</span> <span class='ocrx_word' id='word_1_564' title='bbox 1249 3377 1307 3418; x_wconf 91' lang='lat' dir='ltr'>non</span> <span class='ocrx_word' id='word_1_565' title='bbox 1323 3361 1380 3417; x_wconf 91' lang='lat' dir='ltr'>sint</span> <span class='ocrx_word' id='word_1_566' title='bbox 1399 3359 1472 3430; x_wconf 89' lang='lat' dir='ltr'>ejus,</span> <span class='ocrx_word' id='word_1_567' title='bbox 1488 3358 1574 3429; x_wconf 88' lang='lat' dir='ltr'>cujtts</span> <span class='ocrx_word' id='word_1_568' title='bbox 1598 3371 1658 3414; x_wconf 91' lang='lat' dir='ltr'>esse</span> <span class='ocrx_word' id='word_1_569' title='bbox 1686 3364 1838 3427; x_wconf 91' lang='lat' dir='ltr'>putantur,</span> 
     </span>
     <span class='ocr_line' id='line_1_49' title="bbox 987 3446 1838 3527; baseline -0.016 -13"><span class='ocrx_word' id='word_1_570' title='bbox 987 3455 1096 3527; x_wconf 87' lang='lat' dir='ltr'>aliquid</span> <span class='ocrx_word' id='word_1_571' title='bbox 1124 3452 1317 3522; x_wconf 81' lang='lat' dir='ltr'>perniciosum</span> <span class='ocrx_word' id='word_1_572' title='bbox 1344 3449 1504 3505; x_wconf 81' lang='lat' dir='ltr'>colentibus</span> <span class='ocrx_word' id='word_1_573' title='bbox 1531 3448 1686 3517; x_wconf 86' lang='lat' dir='ltr'>importare</span> <span class='ocrx_word' id='word_1_574' title='bbox 1713 3446 1838 3502; x_wconf 81' lang='lat' dir='ltr'>credan-</span> 
     </span>
     <span class='ocr_line' id='line_1_50' title="bbox 988 3533 1840 3609; baseline -0.016 -8"><span class='ocrx_word' id='word_1_575' title='bbox 988 3552 1046 3601; x_wconf 90' lang='lat' dir='ltr'>tur.</span> <span class='ocrx_word' id='word_1_576' title='bbox 1076 3541 1156 3609; x_wconf 84' lang='lat' dir='ltr'>Quod</span> <span class='ocrx_word' id='word_1_577' title='bbox 1182 3553 1235 3609; x_wconf 73' lang='lat' dir='ltr'>eqo</span> <span class='ocrx_word' id='word_1_578' title='bbox 1256 3552 1313 3594; x_wconf 91' lang='lat' dir='ltr'>non</span> <span class='ocrx_word' id='word_1_579' title='bbox 1342 3536 1452 3592; x_wconf 85' lang='lat' dir='ltr'>aestimo</span> <span class='ocrx_word' id='word_1_580' title='bbox 1483 3549 1577 3591; x_wconf 91' lang='lat' dir='ltr'>:eum</span> <span class='ocrx_word' id='word_1_581' title='bbox 1600 3537 1678 3590; x_wconf 88' lang='lat' dir='ltr'>enim</span> <span class='ocrx_word' id='word_1_582' title='bbox 1699 3533 1840 3589; x_wconf 79' lang='lat' dir='ltr'>[tentione</span> 
     </span>
     <span class='ocr_line' id='line_1_51' title="bbox 988 3621 1840 3694; baseline -0.016 -7"><span class='ocrx_word' id='word_1_583' title='bbox 988 3632 1023 3688; x_wconf 89' lang='lat' dir='ltr'>de</span> <span class='ocrx_word' id='word_1_584' title='bbox 1037 3632 1078 3686; x_wconf 88' lang='lat' dir='ltr'>eis</span> <span class='ocrx_word' id='word_1_585' title='bbox 1092 3628 1178 3693; x_wconf 87' lang='lat' dir='ltr'>dicat,</span> <span class='ocrx_word' id='word_1_586' title='bbox 1194 3629 1225 3680; x_wconf 86' lang='lat' dir='ltr'>ul</span> <span class='ocrx_word' id='word_1_587' title='bbox 1238 3627 1310 3690; x_wconf 78' lang='grc' dir='ltr'>ιιιι,</span> <span class='ocrx_word' id='word_1_588' title='bbox 1327 3624 1433 3694; x_wconf 90' lang='lat' dir='ltr'>lnquit,</span> <span class='ocrx_word' id='word_1_589' title='bbox 1449 3639 1540 3679; x_wconf 83' lang='grc' dir='ltr'>ιιιιιιι</span> <span class='ocrx_word' id='word_1_590' title='bbox 1554 3621 1628 3676; x_wconf 79' lang='lat' dir='ltr'>sicut</span> <span class='ocrx_word' id='word_1_591' title='bbox 1642 3625 1670 3676; x_wconf 84' lang='lat' dir='ltr'>ef</span> <span class='ocrx_word' id='word_1_592' title='bbox 1684 3637 1737 3676; x_wconf 80' lang='lat' dir='ltr'>nor</span> <span class='ocrx_word' id='word_1_593' title='bbox 1751 3635 1840 3674; x_wconf 82' lang='lat' dir='ltr'>unum</span> 
     </span>
     <span class='ocr_line' id='line_1_52' title="bbox 987 3710 1840 3783; baseline -0.012 -9"><span class='ocrx_word' id='word_1_594' title='bbox 987 3733 1089 3774; x_wconf 80' lang='lat' dir='ltr'>sumus</span> <span class='ocrx_word' id='word_1_595' title='bbox 1117 3714 1209 3782; x_wconf 74' lang='lat' dir='ltr'>(loon.</span> <span class='ocrx_word' id='word_1_596' title='bbox 1238 3729 1308 3782; x_wconf 84' lang='lat' dir='ltr'>xvu,</span> <span class='ocrx_word' id='word_1_597' title='bbox 1338 3713 1392 3783; x_wconf 88' lang='grc' dir='ltr'>ιι),</span> <span class='ocrx_word' id='word_1_598' title='bbox 1418 3728 1484 3770; x_wconf 89' lang='lat' dir='ltr'>cum</span> <span class='ocrx_word' id='word_1_599' title='bbox 1511 3714 1636 3783; x_wconf 90' lang='lat' dir='ltr'>ipsorum</span> <span class='ocrx_word' id='word_1_600' title='bbox 1664 3710 1840 3766; x_wconf 88' lang='lat' dir='ltr'>universitas</span> 
     </span>
     <span class='ocr_line' id='line_1_53' title="bbox 989 3796 1839 3873; baseline -0.012 -13"><span class='ocrx_word' id='word_1_601' title='bbox 989 3805 1044 3862; x_wconf 92' lang='lat' dir='ltr'>sub</span> <span class='ocrx_word' id='word_1_602' title='bbox 1066 3803 1177 3860; x_wconf 81' lang='lat' dir='ltr'>cbristo</span> <span class='ocrx_word' id='word_1_603' title='bbox 1199 3802 1291 3873; x_wconf 88' lang='lat' dir='ltr'>capite</span> <span class='ocrx_word' id='word_1_604' title='bbox 1314 3801 1351 3858; x_wconf 89' lang='lat' dir='ltr'>sit</span> <span class='ocrx_word' id='word_1_605' title='bbox 1372 3801 1456 3872; x_wconf 89' lang='lat' dir='ltr'>quasi</span> <span class='ocrx_word' id='word_1_606' title='bbox 1474 3799 1607 3868; x_wconf 75' lang='lat' dir='ltr'>quedam</span> <span class='ocrx_word' id='word_1_607' title='bbox 1624 3796 1762 3853; x_wconf 84' lang='lat' dir='ltr'>identitas</span> <span class='ocrx_word' id='word_1_608' title='bbox 1775 3809 1839 3852; x_wconf 93' lang='lat' dir='ltr'>cor·</span> 
     </span>
     <span class='ocr_line' id='line_1_54' title="bbox 990 3883 1839 3963; baseline -0.012 -14"><span class='ocrx_word' id='word_1_609' title='bbox 990 3892 1075 3963; x_wconf 87' lang='lat' dir='ltr'>poris,</span> <span class='ocrx_word' id='word_1_610' title='bbox 1092 3899 1120 3948; x_wconf 95' lang='lat' dir='ltr'>et</span> <span class='ocrx_word' id='word_1_611' title='bbox 1144 3905 1221 3946; x_wconf 92' lang='lat' dir='ltr'>unus</span> <span class='ocrx_word' id='word_1_612' title='bbox 1235 3904 1302 3946; x_wconf 92' lang='lat' dir='ltr'>cum</span> <span class='ocrx_word' id='word_1_613' title='bbox 1324 3889 1379 3944; x_wconf 78' lang='lat' dir='ltr'>lieo</span> <span class='ocrx_word' id='word_1_614' title='bbox 1396 3888 1432 3943; x_wconf 92' lang='lat' dir='ltr'>sit</span> <span class='ocrx_word' id='word_1_615' title='bbox 1450 3887 1569 3957; x_wconf 89' lang='lat' dir='ltr'>spiritus</span> <span class='ocrx_word' id='word_1_616' title='bbox 1583 3886 1633 3956; x_wconf 93' lang='lat' dir='ltr'>ipsi</span> <span class='ocrx_word' id='word_1_617' title='bbox 1654 3883 1839 3951; x_wconf 82' lang='lat' dir='ltr'>adbaerentls,</span> 
     </span>
     <span class='ocr_line' id='line_1_55' title="bbox 991 3969 1840 4048; baseline -0.012 -13"><span class='ocrx_word' id='word_1_618' title='bbox 991 3982 1065 4038; x_wconf 91' lang='lat' dir='ltr'>inter</span> <span class='ocrx_word' id='word_1_619' title='bbox 1079 3993 1179 4036; x_wconf 90' lang='lat' dir='ltr'>eorum</span> <span class='ocrx_word' id='word_1_620' title='bbox 1199 3992 1262 4034; x_wconf 88' lang='lat' dir='ltr'>ossa</span> <span class='ocrx_word' id='word_1_621' title='bbox 1286 3978 1337 4048; x_wconf 91' lang='grc' dir='ltr'>ιιι</span> <span class='ocrx_word' id='word_1_622' title='bbox 1358 3976 1451 4033; x_wconf 89' lang='lat' dir='ltr'>sancti</span> <span class='ocrx_word' id='word_1_623' title='bbox 1472 3983 1550 4040; x_wconf 91' lang='lat' dir='ltr'>sunt,</span> <span class='ocrx_word' id='word_1_624' title='bbox 1571 3988 1629 4029; x_wconf 93' lang='lat' dir='ltr'>non</span> <span class='ocrx_word' id='word_1_625' title='bbox 1650 3980 1694 4028; x_wconf 91' lang='lat' dir='ltr'>est</span> <span class='ocrx_word' id='word_1_626' title='bbox 1717 3985 1798 4027; x_wconf 92' lang='lat' dir='ltr'>error</span> <span class='ocrx_word' id='word_1_627' title='bbox 1817 3969 1840 4026; x_wconf 86' lang='lat' dir='ltr'>si</span> 
     </span>
     <span class='ocr_line' id='line_1_56' title="bbox 991 4056 1841 4137; baseline -0.012 -14"><span class='ocrx_word' id='word_1_628' title='bbox 991 4067 1048 4123; x_wconf 90' lang='lat' dir='ltr'>alia</span> <span class='ocrx_word' id='word_1_629' title='bbox 1070 4081 1120 4137; x_wconf 91' lang='lat' dir='ltr'>pro</span> <span class='ocrx_word' id='word_1_630' title='bbox 1146 4066 1209 4121; x_wconf 88' lang='lat' dir='ltr'>aliis</span> <span class='ocrx_word' id='word_1_631' title='bbox 1229 4063 1409 4131; x_wconf 78' lang='lat' dir='ltr'>excidantur,</span> <span class='ocrx_word' id='word_1_632' title='bbox 1434 4063 1486 4133; x_wconf 92' lang='lat' dir='ltr'>qui</span> <span class='ocrx_word' id='word_1_633' title='bbox 1509 4060 1717 4117; x_wconf 89' lang='lat' dir='ltr'>commembres</span> <span class='ocrx_word' id='word_1_634' title='bbox 1742 4059 1771 4114; x_wconf 93' lang='lat' dir='ltr'>in</span> <span class='ocrx_word' id='word_1_635' title='bbox 1794 4056 1841 4114; x_wconf 88' lang='lat' dir='ltr'>sui</span> 
     </span>
    </p>
   </div>
   <div class='ocr_carea' id='block_1_6' title="bbox 88 4144 1840 4224">
    <p class='ocr_par' dir='ltr' id='par_1_7' title="bbox 88 4144 1840 4224">
     <span class='ocr_line' id='line_1_57' title="bbox 88 4144 1840 4224; baseline -0.003 -16"><span class='ocrx_word' id='word_1_636' title='bbox 88 4152 179 4208; x_wconf 88' lang='lat' dir='ltr'>tristis</span> <span class='ocrx_word' id='word_1_637' title='bbox 193 4151 293 4223; x_wconf 76' lang='lat' dir='ltr'>buius,</span> <span class='ocrx_word' id='word_1_638' title='bbox 316 4159 347 4209; x_wconf 91' lang='lat' dir='ltr'>ut</span> <span class='ocrx_word' id='word_1_639' title='bbox 372 4152 412 4207; x_wconf 92' lang='lat' dir='ltr'>ait</span> <span class='ocrx_word' id='word_1_640' title='bbox 434 4160 524 4222; x_wconf 90' lang='lat' dir='ltr'>poeta,</span> <span class='ocrx_word' id='word_1_641' title='bbox 548 4151 698 4209; x_wconf 87' lang='lat' dir='ltr'>ministerii</span> <span class='ocrx_word' id='word_1_642' title='bbox 719 4152 841 4214; x_wconf 87' lang='lat' dir='ltr'>ambitu,</span> <span class='ocrx_word' id='word_1_643' title='bbox 855 4164 934 4221; x_wconf 89' lang='lat' dir='ltr'>spem</span> <span class='ocrx_word' id='word_1_644' title='bbox 954 4144 1116 4212; x_wconf 82' lang='lat' dir='ltr'>Dauctorts</span> <span class='ocrx_word' id='word_1_645' title='bbox 1131 4167 1250 4224; x_wconf 90' lang='lat' dir='ltr'>corpore</span> <span class='ocrx_word' id='word_1_646' title='bbox 1263 4151 1485 4221; x_wconf 80' lang='lat' dir='ltr'>dignoscuntur.</span> <span class='ocrx_word' id='word_1_647' title='bbox 1499 4151 1522 4206; x_wconf 79' lang='grc' dir='ltr'>Α</span> <span class='ocrx_word' id='word_1_648' title='bbox 1538 4163 1596 4220; x_wconf 87' lang='grc' dir='ltr'>ιιι</span> <span class='ocrx_word' id='word_1_649' title='bbox 1610 4162 1696 4204; x_wconf 90' lang='lat' dir='ltr'>sensu</span> <span class='ocrx_word' id='word_1_650' title='bbox 1708 4161 1767 4203; x_wconf 91' lang='lat' dir='ltr'>nou</span> <span class='ocrx_word' id='word_1_651' title='bbox 1780 4145 1840 4202; x_wconf 91' lang='lat' dir='ltr'>dis·</span> 
     </span>
    </p>
   </div>
   <div class='ocr_carea' id='block_1_7' title="bbox 87 4240 938 5460">
    <p class='ocr_par' dir='ltr' id='par_1_8' title="bbox 88 4240 938 5006">
     <span class='ocr_line' id='line_1_58' title="bbox 89 4240 935 4312; baseline -0.001 -17"><span class='ocrx_word' id='word_1_652' title='bbox 89 4240 125 4296; x_wconf 90' lang='lat' dir='ltr'>ad</span> <span class='ocrx_word' id='word_1_653' title='bbox 151 4240 276 4296; x_wconf 89' lang='lat' dir='ltr'>melioris</span> <span class='ocrx_word' id='word_1_654' title='bbox 292 4240 357 4296; x_wconf 80' lang='lat' dir='ltr'>vitre</span> <span class='ocrx_word' id='word_1_655' title='bbox 377 4247 483 4295; x_wconf 90' lang='lat' dir='ltr'>statum</span> <span class='ocrx_word' id='word_1_656' title='bbox 504 4240 655 4312; x_wconf 80' lang='lat' dir='ltr'>porrigens</span> <span class='ocrx_word' id='word_1_657' title='bbox 681 4248 830 4297; x_wconf 84' lang='lat' dir='ltr'>exstruere</span> <span class='ocrx_word' id='word_1_658' title='bbox 842 4240 935 4305; x_wconf 87' lang='lat' dir='ltr'>debet,</span> 
     </span>
     <span class='ocr_line' id='line_1_59' title="bbox 90 4327 937 4399; baseline -0.002 -13"><span class='ocrx_word' id='word_1_659' title='bbox 90 4329 139 4386; x_wconf 93' lang='lat' dir='ltr'>ubi</span> <span class='ocrx_word' id='word_1_660' title='bbox 164 4327 235 4385; x_wconf 92' lang='lat' dir='ltr'>liber</span> <span class='ocrx_word' id='word_1_661' title='bbox 260 4328 296 4384; x_wconf 88' lang='lat' dir='ltr'>ab</span> <span class='ocrx_word' id='word_1_662' title='bbox 317 4328 410 4385; x_wconf 88' lang='lat' dir='ltr'>bieme</span> <span class='ocrx_word' id='word_1_663' title='bbox 434 4329 576 4398; x_wconf 75' lang='lat' dir='ltr'>seculari,</span> <span class='ocrx_word' id='word_1_664' title='bbox 602 4338 630 4386; x_wconf 93' lang='lat' dir='ltr'>et</span> <span class='ocrx_word' id='word_1_665' title='bbox 654 4330 837 4399; x_wconf 76' lang='lat' dir='ltr'>praesentium</span> <span class='ocrx_word' id='word_1_666' title='bbox 856 4336 937 4386; x_wconf 87' lang='lat' dir='ltr'>tutus</span> 
     </span>
     <span class='ocr_line' id='line_1_60' title="bbox 89 4416 938 4489; baseline 0.001 -17"><span class='ocrx_word' id='word_1_667' title='bbox 89 4417 125 4473; x_wconf 87' lang='lat' dir='ltr'>ab</span> <span class='ocrx_word' id='word_1_668' title='bbox 146 4417 237 4473; x_wconf 90' lang='lat' dir='ltr'>imbre</span> <span class='ocrx_word' id='word_1_669' title='bbox 263 4417 425 4483; x_wconf 88' lang='lat' dir='ltr'>turbarum,</span> <span class='ocrx_word' id='word_1_670' title='bbox 446 4432 543 4473; x_wconf 90' lang='lat' dir='ltr'>vocem</span> <span class='ocrx_word' id='word_1_671' title='bbox 565 4416 731 4489; x_wconf 80' lang='lat' dir='ltr'>archangeli</span> <span class='ocrx_word' id='word_1_672' title='bbox 755 4429 874 4487; x_wconf 81' lang='lat' dir='ltr'>surgere</span> <span class='ocrx_word' id='word_1_673' title='bbox 892 4417 938 4487; x_wconf 89' lang='lat' dir='ltr'>ju·</span> 
     </span>
     <span class='ocr_line' id='line_1_61' title="bbox 89 4505 938 4577; baseline -0.002 -15"><span class='ocrx_word' id='word_1_674' title='bbox 89 4506 181 4562; x_wconf 88' lang='lat' dir='ltr'>bentis</span> <span class='ocrx_word' id='word_1_675' title='bbox 208 4507 371 4576; x_wconf 80' lang='lat' dir='ltr'>exspectet?</span> <span class='ocrx_word' id='word_1_676' title='bbox 410 4505 438 4562; x_wconf 89' lang='lat' dir='ltr'>st</span> <span class='ocrx_word' id='word_1_677' title='bbox 474 4505 642 4577; x_wconf 78' lang='lat' dir='ltr'>huiusmodi</span> <span class='ocrx_word' id='word_1_678' title='bbox 671 4512 755 4562; x_wconf 87' lang='lat' dir='ltr'>vocat</span> <span class='ocrx_word' id='word_1_679' title='bbox 787 4505 938 4575; x_wconf 83' lang='lat' dir='ltr'>apostolus</span> 
     </span>
     <span class='ocr_line' id='line_1_62' title="bbox 89 4592 937 4667; baseline -0.001 -18"><span class='ocrx_word' id='word_1_680' title='bbox 89 4593 305 4665; x_wconf 86' lang='lat' dir='ltr'>dormientes(1</span> <span class='ocrx_word' id='word_1_681' title='bbox 336 4595 433 4650; x_wconf 81' lang='lat' dir='ltr'>Tbess.</span> <span class='ocrx_word' id='word_1_682' title='bbox 466 4609 503 4661; x_wconf 87' lang='lat' dir='ltr'>tv,</span> <span class='ocrx_word' id='word_1_683' title='bbox 533 4594 587 4662; x_wconf 87' lang='grc' dir='ltr'>ιι),</span> <span class='ocrx_word' id='word_1_684' title='bbox 615 4609 668 4667; x_wconf 82' lang='lat' dir='ltr'>ego</span> <span class='ocrx_word' id='word_1_685' title='bbox 707 4593 778 4650; x_wconf 91' lang='lat' dir='ltr'>tales</span> <span class='ocrx_word' id='word_1_686' title='bbox 805 4592 937 4649; x_wconf 86' lang='lat' dir='ltr'>existimo</span> 
     </span>
     <span class='ocr_line' id='line_1_63' title="bbox 89 4680 938 4753; baseline -0.001 -16"><span class='ocrx_word' id='word_1_687' title='bbox 89 4681 250 4752; x_wconf 87' lang='lat' dir='ltr'>inquietare</span> <span class='ocrx_word' id='word_1_688' title='bbox 280 4682 433 4750; x_wconf 88' lang='lat' dir='ltr'>nefarium,</span> <span class='ocrx_word' id='word_1_689' title='bbox 463 4682 619 4753; x_wconf 78' lang='lat' dir='ltr'>praesertim</span> <span class='ocrx_word' id='word_1_690' title='bbox 649 4696 715 4738; x_wconf 90' lang='lat' dir='ltr'>cum</span> <span class='ocrx_word' id='word_1_691' title='bbox 743 4682 771 4738; x_wconf 92' lang='lat' dir='ltr'>in</span> <span class='ocrx_word' id='word_1_692' title='bbox 799 4681 854 4738; x_wconf 91' lang='lat' dir='ltr'>bac</span> <span class='ocrx_word' id='word_1_693' title='bbox 875 4680 938 4749; x_wconf 88' lang='lat' dir='ltr'>ipsa</span> 
     </span>
     <span class='ocr_line' id='line_1_64' title="bbox 89 4768 937 4843; baseline -0.005 -14"><span class='ocrx_word' id='word_1_694' title='bbox 89 4771 184 4841; x_wconf 87' lang='lat' dir='ltr'>quiete</span> <span class='ocrx_word' id='word_1_695' title='bbox 223 4769 366 4828; x_wconf 91' lang='lat' dir='ltr'>neminem</span> <span class='ocrx_word' id='word_1_696' title='bbox 396 4771 446 4841; x_wconf 90' lang='lat' dir='ltr'>qul</span> <span class='ocrx_word' id='word_1_697' title='bbox 481 4770 620 4843; x_wconf 81' lang='lat' dir='ltr'>evigilare</span> <span class='ocrx_word' id='word_1_698' title='bbox 657 4770 808 4840; x_wconf 91' lang='lat' dir='ltr'>compellat</span> <span class='ocrx_word' id='word_1_699' title='bbox 847 4768 937 4826; x_wconf 89' lang='lat' dir='ltr'>alium</span> 
     </span>
     <span class='ocr_line' id='line_1_65' title="bbox 89 4856 938 4931; baseline -0.002 -17"><span class='ocrx_word' id='word_1_700' title='bbox 89 4858 299 4929; x_wconf 75' lang='lat' dir='ltr'>prestolentur,</span> <span class='ocrx_word' id='word_1_701' title='bbox 323 4859 378 4915; x_wconf 90' lang='lat' dir='ltr'>nisi</span> <span class='ocrx_word' id='word_1_702' title='bbox 405 4873 472 4916; x_wconf 91' lang='lat' dir='ltr'>eum</span> <span class='ocrx_word' id='word_1_703' title='bbox 488 4861 539 4931; x_wconf 94' lang='lat' dir='ltr'>qui</span> <span class='ocrx_word' id='word_1_704' title='bbox 565 4858 652 4917; x_wconf 92' lang='lat' dir='ltr'>faciat</span> <span class='ocrx_word' id='word_1_705' title='bbox 671 4859 843 4916; x_wconf 88' lang='lat' dir='ltr'>demortuis</span> <span class='ocrx_word' id='word_1_706' title='bbox 862 4856 938 4916; x_wconf 88' lang='lat' dir='ltr'>vivi-</span> 
     </span>
     <span class='ocr_line' id='line_1_66' title="bbox 88 4955 207 5006; baseline -0.008 -2"><span class='ocrx_word' id='word_1_707' title='bbox 88 4955 207 5006; x_wconf 80' lang='lat' dir='ltr'>scentes.</span> 
     </span>
    </p>

    <p class='ocr_par' dir='ltr' id='par_1_9' title="bbox 87 5026 937 5460">
     <span class='ocr_line' id='line_1_67' title="bbox 123 5026 937 5108; baseline -0.006 -16"><span class='ocrx_word' id='word_1_708' title='bbox 123 5037 205 5094; x_wconf 82' lang='lat' dir='ltr'>[ticet</span> <span class='ocrx_word' id='word_1_709' title='bbox 219 5033 344 5106; x_wconf 88' lang='lat' dir='ltr'>quisque</span> <span class='ocrx_word' id='word_1_710' title='bbox 367 5036 444 5106; x_wconf 89' lang='lat' dir='ltr'>quod</span> <span class='ocrx_word' id='word_1_711' title='bbox 459 5036 555 5105; x_wconf 89' lang='lat' dir='ltr'>sentit,</span> <span class='ocrx_word' id='word_1_712' title='bbox 572 5051 691 5095; x_wconf 88' lang='lat' dir='ltr'>securus</span> <span class='ocrx_word' id='word_1_713' title='bbox 704 5026 789 5108; x_wconf 86' lang='lat' dir='ltr'>plano</span> <span class='ocrx_word' id='word_1_714' title='bbox 813 5047 867 5105; x_wconf 81' lang='lat' dir='ltr'>ego</span> <span class='ocrx_word' id='word_1_715' title='bbox 889 5031 937 5087; x_wconf 91' lang='lat' dir='ltr'>ln-</span> 
     </span>
     <span class='ocr_line' id='line_1_68' title="bbox 88 5121 936 5195; baseline -0.004 -16"><span class='ocrx_word' id='word_1_716' title='bbox 88 5122 188 5192; x_wconf 88' lang='lat' dir='ltr'>feram,</span> <span class='ocrx_word' id='word_1_717' title='bbox 214 5121 262 5195; x_wconf 61' lang='grc' dir='ltr'>(ι’)</span> <span class='ocrx_word' id='word_1_718' title='bbox 289 5137 347 5181; x_wconf 87' lang='grc' dir='ltr'>ιιι</span> <span class='ocrx_word' id='word_1_719' title='bbox 377 5124 444 5190; x_wconf 86' lang='lat' dir='ltr'>Deo,</span> <span class='ocrx_word' id='word_1_720' title='bbox 467 5140 525 5182; x_wconf 92' lang='lat' dir='ltr'>non</span> <span class='ocrx_word' id='word_1_721' title='bbox 563 5124 670 5181; x_wconf 90' lang='lat' dir='ltr'>sanctis</span> <span class='ocrx_word' id='word_1_722' title='bbox 704 5123 772 5194; x_wconf 90' lang='lat' dir='ltr'>ipsis</span> <span class='ocrx_word' id='word_1_723' title='bbox 803 5133 936 5192; x_wconf 92' lang='lat' dir='ltr'>unquam</span> 
     </span>
     <span class='ocr_line' id='line_1_69' title="bbox 88 5210 935 5285; baseline -0.004 -18"><span class='ocrx_word' id='word_1_724' title='bbox 88 5210 176 5269; x_wconf 85' lang='lat' dir='ltr'>fuisse</span> <span class='ocrx_word' id='word_1_725' title='bbox 191 5212 329 5283; x_wconf 90' lang='lat' dir='ltr'>placitum</span> <span class='ocrx_word' id='word_1_726' title='bbox 344 5222 376 5270; x_wconf 91' lang='lat' dir='ltr'>ut</span> <span class='ocrx_word' id='word_1_727' title='bbox 395 5227 495 5270; x_wconf 91' lang='lat' dir='ltr'>eorum</span> <span class='ocrx_word' id='word_1_728' title='bbox 515 5214 678 5285; x_wconf 86' lang='lat' dir='ltr'>cujuspiam</span> <span class='ocrx_word' id='word_1_729' title='bbox 702 5211 834 5268; x_wconf 91' lang='lat' dir='ltr'>debuerit</span> <span class='ocrx_word' id='word_1_730' title='bbox 858 5223 935 5265; x_wconf 88' lang='lat' dir='ltr'>rese-</span> 
     </span>
     <span class='ocr_line' id='line_1_70' title="bbox 87 5298 933 5372; baseline -0.005 -15"><span class='ocrx_word' id='word_1_731' title='bbox 87 5299 148 5357; x_wconf 90' lang='lat' dir='ltr'>rari</span> <span class='ocrx_word' id='word_1_732' title='bbox 162 5298 338 5370; x_wconf 89' lang='lat' dir='ltr'>sepulcrum,</span> <span class='ocrx_word' id='word_1_733' title='bbox 354 5309 405 5359; x_wconf 89' lang='lat' dir='ltr'>aut</span> <span class='ocrx_word' id='word_1_734' title='bbox 423 5302 519 5359; x_wconf 89' lang='lat' dir='ltr'>dirimi</span> <span class='ocrx_word' id='word_1_735' title='bbox 535 5316 585 5372; x_wconf 91' lang='lat' dir='ltr'>per</span> <span class='ocrx_word' id='word_1_736' title='bbox 608 5302 700 5358; x_wconf 84' lang='lat' dir='ltr'>frusta</span> <span class='ocrx_word' id='word_1_737' title='bbox 718 5298 933 5369; x_wconf 88' lang='lat' dir='ltr'>corpusculum.</span> 
     </span>
     <span class='ocr_line' id='line_1_71' title="bbox 87 5385 934 5460; baseline -0.002 -16"><span class='ocrx_word' id='word_1_738' title='bbox 87 5387 174 5459; x_wconf 79' lang='lat' dir='ltr'>apuu</span> <span class='ocrx_word' id='word_1_739' title='bbox 192 5386 313 5460; x_wconf 77' lang='lat' dir='ltr'>gentiles</span> <span class='ocrx_word' id='word_1_740' title='bbox 335 5397 467 5460; x_wconf 76' lang='lat' dir='ltr'>respectu</span> <span class='ocrx_word' id='word_1_741' title='bbox 490 5391 678 5448; x_wconf 84' lang='lat' dir='ltr'>humanitatis</span> <span class='ocrx_word' id='word_1_742' title='bbox 701 5387 821 5445; x_wconf 91' lang='lat' dir='ltr'>omniuo</span> <span class='ocrx_word' id='word_1_743' title='bbox 840 5385 934 5459; x_wconf 90' lang='lat' dir='ltr'>inopi·</span> 
     </span>
    </p>
   </div>
   <div class='ocr_carea' id='block_1_8' title="bbox 989 4233 1843 5452">
    <p class='ocr_par' dir='ltr' id='par_1_10' title="bbox 990 4233 1841 4484">
     <span class='ocr_line' id='line_1_72' title="bbox 990 4233 1841 4313; baseline -0.015 -12"><span class='ocrx_word' id='word_1_744' title='bbox 990 4256 1108 4313; x_wconf 90' lang='lat' dir='ltr'>crepare</span> <span class='ocrx_word' id='word_1_745' title='bbox 1132 4242 1255 4308; x_wconf 90' lang='lat' dir='ltr'>videtur,</span> <span class='ocrx_word' id='word_1_746' title='bbox 1281 4239 1358 4310; x_wconf 93' lang='lat' dir='ltr'>quod</span> <span class='ocrx_word' id='word_1_747' title='bbox 1382 4246 1509 4309; x_wconf 90' lang='lat' dir='ltr'>quatuor</span> <span class='ocrx_word' id='word_1_748' title='bbox 1534 4244 1737 4292; x_wconf 88' lang='lat' dir='ltr'>coronatorum</span> <span class='ocrx_word' id='word_1_749' title='bbox 1769 4233 1841 4289; x_wconf 80' lang='lat' dir='ltr'>festi-</span> 
     </span>
     <span class='ocr_line' id='line_1_73' title="bbox 992 4320 1840 4398; baseline -0.015 -9"><span class='ocrx_word' id='word_1_750' title='bbox 992 4334 1066 4389; x_wconf 90' lang='lat' dir='ltr'>vitas</span> <span class='ocrx_word' id='word_1_751' title='bbox 1080 4331 1134 4387; x_wconf 91' lang='lat' dir='ltr'>sub</span> <span class='ocrx_word' id='word_1_752' title='bbox 1149 4330 1272 4385; x_wconf 90' lang='lat' dir='ltr'>aliorum</span> <span class='ocrx_word' id='word_1_753' title='bbox 1293 4328 1424 4398; x_wconf 88' lang='lat' dir='ltr'>quinque</span> <span class='ocrx_word' id='word_1_754' title='bbox 1446 4332 1607 4394; x_wconf 65' lang='lat' dir='ltr'>martyrum</span> <span class='ocrx_word' id='word_1_755' title='bbox 1623 4320 1792 4378; x_wconf 86' lang='lat' dir='ltr'>nominibus</span> <span class='ocrx_word' id='word_1_756' title='bbox 1804 4334 1840 4376; x_wconf 84' lang='lat' dir='ltr'>ex</span> 
     </span>
     <span class='ocr_line' id='line_1_74' title="bbox 991 4407 1732 4484; baseline -0.023 -5"><span class='ocrx_word' id='word_1_757' title='bbox 991 4424 1120 4480; x_wconf 85' lang='lat' dir='ltr'>Romana</span> <span class='ocrx_word' id='word_1_758' title='bbox 1133 4419 1302 4474; x_wconf 87' lang='lat' dir='ltr'>auctoritate</span> <span class='ocrx_word' id='word_1_759' title='bbox 1316 4414 1453 4471; x_wconf 88' lang='lat' dir='ltr'>recolitur</span> <span class='ocrx_word' id='word_1_760' title='bbox 1467 4413 1524 4484; x_wconf 82' lang='lat' dir='ltr'>(dle</span> <span class='ocrx_word' id='word_1_761' title='bbox 1538 4411 1556 4465; x_wconf 88' lang='lat'>8</span> <span class='ocrx_word' id='word_1_762' title='bbox 1568 4407 1732 4479; x_wconf 75' lang='lat' dir='ltr'>Novemb.).</span> 
     </span>
    </p>

    <p class='ocr_par' dir='ltr' id='par_1_11' title="bbox 989 4493 1843 5452">
     <span class='ocr_line' id='line_1_75' title="bbox 1027 4493 1841 4572; baseline -0.014 -12"><span class='ocrx_word' id='word_1_763' title='bbox 1027 4505 1081 4572; x_wconf 84' lang='lat' dir='ltr'>Qui</span> <span class='ocrx_word' id='word_1_764' title='bbox 1104 4507 1181 4560; x_wconf 83' lang='lat' dir='ltr'>certe</span> <span class='ocrx_word' id='word_1_765' title='bbox 1203 4507 1337 4560; x_wconf 81' lang='lat' dir='ltr'>suacium</span> <span class='ocrx_word' id='word_1_766' title='bbox 1361 4500 1516 4564; x_wconf 77' lang='lat' dir='ltr'>existimat,</span> <span class='ocrx_word' id='word_1_767' title='bbox 1547 4497 1680 4568; x_wconf 78' lang='lat' dir='ltr'>colitque,</span> <span class='ocrx_word' id='word_1_768' title='bbox 1708 4493 1841 4568; x_wconf 74' lang='lat' dir='ltr'>quamuis</span> 
     </span>
     <span class='ocr_line' id='line_1_76' title="bbox 993 4584 1839 4662; baseline -0.013 -14"><span class='ocrx_word' id='word_1_769' title='bbox 993 4592 1191 4661; x_wconf 74' lang='lat' dir='ltr'>fulisaonsif,</span> <span class='ocrx_word' id='word_1_770' title='bbox 1203 4593 1338 4662; x_wconf 81' lang='lat' dir='ltr'>srucfelm</span> <span class='ocrx_word' id='word_1_771' title='bbox 1358 4588 1461 4660; x_wconf 83' lang='lat' dir='ltr'>recipit</span> <span class='ocrx_word' id='word_1_772' title='bbox 1481 4585 1624 4643; x_wconf 77' lang='lat' dir='ltr'>orationis</span> <span class='ocrx_word' id='word_1_773' title='bbox 1637 4584 1715 4657; x_wconf 79' lang='lat' dir='ltr'>opud</span> <span class='ocrx_word' id='word_1_774' title='bbox 1737 4585 1839 4639; x_wconf 82' lang='lat' dir='ltr'>Deum.</span> 
     </span>
     <span class='ocr_line' id='line_1_77' title="bbox 990 4672 1843 4748; baseline -0.014 -9"><span class='ocrx_word' id='word_1_775' title='bbox 990 4710 1026 4724; x_wconf 93' lang='lat'><em>-</em></span> <span class='ocrx_word' id='word_1_776' title='bbox 1048 4682 1101 4738; x_wconf 90' lang='lat' dir='ltr'>Sed</span> <span class='ocrx_word' id='word_1_777' title='bbox 1124 4681 1160 4737; x_wconf 87' lang='lat' dir='ltr'>ad</span> <span class='ocrx_word' id='word_1_778' title='bbox 1187 4683 1246 4738; x_wconf 84' lang='lat' dir='ltr'>baec</span> <span class='ocrx_word' id='word_1_779' title='bbox 1274 4680 1393 4736; x_wconf 80' lang='lat' dir='ltr'>forsitan</span> <span class='ocrx_word' id='word_1_780' title='bbox 1419 4677 1517 4748; x_wconf 89' lang='lat' dir='ltr'>quivis</span> <span class='ocrx_word' id='word_1_781' title='bbox 1543 4689 1609 4746; x_wconf 79' lang='lat' dir='ltr'>quae</span> <span class='ocrx_word' id='word_1_782' title='bbox 1639 4681 1738 4729; x_wconf 91' lang='lat' dir='ltr'>utrum</span> <span class='ocrx_word' id='word_1_783' title='bbox 1766 4672 1843 4728; x_wconf 89' lang='lat' dir='ltr'>Deus</span> 
     </span>
     <span class='ocr_line' id='line_1_78' title="bbox 991 4762 1842 4840; baseline -0.009 -16"><span class='ocrx_word' id='word_1_784' title='bbox 991 4769 1132 4839; x_wconf 90' lang='lat' dir='ltr'>simplices</span> <span class='ocrx_word' id='word_1_785' title='bbox 1147 4783 1277 4840; x_wconf 90' lang='lat' dir='ltr'>quosque</span> <span class='ocrx_word' id='word_1_786' title='bbox 1291 4767 1440 4832; x_wconf 80' lang='lat' dir='ltr'>exaudiat,</span> <span class='ocrx_word' id='word_1_787' title='bbox 1465 4779 1531 4821; x_wconf 89' lang='lat' dir='ltr'>cum</span> <span class='ocrx_word' id='word_1_788' title='bbox 1557 4777 1606 4834; x_wconf 88' lang='lat' dir='ltr'>per</span> <span class='ocrx_word' id='word_1_789' title='bbox 1625 4777 1673 4818; x_wconf 90' lang='lat' dir='ltr'>eos</span> <span class='ocrx_word' id='word_1_790' title='bbox 1688 4762 1842 4817; x_wconf 90' lang='lat' dir='ltr'>invocatur</span> 
     </span>
     <span class='ocr_line' id='line_1_79' title="bbox 991 4848 1840 4928; baseline -0.011 -15"><span class='ocrx_word' id='word_1_791' title='bbox 991 4871 1064 4928; x_wconf 90' lang='lat' dir='ltr'>quos</span> <span class='ocrx_word' id='word_1_792' title='bbox 1078 4871 1139 4912; x_wconf 91' lang='lat' dir='ltr'>esse</span> <span class='ocrx_word' id='word_1_793' title='bbox 1162 4865 1275 4913; x_wconf 90' lang='lat' dir='ltr'>sanctos</span> <span class='ocrx_word' id='word_1_794' title='bbox 1298 4870 1356 4912; x_wconf 90' lang='lat' dir='ltr'>nou</span> <span class='ocrx_word' id='word_1_795' title='bbox 1377 4861 1498 4911; x_wconf 92' lang='lat' dir='ltr'>constat.</span> <span class='ocrx_word' id='word_1_796' title='bbox 1519 4851 1570 4909; x_wconf 84' lang='lat' dir='ltr'>Cui</span> <span class='ocrx_word' id='word_1_797' title='bbox 1596 4848 1840 4921; x_wconf 88' lang='lat' dir='ltr'>respondendum,</span> 
     </span>
     <span class='ocr_line' id='line_1_80' title="bbox 990 4937 1842 5016; baseline -0.011 -14"><span class='ocrx_word' id='word_1_798' title='bbox 990 4945 1060 5016; x_wconf 87' lang='lat' dir='ltr'>quia</span> <span class='ocrx_word' id='word_1_799' title='bbox 1084 4944 1159 5002; x_wconf 87' lang='lat' dir='ltr'>sicut</span> <span class='ocrx_word' id='word_1_800' title='bbox 1182 4945 1283 5013; x_wconf 73' lang='lat' dir='ltr'>Deum</span> <span class='ocrx_word' id='word_1_801' title='bbox 1311 4943 1363 5015; x_wconf 92' lang='lat' dir='ltr'>qui</span> <span class='ocrx_word' id='word_1_802' title='bbox 1384 4957 1461 5010; x_wconf 92' lang='lat' dir='ltr'>eum,</span> <span class='ocrx_word' id='word_1_803' title='bbox 1488 4942 1523 4998; x_wconf 91' lang='lat' dir='ltr'>de</span> <span class='ocrx_word' id='word_1_804' title='bbox 1551 4955 1609 5012; x_wconf 94' lang='lat' dir='ltr'>quo</span> <span class='ocrx_word' id='word_1_805' title='bbox 1638 4946 1681 4995; x_wconf 90' lang='lat' dir='ltr'>est</span> <span class='ocrx_word' id='word_1_806' title='bbox 1711 4937 1842 4994; x_wconf 85' lang='lat' dir='ltr'>incertus</span> 
     </span>
     <span class='ocr_line' id='line_1_81' title="bbox 990 5024 1840 5100; baseline -0.007 -14"><span class='ocrx_word' id='word_1_807' title='bbox 990 5029 1127 5100; x_wconf 83' lang='lat' dir='ltr'>exposcit,</span> <span class='ocrx_word' id='word_1_808' title='bbox 1144 5030 1253 5100; x_wconf 83' lang='lat' dir='ltr'>irritat3</span> <span class='ocrx_word' id='word_1_809' title='bbox 1272 5029 1312 5086; x_wconf 92' lang='lat' dir='ltr'>ita</span> <span class='ocrx_word' id='word_1_810' title='bbox 1334 5043 1403 5086; x_wconf 89' lang='lat' dir='ltr'>eum</span> <span class='ocrx_word' id='word_1_811' title='bbox 1419 5029 1443 5084; x_wconf 93' lang='lat' dir='ltr'>si</span> <span class='ocrx_word' id='word_1_812' title='bbox 1467 5027 1587 5084; x_wconf 83' lang='lat' dir='ltr'>fideliter</span> <span class='ocrx_word' id='word_1_813' title='bbox 1609 5033 1743 5082; x_wconf 88' lang='lat' dir='ltr'>sanctum</span> <span class='ocrx_word' id='word_1_814' title='bbox 1757 5024 1840 5081; x_wconf 94' lang='lat' dir='ltr'>illum</span> 
     </span>
     <span class='ocr_line' id='line_1_82' title="bbox 990 5110 1841 5188; baseline -0.008 -14"><span class='ocrx_word' id='word_1_815' title='bbox 990 5118 1117 5181; x_wconf 86' lang='lat' dir='ltr'>credens,</span> <span class='ocrx_word' id='word_1_816' title='bbox 1143 5117 1194 5188; x_wconf 94' lang='lat' dir='ltr'>qui</span> <span class='ocrx_word' id='word_1_817' title='bbox 1218 5131 1275 5173; x_wconf 91' lang='lat' dir='ltr'>uon</span> <span class='ocrx_word' id='word_1_818' title='bbox 1297 5123 1339 5173; x_wconf 90' lang='lat' dir='ltr'>est</span> <span class='ocrx_word' id='word_1_819' title='bbox 1356 5123 1473 5174; x_wconf 90' lang='lat' dir='ltr'>sanctus</span> <span class='ocrx_word' id='word_1_820' title='bbox 1493 5117 1601 5180; x_wconf 80' lang='lat' dir='ltr'>exoret,</span> <span class='ocrx_word' id='word_1_821' title='bbox 1629 5111 1733 5183; x_wconf 89' lang='lat' dir='ltr'>placat.</span> <span class='ocrx_word' id='word_1_822' title='bbox 1752 5110 1841 5169; x_wconf 85' lang='lat' dir='ltr'>Verbi</span> 
     </span>
     <span class='ocr_line' id='line_1_83' title="bbox 991 5204 1841 5279; baseline -0.008 -16"><span class='ocrx_word' id='word_1_823' title='bbox 991 5208 1094 5279; x_wconf 81' lang='lat' dir='ltr'>gratia,</span> <span class='ocrx_word' id='word_1_824' title='bbox 1124 5221 1266 5277; x_wconf 89' lang='lat' dir='ltr'>ponamus</span> <span class='ocrx_word' id='word_1_825' title='bbox 1291 5207 1419 5278; x_wconf 88' lang='lat' dir='ltr'>aliquem</span> <span class='ocrx_word' id='word_1_826' title='bbox 1446 5204 1497 5275; x_wconf 93' lang='lat' dir='ltr'>qui</span> <span class='ocrx_word' id='word_1_827' title='bbox 1523 5205 1736 5272; x_wconf 87' lang='lat' dir='ltr'>eleemosynam</span> <span class='ocrx_word' id='word_1_828' title='bbox 1759 5207 1841 5270; x_wconf 90' lang='lat' dir='ltr'>putet</span> 
     </span>
     <span class='ocr_line' id='line_1_84' title="bbox 989 5289 1839 5366; baseline -0.012 -12"><span class='ocrx_word' id='word_1_829' title='bbox 989 5310 1050 5354; x_wconf 90' lang='lat' dir='ltr'>esse</span> <span class='ocrx_word' id='word_1_830' title='bbox 1082 5302 1254 5366; x_wconf 87' lang='lat' dir='ltr'>peccatum:</span> <span class='ocrx_word' id='word_1_831' title='bbox 1288 5293 1311 5349; x_wconf 90' lang='lat' dir='ltr'>si</span> <span class='ocrx_word' id='word_1_832' title='bbox 1341 5307 1410 5364; x_wconf 77' lang='lat' dir='ltr'>ergo</span> <span class='ocrx_word' id='word_1_833' title='bbox 1433 5291 1458 5349; x_wconf 93' lang='lat' dir='ltr'>is</span> <span class='ocrx_word' id='word_1_834' title='bbox 1476 5291 1598 5349; x_wconf 88' lang='lat' dir='ltr'>scienter</span> <span class='ocrx_word' id='word_1_835' title='bbox 1626 5289 1839 5360; x_wconf 85' lang='lat' dir='ltr'>eleemosynam</span> 
     </span>
     <span class='ocr_line' id='line_1_85' title="bbox 990 5375 1840 5452; baseline -0.008 -12"><span class='ocrx_word' id='word_1_836' title='bbox 990 5385 1085 5452; x_wconf 89' lang='lat' dir='ltr'>faciat,</span> <span class='ocrx_word' id='word_1_837' title='bbox 1110 5394 1212 5440; x_wconf 87' lang='lat' dir='ltr'>revera</span> <span class='ocrx_word' id='word_1_838' title='bbox 1234 5380 1359 5452; x_wconf 90' lang='lat' dir='ltr'>profecto</span> <span class='ocrx_word' id='word_1_839' title='bbox 1376 5393 1414 5437; x_wconf 80' lang='lat' dir='ltr'>cx</span> <span class='ocrx_word' id='word_1_840' title='bbox 1435 5377 1615 5436; x_wconf 84' lang='lat' dir='ltr'>conscientiae</span> <span class='ocrx_word' id='word_1_841' title='bbox 1639 5375 1750 5435; x_wconf 88' lang='lat' dir='ltr'>iutuitu</span> <span class='ocrx_word' id='word_1_842' title='bbox 1770 5389 1840 5448; x_wconf 81' lang='lat' dir='ltr'>peo-</span> 
     </span>
    </p>
   </div>
   <div class='ocr_carea' id='block_1_9' title="bbox 0 0 1936 6008">
    <p class='ocr_par' dir='ltr' id='par_1_12' title="bbox 0 0 1936 6008">
     <span class='ocr_line' id='line_1_86' title="bbox 0 0 1936 6008; baseline 0 0"><span class='ocrx_word' id='word_1_843' title='bbox 0 0 1936 6008; x_wconf 95' lang='lat' dir='ltr'> </span> 
     </span>
    </p>
   </div>
  </div>
 </body>
</html>
