3794 6008
105 189 157 242 sm

564 188 594 241 V.
614 187 780 243 cornuum
798 187 943 244 austris
961 188 989 243 S.
1010 188 1127 244 MARIAE
1146 188 1191 244 DE
1209 188 1406 246 Nowuurtro

1807 194 1851 246 sit

106 320 163 376 n'us
176 323 240 373 cst:
265 317 384 373 sienim
403 315 607 384 cognovissent,
632 333 780 388 nunquam
798 318 955 374 Dominum
973 319 995 376 Δ
1010 326 1072 376 reat
1096 335 1129 378 ac
1151 321 1175 376 si
1203 321 1341 379 radicitus
1369 322 1486 380 baereat.
1512 323 1599 395 Virgo
1629 322 1726 380 radice
1754 322 1852 391 caruit,

103 404 203 479 gloria
216 405 424 475 crncifimecent
439 405 470 476 (I
494 407 562 461 Gor.
590 421 619 473 ιι,
645 409 683 476 8).
713 407 793 464 Unde
815 415 842 462 et
869 407 953 463 bomo

107 503 210 565 captus
226 494 341 561 dicitnr,
364 493 433 563 quia
453 508 505 550 suo
530 493 636 564 impetu
662 494 785 564 ignaviae
799 495 952 552 addicitur.

106 582 187 639 lions
200 596 267 651 ergo
294 589 322 637 et
345 581 434 637 latera
462 583 605 652 aquilonis
624 583 768 653 deusest,
789 591 818 639 et
836 585 954 653 integu-

106 677 236 725 mentum
260 669 396 738 corporis,
421 685 479 740 quo
500 671 610 727 fallitur
628 671 751 727 aviditas
771 685 846 727 oseca
865 669 952 729 latro-

105 758 160 813 nis.
176 758 212 813 Et
224 770 316 826 quare
339 772 396 813 non
411 756 497 826 latus,
514 760 562 815 sed
588 759 694 815 laterai
706 759 779 826 Quia
806 760 863 816 duo
885 768 952 817 sunt

106 846 135 901 in
155 844 264 915 quibus
282 845 336 902 sibi
359 847 538 916 improvidus
561 848 625 904 luit.
640 849 780 916 Alterum,
813 850 890 919 quod
916 864 952 905 ex

105 932 233 989 indebita
248 934 298 989 Dei
319 933 382 989 Filii
411 937 578 1004 pervasione
602 935 660 1008 jus,
688 938 765 1007 quod
793 938 953 1008 usurpabat

106 1020 135 1076 in
148 1020 285 1089 bomines,
303 1022 438 1091 perdebat
453 1023 605 1094 antiquum
619 1044 627 1092 ;
642 1025 762 1080 alterum
784 1025 861 1095 quod
884 1026 952 1082 sub·

106 1108 201 1167 iturus
215 1118 277 1166 erat
296 1117 362 1167 aute
378 1117 491 1181 tempus
507 1126 633 1181 perenne
648 1122 833 1170 tormentum.

141 1197 185 1255 ad
199 1198 275 1254 banc
294 1198 438 1255 civitatem
454 1200 606 1257 confluunt
621 1202 673 1272 qui
694 1202 724 1257 in
747 1202 839 1259 omnis
856 1203 952 1259 crimi-

106 1286 152 1342 nis
167 1285 365 1357 labyrinthum
381 1287 556 1359 praeruptius
577 1297 677 1345 ruunt.
696 1291 760 1347 lstic
785 1291 953 1361 alienigena

106 1380 174 1428 sunt
192 1374 244 1445 qui
269 1389 358 1446 regno
373 1375 509 1431 caelorum
530 1377 589 1432 vim
614 1376 732 1445 iaciunt,
758 1378 884 1449 laetique
909 1378 953 1448 pie

105 1460 222 1517 violenti
238 1462 377 1532 diripiunt
391 1463 508 1534 (Malli.
533 1479 573 1531 ιιι,
597 1465 649 1536 ιι).
678 1466 744 1521 lstic
769 1467 871 1536 Tyrus,
902 1465 953 1538 qui

107 1549 250 1618 repellunt
263 1565 347 1607 omne
360 1553 482 1622 pondus,
499 1560 527 1609 et
540 1552 731 1609 circumstans
747 1569 776 1610 se
791 1563 950 1624 peccatum.

1008 408 1078 477 qnia
1110 409 1146 465 ad
1175 408 1394 479 concipiendum
1426 409 1477 465 llei
1504 409 1608 466 Filium
1641 417 1713 467 nsus
1739 409 1853 466 omniuo

1007 504 1120 553 naturae
1139 496 1248 552 deiecit.
1266 497 1308 554 m
1328 497 1456 555 bumana
1477 512 1544 570 crgo
1559 499 1629 554 durn
1655 511 1750 555 massa
1765 498 1852 554 succi-

1008 585 1095 652 ditur‚
1121 584 1292 641 humilitatis
1317 592 1394 641 terra
1414 585 1533 642 interius
1552 585 1709 642 introrsum
1725 584 1854 641 videlicet

1007 673 1153 744 sepelitur,
1178 680 1276 729 sancto
1301 674 1408 744 pariter
1433 674 1541 744 Spiritu
1570 675 1765 730 humectatur.
1791 673 1854 730 lnde

1007 762 1115 818 candor
1138 760 1244 818 divina
1271 761 1348 818 illins
1374 762 1563 819 humanitatis
1589 761 1746 834 egreditur,
1773 761 1854 833 cujus

1007 850 1136 907 fidelium
1148 849 1322 908 universitas
1346 851 1486 922 singulari
1511 851 1597 908 odore
1609 851 1750 920 nutritur,
1773 851 1855 922 cujus

1007 939 1076 996 tolia
1089 939 1217 1009 repanda
1243 946 1349 1009 patent,
1376 941 1445 1010 quia
1459 941 1600 997 virtutum
1624 939 1716 1010 ipsius
1738 938 1855 995 claritu-

1007 1027 1088 1084 dines
1101 1028 1137 1083 ιιι
1152 1034 1249 1084 nostra
1274 1042 1303 1083 se
1327 1028 1459 1097 exempla
1471 1036 1648 1099 retorquent.
1671 1025 1855 1084 subtilissimi

1007 1116 1086 1172 intus
1098 1114 1281 1186 virgularum
1293 1115 1394 1171 radioli
1409 1129 1530 1171 aureum
1547 1114 1671 1172 colorem
1686 1114 1853 1185 praeterunt

1007 1202 1078 1272 quia
1096 1217 1194 1258 omnes
1208 1204 1271 1273 ejus
1286 1211 1381 1259 motus
1396 1204 1543 1259 intrinseci
1558 1216 1691 1273 supernae
1707 1202 1854 1272 sapientia

1007 1289 1128 1361 gloriam
1149 1297 1296 1359 promunt.
1312 1290 1393 1346 Unde
1421 1304 1486 1361 quae
1508 1289 1570 1346 sine
1590 1291 1719 1346 humano
1747 1288 1854 1344 semine

1007 1378 1221 1449 perspiritum
1254 1378 1437 1449 germinavit,
1476 1393 1526 1449 per
1550 1378 1683 1434 eumdem
1712 1375 1778 1432 Filii
1812 1376 1854 1432 sui

1007 1467 1136 1524 membra
1154 1467 1335 1538 germinabit,
1354 1467 1381 1523 id
1407 1474 1448 1523 est
1471 1466 1608 1538 germinis
1628 1480 1717 1522 causa
1740 1473 1854 1522 consta·

1008 1556 1058 1612 bit.
1087 1555 1264 1612 Laetabunda
1278 1556 1404 1611 exsultat
1425 1554 1523 1626 (ibid,
1551 1555 1589 1626 ι),
1615 1569 1680 1611 cum
1711 1568 1771 1610 non
1797 1560 1853 1610 tarn

109 1637 187 1696 Unde
201 1645 228 1694 et
242 1639 335 1709 Tyrus
354 1641 559 1712 interpretatur
581 1641 728 1714 angustia.
753 1642 803 1699 llic
827 1644 952 1714 populus
972 1612 1134 1702 Blaetitiam
1150 1658 1237 1715 qnam
1266 1643 1482 1700 similitudinem
1507 1643 1612 1700 letitiae
1633 1642 1763 1700 exterius
1787 1639 1853 1698 alie·

106 1725 273 1797 AEtbiopum
288 1728 384 1797 (Peul.
400 1744 515 1794 cxxxvi,
533 1730 571 1801 4),
595 1731 671 1804 nigri
688 1732 817 1788 videlieet
832 1733 953 1804 iuligine
1006 1740 1074 1788 ctat.
1093 1733 1204 1788 Laudat
1219 1745 1287 1788 vero
1313 1746 1380 1788 cum
1399 1730 1535 1789 ineflabili
1558 1733 1649 1788 Deum
1670 1730 1794 1787 interius
1807 1744 1853 1785 so·

107 1823 298 1884 peccatorum,
333 1818 476 1889 quidquid
506 1826 547 1874 est
576 1822 699 1889 peccatis
724 1821 889 1889 immanius,
917 1823 952 1878 ad
1007 1822 1131 1878 noritatc
1163 1821 1312 1893 glorificat.
1351 1821 1430 1878 Unde
1465 1822 1630 1892 magnificat
1662 1821 1727 1891 ejus
1757 1818 1853 1874 anima

107 1902 197 1973 buius
219 1904 373 1961 benedicta
402 1907 533 1962 tutiorem
562 1909 638 1964 omni
656 1909 771 1965 civitate
799 1910 895 1966 sinum
924 1925 953 1967 se
1007 1910 1171 1977 Dominum,
1193 1916 1221 1965 et
1242 1910 1368 1966 exsultat
1383 1909 1500 1979 spiritus
1515 1911 1578 1981 ejus
1607 1909 1636 1964 in
1657 1909 1715 1964 er
1735 1907 1814 1975 (lac.
1834 1922 1851 1971 r,

108 1991 252 2064 immergit
266 1995 430 2065 proclivius.
451 1997 486 2051 Et
502 1996 563 2067 ipsa
577 2005 617 2053 est
637 1997 748 2064 civitas,
777 1999 805 2053 in
820 2013 879 2069 qua
903 2000 953 2070 qui
1007 2001 1051 2067 46,
1068 1998 1125 2068 47),
1151 1998 1227 2069 quod
1242 2005 1284 2054 est
1309 1998 1429 2067 psallere
1442 1998 1555 2066 spiritu,
1573 1996 1693 2069 psallere
1715 2002 1744 2053 et
1761 2001 1853 2051 mente

45 2094 50 2100 ·
108 2094 159 2150 per
173 2079 308 2139 allectum
326 2097 383 2139 non
404 2083 545 2152 habitant,
571 2085 681 2141 nullius
697 2087 833 2142 momenti
848 2087 955 2143 habent
1008 2087 1036 2159 (ι
1048 2089 1115 2142 Gor.
1129 2101 1188 2153 xiv,
1203 2089 1256 2152 ts).

107 2168 192 2226 vitas.
208 2169 276 2237 Quae
288 2185 405 2242 quoque
420 2172 580 2229 laetantium
600 2174 728 2230 omnium
746 2182 787 2231 est
800 2175 898 2246 (ibid,
912 2177 953 2246 7),

108 2260 179 2330 quia
205 2275 388 2331 quaecunque
407 2262 443 2317 ad
467 2261 544 2318 illam
561 2262 716 2332 piissimam
735 2265 956 2334 precordialiter

108 2361 138 2403 se
154 2347 268 2418 ingerit,
294 2349 440 2419 gaudiosa
464 2350 522 2419 spei
546 2365 646 2408 exsors
673 2366 729 2407 non
757 2359 809 2408 est.
840 2353 875 2408 Et
890 2368 955 2423 quae

109 2444 176 2493 snut
199 2443 288 2507 portae
313 2437 391 2507 Sion,
417 2452 491 2509 quas
514 2439 608 2510 diligit
633 2440 891 2512 Dominus(1bid.,
914 2443 953 2508 ι),

108 2523 163 2579 nisi
178 2531 293 2581 aeternae
314 2524 498 2597 virginitatis,
524 2541 611 2598 quem
626 2529 718 2597 prima
742 2529 844 2586 habuit
865 2544 955 2601 appe-

94 2612 189 2680 titus,
206 2612 278 2669 nulli
303 2615 498 2684 comparanda
522 2616 551 2671 in
573 2623 654 2672 tanta
669 2616 844 2675 sublimitate
863 2619 956 2675 bumi-

109 2699 196 2756 litas:
223 2701 429 2758 transcendens
443 2704 539 2759 omnia
565 2705 629 2760 tldei
654 2719 687 2761 ac
712 2705 880 2761 obedientia
895 2706 954 2762 vir·

110 2787 175 2845 tus?
190 2788 264 2855 Quid
281 2796 323 2845 est
344 2789 421 2859 Sion,
445 2792 499 2848 nisi
516 2792 604 2862 ipsius
626 2792 789 2849 felicissima
803 2793 910 2863 anima,
925 2794 954 2851 in

1044 2174 1146 2230 Gloria
1161 2173 1347 2230 dilucidata
1363 2177 1406 2229 est
1428 2173 1456 2228 ei
1472 2174 1545 2241 (lca.
1563 2187 1650 2240 xxxi,
1668 2170 1706 2243 ι).
1728 2171 1853 2228 Libanus

1008 2263 1114 2320 dicitur
1139 2262 1256 2319 eander.
1283 2263 1380 2320 Gloria
1405 2262 1505 2319 Libani
1532 2260 1652 2317 coelestis
1681 2268 1724 2316 est
1748 2259 1852 2330 specio·

1009 2352 1078 2409 sitas
1097 2353 1189 2423 regni.
1222 2353 1287 2408 llaec
1308 2352 1430 2408 dominae
1460 2351 1500 2406 illi
1530 2349 1683 2406 benedictae
1705 2346 1854 2418 specialius
1885 2318 1889 2407 i

1009 2443 1104 2508 datur,
1121 2442 1167 2498 cui
1182 2441 1241 2511 ipse
1268 2442 1327 2496 ilex
1357 2441 1455 2511 gloriae
1482 2438 1678 2510 principaliter
1701 2436 1852 2500 obnoxios,

1009 2544 1045 2586 ex
1073 2528 1195 2599 propriae
1218 2529 1314 2584 carnis
1340 2528 1490 2584 collatione
1513 2527 1702 2597 dignoscitur.
1728 2526 1763 2580 Ut
1786 2523 1853 2596 quid

1010 2617 1040 2672 iu
1053 2616 1124 2673 cmlo
1138 2616 1163 2672 ei
1175 2630 1231 2671 non
1246 2615 1432 2686 obtemperat,
1445 2628 1510 2670 cum
1528 2613 1590 2682 ipsa
1604 2626 1656 2668 suo
1679 2619 1706 2668 et
1725 2611 1853 2668 omnium

1009 2704 1135 2762 Creatori
1150 2718 1188 2759 ex
1203 2711 1283 2774 parte
1303 2717 1375 2772 pene
1390 2703 1531 2772 imperat?
1547 2702 1622 2757 licus
1644 2699 1731 2757 bonel
1757 2711 1854 2770 quau-

1009 2801 1072 2849 tum
1095 2792 1198 2848 mentis
1227 2791 1256 2846 in
1278 2790 1326 2847 illa
1347 2790 1452 2846 lomina
1474 2797 1524 2855 est,
1552 2802 1626 2859 quae,
1653 2787 1719 2844 licet
1743 2800 1855 2858 propor-

109 2890 169 2948 qua
181 2877 390 2948 supereminuit
403 2879 466 2950 ejus
479 2895 565 2951 quem
585 2881 616 2937 in
640 2895 670 2937 se
694 2881 836 2938 continuit
850 2881 957 2940 divinae
975 2885 996 2941 c
1011 2881 1166 2947 tioualiter,
1190 2880 1321 2936 divinum
1348 2879 1486 2950 quiddam
1511 2885 1570 2934 tota
1593 2877 1697 2933 escili
1725 2877 1756 2931 in
1781 2884 1855 2932 terra
1886 2888 1889 2937 l

109 2965 312 3036 speculationis
342 2965 452 3037 gloria?
488 2972 538 3024 Per
573 2970 625 3026 bas
650 2969 800 3026 exterioris
831 2972 956 3041 exempli
1010 2970 1098 3025 datur
1120 2968 1144 3025 ei
1171 2969 1257 3025 decor
1269 2967 1390 3024 iarmeli
1416 2966 1547 3023 etSaron
1564 2965 1673 3034 (mid).
1697 2963 1854 3031 Carmelus,

109 3061 206 3124 portas
224 3062 323 3112 nostra
347 3056 467 3113 addiscit
493 3056 681 3128 intelligentia
710 3067 820 3129 quanta
843 3058 872 3113 in
893 3057 956 3128 ejus
1009 3056 1136 3130 cognitio
1149 3053 1384 3122 circumcisions,
1400 3054 1489 3110 Saron
1504 3053 1639 3125 princepe
1653 3051 1787 3108 tristitie.
1805 3052 1856 3108 Per

109 3141 237 3198 interiori
255 3143 356 3200 babitu
371 3145 497 3216 viguerit
513 3145 635 3202 ccelesiis
651 3145 810 3201 urbanitas.
835 3146 894 3203 Nec
914 3145 956 3203 ad
1010 3145 1301 3216 Carrnclnm,1ustos;
1323 3158 1372 3213 per
1397 3143 1496 3210 Saron,
1522 3142 1648 3213 intellige
1678 3141 1855 3211 penitentes.

24 3288 27 3292 ,
110 3229 164 3287 bas
183 3231 270 3288 Jacob
291 3232 478 3289 tabernacula
494 3233 589 3289 valent
605 3232 716 3304 (ibid),
733 3234 957 3304 quia'quaecun-
1013 3235 1154 3304 Loquitur
1167 3233 1243 3289 enim
1264 3233 1341 3288 Dens
1349 3248 1452 3304 pacem
1466 3246 1554 3302 cuper
1566 3232 1682 3284 cunctos
1697 3245 1776 3294 cuce,
1789 3227 1857 3283 etin

109 3333 166 3390 qne
179 3320 307 3376 exterius
329 3328 502 3377 exercentur
524 3320 718 3389 pertunctoria
739 3327 816 3388 sunt,
845 3328 871 3376 et
896 3319 957 3390 spi·
1010 3341 1058 3380 eor
1072 3321 1122 3395 qui
1134 3324 1335 3377 convertuntur
1358 3321 1397 3375 ad
1423 3336 1472 3375 cor
1492 3318 1586 3390 (Prot.
1603 3331 1719 3385 cxxxiv,
1745 3319 1782 3384 9).
1805 3317 1857 3373 tlo-

109 3407 226 3464 ritualia
244 3409 441 3480 corporalibus
462 3408 631 3479 nentiquam
661 3408 854 3480 aequipollent.
881 3410 958 3466 Prae-
1011 3412 1101 3485 gnitio
1134 3410 1360 3467 circumcisionis
1396 3407 1576 3478 experientia
1611 3413 1653 3462 cst
1689 3405 1857 3461 omnimoda
1892 3446 1894 3453 .

109 3497 206 3553 sertim
231 3512 298 3553 cnm
317 3499 380 3569 ejus
407 3497 596 3554 fundamenta
620 3497 727 3553 tuerint
751 3497 779 3552 in
811 3498 957 3554 montibus
1011 3501 1146 3557 vitiorum
1176 3497 1354 3565 abscisionis,
1370 3497 1424 3553 boc
1446 3496 1481 3552 ad
1506 3501 1628 3552 sanctos.
1650 3493 1797 3562 Principes
1812 3506 1859 3547 au-

110 3586 216 3641 sanctis
232 3584 331 3653 (ibid,
355 3586 392 3654 ι),
418 3585 446 3641 id
462 3592 582 3641 estcum
606 3584 764 3652 Abrabam,
789 3587 879 3653 lsaac,
905 3588 958 3642 la·
1011 3596 1068 3646 tem
1094 3587 1215 3644 tristitiae
1243 3594 1322 3654 sunt,
1345 3599 1471 3656 quorum
1487 3597 1565 3640 unus
1588 3584 1650 3638 ait:
1673 3580 1759 3636 Venit
1774 3583 1858 3635 Jeme

110 3675 171 3743 cub,
204 3674 295 3730 David
321 3681 425 3743 patres,
455 3685 491 3728 ex
515 3672 622 3742 quibus
646 3673 785 3740 Christus,
816 3688 872 3729 non
899 3682 957 3731 tam
1010 3677 1175 3745 peccatores
1194 3672 1289 3728 culeos
1311 3672 1416 3739 tacere,
1444 3687 1564 3743 quomam
1587 3669 1699 3743 priam
1719 3683 1773 3740 ego
1797 3683 1859 3723 eum

110 3761 296 3826 ceremoniis,
313 3776 401 3832 quam
417 3760 559 3831 spirituali
576 3760 754 3817 benedictam
777 3761 851 3817 banc
870 3761 957 3818 titiam
1013 3765 1043 3836 (Ι
1057 3763 1142 3830 Tim,
1160 3778 1178 3829 ι,
1197 3761 1250 3832 ts).
1265 3760 1404 3817 dilectum
1420 3767 1516 3816 autem
1532 3773 1583 3829 pro
1605 3770 1693 3814 causa
1717 3755 1856 3826 ponendo,

111 3863 192 3906 snam
209 3850 316 3904 virtute
331 3849 535 3918 precesserint.
1013 3851 1127 3908 tristitia
1155 3857 1303 3921 peccatum
1327 3857 1377 3905 est.
1402 3848 1533 3904 Tristitiae
1547 3860 1615 3917 crgo
1632 3853 1700 3901 sunt
1716 3845 1859 3915 principes

145 3937 240 4009 Igitur
255 3936 365 3991 latetur
388 3935 502 3991 deserta
515 3938 543 3990 et
565 3936 647 3993 ιιιιιία
666 3936 737 4006 (Ira.
754 3952 843 4005 xxxv,
871 3937 906 4009 l).
924 3939 959 3994 ιιι
1013 3938 1063 4010 qui
1078 3951 1107 3993 se
1121 3950 1179 3993 non
1203 3935 1363 3990 diffitentur
1387 3934 1566 4005 potissimum
1586 3939 1757 4002 peccatores.
1779 3929 1858 3996 Quod

111 4025 183 4098 qnid
204 4025 294 4079 Maria
318 4025 468 4093 desertius,
507 4025 593 4096 cujus
618 4025 654 4080 ad
683 4025 773 4082 instar
796 4026 891 4097 angeli
921 4026 958 4082 ab
1012 4034 1103 4083 totum
1130 4032 1173 4081 est
1197 4024 1314 4080 dicere:
1336 4021 1483 4093 Quidquid
1506 4020 1649 4086 innocens,
1672 4025 1700 4075 et
1728 4026 1859 4088 peccator

111 4113 189 4168 omni
214 4125 302 4168 sensu
326 4111 483 4181 voluptatis
504 4112 628 4167 extorris
647 4111 701 4167 luit
726 4112 861 4167 animus?
884 4112 958 4179 Quid
1013 4114 1154 4185 paenitens
1180 4111 1216 4168 ad
1239 4112 1331 4167 Deum
1354 4116 1475 4180 possunt
1498 4109 1603 4165 babere
1620 4106 1741 4171 decoris.
1771 4113 1858 4162 totam

112 4199 204 4269 magis
218 4199 342 4265 invium,
361 4214 428 4270 quae
455 4213 608 4270 nunquam
630 4208 724 4256 mente
748 4200 894 4257 admiserit
916 4200 960 4257 vel
979 4204 1057 4262 bsui
1074 4201 1141 4258 boni
1155 4200 1295 4271 originem
1320 4199 1356 4255 ad
1382 4200 1505 4270 gratiam
1521 4197 1644 4254 reserant
1664 4203 1752 4252 tantae
1775 4193 1858 4250 Goni-

112 4285 204 4356 ipsins
237 4284 371 4357 legitimae
407 4286 628 4359 coniugationis
657 4287 827 4344 assensum?
866 4289 959 4345 Potest
1012 4290 1183 4361 tricis;quae
1195 4289 1251 4344 nisi
1266 4289 1307 4345 sic
1320 4287 1474 4360 genuisset,
1489 4287 1529 4342 sic
1539 4288 1645 4356 justus,
1660 4283 1701 4340 sic
1720 4283 1860 4353 poenitens

113 4374 198 4445 plane
215 4374 244 4429 in
268 4382 363 4431 mente
381 4376 545 4446 cujuspiam
569 4389 672 4432 vacare
688 4377 839 4447 appetitus,
855 4385 882 4433 et
909 4391 958 4448 pa·
1013 4377 1094 4434 nullo
1109 4381 1184 4432 not)
1193 4376 1277 4432 modo
1292 4375 1490 4445 splenduisset.
1504 4372 1539 4428 Ui
1553 4371 1644 4428 visuri
1655 4376 1723 4426 sunt
1738 4369 1859 4440 gloriam

113 4471 172 4520 tere
186 4470 281 4521 tamen
295 4463 350 4520 viae
362 4463 502 4519 martialis
525 4464 676 4520 adventus.
699 4465 779 4521 Unde
805 4467 957 4535 seqnitur:
1014 4465 1126 4522 Domini
1142 4465 1215 4533 (lca.
1232 4478 1318 4530 xxxv,
1334 4462 1372 4534 ι),
1389 4462 1458 4533 quia
1474 4461 1560 4527 illam,
1572 4460 1601 4516 in
1615 4459 1700 4530 cujus
1711 4459 1785 4514 uteri
1802 4457 1861 4513 tba·

113 4553 154 4608 dil
166 4550 323 4608 exsultasti
334 4550 456 4607 solitudo
475 4551 583 4624 (liic).
609 4552 677 4620 Qum
700 4554 811 4609 deserta
834 4552 887 4611 luit
912 4568 961 4624 per
1014 4553 1089 4610 lamo
1103 4551 1138 4608 de
1152 4550 1213 4608 suis
1232 4549 1372 4621 gloriatus
1386 4555 1428 4604 est
1455 4546 1575 4616 nuptiis,
1591 4560 1657 4602 cum
1674 4545 1718 4601 sui
1745 4543 1860 4608 Christi,

108 4640 381 4710 impassibilitatem,
411 4641 489 4696 invia
513 4642 599 4697 etiarn
636 4655 687 4712 per
718 4642 860 4698 licitorum
889 4656 960 4698 con·
1013 4651 1041 4700 et
1067 4654 1167 4698 eorum
1184 4653 1258 4711 quos
1280 4638 1400 4694 redemit
1413 4636 1511 4693 tructu
1532 4641 1600 4691 sunt
1626 4633 1736 4690 visione
1761 4646 1861 4703 perpe·

114 4729 365 4799 temptibilitatem,
394 4729 424 4784 in
451 4736 531 4786 tanta
557 4730 709 4786 solitudine
735 4732 796 4801 jam
823 4730 958 4797 exsultat,
1015 4736 1064 4784 tua
1091 4725 1278 4795 complexuri.
1315 4725 1412 4780 Visuri
1441 4723 1526 4778 etiam
1560 4728 1628 4777 sunt
1652 4720 1784 4777 decorem
1813 4718 1861 4774 lici

113 4816 184 4888 qnia
201 4817 262 4874 sine
291 4817 511 4887 praecedentium
538 4831 572 4874 ac
590 4819 805 4875 succedentium
829 4818 960 4888 exemplo
1013 4813 1220 4885 nostritliid.),
1251 4815 1339 4883 ipsam
1356 4809 1731 4882 scilicetjamclaritlcatam
1745 4820 1863 4865 carnem

114 4912 234 4962 constat.
252 4904 333 4961 Unde
354 4911 382 4961 et
409 4903 521 4961 beatam
544 4920 574 4962 se
598 4907 747 4962 dicendam
770 4907 806 4963 ab
825 4905 961 4961 omnibus
1014 4903 1062 4961 cni
1076 4905 1134 4960 Deo
1150 4902 1273 4974 propitio
1287 4900 1463 4958 merebimur
1477 4896 1659 4955 conlormari.

114 4993 350 5065 generationibus
369 5000 466 5049 cantat
482 4995 558 5062 (Luc.
583 5008 603 5061 ι,
618 4995 674 5063 48).
699 4995 769 5059 Quae
789 4995 866 5049 enim
891 4994 961 5050 adeo
1333 4987 1450 5044 CAPUT
1470 4986 1541 5042 lllv.

113 5079 240 5137 solitaria
253 5095 341 5152 quam
363 5081 412 5137 illa
428 5096 494 5152 quae
509 5089 600 5139 totnm
616 5083 693 5154 quod
714 5090 756 5138 est
783 5081 812 5137 in
829 5089 962 5138 creatura
1050 5077 1227 5151 Apostrophe
1240 5075 1279 5130 ad
1293 5076 1328 5130 B.
1346 5074 1505 5147 Viqqincm.
1522 5103 1555 5113 -
1568 5071 1758 5142 aliquandiu,
1776 5082 1865 5139 super

115 5168 316 5238 praetervolat?
1015 5180 1113 5223 omnes
1135 5165 1284 5221 benedicta
1306 5161 1437 5229 teminas,
1456 5162 1483 5217 in
1500 5161 1557 5217 tuis
1572 5159 1708 5215 laudibus
1721 5158 1863 5224 delectati,

150 5256 317 5327 Etstorebit
338 5259 423 5329 quusi
448 5256 543 5313 tilium
569 5259 640 5327 ilco.
668 5272 754 5326 xxxv,
786 5257 821 5328 ι).
853 5258 962 5313 Νιιιιιι
1016 5255 1052 5310 ad
1068 5262 1094 5310 te
1109 5253 1225 5310 tandem
1241 5252 1305 5307 licet
1320 5249 1539 5320 supramodum
1560 5254 1731 5317 peccatores,
1754 5246 1863 5316 cogita·

115 5343 167 5400 lilii
180 5352 222 5400 est
237 5352 269 5401 ut
293 5344 403 5401 desecto
422 5345 580 5402 solotenus
603 5345 696 5414 stipite
720 5346 742 5400 si
771 5349 849 5401 terra
867 5344 964 5400 obvol·
1017 5343 1107 5399 tiones
1128 5355 1164 5423 ac
1177 5340 1266 5397 verba
1284 5335 1488 5394 convertimus.
1512 5335 1655 5391 Desiderio
1670 5341 1766 5390 nostro
1788 5333 1825 5388 ad
1838 5340 1866 5388 te

115 5438 211 5500 vatur,
224 5439 275 5490 aut
300 5446 385 5508 aquae
399 5434 436 5490 ab
458 5433 516 5489 imo
531 5433 776 5501 inferatur,corna
799 5433 862 5506 ejus
882 5433 962 5490 eruo·
1016 5431 1204 5498 laudandam,
1233 5428 1269 5485 ad
1296 5436 1323 5484 te
1347 5424 1590 5496 complectendam
1617 5421 1780 5479 satisfacere
1807 5435 1865 5476 non
