3818 6008
90 108 142 161 833

631 107 744 165 uesta
764 107 821 164 bet
843 111 912 167 PER
934 110 1102 167 FNANCOS.
1116 143 1147 152 —
1165 111 1229 169 llll.
1252 113 1292 169 lx.

1788 125 1841 178 est

87 237 160 293 nihil
173 237 346 305 excipiatur,
369 251 435 308 quse
448 237 602 308 geuraliter
629 239 848 311 specialiterque
866 249 935 298 suut
953 244 977 296 ll
993 250 1044 309 ret,
1059 241 1175 300 collium
1191 258 1393 315 praeoccupare
1414 247 1545 316 vicinias,
1562 250 1690 307 locorum
1713 267 1840 311 summo·

86 333 176 393 acta;
196 333 267 395 quot
291 324 338 380 hic
365 324 464 391 millia,
482 333 552 394 quot
574 339 590 381 e
615 327 731 396 regione
746 327 937 399 luerunt,qui

86 420 233 481 pretores,
249 413 299 483 qui
315 412 400 483 legati
419 411 487 468 huic
498 412 667 470 distinendae
682 416 792 483 manui,
809 418 859 486 qui
879 417 936 474 du·

84 503 199 572 sesqui
220 500 338 556 aliunde
349 499 493 570 principes
513 498 702 570 praefuerant,
728 501 799 572 quid
823 502 935 573 equita-

84 595 146 654 tus,
171 587 242 658 quid
276 586 347 641 levis
368 594 519 642 armatura
542 586 694 657 peregerit,
721 597 793 658 quot
821 589 937 658 spiculis

83 682 170 731 scuta
198 674 327 745 trajecta,
356 680 384 730 et
411 680 442 729 ut
469 688 570 730 eorum
599 678 712 746 proprie
737 678 832 734 verbis
858 687 934 745 utar,

88 769 275 833 «postquam
299 759 440 827 consules,
462 766 513 815 aut
536 774 587 831 pro
613 762 780 819 consulibus
808 764 936 821 occinere

85 848 226 920 receptui,
241 870 255 897 o
270 847 491 918 quotdirempto
502 845 599 917 praelio
615 848 671 905 sint
686 849 848 919 desiderati,
865 858 937 922 quot

84 937 187 993 saucii.
218 935 275 992 Nos
303 934 355 1004 qui
371 935 433 990 hec
447 934 612 1002 scribimus,
632 937 708 993 sicut
721 937 779 993 alia
800 938 936 1009 professio

83 1023 204 1092 detinet,
230 1031 258 1081 et
269 1037 367 1080 rerum
389 1023 461 1078 visio
477 1023 589 1080 nullam
603 1025 710 1094 praebet
726 1026 888 1097 audaciam,
905 1028 934 1084 in

84 1113 237 1172 referendo
247 1113 347 1170 audita
361 1113 529 1170 censuimus
541 1112 694 1184 aliquoties
708 1115 794 1172 etiam
816 1128 935 1185 parsum

85 1201 132 1258 iri.
150 1204 194 1260 dx
212 1201 395 1259 iulianorum
418 1200 571 1270 disciplina
603 1202 755 1272 quiritum,
786 1201 935 1276 legionarii

85 1292 203 1361 milites,
218 1298 332 1357 turmae,
351 1289 490 1360 manipuli
506 1298 534 1346 et
549 1291 679 1347 cohortes
689 1293 810 1362 prosois
824 1293 935 1364 quique

83 1383 274 1456 cogebantur,
292 1381 383 1455 signis
395 1381 537 1450 assistere,
555 1391 669 1453 propter
682 1391 846 1454 opportuna
861 1384 933 1454 loca,

84 1486 146 1528 non
172 1484 255 1528 secus
278 1483 311 1526 ac
335 1469 438 1540 oppida
465 1468 508 1525 vel
532 1470 625 1535 urbes,
641 1477 734 1526 castra
753 1471 827 1526 vallo
842 1472 935 1527 turri-

83 1560 200 1629 busque
220 1557 405 1630 praecingere,
422 1557 471 1615 ubi
487 1558 616 1615 acierum
636 1559 786 1629 productio
802 1557 932 1615 immine·

995 345 1060 400 pere
1071 331 1235 402 iniquitates
1250 335 1405 406 excedere3
1427 336 1465 393 ibi
1491 338 1626 397 calonum
1656 340 1841 414 lixarumque

995 432 1149 475 numerosa
1164 420 1267 489 oldcia,
1290 423 1437 479 exercitus
1463 425 1666 495 impedimenta
1689 429 1839 487 ditissima.

994 504 1031 560 At
1045 505 1134 576 hujus
1148 507 1265 575 ordinis,
1284 509 1339 565 imo
1355 510 1513 581 industria,
1530 514 1600 584 quia
1615 530 1686 586 pene
1699 515 1841 574 nilexsti-

996 593 1028 648 tit
1056 595 1133 663 apud
1156 605 1279 664 nostros,
1303 611 1360 652 non
1390 598 1483 655 dicam
1506 600 1644 657 Francica
1670 603 1838 673 temeritate,

994 680 1042 736 sed
1055 681 1109 738 lide
1124 692 1293 752 experrecta
1306 693 1334 740 et
1347 685 1459 743 viribus
1471 697 1536 744 acta
1552 703 1596 745 res
1610 697 1662 746 est.

1029 768 1131 826 Dicant
1145 772 1196 842 qui
1208 773 1311 829 volant
1327 774 1412 845 plura
1422 776 1604 833 meomisisse
1618 792 1707 848 quam
1723 778 1841 849 scripse·

992 859 1059 922 rim,
1081 872 1133 930 ego
1160 859 1251 917 malui
1278 863 1453 919 minorasse
1475 877 1565 936 quam
1585 864 1701 922 nimius.
1728 864 1757 923 Si
1780 880 1840 936 qua

994 945 1068 1002 lacta
1083 946 1139 1002 alia
1154 948 1220 1018 quis
1234 951 1356 1016 noverit,
1374 951 1499 1019 ntandet,
1514 950 1563 1009 ubi
1579 951 1731 1008 scribenda
1744 950 1840 1009 libue-

993 1033 1039 1089 rit.
1064 1032 1250 1092 Gratulemur
1271 1034 1329 1091 Deo
1350 1038 1495 1108 tantisque
1517 1039 1683 1107 victoribus,
1700 1038 1752 1110 qni
1774 1039 1838 1096 lra-

994 1123 1142 1177 mentariae
1166 1123 1207 1178 rei
1233 1121 1337 1192 inopia,
1354 1123 1436 1181 lassis
1455 1125 1617 1184 didicerunt
1637 1127 1768 1187 victitare
1788 1143 1837 1187 ra·

992 1208 1115 1266 dicibus.
1135 1209 1240 1280 Siquis
1258 1210 1293 1267 de
1318 1210 1503 1283 Parthorum,
1523 1229 1597 1286 quos
1623 1217 1731 1273 Turcos
1762 1216 1838 1275 dixi·

992 1312 1068 1367 mus,
1084 1307 1135 1355 aut
1155 1298 1275 1356 Caucasi
1291 1302 1406 1357 nomino
1419 1303 1556 1375 ambigat,
1578 1304 1707 1362 Soliaum
1727 1306 1767 1362 De
1782 1321 1839 1363 me-

992 1386 1190 1456 morabilibus,
1216 1388 1382 1465 Pompeium
1411 1391 1537 1459 Trogum
1562 1391 1597 1446 de
1621 1392 1732 1463 origine
1773 1393 1840 1450 Par-

992 1475 1233 1544 thica,lordanem
1244 1476 1396 1534 Gothicum
1410 1478 1445 1534 de
1459 1478 1563 1535 Baetica
1574 1487 1694 1551 retegat.

568 1683 640 1737 Dente
653 1697 716 1750 ergo
733 1682 842 1738 tandem
856 1687 904 1753 pio
918 1684 1006 1739 labori
1020 1686 1096 1740 limes
1110 1685 1233 1741 meietot.
1249 1686 1348 1742 Amen.

538 1831 679 1876 hxrtlctr
703 1832 793 1878 trualt
816 1833 871 1878 vlit
895 1833 1058 1879 GESTORUH
1083 1835 1134 1879 bul
1159 1834 1216 1879 rhu
1240 1834 1387 1881 FRANCOS.

742 2093 918 2180 LIBER
960 2090 1170 2193 NONUS,

676 2250 729 2316 ln
753 2249 848 2315 ntro
872 2248 1016 2315 horrus
1039 2247 1238 2315 adoreon.

118 2507 158 2559 lle
176 2501 322 2558 Baldrte'oo
342 2518 420 2573 repe,
450 2500 557 2556 Pacem
584 2499 639 2555 init
665 2515 732 2554 cem
753 2497 929 2570 imperatore
948 2496 1048 2554 iidem
1068 2497 1243 2568 ¹sponsiones
1274 2507 1453 2555 sacramento
1483 2499 1705 2567 firmaverimus,
1734 2500 1833 2557 vindi·

79 2589 269 2662 Babylonico.
285 2619 321 2629 -
334 2589 419 2645 Auno
441 2587 595 2643 [lominica
611 2586 821 2642 incarnationis
835 2583 931 2641 mille-

79 2678 153 2734 simo
176 2677 330 2733 centesimo
346 2673 526 2741 duodecimo,
550 2687 602 2729 rex
622 2671 783 2728 balduinus
798 2685 930 2741 saepenu-

81 2778 161 2821 mero
202 2762 333 2819 hostibus
363 2760 499 2818 lacessitis
524 2760 631 2817 multas
669 2759 931 2816 ascalonicensium

80 2861 194 2924 strages
208 2851 343 2916 dederat;
362 2848 576 2920 sedquoniam,
600 2863 665 2920 quae
680 2847 858 2920 largirentur
880 2861 930 2916 pe-

81 2941 205 3012 regrinae
219 2939 339 3006 militiae,
360 2937 497 2994 donativa
511 2936 683 3006 deiecerant,
700 2951 735 2992 na
751 2949 848 2992 rerum
861 2947 931 3005 prae·

81 3031 160 3086 clare
189 3035 337 3099 gestarum
360 3025 446 3081 lacios
467 3032 630 3080 mutaretur
656 3023 779 3079 nimium
816 3021 930 3079 vereba-

82 3126 141 3185 tur,
157 3117 192 3173 de
204 3114 408 3186 suspendenda
423 3112 642 3182 necessitudine,
658 3111 754 3183 sagaci
775 3111 930 3168 intentione

83 3214 247 3277 pertractat,
280 3204 409 3261 adhibito
438 3200 614 3272 propensiori
654 3200 820 3272 principum
855 3205 930 3255 454

81 3294 285 3351 consiliarios
307 3305 397 3364 parva
411 3303 538 3360 namque
563 3287 666 3360 legatio
694 3287 929 3352 sarracenorum,

81 3396 171 3441 causa
184 3380 400 3452 expostulandae
419 3378 509 3449 pacis,
529 3391 563 3433 ea
581 3383 745 3445 tempestate
767 3372 931 3444 llierosoly-

82 3473 137 3529 mis
146 3476 330 3528 convenerat.
343 3467 423 3524 Unde
431 3467 538 3536 justam
550 3472 641 3530 ratus,
663 3475 752 3533 quam
766 3474 784 3516 a
799 3460 931 3516 barbaris

80 3560 247 3629 rogabatur,
272 3554 339 3612 belli
369 3552 563 3620 omissionem,
585 3551 700 3607 directae
735 3547 871 3619 legationi
900 3554 931 3603 ut

80 3656 205 3719 utraque
236 3660 302 3717 pars
343 3650 502 3714 opportuno
542 3638 694 3696 conveniat
733 3637 792 3692 lom
819 3635 928 3705 indicit,

83 3760 94 3786 t
122 3750 241 3807 equum
267 3735 295 3789 in
322 3743 480 3803 regnorum
505 3727 612 3783 linibus
639 3732 761 3782 tractare
776 3724 809 3781 de
825 3723 931 3781 loedere

984 2592 1059 2642 ctam
1085 2584 1225 2643 calestem
1256 2587 1282 2643 ei
1312 2589 1362 2658 qui
1403 2586 1496 2644 landus
1524 2589 1687 2659 corruperit
1724 2589 1832 2659 impre-

986 2674 1128 2731 cabimur.
1157 2695 1167 2722 ›
1202 2674 1264 2742 Quo
1290 2676 1376 2742 dicto,
1408 2673 1492 2733 lavor
1517 2677 1671 2747 utrobique
1712 2676 1833 2746 tollitur,

985 2765 1140 2834 statimque
1160 2763 1303 2834 principes
1317 2763 1427 2820 mutuis
1445 2777 1505 2820 sese
1525 2778 1655 2834 recepere
1669 2763 1832 2835 colloquiis.

1026 2850 1131 2906 Urbem
1144 2851 1358 2923 Jerosclymam
1381 2851 1541 2924 imperalcr
1556 2852 1619 2925 ipse
1625 2852 1837 2921 fraudulenter

983 2938 1094 2996 ioeieit.
1105 2940 1202 2997 -Uhi
1216 2940 1276 3011 jam
1291 2941 1408 3013 majoris
1419 2940 1530 2998 liduciae
1545 2941 1623 3012 apud
1642 2955 1739 3013 regem
1765 2941 1836 2998 bar-

985 3028 1073 3084 barus
1095 3028 1205 3084 aditum
1240 3029 1366 3086 invenit:
1396 3051 1406 3078 ι
1433 3028 1586 3096 Quoniam,
1618 3027 1724 3100 inquit,
1746 3028 1836 3085 armis

985 3117 1103 3188 abjectis
1115 3116 1256 3174 bellorum
1275 3131 1379 3175 causas
1394 3117 1537 3174 interdum
1553 3118 1724 3186 exemimus,
1741 3117 1834 3174 multa

985 3205 1056 3259 nnihi
1071 3204 1188 3262 accessit
1208 3206 1434 3277 Hierosolymam
1447 3204 1561 3261 videndi
1579 3204 1677 3268 libido,
1698 3205 1777 3276 quia,
1794 3218 1831 3261 ex

984 3307 1017 3348 co
1037 3300 1164 3363 tempore
1186 3309 1245 3364 quo
1271 3309 1334 3350 eam
1364 3293 1525 3365 expugnati
1552 3292 1707 3349 aPrancis
1739 3293 1835 3349 amisi·

984 3393 1059 3445 mus,
1087 3378 1197 3435 meliori
1228 3388 1306 3437 statu
1336 3374 1518 3437 reformatam
1552 3379 1729 3437 audivimus.
1759 3381 1832 3437 Cum

985 3464 1173 3536 quantislibet
1198 3466 1281 3523 sociis
1310 3466 1384 3522 inira
1411 3467 1513 3523 urbam
1542 3465 1654 3522 admitti
1700 3466 1832 3536 deposco.

986 3553 1066 3610 lllam
1091 3561 1204 3610 tantum
1226 3554 1350 3622 videam,
1367 3562 1396 3611 et
1421 3553 1532 3622 vidisse,
1551 3554 1621 3609 satis
1637 3552 1706 3609 mihi
1723 3552 1832 3610 lactum

986 3640 1120 3712 pensabo.
1148 3661 1162 3690 «
1191 3640 1248 3697 Nec
1273 3640 1369 3697 renuit
1398 3654 1459 3705 rex,
1490 3640 1598 3712 quippe
1624 3652 1712 3711 quem
1741 3638 1831 3695 dolosi

987 3728 1182 3785 fraudulentia
1197 3728 1321 3785 hominis
1335 3729 1449 3784 latebat.
1474 3728 1544 3785 Toto
1560 3727 1724 3799 regreditur
1739 3727 1831 3784 Asca-

80 3825 184 3896 pacis›
205 3823 386 3880 existimaus.
409 3816 540 3887 Regressi
556 3814 650 3871 nuntii
668 3812 824 3883 prinoipem
841 3825 928 3868 snum
949 3805 1076 3874 Clonem
1106 3815 1298 3873 barbarorum
1313 3828 1428 3872 manus.
1457 3815 1658 3873 Admiravisus
1680 3816 1831 3887 perpaucis

81 3911 227 3968 mandatis
254 3911 418 3965 instruunt:
441 3905 554 3976 placent
578 3901 680 3957 delatae
705 3898 860 3970 pactiones,
878 3896 929 3953 de·
982 3902 1110 3969 retentis,
1130 3917 1226 3974 regem
1247 3916 1339 3973 usque
1367 3901 1589 3972 Hierosolymam
1606 3902 1770 3959 comitatur.
1787 3902 1830 3959 lia

79 4001 216 4059 nuntiata
230 3997 412 4071 prestolatur
431 3994 499 4051 dies.
516 3994 578 4061 Qua
600 3992 782 4055 adventante,
795 3986 930 4059 designa·
984 3991 1099 4047 interim
1129 3989 1174 4046 dio
1199 3989 1353 4047 siluerunt.
1380 3989 1412 4045 ln
1440 3989 1609 4058 crastinum,
1633 3989 1689 4046 suh
1711 3990 1831 4047 honoris

79 4099 128 4149 tus
143 4089 181 4145 ab
200 4088 332 4158 utrisque
353 4082 535 4156 principibus
559 4081 657 4138 aditur
676 4079 765 4136 locus.
795 4076 852 4133 Nec
873 4088 930 4131 mo
983 4080 1103 4136 obtentu
1117 4077 1306 4150 quisbusdam
1328 4085 1492 4135 uostmrum
1512 4077 1680 4149 proceribus
1693 4078 1831 4146 vallatus,

79 4181 148 4237 dica
172 4185 337 4234 nostrarum
362 4175 488 4245 partium
508 4185 575 4227 cum
597 4166 842 4227 christianissimo
863 4178 930 4236 rege
986 4182 1045 4223 non
1077 4166 1160 4223 modo
1183 4172 1375 4236 spectaturus,
1390 4180 1492 4222 verum
1506 4165 1714 4237 exploraturus
1728 4166 1832 4224 arbem

76 4266 199 4324 accessit
224 4262 404 4335 lrequentia;
433 4259 532 4317 Gentis
558 4272 624 4314 vero
640 4256 768 4328 prolana
783 4268 851 4311 cnm
876 4265 929 4308 suo
984 4254 1118 4325 procedit.
1136 4254 1190 4311 Ubi
1220 4252 1326 4324 templa
1352 4253 1396 4310 vel
1409 4254 1541 4311 ecclesias
1561 4254 1714 4326 fulgentes,
1729 4268 1831 4312 eversa

76 4353 254 4412 admiraviso
271 4349 405 4408 immanis
422 4347 539 4404 ernersit
552 4344 736 4416 populositas.
764 4340 827 4398 Non
846 4337 930 4395 valde
983 4358 1103 4400 suorum
1127 4341 1248 4412 antiqua
1275 4340 1407 4404 delubra,
1435 4343 1596 4399 destructas
1627 4355 1703 4410 aras,
1722 4348 1832 4398 statum

75 4440 413 4517 procul,eregionchis
435 4445 462 4494 et
488 4436 543 4493 illis
564 4431 794 4497 consistentibus,
820 4428 929 4486 harba—
984 4432 1064 4490 urhis
1085 4445 1163 4488 more
1182 4431 1346 4488 Christiano
1379 4431 1563 4488 immutatum
1597 4430 1677 4500 vidit,
1705 4429 1769 4488 lello
1796 4430 1832 4486 de

74 4546 130 4592 rus
152 4529 210 4602 regi
239 4527 496 4598 hierosolymitano
511 4538 561 4594 per
576 4524 744 4591 interpretes
769 4518 886 4575 mandat
897 4524 929 4574 ut
983 4519 1073 4575 nimio
1100 4517 1273 4588 lacrymasse
1298 4517 1476 4588 perhibetur.
1502 4517 1596 4574 Nostri
1620 4517 1748 4588 quidem,
1779 4516 1831 4588 qui

72 4633 154 4692 quas
171 4618 239 4675 velit
266 4617 412 4688 pactiones
432 4614 536 4680 edicat,
557 4626 587 4667 se
614 4622 731 4680 quoque
755 4603 929 4663 omnimodis
983 4604 1055 4662 nihil
1082 4603 1149 4661 mali
1174 4603 1209 4660 de
1237 4604 1301 4660 viro
1324 4603 1558 4673 suspicabantur,
1574 4603 1714 4674 ejusmodi
1731 4602 1832 4661 lletum

71 4713 294 4765 exsecuturum.
323 4704 396 4760 Tum
428 4715 495 4758 vero
515 4701 576 4757 ilex
597 4698 703 4753 :«Pro
727 4708 791 4760 suo,
821 4691 928 4763 inquit,
984 4696 1115 4766 pietatem
1141 4691 1327 4749 estimavere.
1352 4693 1474 4749 murum
1491 4693 1526 4748 ad
1558 4706 1677 4764 regem:
1707 4714 1719 4742 ι
1755 4692 1830 4760 Nou,

71 4795 148 4860 ritu,
180 4793 277 4850 viram
303 4790 372 4847 satis
399 4788 562 4845 censorium
591 4783 758 4841 audivimus
782 4788 810 4838 et
844 4778 929 4837 malle
984 4781 1088 4853 inquit,
1113 4780 1225 4836 delatus
1251 4788 1354 4836 vestrae
1378 4779 1476 4850 gloria
1509 4793 1562 4836 nos
1588 4777 1692 4836 delusit
1719 4793 1830 4848 rumor,

71 4881 283 4953 occidi,quam
308 4879 428 4950 prodere
445 4878 495 4949 jus
515 4872 770 4932 dataesecuritatis.
789 4871 829 4926 De
854 4883 930 4927 com·
982 4885 1049 4928 cnm
1077 4869 1187 4941 potiora
1213 4881 1301 4940 quam
1335 4867 1483 4923 audieram
1515 4866 1575 4938 ipse
1617 4866 1700 4923 modo
1740 4866 1833 4923 oculis

73 4968 222 5028 meatibus
242 4974 494 5037 mercatorumque
525 4963 669 5022 mercibus
693 4969 770 5018 terra
796 4959 929 5031 marique
983 4957 1197 5029 usurpaverim.
1238 4955 1324 5012 Plane
1349 4954 1493 5024 profiteor,
1530 4967 1700 5025 quanquam
1725 4956 1830 5011 nostrat

73 5057 204 5125 tuendis,
221 5056 256 5113 de
269 5056 415 5126 lignorum
431 5053 625 5111 vectatoribus
643 5063 700 5106 uon
719 5045 927 5120 inquietandis,
948 5047 1055 5154 I‚parti
1072 5047 1210 5118 derogare
1222 5045 1331 5111 videar,
1345 5044 1436 5101 multo
1459 5057 1549 5115 quam
1574 5044 1679 5100 nostris
1693 5043 1832 5115 tempori·

73 5148 113 5205 de
135 5145 287 5203 nocturnis
317 5141 576 5215 lrequentibusque
602 5137 760 5196 latrociniis
787 5135 928 5200 vetandis,
984 5133 1049 5201 bus,
1075 5132 1178 5190 urbem
1205 5145 1284 5188 nunc
1300 5130 1425 5188 leliciora
1450 5131 1578 5188 obtinere
1593 5131 1779 5189 incrementa.
1795 5136 1832 5189 tlt

74 5237 114 5294 de
139 5233 330 5293 dillundenda
357 5232 461 5304 passim
477 5243 556 5302 pace,
587 5227 672 5285 iidem
690 5241 725 5283 ac
746 5224 929 5283 securitatem
985 5236 1037 5280 nos
1060 5219 1266 5279 munilloentise
1301 5226 1405 5277 vestre
1427 5219 1641 5290 respondentes,
1666 5220 1736 5278 huic
1760 5222 1832 5279 satis

76 5338 134 5383 suo
154 5322 214 5380 ritu
243 5320 287 5378 vel
315 5333 393 5377 more
408 5316 570 5385 mammen
587 5320 614 5372 et
637 5326 703 5371 cam
717 5311 788 5383 ipsis
801 5324 854 5368 nos
868 5322 931 5367 eas·
985 5306 1204 5379 cooperabimur
1232 5306 1338 5378 gloria.
1368 5305 1441 5378 Opes
1463 5306 1615 5366 advectare
1644 5307 1831 5381 Babylonicas
