3818 6008
71 221 123 274 ddi
355 215 361 228 ⁸
530 214 678 271 APPERD.
701 216 749 269 sil
768 214 835 269 titt.
861 214 897 269 lli
915 213 1085 271 ebibebat
1104 215 1150 271 hii
1169 214 1247 270 vira
1265 213 1342 270 SUA.
1778 217 1829 270 968

71 351 227 410 Αιιιιιιιιιιι
247 356 366 406 matrem
394 347 508 404 Ricardi
531 347 722 405 virdunensis
749 362 783 404 ac
808 348 921 406 ιιιιιιιι-
941 347 1101 419 llrcligiosi
1120 348 1174 405 viri
1190 354 1222 405 ιιι
1235 346 1338 404 ιιιιιοι
1351 360 1387 404 ex
1402 346 1514 404 clericis
1528 346 1644 418 aliquos
1664 347 1734 404 boni
1750 349 1829 404 testi-

72 439 171 497 uensis
183 435 387 495 archidiaconi.
976 436 1064 492 monii
1079 436 1165 498 viros.
1183 450 1249 492 cunr
1276 434 1407 504 reliquiis
1432 435 1560 492 Dominae
1578 443 1685 493 nostrae
1698 443 1729 492 et
1759 435 1830 493 alio-

108 528 160 584 Ric
172 540 240 595 ergo
260 522 488 579 Bartholomaeus
516 521 612 579 adhue
628 522 769 592 puerulus
783 522 811 578 in
829 522 922 579 Fran·
976 537 1042 580 rum
1059 531 1235 590 sanctorum,
1253 536 1302 593 per
1331 523 1481 579 Franciam
1501 524 1538 579 ad
1562 525 1744 593 expetendas
1764 524 1829 580 lide

71 617 145 673 ciam
160 614 196 670 ad
212 612 333 668 Ebalum
349 612 528 667 avunculum
554 626 641 668 suum
656 612 786 667 comitem
805 611 921 668 uncini-
977 612 1046 668 lium
1076 613 1271 682 eleemosynas
1285 612 1563 683 ltransmitteremus.
1593 613 1704 669 Eorum
1735 613 1831 683 itaque

71 718 130 760 sem
156 700 293 767 defertur,
324 700 483 770 litterisque
499 700 772 757 traditusadomno
795 701 923 757 Manasse
975 701 1095 759 consilio
1130 701 1272 772 elegimus
1304 708 1411 771 septem
1444 703 1598 758 canonicos
1621 715 1660 757 ex
1686 701 1832 761 iratribus

72 793 225 849 Remorum
263 789 485 858 archiepiscopo,
521 789 622 845 matris
663 803 724 845 suae
764 788 922 855 avunculo,
977 789 1091 857 nostris,
1131 788 1269 844 Bosooem
1296 787 1413 855 scillcet,
1450 788 1616 857 Robertum,
1652 787 1831 855 anselmum,

71 879 222 945 educatur,
245 876 277 948 let
306 874 398 946 primo
424 876 581 932 canonicus
609 875 720 932 Sanctae
749 876 845 933 liariae
873 876 924 932 Re·
976 878 1159 944 norbertum,
1198 876 1365 945 Robertum,
1411 876 1605 945 Bouelacium,
1644 876 1833 934 Amisardum

71 965 178 1023 mensis
215 964 353 1032 ecelesiae,
394 963 497 1020 deinde
546 964 744 1021 thesaurarius
781 964 919 1021 allicitur.
977 966 1187 1036 presbyterum,
1202 962 1341 1031 Odorem,
1357 963 1408 1033 qui
1430 971 1527 1033 postea
1542 964 1596 1021 luit
1611 964 1705 1022 abbas
1730 977 1834 1020 mona·

72 1054 171 1112 Postea
193 1067 262 1109 vero
287 1066 354 1109 cum
368 1052 429 1122 jam
458 1050 659 1108 laudunensis
695 1052 828 1108 Ecclesiae
852 1059 925 1108 esset
977 1051 1054 1108 sterii
1071 1050 1149 1122 quod
1164 1049 1272 1106 dicitur
1292 1048 1468 1119 BonaSpei.
1491 1049 1520 1104 in
1540 1049 1714 1120 episcopatu
1732 1050 1833 1106 Came·

71 1141 237 1207 canonieus,
265 1140 354 1197 Adela
379 1141 603 1197 vermandensis
631 1141 784 1208 comitissa,
815 1141 924 1212 conjux
977 1140 1099 1197 racensl.
1116 1138 1169 1196 Sex
1181 1151 1299 1209 quoque
1314 1137 1402 1195 laicos
1416 1151 1453 1195 ex
1468 1137 1583 1194 civibus
1596 1138 1639 1195 eis
1654 1137 1832 1206 addidimus,

72 1230 203 1302 lingonis
221 1229 328 1301 llagni,
359 1228 412 1299 qui
436 1228 490 1285 luit
518 1241 675 1299 germanus
699 1227 823 1298 Philippi
850 1230 925 1301 regis
977 1228 1133 1285 Ricardum
1163 1225 1304 1293 videlicet,
1329 1227 1470 1283 loannem
1498 1225 1570 1294 Piot,
1585 1227 1731 1291 odonem,
1751 1226 1834 1282 ιιιιι-

73 1318 259 1384 Francorum,
286 1331 352 1373 cunr
377 1325 573 1387 postmortem
589 1316 716 1387 ejusdem
736 1316 873 1388 llugonis,
890 1317 925 1375 de
978 1317 1102 1382 bertum,
1118 1315 1267 1380 Bosonem,
1282 1323 1310 1371 et
1332 1314 1541 1372 theodoricum
1555 1314 1592 1371 de
1619 1315 1763 1372 Brueriis.
1780 1315 1834 1370 Ros

72 1420 131 1477 quo
159 1412 300 1477 genuerat
329 1403 485 1460 Radullum
515 1403 645 1459 comitem
670 1404 922 1474 vermandensem,
979 1405 1076 1475 itaque
1093 1417 1160 1460 cum
1183 1403 1287 1459 ieretro
1312 1402 1440 1459 llomiuae
1456 1410 1571 1469 nostrae,
1599 1411 1627 1460 et
1657 1402 1727 1459 aliis
1742 1404 1835 1472 capsis

71 1501 100 1551 et
128 1493 271 1549 Simonem
306 1491 470 1562 episcopum
505 1490 736 1557 Noviomensem,
782 1492 925 1561 nupsisset
977 1491 1169 1564 reliquiarum
1205 1490 1419 1548 transmisimus
1441 1491 1479 1548 ad
1506 1491 1675 1562 accipienda
1713 1491 1834 1547 donaria

72 1582 212 1639 Reinaido
240 1581 337 1638 comiti
371 1579 607 1647 Ciaromoutensi,
637 1579 770 1636 eumdem
800 1579 923 1638 Bartho·
980 1583 1117 1640 lldelium.

73 1670 209 1727 lomaeum
236 1670 321 1726 sciret
348 1667 444 1724 mariti
472 1668 517 1724 sul
538 1681 599 1723 esse
625 1665 842 1730 wnwbrintlffls
872 1642 964 1733 9¹⁸⁰ss
1014 1671 1140 1730 Ecclesia
1165 1684 1233 1727 vero
1273 1669 1368 1727 luerat
1394 1683 1533 1726 succensa
1555 1669 1627 1727 ieris
1651 1671 1763 1741 quinta
1785 1683 1835 1741 pa·

73 1772 171 1815 amore
195 1759 259 1830 eius
283 1757 348 1814 iecit
362 1771 428 1814 eum
452 1755 667 1812 thesaurarium
682 1754 808 1810 ecclesiae
831 1753 921 1808 sancti
977 1759 1083 1816 serratis
1094 1758 1290 1825 hebdomadae,
1308 1759 1422 1829 ipsique
1435 1761 1541 1831 egressi
1554 1767 1623 1816 suut
1644 1757 1835 1830 leriaqoiota

72 1846 202 1916 Quintini
217 1844 457 1915 Velmdssdesssisi
471 1844 580 1916 Slsshues
599 1851 631 1901 ut
658 1841 856 1912 supradictum
870 1848 922 1907 ⁰⁸1,
978 1856 1044 1905 ante
1078 1848 1281 1914 pentecostem,
1312 1846 1340 1903 id
1368 1848 1463 1904 estin
1495 1849 1605 1905 octavis
1638 1849 1834 1915 ascensionis,

72 1935 228 2007 elgeneris
251 1934 409 2002 nobililalE,
425 1941 581 1989 almorum
607 1931 748 2001 probitate
760 1937 787 1986 el
812 1929 924 1985 divitia·
979 1936 1179 2006 demoratique
1194 1942 1371 2005 sumusque
1386 1934 1579 1992 eircalestum
1600 1935 1734 1992 Matthaei
1749 1949 1833 1992 evaq-

73 2037 138 2080 rum
158 2021 307 2093 opulentia
328 2021 401 2077 idem
430 2019 655 2077 Bartholomaeus
681 2019 808 2075 lamosus
836 2017 923 2074 habe·
979 2024 1097 2097 getfstae.
1115 2024 1254 2080 hominos
1275 2037 1354 2094 ergo,
1372 2025 1419 2079 cui
1435 2037 1486 2093 per
1501 2022 1672 2094 prophetam
1703 2023 1832 2080 dicitur:

72 2111 169 2167 batur.
186 2109 300 2165 Electus
321 2109 417 2178 itaque
439 2106 571 2164 unanimi
590 2106 677 2164 totius
692 2105 758 2162 cleri
774 2112 802 2162 et
825 2103 924 2176 populi
981 2116 1084 2171 meus
1108 2112 1237 2184 repulisti
1260 2125 1323 2180 nos,
1350 2118 1378 2168 et
1400 2112 1567 2170 destruxisti
1591 2125 1654 2179 uos,
1677 2112 1775 2169 iratus
1796 2126 1833 2179 ct,

72 2212 193 2254 assensu
209 2197 245 2253 ad
263 2195 461 2267 pontificatum
487 2195 569 2252 urhis
592 2194 924 2261 hauduuensis,domuo
978 2207 1006 2258 et
1032 2199 1165 2255 misertus
1198 2211 1229 2253 es
1255 2196 1344 2253 nostri
1373 2197 1460 2268 (eset.
1500 2212 1556 2267 iux,
1582 2200 1656 2266 3t;»
1688 2207 1720 2256 et
1742 2199 1833 2256 alibi:

72 2284 194 2344 Radullo
214 2286 372 2342 Remorum
400 2284 623 2354 archiepiscopo,
647 2282 698 2353 qui
722 2282 840 2352 praelato
863 2280 923 2338 lla-
981 2310 992 2338 ι
1026 2286 1098 2343 Cum
1138 2286 1231 2341 iratus
1262 2283 1360 2352 lueris,
1403 2284 1606 2342 misericordias
1634 2286 1836 2344 recordaberis

72 2388 155 2431 nasse
185 2373 286 2430 matris
313 2373 377 2444 ejus
414 2371 562 2429 avunculo
588 2379 773 2439 successerat,
803 2384 925 2440 prasen-
979 2373 1107 2447 (Haboc.
1132 2387 1173 2439 ιιι,
1198 2371 1241 2442 ι);
1255 2391 1270 2422 »
1293 2371 1451 2428 Ecclesiam
1475 2379 1613 2440 uestram,
1641 2386 1736 2444 quam
1763 2374 1836 2430 dure

72 2471 160 2529 tatur,
177 2470 204 2519 et
219 2463 254 2519 ab
276 2477 310 2518 eo
339 2460 497 2532 multisque
524 2460 588 2516 aliis
617 2458 767 2530 episeopis,
798 2465 925 2528 tempore
979 2461 1119 2534 llageliari
1140 2461 1317 2531 permiserat,
1341 2459 1474 2529 precibus
1501 2473 1561 2516 sua
1587 2459 1729 2531 piissima
1740 2461 1837 2518 ldatr’u

73 2551 217 2610 Paschalis
232 2562 323 2621 papae,
337 2557 365 2606 et
391 2550 530 2606 Ludovici
546 2549 621 2620 regis
646 2549 833 2612 Francorum,
847 2546 924 2603 cele-
979 2553 1120 2623 placatus,
1140 2564 1199 2606 nou
1222 2548 1335 2606 distulit
1357 2548 1579 2606 misericorditer
1600 2549 1747 2607 refovere.
1774 2548 1838 2607 Plu

72 2640 195 2698 berrime
210 2645 403 2703 consecratus,
434 2637 537 2694 oribus
562 2635 695 2693 desolatis
714 2649 807 2692 novus
829 2643 925 2706 pastor
980 2642 1054 2698 rima
1068 2639 1210 2711 siquidem
1225 2638 1409 2694 miraculaiu
1434 2637 1532 2694 eodem
1563 2637 1666 2695 itinere
1700 2652 1755 2708 per
1773 2639 1838 2710 ejus

73 2727 289 2785 transmittitur.
980 2728 1104 2786 ostendit
1118 2726 1267 2798 reliquias,
1281 2727 1317 2783 de
1332 2724 1442 2796 quibus
1459 2725 1600 2783 nonnulla
1614 2733 1836 2797 pretereuntes,

109 2815 162 2873 sed
187 2813 234 2871 ille
265 2813 439 2871 haudunum
467 2813 597 2882 neumas,
630 2821 658 2870 et
687 2827 744 2870 nou
765 2813 924 2882 ecclesiam,
980 2831 1074 2889 pauca
1103 2823 1228 2882 tantum,
1267 2814 1317 2872 sed
1346 2814 1496 2871 notissima
1520 2822 1703 2884 posterorum
1727 2816 1838 2873 notitia

73 2918 131 2961 non
146 2903 266 2960 domum
292 2903 494 2974 episcopalem,
511 2901 568 2959 imo
591 2901 632 2959 nil
652 2915 725 2972 pene
747 2910 851 2972 prater
879 2904 925 2958 ia·
943 2923 964 2980 ρ
980 2905 1130 2962 scribendo
1145 2901 1377 2960 transmittimus.

73 2992 159 3048 villas
172 2998 200 3048 et
213 2991 324 3048 eineres
339 2990 498 3058 inveniens,
515 2990 570 3046 dici
594 3004 652 3046 nou
675 2997 764 3060 potest
780 2998 923 3060 quantum
978 3005 1045 3060 epp,
1062 3002 1110 3060 tv,
1126 3031 1159 3044 ..
1178 3001 1221 3055 ορ
1236 2998 1344 3055 quotus
1356 2998 1513 3055 contractis
1525 2998 1729 3072 amttam
1743 3000 1837 3056 mut.

73 3079 208 3148 doiuerit,
222 3085 365 3149 quantum
394 3079 547 3150 gemuerit,
576 3078 714 3151 quoniam
738 3093 796 3136 non
820 3093 849 3136 se
876 3080 925 3136 ho·
1262 3069 1371 3125 dunum
1389 3069 1541 3127 castellum

74 3181 144 3225 nore
157 3167 356 3235 sublimatum,
373 3167 423 3224 sed
440 3167 549 3225 honore
563 3166 686 3224 deflebat
700 3175 924 3238 praegravatum.
1013 3172 1045 3226 ln
1062 3183 1135 3240 pago
1159 3165 1342 3225 Butorioensi
1365 3166 1515 3224 castellum
1539 3167 1689 3238 quoddam
1714 3176 1835 3227 vocatur

74 3256 133 3327 ipsi
166 3255 243 3312 enim
278 3255 327 3311 ilia
348 3255 503 3326 scripturae
530 3256 671 3313 sententia
700 3270 757 3312 non
782 3256 925 3313 immerito
979 3257 1166 3314 issuldunum
1183 3254 1290 3326 (vulgo,
1316 3253 1478 3326 issoudun).
1494 3255 1589 3326 liujus
1602 3256 1716 3313 castelli
1746 3256 1833 3313 domi·

73 3344 137 3400 visa
156 3351 199 3400 est
232 3351 301 3401 tuuc
321 3344 457 3415 temporis
484 3359 564 3415 posse
587 3358 761 3416 congruere;
793 3365 805 3394 ‹
834 3345 925 3401 Romo
978 3346 1095 3403 nusvir
1117 3344 1276 3400 ditissimus
1299 3343 1415 3400 nomine
1437 3343 1602 3406 Gaulridus,
1622 3343 1651 3400 iu
1668 3345 1757 3402 domo
1784 3357 1833 3401 sua

73 3431 203 3490 nascitur
217 3432 253 3489 sd
267 3431 394 3489 laborem
411 3432 487 3504 (doh.
503 3447 531 3500 v,
544 3433 585 3504 7).
599 3454 614 3482 »ι
636 3421 694 3489 Nec
714 3446 772 3489 nou
795 3440 823 3489 et
852 3431 923 3489 iilud
978 3435 1064 3507 longo
1077 3442 1204 3503 tempore
1227 3445 1278 3502 pro
1302 3433 1400 3487 anima
1414 3445 1467 3489 sua
1480 3432 1553 3488 duos
1580 3440 1747 3491 contractos
1770 3435 1832 3490 reti·

74 3521 152 3592 quod
179 3520 367 3576 Dominusde
391 3520 584 3591 semetipsoiu
607 3519 768 3591 Evangelio
789 3520 923 3576 sabdi-
980 3530 1085 3581 nuerat
1103 3530 1132 3579 et
1147 3522 1270 3589 aluerat,
1291 3535 1417 3589 quorum
1435 3520 1562 3578 calcanei
1577 3521 1618 3576 ita
1643 3521 1767 3579 uatibus
1790 3523 1833 3577 in-

74 3609 113 3665 cit
130 3609 270 3665 :ciiiilius
296 3608 420 3665 hominis
447 3623 504 3664 non
530 3608 679 3665 habetubi
705 3607 925 3679 caputreclinet
980 3612 1128 3670 herebant
1149 3608 1276 3666 utnullo
1305 3609 1389 3666 modo
1416 3609 1555 3677 incedere,
1586 3609 1632 3667 vel
1661 3624 1695 3667 se
1722 3618 1833 3682 possent

75 3697 154 3766 (huc.
184 3711 224 3765 ιι,
253 3697 339 3766 libi.»
364 3696 438 3753 iilud
464 3698 549 3754 etiam
569 3697 645 3755 beati
673 3697 754 3754 Pauli
781 3696 923 3767 apostoli:
978 3703 1098 3772 erigere.
1127 3697 1264 3768 Suscepto
1296 3699 1395 3770 itaque
1427 3712 1494 3755 cum
1518 3711 1626 3770 magua
1655 3699 1833 3769 precessione

77 3785 129 3841 «si
142 3785 414 3855 quisepiseopatum
434 3786 585 3855 desiderat,
617 3785 726 3843 honum
752 3799 825 3856 opus
851 3785 925 3841 desi·
982 3790 1085 3847 ieretro
1102 3787 1230 3844 Dominae
1245 3795 1350 3844 uostrae
1373 3794 1402 3843 et
1424 3787 1453 3842 iu
1481 3786 1600 3843 ecclesie
1616 3787 1720 3857 posito,
1750 3800 1834 3858 roga·

74 3872 154 3930 derat
182 3872 211 3942 (1
232 3871 353 3928 dimotis.
367 3887 407 3940 ιιι,
432 3872 458 3945 ι)
475 3888 482 3930 :
499 3894 513 3924 s
529 3888 614 3945 opus,
639 3873 744 3944 inquit,
762 3887 821 3931 uon
837 3874 925 3930 hono·
981 3883 1085 3936 rerunt
1100 3890 1129 3933 se
1142 3875 1222 3944 tilluc
1244 3874 1358 3943 deterri,
1378 3883 1406 3931 et
1424 3875 1459 3932 de
1483 3874 1602 3947 limpha,
1627 3888 1689 3946 qua
1706 3876 1833 3947 reliquia

75 3974 146 4018 rem.
163 3959 208 4017 Sic
222 3969 249 4017 et
264 3960 315 4017 iste
342 3961 379 4016 de
400 3975 506 4033 magna
535 3962 645 4032 requie,
666 3970 694 4018 et
720 3961 837 4030 divitiis,
863 3974 928 4017 om·
979 3965 1044 4023 lotae
1070 3964 1195 4032 luerent,
1221 3963 1370 4020 calcaneos
1392 3976 1460 4019 suos
1483 3970 1511 4019 et
1531 3976 1621 4020 crura
1647 3960 1759 4020 lavari.
1775 3961 1833 4031 Quo

75 4048 250 4118 nimodaque
268 4049 396 4119 corporis
424 4048 470 4105 sui
500 4051 648 4108 volontate
673 4050 701 4106 iu
729 4050 823 4106 locum
844 4049 926 4106 deso·
980 4054 1065 4122 lacto,
1089 4053 1185 4110 statim
1210 4052 1325 4109 vidente
1354 4051 1490 4109 universo
1525 4050 1642 4122 populo,
1666 4065 1737 4108 caro
1770 4063 1833 4122 qua

75 4137 166 4194 latum
186 4136 314 4204 veniens,
359 4151 417 4194 non
460 4152 490 4194 se
519 4139 555 4195 ad
582 4139 698 4195 honoris
725 4137 925 4195 excellentiam
981 4141 1100 4199 uatibus
1113 4139 1273 4196 inhaerebat
1294 4139 1379 4210 coepit
1394 4139 1548 4209 disrumpi,
1572 4140 1759 4211 sanguisque
1785 4151 1832 4210 per

76 4224 258 4298 gloriabatur
282 4233 455 4295 promotum,
492 4227 541 4284 sed
567 4227 604 4284 ιιι
632 4226 769 4298 operandi
799 4226 925 4283 laborem
945 4224 1069 4288 Derura
1083 4227 1208 4286 ubertim
1233 4226 1369 4285 defluere.
1393 4227 1526 4285 Protinus
1539 4241 1626 4297 super
1654 4228 1743 4298 pedes
1767 4239 1832 4284 suos

75 4313 188 4371 dicebat
215 4321 365 4384 vocatum;
386 4314 509 4386 ideoque
535 4316 621 4373 etiam
643 4316 667 4372 sl
695 4314 925 4385 lorteepisoopa·
979 4317 1065 4375 erecti
1078 4314 1234 4386 amplexati
1259 4323 1328 4371 suut
1345 4314 1492 4382 leretrum,
1513 4313 1697 4385 perlectoque
1729 4313 1832 4380 sanati,

75 4411 138 4460 turn
153 4401 334 4471 desideravit,
356 4403 463 4461 honum
481 4418 554 4475 opus
582 4403 762 4461 desideravit.
792 4402 927 4460 Protinus
980 4405 1083 4463 iratres
1098 4410 1208 4460 nostros
1223 4401 1370 4460 subsecuti
1386 4409 1455 4460 sunt
1470 4402 1621 4459 redeuntes
1645 4416 1743 4474 usque
1767 4405 1834 4459 Lau

76 4506 154 4563 ergo,
179 4507 214 4549 ac
232 4490 256 4547 si
284 4491 402 4563 aliquod
433 4491 578 4550 desertum
604 4492 758 4561 introisset,
778 4491 927 4549 ecelesiam
980 4493 1105 4560 dunum,
1120 4491 1198 4548 etad
1213 4490 1472 4562 ecolesiaopusad
1488 4489 1596 4560 lapides
1615 4491 1784 4561 portandos,
1798 4488 1833 4546 ad

76 4579 163 4637 simul
176 4589 204 4638 ιι
222 4580 322 4638 domos
335 4580 510 4653 episcopales
532 4582 616 4652 coepit
630 4595 770 4639 renovare
795 4588 823 4638 et
848 4580 928 4637 velut
981 4595 1089 4653 aquam
1122 4578 1317 4646 deferendam,
1345 4579 1381 4636 ad
1407 4585 1579 4636 cementum
1608 4579 1832 4649 praeparandum

76 4689 94 4731 a
108 4673 305 4734 fundamentis
320 4690 466 4748 reparare.
981 4669 1110 4742 quotidie
1124 4666 1358 4725 exhortabantur
1378 4666 1528 4738 populum.
1556 4665 1767 4724 consummata
1788 4681 1831 4724 ec·

77 4764 144 4822 Car.
160 4766 210 4822 111.
222 4765 582 4822 -Dems‘reealissancla
592 4763 756 4836 Moriapsr
764 4762 926 4836 Reddam.
981 4755 1067 4815 elesia
1082 4770 1160 4813 unus
1183 4769 1283 4812 eorum
1308 4768 1442 4812 reversus
1461 4762 1503 4811 est
1524 4753 1678 4811 interram
1694 4768 1791 4822 suam,
1807 4753 1832 4810 id

113 4852 166 4910 Sed
182 4852 261 4924 qula,
280 4860 312 4910 ut
340 4853 507 4923 predictum
524 4860 575 4922 est,
597 4868 655 4911 nou
680 4853 743 4910 sola
763 4852 855 4922 major
882 4865 928 4907 ec·
981 4854 1024 4904 est
1038 4845 1075 4902 ad
1089 4844 1238 4902 castetlum
1255 4842 1454 4911 issuldunum,
1470 4842 1543 4899 alter
1569 4841 1689 4900 nomine
1716 4842 1831 4901 mnesi-

78 4940 163 4999 clesia
178 4941 289 4998 sanctae
302 4942 410 5008 hierita,
436 4942 484 4998 sed
497 4950 526 4999 et
548 4942 613 4999 alise
628 4942 687 4998 iero
701 4941 928 4999 duodecimcum
981 4941 1057 5002 ctus,
1082 4932 1220 4990 remansit
1246 4931 1392 4999 Lauduui,
1416 4931 1545 4988 serviens
1559 4930 1588 4987 iu
1612 4931 1753 5004 hospitali
1778 4932 1831 4991 iem

78 5027 178 5084 multis
213 5026 347 5084 domibus
383 5027 552 5086 clericorum
582 5035 610 5085 et
639 5028 779 5086 laieorum
813 5027 929 5083 fuerant
984 5038 1034 5097 per
1047 5022 1198 5080 duodecim
1210 5035 1311 5089 anuos,
1323 5021 1421 5091 ibique
1435 5017 1590 5077 deiunctae
1602 5029 1655 5077 est.

78 5116 244 5175 combusta,
263 5114 414 5186 majorque
443 5129 509 5185 pars
533 5115 652 5184 civium,
671 5129 723 5187 per
750 5115 928 5186 provinciam
983 5127 1207 5187 egam-1),
1224 5126 1333 5198 juvem
1347 5127 1437 5184 surgo
1460 5128 1489 5182 st
1511 5129 1591 5182 meio
1618 5129 1730 5197 mro,
1758 5125 1831 5202 φα

79 5202 207 5273 dispersa
219 5210 291 5271 erat,
313 5210 343 5260 et
355 5217 456 5260 eorum
474 5205 525 5276 qui
549 5210 747 5261 remanserant
773 5201 930 5274 uuusquis-
1262 5197 1382 5254 bucensi
1398 5197 1560 5253 castellam.

79 5291 183 5360 quede
197 5291 321 5360 propria
343 5290 447 5348 domus
466 5291 647 5362 reparatione
668 5291 710 5348 sic
732 5291 931 5361 occupabatur
1020 5287 1135 5359 Egressi
1148 5288 1183 5344 de
1206 5287 1360 5344 issulduno
1372 5286 1565 5343 veneruntad
1579 5287 1828 5357 aliudeastellum,

79 5384 113 5432 ιιι
124 5377 177 5433 ιιι
192 5373 298 5446 aliquis
308 5376 489 5433 inveniretur
503 5377 555 5448 qui
574 5377 675 5434 matris
695 5376 820 5434 eeclesiae
843 5376 931 5448 adju·
984 5375 1181 5448 quoddicitur
1196 5376 1316 5433 bucensi
1341 5375 1577 5448 (belgentiacum,
1602 5377 1705 5450 vulgo,
1737 5377 1830 5435 Beca-

79 5467 125 5518 tor
152 5460 295 5531 existeret,
329 5463 538 5521 consuluerunt
565 5462 696 5521 nonnulli
738 5464 880 5535 sapientes
903 5472 931 5523 ot
983 5463 1098 5538 poesy),
1112 5464 1198 5535 cujus
1221 5462 1356 5520 domiuus
1369 5470 1456 5522 tantae
1483 5465 1652 5534 rapacitatis
1666 5473 1695 5523 et
1715 5465 1830 5526 leritatis
