<?xml version="1.0" encoding="UTF-8"?>
<!DOCTYPE html PUBLIC "-//W3C//DTD XHTML 1.0 Transitional//EN"
    "http://www.w3.org/TR/xhtml1/DTD/xhtml1-transitional.dtd">
<html xmlns="http://www.w3.org/1999/xhtml" xml:lang="en" lang="en">
 <head>
  <title>
</title>
<meta http-equiv="Content-Type" content="text/html;charset=utf-8" />
  <meta name='ocr-system' content='tesseract 3.04.00' />
  <meta name='ocr-capabilities' content='ocr_page ocr_carea ocr_par ocr_line ocrx_word'/>
</head>
<body>
  <div class='ocr_page' id='page_1' title='image "./patrologiaecurs05unkngoog/patrologiaecurs05unkngoog_0099.png"; bbox 0 0 3818 6008; ppageno 0'>
   <div class='ocr_carea' id='block_1_1' title="bbox 74 239 1400 312">
    <p class='ocr_par' dir='ltr' id='par_1_1' title="bbox 74 239 1400 312">
     <span class='ocr_line' id='line_1_1' title="bbox 74 239 1400 312; baseline -0.014 0"><span class='ocrx_word' id='word_1_1' title='bbox 74 260 119 312; x_wconf 76' lang='lat' dir='ltr'><strong>l8&#39;r</strong></span> <span class='ocrx_word' id='word_1_2' title='bbox 424 250 429 255; x_wconf 78' lang='grc'><strong>’</strong></span> <span class='ocrx_word' id='word_1_3' title='bbox 495 251 526 305; x_wconf 88' lang='lat' dir='ltr'><strong>V.</strong></span> <span class='ocrx_word' id='word_1_4' title='bbox 550 248 714 305; x_wconf 78' lang='lat' dir='ltr'><strong>cvtbtttt&#39;tt</strong></span> <span class='ocrx_word' id='word_1_5' title='bbox 744 245 891 300; x_wconf 81' lang='lat' dir='ltr'><strong>abbatis</strong></span> <span class='ocrx_word' id='word_1_6' title='bbox 920 245 948 298; x_wconf 88' lang='lat' dir='ltr'><strong>S.</strong></span> <span class='ocrx_word' id='word_1_7' title='bbox 981 241 1104 297; x_wconf 81' lang='lat' dir='ltr'><strong>ublltAE</strong></span> <span class='ocrx_word' id='word_1_8' title='bbox 1135 241 1179 295; x_wconf 84' lang='lat' dir='ltr'><strong>DE</strong></span> <span class='ocrx_word' id='word_1_9' title='bbox 1204 239 1400 295; x_wconf 79' lang='lat' dir='ltr'><strong>avvtuuttto</strong></span> 
     </span>
    </p>
   </div>
   <div class='ocr_carea' id='block_1_2' title="bbox 1773 237 1822 289">
    <p class='ocr_par' dir='ltr' id='par_1_2' title="bbox 1773 237 1822 289">
     <span class='ocr_line' id='line_1_2' title="bbox 1773 237 1822 289; baseline -0.02 0"><span class='ocrx_word' id='word_1_10' title='bbox 1773 237 1822 289; x_wconf 80' lang='grc'><strong>188</strong></span> 
     </span>
    </p>
   </div>
   <div class='ocr_carea' id='block_1_3' title="bbox 71 371 1823 459">
    <p class='ocr_par' dir='ltr' id='par_1_3' title="bbox 71 371 1823 459">
     <span class='ocr_line' id='line_1_3' title="bbox 71 371 1823 459; baseline -0.013 -12"><span class='ocrx_word' id='word_1_11' title='bbox 71 407 111 458; x_wconf 88' lang='grc' dir='ltr'>ιιι,</span> <span class='ocrx_word' id='word_1_12' title='bbox 137 391 189 459; x_wconf 81' lang='lat' dir='ltr'><strong>la),</strong></span> <span class='ocrx_word' id='word_1_13' title='bbox 209 390 238 447; x_wconf 92' lang='lat' dir='ltr'><strong>id</strong></span> <span class='ocrx_word' id='word_1_14' title='bbox 261 397 304 446; x_wconf 91' lang='lat' dir='ltr'><strong>est</strong></span> <span class='ocrx_word' id='word_1_15' title='bbox 318 395 395 444; x_wconf 90' lang='lat' dir='ltr'><strong>certa</strong></span> <span class='ocrx_word' id='word_1_16' title='bbox 423 392 517 442; x_wconf 92' lang='lat' dir='ltr'><strong>status</strong></span> <span class='ocrx_word' id='word_1_17' title='bbox 550 383 639 441; x_wconf 81' lang='lat' dir='ltr'>nostri</span> <span class='ocrx_word' id='word_1_18' title='bbox 667 379 910 439; x_wconf 76' lang='lat' dir='ltr'><strong>immutabilitate.</strong></span> <span class='ocrx_word' id='word_1_19' title='bbox 931 377 1036 445; x_wconf 71' lang='lat' dir='ltr'><strong>item,</strong></span> <span class='ocrx_word' id='word_1_20' title='bbox 1063 377 1099 433; x_wconf 95' lang='lat' dir='ltr'><strong>ob</strong></span> <span class='ocrx_word' id='word_1_21' title='bbox 1126 375 1283 433; x_wconf 85' lang='lat' dir='ltr'><strong>humilium</strong></span> <span class='ocrx_word' id='word_1_22' title='bbox 1310 375 1451 430; x_wconf 88' lang='lat' dir='ltr'><strong>virtutum</strong></span> <span class='ocrx_word' id='word_1_23' title='bbox 1478 371 1682 440; x_wconf 80' lang='lat' dir='ltr'><strong>defensionem,</strong></span> <span class='ocrx_word' id='word_1_24' title='bbox 1721 379 1823 428; x_wconf 89' lang='lat' dir='ltr'><strong>contra</strong></span> 
     </span>
    </p>
   </div>
   <div class='ocr_carea' id='block_1_4' title="bbox 70 473 710 549">
    <p class='ocr_par' dir='ltr' id='par_1_4' title="bbox 70 473 710 549">
     <span class='ocr_line' id='line_1_4' title="bbox 70 473 710 549; baseline -0.02 -12"><span class='ocrx_word' id='word_1_25' title='bbox 70 480 152 549; x_wconf 83' lang='lat' dir='ltr'><strong>Quod</strong></span> <span class='ocrx_word' id='word_1_26' title='bbox 165 480 241 535; x_wconf 89' lang='lat' dir='ltr'><strong>enirn</strong></span> <span class='ocrx_word' id='word_1_27' title='bbox 257 484 396 544; x_wconf 89' lang='lat' dir='ltr'><strong>mutatur,</strong></span> <span class='ocrx_word' id='word_1_28' title='bbox 412 481 524 531; x_wconf 91' lang='lat' dir='ltr'><strong>nonest</strong></span> <span class='ocrx_word' id='word_1_29' title='bbox 537 474 566 530; x_wconf 94' lang='lat' dir='ltr'><strong>in</strong></span> <span class='ocrx_word' id='word_1_30' title='bbox 581 473 710 529; x_wconf 86' lang='lat' dir='ltr'><strong>veritate.</strong></span> 
     </span>
    </p>
   </div>
   <div class='ocr_carea' id='block_1_5' title="bbox 70 602 922 1645">
    <p class='ocr_par' dir='ltr' id='par_1_5' title="bbox 70 602 922 1645">
     <span class='ocr_line' id='line_1_5' title="bbox 111 602 918 676; baseline -0.017 -8"><span class='ocrx_word' id='word_1_31' title='bbox 111 613 193 668; x_wconf 71' lang='lat' dir='ltr'><strong>vnns.</strong></span> <span class='ocrx_word' id='word_1_32' title='bbox 222 614 266 676; x_wconf 77' lang='lat'><strong>26,</strong></span> <span class='ocrx_word' id='word_1_33' title='bbox 291 613 339 664; x_wconf 83' lang='lat' dir='ltr'><strong>at.</strong></span> <span class='ocrx_word' id='word_1_34' title='bbox 367 638 401 648; x_wconf 97' lang='lat'>—</span> <span class='ocrx_word' id='word_1_35' title='bbox 430 608 622 664; x_wconf 81' lang='lat' dir='ltr'><strong>inclinavitse</strong></span> <span class='ocrx_word' id='word_1_36' title='bbox 644 605 731 672; x_wconf 84' lang='lat' dir='ltr'><strong>bomo,</strong></span> <span class='ocrx_word' id='word_1_37' title='bbox 748 607 773 657; x_wconf 91' lang='lat' dir='ltr'><strong>et</strong></span> <span class='ocrx_word' id='word_1_38' title='bbox 790 602 918 656; x_wconf 87' lang='lat' dir='ltr'><strong>odoravit</strong></span> 
     </span>
     <span class='ocr_line' id='line_1_6' title="bbox 72 691 919 767; baseline -0.017 -10"><span class='ocrx_word' id='word_1_39' title='bbox 72 705 165 767; x_wconf 84' lang='lat' dir='ltr'><strong>Deum,</strong></span> <span class='ocrx_word' id='word_1_40' title='bbox 185 700 275 754; x_wconf 87' lang='lat' dir='ltr'><strong>diceas</strong></span> <span class='ocrx_word' id='word_1_41' title='bbox 292 715 299 752; x_wconf 90' lang='lat'>:</span> <span class='ocrx_word' id='word_1_42' title='bbox 315 697 474 753; x_wconf 81' lang='lat' dir='ltr'><strong>Benedictus</strong></span> <span class='ocrx_word' id='word_1_43' title='bbox 503 697 631 751; x_wconf 81' lang='lat' dir='ltr'><strong>Dominus</strong></span> <span class='ocrx_word' id='word_1_44' title='bbox 655 697 723 749; x_wconf 86' lang='lat' dir='ltr'><strong>Deus</strong></span> <span class='ocrx_word' id='word_1_45' title='bbox 749 693 853 746; x_wconf 86' lang='lat' dir='ltr'><strong>domini</strong></span> <span class='ocrx_word' id='word_1_46' title='bbox 866 691 919 744; x_wconf 89' lang='lat' dir='ltr'><strong>mei</strong></span> 
     </span>
     <span class='ocr_line' id='line_1_7' title="bbox 71 781 917 855; baseline -0.017 -10"><span class='ocrx_word' id='word_1_47' title='bbox 71 790 223 853; x_wconf 77' lang='lat' dir='ltr'><strong>Abrabam,</strong></span> <span class='ocrx_word' id='word_1_48' title='bbox 249 789 297 855; x_wconf 87' lang='lat' dir='ltr'><strong>qvi</strong></span> <span class='ocrx_word' id='word_1_49' title='bbox 318 801 371 840; x_wconf 84' lang='lat' dir='ltr'><strong>lton</strong></span> <span class='ocrx_word' id='word_1_50' title='bbox 396 784 510 839; x_wconf 84' lang='lat' dir='ltr'><strong>obstulit</strong></span> <span class='ocrx_word' id='word_1_51' title='bbox 529 782 745 838; x_wconf 78' lang='lat' dir='ltr'><strong>misericordium</strong></span> <span class='ocrx_word' id='word_1_52' title='bbox 767 784 792 833; x_wconf 89' lang='lat' dir='ltr'><strong>et</strong></span> <span class='ocrx_word' id='word_1_53' title='bbox 816 781 917 833; x_wconf 83' lang='lat' dir='ltr'><strong>veritu-</strong></span> 
     </span>
     <span class='ocr_line' id='line_1_8' title="bbox 71 868 917 940; baseline -0.015 -7"><span class='ocrx_word' id='word_1_54' title='bbox 71 884 124 934; x_wconf 88' lang='lat' dir='ltr'><strong>tem</strong></span> <span class='ocrx_word' id='word_1_55' title='bbox 137 893 214 932; x_wconf 86' lang='lat' dir='ltr'><strong>suom</strong></span> <span class='ocrx_word' id='word_1_56' title='bbox 231 892 248 929; x_wconf 89' lang='lat' dir='ltr'><strong>u</strong></span> <span class='ocrx_word' id='word_1_57' title='bbox 263 876 370 930; x_wconf 90' lang='lat' dir='ltr'><strong>domino</strong></span> <span class='ocrx_word' id='word_1_58' title='bbox 384 891 450 940; x_wconf 91' lang='lat' dir='ltr'><strong>meo,</strong></span> <span class='ocrx_word' id='word_1_59' title='bbox 478 879 504 928; x_wconf 88' lang='lat' dir='ltr'><strong>et</strong></span> <span class='ocrx_word' id='word_1_60' title='bbox 521 878 592 927; x_wconf 90' lang='lat' dir='ltr'><strong>recto</strong></span> <span class='ocrx_word' id='word_1_61' title='bbox 612 874 709 925; x_wconf 84' lang='lat' dir='ltr'><strong>itinere</strong></span> <span class='ocrx_word' id='word_1_62' title='bbox 729 885 770 924; x_wconf 90' lang='lat' dir='ltr'><strong>me</strong></span> <span class='ocrx_word' id='word_1_63' title='bbox 783 868 917 938; x_wconf 80' lang='lat' dir='ltr'><strong>perducit</strong></span> 
     </span>
     <span class='ocr_line' id='line_1_9' title="bbox 70 958 919 1031; baseline -0.014 -10"><span class='ocrx_word' id='word_1_64' title='bbox 70 969 101 1021; x_wconf 90' lang='lat' dir='ltr'><strong>in</strong></span> <span class='ocrx_word' id='word_1_65' title='bbox 115 965 223 1020; x_wconf 87' lang='lat' dir='ltr'><strong>domam</strong></span> <span class='ocrx_word' id='word_1_66' title='bbox 238 967 337 1031; x_wconf 76' lang='lat' dir='ltr'><strong>fratris</strong></span> <span class='ocrx_word' id='word_1_67' title='bbox 349 964 461 1027; x_wconf 86' lang='lat' dir='ltr'><strong>¹domiai</strong></span> <span class='ocrx_word' id='word_1_68' title='bbox 474 963 536 1016; x_wconf 88' lang='lat' dir='ltr'><strong>mei.</strong></span> <span class='ocrx_word' id='word_1_69' title='bbox 552 960 667 1026; x_wconf 88' lang='lat' dir='ltr'><strong>Quoties</strong></span> <span class='ocrx_word' id='word_1_70' title='bbox 691 958 806 1014; x_wconf 89' lang='lat' dir='ltr'><strong>alleetni</strong></span> <span class='ocrx_word' id='word_1_71' title='bbox 823 964 919 1013; x_wconf 92' lang='lat' dir='ltr'><strong>nostro</strong></span> 
     </span>
     <span class='ocr_line' id='line_1_10' title="bbox 71 1045 919 1123; baseline -0.013 -13"><span class='ocrx_word' id='word_1_72' title='bbox 71 1054 210 1111; x_wconf 85' lang='lat' dir='ltr'><strong>sentimus</strong></span> <span class='ocrx_word' id='word_1_73' title='bbox 223 1053 293 1108; x_wconf 87' lang='lat' dir='ltr'><strong>baba</strong></span> <span class='ocrx_word' id='word_1_74' title='bbox 316 1051 419 1123; x_wconf 88' lang='lat' dir='ltr'><strong>agendi</strong></span> <span class='ocrx_word' id='word_1_75' title='bbox 448 1050 484 1105; x_wconf 91' lang='lat' dir='ltr'><strong>ad</strong></span> <span class='ocrx_word' id='word_1_76' title='bbox 500 1057 599 1104; x_wconf 87' lang='lat' dir='ltr'><strong>votum</strong></span> <span class='ocrx_word' id='word_1_77' title='bbox 622 1047 793 1117; x_wconf 91' lang='lat' dir='ltr'><strong>respondere</strong></span> <span class='ocrx_word' id='word_1_78' title='bbox 813 1045 919 1100; x_wconf 91' lang='lat' dir='ltr'><strong>volun-</strong></span> 
     </span>
     <span class='ocr_line' id='line_1_11' title="bbox 71 1132 920 1208; baseline -0.013 -11"><span class='ocrx_word' id='word_1_79' title='bbox 71 1149 169 1208; x_wconf 90' lang='lat' dir='ltr'><strong>tatem,</strong></span> <span class='ocrx_word' id='word_1_80' title='bbox 185 1139 339 1196; x_wconf 88' lang='lat' dir='ltr'><strong>humiliare</strong></span> <span class='ocrx_word' id='word_1_81' title='bbox 359 1137 496 1193; x_wconf 89' lang='lat' dir='ltr'><strong>debemus</strong></span> <span class='ocrx_word' id='word_1_82' title='bbox 510 1137 546 1192; x_wconf 89' lang='lat' dir='ltr'><strong>ad</strong></span> <span class='ocrx_word' id='word_1_83' title='bbox 563 1139 650 1191; x_wconf 85' lang='lat' dir='ltr'><strong>beura</strong></span> <span class='ocrx_word' id='word_1_84' title='bbox 667 1142 769 1189; x_wconf 74' lang='lat' dir='ltr'><strong>nostrae</strong></span> <span class='ocrx_word' id='word_1_85' title='bbox 781 1132 920 1187; x_wconf 88' lang='lat' dir='ltr'><strong>humani-</strong></span> 
     </span>
     <span class='ocr_line' id='line_1_12' title="bbox 73 1221 922 1300; baseline -0.014 -14"><span class='ocrx_word' id='word_1_86' title='bbox 73 1229 137 1287; x_wconf 84' lang='lat' dir='ltr'><strong>tatis</strong></span> <span class='ocrx_word' id='word_1_87' title='bbox 166 1229 442 1300; x_wconf 85' lang='lat' dir='ltr'><strong>rigorem,euu1que</strong></span> <span class='ocrx_word' id='word_1_88' title='bbox 462 1224 639 1289; x_wconf 90' lang='lat' dir='ltr'><strong>benedicere,</strong></span> <span class='ocrx_word' id='word_1_89' title='bbox 665 1221 922 1276; x_wconf 85' lang='lat' dir='ltr'><strong>intellectualitatis</strong></span> 
     </span>
     <span class='ocr_line' id='line_1_13' title="bbox 71 1310 919 1386; baseline -0.012 -13"><span class='ocrx_word' id='word_1_90' title='bbox 71 1324 175 1374; x_wconf 80' lang='lat' dir='ltr'><strong>nostrae</strong></span> <span class='ocrx_word' id='word_1_91' title='bbox 202 1315 363 1386; x_wconf 83' lang='lat' dir='ltr'><strong>praesidotn,</strong></span> <span class='ocrx_word' id='word_1_92' title='bbox 400 1313 451 1384; x_wconf 89' lang='lat' dir='ltr'><strong>qui</strong></span> <span class='ocrx_word' id='word_1_93' title='bbox 477 1310 698 1368; x_wconf 83' lang='lat' dir='ltr'><strong>misericorditer</strong></span> <span class='ocrx_word' id='word_1_94' title='bbox 732 1323 815 1364; x_wconf 91' lang='lat' dir='ltr'><strong>suam</strong></span> <span class='ocrx_word' id='word_1_95' title='bbox 852 1324 919 1364; x_wconf 90' lang='lat' dir='ltr'><strong>cum</strong></span> 
     </span>
     <span class='ocr_line' id='line_1_14' title="bbox 71 1398 920 1476; baseline -0.012 -14"><span class='ocrx_word' id='word_1_96' title='bbox 71 1405 207 1476; x_wconf 90' lang='lat' dir='ltr'><strong>operibns</strong></span> <span class='ocrx_word' id='word_1_97' title='bbox 232 1403 362 1459; x_wconf 88' lang='lat' dir='ltr'><strong>attribuit</strong></span> <span class='ocrx_word' id='word_1_98' title='bbox 394 1401 477 1457; x_wconf 86' lang='lat' dir='ltr'><strong>nobis</strong></span> <span class='ocrx_word' id='word_1_99' title='bbox 500 1401 595 1465; x_wconf 88' lang='lat' dir='ltr'><strong>tidem,</strong></span> <span class='ocrx_word' id='word_1_100' title='bbox 631 1407 658 1454; x_wconf 91' lang='lat' dir='ltr'><strong>et</strong></span> <span class='ocrx_word' id='word_1_101' title='bbox 679 1398 819 1467; x_wconf 86' lang='lat' dir='ltr'><strong>prontissa</strong></span> <span class='ocrx_word' id='word_1_102' title='bbox 838 1412 920 1453; x_wconf 89' lang='lat' dir='ltr'><strong>eom-</strong></span> 
     </span>
     <span class='ocr_line' id='line_1_15' title="bbox 71 1485 918 1565; baseline -0.011 -15"><span class='ocrx_word' id='word_1_103' title='bbox 71 1494 175 1565; x_wconf 90' lang='lat' dir='ltr'><strong>pleado</strong></span> <span class='ocrx_word' id='word_1_104' title='bbox 189 1492 341 1563; x_wconf 84' lang='lat' dir='ltr'><strong>largitione</strong></span> <span class='ocrx_word' id='word_1_105' title='bbox 352 1489 461 1560; x_wconf 79' lang='lat' dir='ltr'><strong>premit</strong></span> <span class='ocrx_word' id='word_1_106' title='bbox 473 1490 501 1544; x_wconf 91' lang='lat' dir='ltr'><strong>in</strong></span> <span class='ocrx_word' id='word_1_107' title='bbox 519 1489 575 1543; x_wconf 77' lang='lat' dir='ltr'><strong>serre</strong></span> <span class='ocrx_word' id='word_1_108' title='bbox 595 1485 742 1542; x_wconf 81' lang='lat' dir='ltr'><strong>exhibebit</strong></span> <span class='ocrx_word' id='word_1_109' title='bbox 757 1487 918 1553; x_wconf 89' lang='lat' dir='ltr'><strong>veritatem,</strong></span> 
     </span>
     <span class='ocr_line' id='line_1_16' title="bbox 71 1574 921 1645; baseline -0.008 -8"><span class='ocrx_word' id='word_1_110' title='bbox 71 1581 344 1638; x_wconf 89' lang='lat' dir='ltr'><strong>etdocumentorum</strong></span> <span class='ocrx_word' id='word_1_111' title='bbox 358 1592 477 1634; x_wconf 91' lang='lat' dir='ltr'><strong>suorum</strong></span> <span class='ocrx_word' id='word_1_112' title='bbox 494 1576 607 1632; x_wconf 89' lang='lat' dir='ltr'><strong>tramite</strong></span> <span class='ocrx_word' id='word_1_113' title='bbox 623 1575 760 1645; x_wconf 90' lang='lat' dir='ltr'><strong>perducet</strong></span> <span class='ocrx_word' id='word_1_114' title='bbox 778 1574 806 1628; x_wconf 91' lang='lat' dir='ltr'><strong>in</strong></span> <span class='ocrx_word' id='word_1_115' title='bbox 820 1588 921 1643; x_wconf 90' lang='lat' dir='ltr'><strong>super-</strong></span> 
     </span>
    </p>
   </div>
   <div class='ocr_carea' id='block_1_6' title="bbox 73 1662 961 1733">
    <p class='ocr_par' dir='ltr' id='par_1_6' title="bbox 73 1662 961 1733">
     <span class='ocr_line' id='line_1_17' title="bbox 73 1662 961 1733; baseline -0.01 -9"><span class='ocrx_word' id='word_1_116' title='bbox 73 1668 214 1724; x_wconf 72' lang='lat' dir='ltr'><strong>caelestem</strong></span> <span class='ocrx_word' id='word_1_117' title='bbox 242 1667 359 1723; x_wconf 90' lang='lat' dir='ltr'><strong>domurn</strong></span> <span class='ocrx_word' id='word_1_118' title='bbox 386 1665 490 1723; x_wconf 83' lang='lat' dir='ltr'><strong>Christi</strong></span> <span class='ocrx_word' id='word_1_119' title='bbox 514 1665 593 1732; x_wconf 82' lang='lat' dir='ltr'><strong>iesu,</strong></span> <span class='ocrx_word' id='word_1_120' title='bbox 620 1662 671 1733; x_wconf 87' lang='lat' dir='ltr'><strong>qui</strong></span> <span class='ocrx_word' id='word_1_121' title='bbox 698 1663 788 1718; x_wconf 88' lang='lat' dir='ltr'><strong>trater</strong></span> <span class='ocrx_word' id='word_1_122' title='bbox 799 1670 841 1718; x_wconf 90' lang='lat' dir='ltr'><strong>est</strong></span> <span class='ocrx_word' id='word_1_123' title='bbox 855 1674 961 1730; x_wconf 80' lang='lat' dir='ltr'><strong>our-13</strong></span> 
     </span>
    </p>
   </div>
   <div class='ocr_carea' id='block_1_7' title="bbox 71 1750 920 2178">
    <p class='ocr_par' dir='ltr' id='par_1_7' title="bbox 71 1750 920 2178">
     <span class='ocr_line' id='line_1_18' title="bbox 71 1750 920 1821; baseline -0.007 -10"><span class='ocrx_word' id='word_1_124' title='bbox 71 1755 165 1821; x_wconf 88' lang='lat' dir='ltr'><strong>nium,</strong></span> <span class='ocrx_word' id='word_1_125' title='bbox 200 1754 411 1811; x_wconf 87' lang='lat' dir='ltr'><strong>rationabiliter</strong></span> <span class='ocrx_word' id='word_1_126' title='bbox 446 1761 473 1808; x_wconf 91' lang='lat' dir='ltr'><strong>et</strong></span> <span class='ocrx_word' id='word_1_127' title='bbox 503 1751 664 1808; x_wconf 90' lang='lat' dir='ltr'><strong>secundum</strong></span> <span class='ocrx_word' id='word_1_128' title='bbox 699 1766 793 1807; x_wconf 89' lang='lat' dir='ltr'><strong>mores</strong></span> <span class='ocrx_word' id='word_1_129' title='bbox 826 1750 920 1807; x_wconf 88' lang='lat' dir='ltr'><strong>tidelis</strong></span> 
     </span>
     <span class='ocr_line' id='line_1_19' title="bbox 72 1839 920 1909; baseline -0.007 -9"><span class='ocrx_word' id='word_1_130' title='bbox 72 1843 196 1900; x_wconf 76' lang='lat' dir='ltr'><strong>abrabae</strong></span> <span class='ocrx_word' id='word_1_131' title='bbox 220 1843 391 1899; x_wconf 89' lang='lat' dir='ltr'><strong>viventium.</strong></span> <span class='ocrx_word' id='word_1_132' title='bbox 422 1841 560 1898; x_wconf 87' lang='lat' dir='ltr'><strong>Dominus</strong></span> <span class='ocrx_word' id='word_1_133' title='bbox 582 1847 680 1895; x_wconf 90' lang='lat' dir='ltr'><strong>autera</strong></span> <span class='ocrx_word' id='word_1_134' title='bbox 704 1841 819 1907; x_wconf 88' lang='lat' dir='ltr'><strong>dieitur,</strong></span> <span class='ocrx_word' id='word_1_135' title='bbox 850 1839 920 1909; x_wconf 88' lang='lat' dir='ltr'><strong>quia</strong></span> 
     </span>
     <span class='ocr_line' id='line_1_20' title="bbox 71 1925 920 2001; baseline -0.007 -14"><span class='ocrx_word' id='word_1_136' title='bbox 71 1931 186 1988; x_wconf 91' lang='lat' dir='ltr'><strong>allectui</strong></span> <span class='ocrx_word' id='word_1_137' title='bbox 201 1931 283 2001; x_wconf 73' lang='lat' dir='ltr'><strong>[ratio</strong></span> <span class='ocrx_word' id='word_1_138' title='bbox 313 1930 487 1996; x_wconf 91' lang='lat' dir='ltr'><strong>dominatur,</strong></span> <span class='ocrx_word' id='word_1_139' title='bbox 514 1936 541 1983; x_wconf 92' lang='lat' dir='ltr'><strong>et</strong></span> <span class='ocrx_word' id='word_1_140' title='bbox 564 1927 695 1983; x_wconf 78' lang='lat' dir='ltr'><strong>Christus</strong></span> <span class='ocrx_word' id='word_1_141' title='bbox 720 1927 809 1982; x_wconf 87' lang='lat' dir='ltr'><strong>irater</strong></span> <span class='ocrx_word' id='word_1_142' title='bbox 830 1925 920 1996; x_wconf 84' lang='lat' dir='ltr'><strong>hujus</strong></span> 
     </span>
     <span class='ocr_line' id='line_1_21' title="bbox 71 2015 919 2089; baseline -0.006 -15"><span class='ocrx_word' id='word_1_143' title='bbox 71 2020 180 2076; x_wconf 90' lang='lat' dir='ltr'><strong>domini</strong></span> <span class='ocrx_word' id='word_1_144' title='bbox 197 2027 326 2086; x_wconf 90' lang='lat' dir='ltr'><strong>vocatur,</strong></span> <span class='ocrx_word' id='word_1_145' title='bbox 343 2019 413 2089; x_wconf 91' lang='lat' dir='ltr'><strong>quia</strong></span> <span class='ocrx_word' id='word_1_146' title='bbox 427 2017 473 2073; x_wconf 88' lang='lat' dir='ltr'><strong>lris</strong></span> <span class='ocrx_word' id='word_1_147' title='bbox 493 2016 683 2088; x_wconf 89' lang='lat' dir='ltr'><strong>potissimum,</strong></span> <span class='ocrx_word' id='word_1_148' title='bbox 709 2015 760 2087; x_wconf 88' lang='lat' dir='ltr'><strong>qui</strong></span> <span class='ocrx_word' id='word_1_149' title='bbox 775 2015 836 2070; x_wconf 88' lang='lat' dir='ltr'><strong>suis</strong></span> <span class='ocrx_word' id='word_1_150' title='bbox 851 2027 919 2084; x_wconf 91' lang='lat' dir='ltr'><strong>pra-</strong></span> 
     </span>
     <span class='ocr_line' id='line_1_22' title="bbox 71 2104 882 2178; baseline -0.009 -14"><span class='ocrx_word' id='word_1_151' title='bbox 71 2108 115 2164; x_wconf 91' lang='lat' dir='ltr'><strong>vis</strong></span> <span class='ocrx_word' id='word_1_152' title='bbox 126 2107 252 2164; x_wconf 90' lang='lat' dir='ltr'><strong>motibus</strong></span> <span class='ocrx_word' id='word_1_153' title='bbox 265 2115 394 2178; x_wconf 74' lang='lat' dir='ltr'><strong>praesunt</strong></span> <span class='ocrx_word' id='word_1_154' title='bbox 406 2113 465 2162; x_wconf 89' lang='lat' dir='ltr'><strong>tota</strong></span> <span class='ocrx_word' id='word_1_155' title='bbox 481 2105 672 2176; x_wconf 79' lang='lat' dir='ltr'><strong>germanitate</strong></span> <span class='ocrx_word' id='word_1_156' title='bbox 693 2104 882 2160; x_wconf 89' lang='lat' dir='ltr'><strong>connectitur.</strong></span> 
     </span>
    </p>
   </div>
   <div class='ocr_carea' id='block_1_8' title="bbox 70 2236 918 2393">
    <p class='ocr_par' dir='ltr' id='par_1_8' title="bbox 70 2236 918 2393">
     <span class='ocr_line' id='line_1_23' title="bbox 107 2236 918 2306; baseline -0.01 -10"><span class='ocrx_word' id='word_1_157' title='bbox 107 2240 192 2296; x_wconf 80' lang='lat' dir='ltr'><strong>Vens.</strong></span> <span class='ocrx_word' id='word_1_158' title='bbox 217 2242 262 2306; x_wconf 74' lang='lat'><strong>28,</strong></span> <span class='ocrx_word' id='word_1_159' title='bbox 288 2241 333 2305; x_wconf 76' lang='lat'><strong>29,</strong></span> <span class='ocrx_word' id='word_1_160' title='bbox 356 2239 399 2292; x_wconf 87' lang='lat'><strong>30.</strong></span> <span class='ocrx_word' id='word_1_161' title='bbox 434 2267 467 2275; x_wconf 84' lang='lat'>—</span> <span class='ocrx_word' id='word_1_162' title='bbox 501 2237 627 2292; x_wconf 75' lang='lat' dir='ltr'><strong>ductarii</strong></span> <span class='ocrx_word' id='word_1_163' title='bbox 649 2239 742 2305; x_wconf 88' lang='lat' dir='ltr'><strong>itaque</strong></span> <span class='ocrx_word' id='word_1_164' title='bbox 767 2236 869 2305; x_wconf 86' lang='lat' dir='ltr'><strong>puella,</strong></span> <span class='ocrx_word' id='word_1_165' title='bbox 894 2239 918 2289; x_wconf 91' lang='lat' dir='ltr'><strong>et</strong></span> 
     </span>
     <span class='ocr_line' id='line_1_24' title="bbox 70 2324 918 2393; baseline -0.007 -10"><span class='ocrx_word' id='word_1_166' title='bbox 70 2331 210 2383; x_wconf 78' lang='lat' dir='ltr'><strong>enuntiavit</strong></span> <span class='ocrx_word' id='word_1_167' title='bbox 232 2331 261 2382; x_wconf 88' lang='lat' dir='ltr'><strong>in</strong></span> <span class='ocrx_word' id='word_1_168' title='bbox 283 2327 391 2381; x_wconf 89' lang='lat' dir='ltr'><strong>domum</strong></span> <span class='ocrx_word' id='word_1_169' title='bbox 414 2328 575 2380; x_wconf 83' lang='lat' dir='ltr'><strong>matrissuae</strong></span> <span class='ocrx_word' id='word_1_170' title='bbox 595 2327 686 2378; x_wconf 79' lang='lat' dir='ltr'><strong>omitia</strong></span> <span class='ocrx_word' id='word_1_171' title='bbox 701 2340 760 2393; x_wconf 79' lang='lat' dir='ltr'><strong>qua</strong></span> <span class='ocrx_word' id='word_1_172' title='bbox 781 2324 918 2378; x_wconf 84' lang='lat' dir='ltr'><strong>audierat.</strong></span> 
     </span>
    </p>
   </div>
   <div class='ocr_carea' id='block_1_9' title="bbox 970 461 1867 2392">
    <p class='ocr_par' dir='ltr' id='par_1_9' title="bbox 970 461 1823 890">
     <span class='ocr_line' id='line_1_25' title="bbox 970 461 1823 533; baseline -0.007 -12"><span class='ocrx_word' id='word_1_173' title='bbox 970 467 1071 522; x_wconf 90' lang='lat' dir='ltr'><strong>mundi</strong></span> <span class='ocrx_word' id='word_1_174' title='bbox 1088 466 1212 530; x_wconf 79' lang='lat' dir='ltr'><strong>danunt,</strong></span> <span class='ocrx_word' id='word_1_175' title='bbox 1229 464 1256 518; x_wconf 93' lang='lat' dir='ltr'><strong>id</strong></span> <span class='ocrx_word' id='word_1_176' title='bbox 1276 471 1318 519; x_wconf 91' lang='lat' dir='ltr'><strong>est</strong></span> <span class='ocrx_word' id='word_1_177' title='bbox 1339 467 1470 533; x_wconf 90' lang='lat' dir='ltr'><strong>puteum,</strong></span> <span class='ocrx_word' id='word_1_178' title='bbox 1485 461 1692 517; x_wconf 89' lang='lat' dir='ltr'><strong>imminentem.</strong></span> <span class='ocrx_word' id='word_1_179' title='bbox 1710 462 1823 530; x_wconf 87' lang='lat' dir='ltr'><strong>Repre-</strong></span> 
     </span>
     <span class='ocr_line' id='line_1_26' title="bbox 972 548 1821 623; baseline -0.007 -13"><span class='ocrx_word' id='word_1_180' title='bbox 972 554 1070 610; x_wconf 90' lang='lat' dir='ltr'><strong>hendit</strong></span> <span class='ocrx_word' id='word_1_181' title='bbox 1098 569 1142 609; x_wconf 91' lang='lat' dir='ltr'><strong>me</strong></span> <span class='ocrx_word' id='word_1_182' title='bbox 1175 552 1294 623; x_wconf 88' lang='lat' dir='ltr'><strong>quidam</strong></span> <span class='ocrx_word' id='word_1_183' title='bbox 1321 552 1427 607; x_wconf 89' lang='lat' dir='ltr'><strong>iontem</strong></span> <span class='ocrx_word' id='word_1_184' title='bbox 1454 551 1483 604; x_wconf 94' lang='lat' dir='ltr'><strong>in</strong></span> <span class='ocrx_word' id='word_1_185' title='bbox 1507 550 1583 605; x_wconf 90' lang='lat' dir='ltr'><strong>mala</strong></span> <span class='ocrx_word' id='word_1_186' title='bbox 1610 548 1821 620; x_wconf 85' lang='lat' dir='ltr'><strong>significatione</strong></span> 
     </span>
     <span class='ocr_line' id='line_1_27' title="bbox 972 638 1822 711; baseline -0.008 -13"><span class='ocrx_word' id='word_1_187' title='bbox 972 643 1123 711; x_wconf 86' lang='lat' dir='ltr'><strong>accepisse,</strong></span> <span class='ocrx_word' id='word_1_188' title='bbox 1140 642 1187 697; x_wconf 90' lang='lat' dir='ltr'><strong>sed</strong></span> <span class='ocrx_word' id='word_1_189' title='bbox 1207 640 1369 696; x_wconf 87' lang='lat' dir='ltr'><strong>meminerit</strong></span> <span class='ocrx_word' id='word_1_190' title='bbox 1393 640 1500 696; x_wconf 89' lang='lat' dir='ltr'><strong>iontem</strong></span> <span class='ocrx_word' id='word_1_191' title='bbox 1518 639 1545 694; x_wconf 95' lang='lat' dir='ltr'><strong>in</strong></span> <span class='ocrx_word' id='word_1_192' title='bbox 1562 638 1637 694; x_wconf 91' lang='lat' dir='ltr'><strong>malo</strong></span> <span class='ocrx_word' id='word_1_193' title='bbox 1653 638 1746 709; x_wconf 86' lang='lat' dir='ltr'><strong>accipi</strong></span> <span class='ocrx_word' id='word_1_194' title='bbox 1771 638 1822 694; x_wconf 92' lang='lat' dir='ltr'><strong>ubi</strong></span> 
     </span>
     <span class='ocr_line' id='line_1_28' title="bbox 972 726 1823 800; baseline -0.006 -14"><span class='ocrx_word' id='word_1_195' title='bbox 972 730 1087 786; x_wconf 89' lang='lat' dir='ltr'><strong>etunde</strong></span> <span class='ocrx_word' id='word_1_196' title='bbox 1103 730 1234 800; x_wconf 88' lang='lat' dir='ltr'><strong>loquitur</strong></span> <span class='ocrx_word' id='word_1_197' title='bbox 1249 729 1388 785; x_wconf 88' lang='lat' dir='ltr'><strong>Dominus</strong></span> <span class='ocrx_word' id='word_1_198' title='bbox 1412 727 1609 783; x_wconf 80' lang='lat' dir='ltr'><strong>Samaritanae.</strong></span> <span class='ocrx_word' id='word_1_199' title='bbox 1626 726 1731 783; x_wconf 87' lang='lat' dir='ltr'><strong>Cameli</strong></span> <span class='ocrx_word' id='word_1_200' title='bbox 1746 741 1823 796; x_wconf 87' lang='lat' dir='ltr'><strong>qua-</strong></span> 
     </span>
     <span class='ocr_line' id='line_1_29' title="bbox 973 815 1624 890; baseline -0.006 -16"><span class='ocrx_word' id='word_1_201' title='bbox 973 819 1039 875; x_wconf 88' lang='lat' dir='ltr'><strong>liter</strong></span> <span class='ocrx_word' id='word_1_202' title='bbox 1054 819 1230 890; x_wconf 89' lang='lat' dir='ltr'><strong>intclligendi</strong></span> <span class='ocrx_word' id='word_1_203' title='bbox 1243 825 1322 886; x_wconf 88' lang='lat' dir='ltr'><strong>sunt,</strong></span> <span class='ocrx_word' id='word_1_204' title='bbox 1338 817 1473 886; x_wconf 88' lang='lat' dir='ltr'><strong>saperius</strong></span> <span class='ocrx_word' id='word_1_205' title='bbox 1486 815 1624 871; x_wconf 82' lang='lat' dir='ltr'><strong>diximus.</strong></span> 
     </span>
    </p>

    <p class='ocr_par' dir='ltr' id='par_1_10' title="bbox 971 904 1867 2392">
     <span class='ocr_line' id='line_1_30' title="bbox 1009 904 1823 973; baseline -0.009 -10"><span class='ocrx_word' id='word_1_206' title='bbox 1009 909 1094 964; x_wconf 84' lang='lat' dir='ltr'><strong>Vnus.</strong></span> <span class='ocrx_word' id='word_1_207' title='bbox 1113 910 1157 973; x_wconf 77' lang='lat' dir='ltr'><strong>tt,</strong></span> <span class='ocrx_word' id='word_1_208' title='bbox 1179 910 1222 972; x_wconf 61' lang='lat'><strong>32,</strong></span> <span class='ocrx_word' id='word_1_209' title='bbox 1244 909 1288 960; x_wconf 83' lang='lat'><strong>33.</strong></span> <span class='ocrx_word' id='word_1_210' title='bbox 1312 935 1345 947; x_wconf 94' lang='lat'>-</span> <span class='ocrx_word' id='word_1_211' title='bbox 1366 906 1518 973; x_wconf 78' lang='lat' dir='ltr'><strong>ingredere,</strong></span> <span class='ocrx_word' id='word_1_212' title='bbox 1541 904 1675 958; x_wconf 81' lang='lat' dir='ltr'><strong>benedicte</strong></span> <span class='ocrx_word' id='word_1_213' title='bbox 1702 906 1823 969; x_wconf 85' lang='lat' dir='ltr'><strong>Domini,</strong></span> 
     </span>
     <span class='ocr_line' id='line_1_31' title="bbox 973 994 1821 1064; baseline -0.006 -13"><span class='ocrx_word' id='word_1_214' title='bbox 973 1000 1111 1063; x_wconf 78' lang='lat' dir='ltr'><strong>cursoris</strong></span> <span class='ocrx_word' id='word_1_215' title='bbox 1135 999 1213 1050; x_wconf 86' lang='lat' dir='ltr'><strong>sios?</strong></span> <span class='ocrx_word' id='word_1_216' title='bbox 1237 997 1396 1064; x_wconf 77' lang='lat' dir='ltr'><strong>Praeparavi</strong></span> <span class='ocrx_word' id='word_1_217' title='bbox 1418 995 1526 1048; x_wconf 86' lang='lat' dir='ltr'><strong>domant</strong></span> <span class='ocrx_word' id='word_1_218' title='bbox 1547 998 1571 1047; x_wconf 91' lang='lat' dir='ltr'><strong>et</strong></span> <span class='ocrx_word' id='word_1_219' title='bbox 1596 994 1681 1048; x_wconf 83' lang='lat' dir='ltr'><strong>lecum</strong></span> <span class='ocrx_word' id='word_1_220' title='bbox 1702 995 1821 1048; x_wconf 78' lang='lat' dir='ltr'><strong>carnalis.</strong></span> 
     </span>
     <span class='ocr_line' id='line_1_32' title="bbox 973 1082 1821 1151; baseline -0.007 -10"><span class='ocrx_word' id='word_1_221' title='bbox 973 1089 1008 1141; x_wconf 86' lang='lat' dir='ltr'><strong>Et</strong></span> <span class='ocrx_word' id='word_1_222' title='bbox 1028 1086 1184 1140; x_wconf 80' lang='lat' dir='ltr'><strong>itttrodurcit</strong></span> <span class='ocrx_word' id='word_1_223' title='bbox 1199 1100 1257 1138; x_wconf 83' lang='lat' dir='ltr'><strong>eura</strong></span> <span class='ocrx_word' id='word_1_224' title='bbox 1273 1087 1303 1137; x_wconf 89' lang='lat' dir='ltr'><strong>in</strong></span> <span class='ocrx_word' id='word_1_225' title='bbox 1328 1085 1486 1151; x_wconf 82' lang='lat' dir='ltr'><strong>hospitium,</strong></span> <span class='ocrx_word' id='word_1_226' title='bbox 1501 1099 1532 1135; x_wconf 89' lang='lat' dir='ltr'><strong>ac</strong></span> <span class='ocrx_word' id='word_1_227' title='bbox 1550 1082 1684 1137; x_wconf 82' lang='lat' dir='ltr'><strong>destravit</strong></span> <span class='ocrx_word' id='word_1_228' title='bbox 1698 1083 1821 1149; x_wconf 85' lang='lat' dir='ltr'><strong>camelos,</strong></span> 
     </span>
     <span class='ocr_line' id='line_1_33' title="bbox 974 1170 1823 1243; baseline -0.002 -16"><span class='ocrx_word' id='word_1_229' title='bbox 974 1173 1103 1243; x_wconf 80' lang='lat' dir='ltr'><strong>deditque</strong></span> <span class='ocrx_word' id='word_1_230' title='bbox 1129 1175 1233 1243; x_wconf 87' lang='lat' dir='ltr'><strong>poleas,</strong></span> <span class='ocrx_word' id='word_1_231' title='bbox 1260 1188 1291 1226; x_wconf 87' lang='lat' dir='ltr'><strong>uc</strong></span> <span class='ocrx_word' id='word_1_232' title='bbox 1317 1175 1420 1240; x_wconf 79' lang='lat' dir='ltr'><strong>senum,</strong></span> <span class='ocrx_word' id='word_1_233' title='bbox 1444 1176 1468 1224; x_wconf 87' lang='lat' dir='ltr'><strong>et</strong></span> <span class='ocrx_word' id='word_1_234' title='bbox 1495 1187 1597 1240; x_wconf 88' lang='lat' dir='ltr'><strong>aquam</strong></span> <span class='ocrx_word' id='word_1_235' title='bbox 1623 1171 1661 1224; x_wconf 90' lang='lat' dir='ltr'><strong>od</strong></span> <span class='ocrx_word' id='word_1_236' title='bbox 1690 1170 1823 1225; x_wconf 87' lang='lat' dir='ltr'><strong>lavandos</strong></span> 
     </span>
     <span class='ocr_line' id='line_1_34' title="bbox 971 1261 1823 1334; baseline -0.006 -17"><span class='ocrx_word' id='word_1_237' title='bbox 971 1264 1053 1334; x_wconf 88' lang='lat' dir='ltr'><strong>pedes</strong></span> <span class='ocrx_word' id='word_1_238' title='bbox 1071 1264 1232 1317; x_wconf 85' lang='lat' dir='ltr'><strong>camelorum</strong></span> <span class='ocrx_word' id='word_1_239' title='bbox 1254 1267 1279 1316; x_wconf 86' lang='lat' dir='ltr'><strong>et</strong></span> <span class='ocrx_word' id='word_1_240' title='bbox 1302 1263 1424 1315; x_wconf 82' lang='lat' dir='ltr'><strong>virorum</strong></span> <span class='ocrx_word' id='word_1_241' title='bbox 1451 1261 1500 1329; x_wconf 87' lang='lat' dir='ltr'><strong>qui</strong></span> <span class='ocrx_word' id='word_1_242' title='bbox 1512 1266 1640 1314; x_wconf 88' lang='lat' dir='ltr'><strong>venerant</strong></span> <span class='ocrx_word' id='word_1_243' title='bbox 1659 1275 1719 1313; x_wconf 88' lang='lat' dir='ltr'><strong>cam</strong></span> <span class='ocrx_word' id='word_1_244' title='bbox 1732 1275 1770 1313; x_wconf 87' lang='lat' dir='ltr'><strong>eo.</strong></span> <span class='ocrx_word' id='word_1_245' title='bbox 1788 1261 1823 1314; x_wconf 80' lang='lat' dir='ltr'><strong>Et</strong></span> 
     </span>
     <span class='ocr_line' id='line_1_35' title="bbox 974 1346 1823 1422; baseline -0.005 -15"><span class='ocrx_word' id='word_1_246' title='bbox 974 1355 1115 1422; x_wconf 86' lang='lat' dir='ltr'><strong>appositus</strong></span> <span class='ocrx_word' id='word_1_247' title='bbox 1130 1357 1167 1405; x_wconf 87' lang='lat' dir='ltr'><strong>est</strong></span> <span class='ocrx_word' id='word_1_248' title='bbox 1186 1354 1214 1404; x_wconf 91' lang='lat' dir='ltr'><strong>in</strong></span> <span class='ocrx_word' id='word_1_249' title='bbox 1233 1355 1372 1420; x_wconf 88' lang='lat' dir='ltr'><strong>conspectu</strong></span> <span class='ocrx_word' id='word_1_250' title='bbox 1395 1350 1453 1417; x_wconf 80' lang='lat' dir='ltr'><strong>ejus</strong></span> <span class='ocrx_word' id='word_1_251' title='bbox 1476 1351 1567 1417; x_wconf 82' lang='lat' dir='ltr'><strong>punis.</strong></span> <span class='ocrx_word' id='word_1_252' title='bbox 1581 1346 1707 1403; x_wconf 81' lang='lat' dir='ltr'><strong>Allectus</strong></span> <span class='ocrx_word' id='word_1_253' title='bbox 1726 1355 1823 1404; x_wconf 87' lang='lat' dir='ltr'><strong>noster</strong></span> 
     </span>
     <span class='ocr_line' id='line_1_36' title="bbox 974 1430 1821 1506; baseline -0.009 -9"><span class='ocrx_word' id='word_1_254' title='bbox 974 1430 997 1496; x_wconf 66' lang='lat' dir='ltr'><strong>a‘</strong></span> <span class='ocrx_word' id='word_1_255' title='bbox 1006 1441 1126 1497; x_wconf 89' lang='lat' dir='ltr'><strong>Domino</strong></span> <span class='ocrx_word' id='word_1_256' title='bbox 1141 1440 1329 1500; x_wconf 86' lang='lat' dir='ltr'><strong>benedicitur,</strong></span> <span class='ocrx_word' id='word_1_257' title='bbox 1342 1452 1406 1492; x_wconf 89' lang='lat' dir='ltr'><strong>enm</strong></span> <span class='ocrx_word' id='word_1_258' title='bbox 1418 1437 1453 1491; x_wconf 91' lang='lat' dir='ltr'><strong>ad</strong></span> <span class='ocrx_word' id='word_1_259' title='bbox 1463 1435 1608 1506; x_wconf 87' lang='lat' dir='ltr'><strong>religionis</strong></span> <span class='ocrx_word' id='word_1_260' title='bbox 1632 1441 1821 1506; x_wconf 89' lang='lat' dir='ltr'><strong>augmentum</strong></span> 
     </span>
     <span class='ocr_line' id='line_1_37' title="bbox 973 1525 1823 1598; baseline -0.006 -14"><span class='ocrx_word' id='word_1_261' title='bbox 973 1528 1142 1594; x_wconf 87' lang='lat' dir='ltr'><strong>intenditur.</strong></span> <span class='ocrx_word' id='word_1_262' title='bbox 1174 1529 1201 1582; x_wconf 91' lang='lat' dir='ltr'><strong>ls</strong></span> <span class='ocrx_word' id='word_1_263' title='bbox 1228 1527 1339 1598; x_wconf 79' lang='lat' dir='ltr'><strong>ingredi</strong></span> <span class='ocrx_word' id='word_1_264' title='bbox 1368 1533 1510 1593; x_wconf 90' lang='lat' dir='ltr'><strong>monetur,</strong></span> <span class='ocrx_word' id='word_1_265' title='bbox 1542 1541 1608 1581; x_wconf 84' lang='lat' dir='ltr'><strong>eunt</strong></span> <span class='ocrx_word' id='word_1_266' title='bbox 1637 1540 1654 1581; x_wconf 91' lang='lat' dir='ltr'><strong>a</strong></span> <span class='ocrx_word' id='word_1_267' title='bbox 1689 1525 1823 1580; x_wconf 87' lang='lat' dir='ltr'><strong>lorestico</strong></span> 
     </span>
     <span class='ocr_line' id='line_1_38' title="bbox 975 1611 1823 1687; baseline -0.007 -15"><span class='ocrx_word' id='word_1_268' title='bbox 975 1617 1096 1687; x_wconf 90' lang='lat' dir='ltr'><strong>strepitu</strong></span> <span class='ocrx_word' id='word_1_269' title='bbox 1123 1617 1158 1672; x_wconf 91' lang='lat' dir='ltr'><strong>ad</strong></span> <span class='ocrx_word' id='word_1_270' title='bbox 1190 1616 1290 1671; x_wconf 89' lang='lat' dir='ltr'><strong>mentis</strong></span> <span class='ocrx_word' id='word_1_271' title='bbox 1317 1614 1443 1685; x_wconf 87' lang='lat' dir='ltr'><strong>quietern</strong></span> <span class='ocrx_word' id='word_1_272' title='bbox 1476 1615 1605 1670; x_wconf 89' lang='lat' dir='ltr'><strong>secedere</strong></span> <span class='ocrx_word' id='word_1_273' title='bbox 1638 1628 1689 1684; x_wconf 92' lang='lat' dir='ltr'><strong>per</strong></span> <span class='ocrx_word' id='word_1_274' title='bbox 1717 1611 1823 1668; x_wconf 88' lang='lat' dir='ltr'><strong>interni</strong></span> 
     </span>
     <span class='ocr_line' id='line_1_39' title="bbox 976 1696 1867 1791; baseline -0.009 -29"><span class='ocrx_word' id='word_1_275' title='bbox 976 1706 1073 1779; x_wconf 85' lang='lat' dir='ltr'><strong>gaudii</strong></span> <span class='ocrx_word' id='word_1_276' title='bbox 1093 1705 1246 1760; x_wconf 91' lang='lat' dir='ltr'><strong>eandorem</strong></span> <span class='ocrx_word' id='word_1_277' title='bbox 1268 1705 1404 1759; x_wconf 90' lang='lat' dir='ltr'><strong>trabitur.</strong></span> <span class='ocrx_word' id='word_1_278' title='bbox 1436 1703 1638 1759; x_wconf 86' lang='lat' dir='ltr'><strong>intellectualis</strong></span> <span class='ocrx_word' id='word_1_279' title='bbox 1662 1703 1738 1758; x_wconf 91' lang='lat' dir='ltr'><strong>enirn</strong></span> <span class='ocrx_word' id='word_1_280' title='bbox 1772 1701 1822 1755; x_wconf 92' lang='lat' dir='ltr'><strong>iste</strong></span> <span class='ocrx_word' id='word_1_281' title='bbox 1866 1696 1867 1791; x_wconf 62' lang='lat' dir='ltr'><strong>l</strong></span> 
     </span>
     <span class='ocr_line' id='line_1_40' title="bbox 974 1793 1823 1862; baseline -0.006 -13"><span class='ocrx_word' id='word_1_282' title='bbox 974 1793 1201 1860; x_wconf 73' lang='lat' dir='ltr'><strong>abbandonam,</strong></span> <span class='ocrx_word' id='word_1_283' title='bbox 1224 1807 1256 1848; x_wconf 88' lang='lat' dir='ltr'><strong>ac</strong></span> <span class='ocrx_word' id='word_1_284' title='bbox 1278 1794 1363 1846; x_wconf 84' lang='lat' dir='ltr'><strong>locum</strong></span> <span class='ocrx_word' id='word_1_285' title='bbox 1385 1794 1494 1846; x_wconf 86' lang='lat' dir='ltr'><strong>camelis</strong></span> <span class='ocrx_word' id='word_1_286' title='bbox 1512 1801 1663 1862; x_wconf 75' lang='lat' dir='ltr'><strong>praeparat,</strong></span> <span class='ocrx_word' id='word_1_287' title='bbox 1678 1805 1744 1846; x_wconf 83' lang='lat' dir='ltr'><strong>culn</strong></span> <span class='ocrx_word' id='word_1_288' title='bbox 1761 1798 1788 1845; x_wconf 90' lang='lat' dir='ltr'><strong>el</strong></span> <span class='ocrx_word' id='word_1_289' title='bbox 1807 1803 1823 1843; x_wconf 82' lang='lat' dir='ltr'><strong>a</strong></span> 
     </span>
     <span class='ocr_line' id='line_1_41' title="bbox 973 1878 1823 1951; baseline -0.007 -13"><span class='ocrx_word' id='word_1_290' title='bbox 973 1882 1153 1938; x_wconf 73' lang='lat' dir='ltr'><strong>conscientiae</strong></span> <span class='ocrx_word' id='word_1_291' title='bbox 1177 1882 1260 1937; x_wconf 91' lang='lat' dir='ltr'><strong>durno</strong></span> <span class='ocrx_word' id='word_1_292' title='bbox 1277 1886 1325 1935; x_wconf 70' lang='lat' dir='ltr'><strong>tlt</strong></span> <span class='ocrx_word' id='word_1_293' title='bbox 1350 1889 1497 1951; x_wconf 86' lang='lat' dir='ltr'><strong>peccatura</strong></span> <span class='ocrx_word' id='word_1_294' title='bbox 1522 1881 1661 1948; x_wconf 89' lang='lat' dir='ltr'><strong>eliminat,</strong></span> <span class='ocrx_word' id='word_1_295' title='bbox 1689 1886 1716 1934; x_wconf 94' lang='lat' dir='ltr'><strong>et</strong></span> <span class='ocrx_word' id='word_1_296' title='bbox 1737 1878 1823 1935; x_wconf 93' lang='lat' dir='ltr'><strong>totius</strong></span> 
     </span>
     <span class='ocr_line' id='line_1_42' title="bbox 972 1966 1821 2034; baseline -0.007 -7"><span class='ocrx_word' id='word_1_297' title='bbox 972 1971 1089 2027; x_wconf 90' lang='lat' dir='ltr'><strong>virtutis</strong></span> <span class='ocrx_word' id='word_1_298' title='bbox 1101 1970 1315 2034; x_wconf 86' lang='lat' dir='ltr'><strong>consistorium,</strong></span> <span class='ocrx_word' id='word_1_299' title='bbox 1334 1971 1440 2026; x_wconf 90' lang='lat' dir='ltr'><strong>bonam</strong></span> <span class='ocrx_word' id='word_1_300' title='bbox 1466 1969 1573 2025; x_wconf 87' lang='lat' dir='ltr'><strong>scilieet</strong></span> <span class='ocrx_word' id='word_1_301' title='bbox 1592 1969 1772 2023; x_wconf 88' lang='lat' dir='ltr'><strong>voluntatem</strong></span> <span class='ocrx_word' id='word_1_302' title='bbox 1795 1966 1821 2021; x_wconf 92' lang='lat' dir='ltr'><strong>in</strong></span> 
     </span>
     <span class='ocr_line' id='line_1_43' title="bbox 972 2055 1821 2127; baseline -0.007 -11"><span class='ocrx_word' id='word_1_303' title='bbox 972 2060 1069 2117; x_wconf 89' lang='lat' dir='ltr'><strong>eadem</strong></span> <span class='ocrx_word' id='word_1_304' title='bbox 1085 2061 1170 2114; x_wconf 93' lang='lat' dir='ltr'><strong>domo</strong></span> <span class='ocrx_word' id='word_1_305' title='bbox 1185 2058 1272 2127; x_wconf 87' lang='lat' dir='ltr'><strong>looat;</strong></span> <span class='ocrx_word' id='word_1_306' title='bbox 1289 2058 1400 2114; x_wconf 91' lang='lat' dir='ltr'><strong>inducit</strong></span> <span class='ocrx_word' id='word_1_307' title='bbox 1422 2061 1450 2112; x_wconf 86' lang='lat' dir='ltr'><strong>in</strong></span> <span class='ocrx_word' id='word_1_308' title='bbox 1469 2060 1624 2127; x_wconf 75' lang='lat' dir='ltr'><strong>hospitium,</strong></span> <span class='ocrx_word' id='word_1_309' title='bbox 1642 2071 1709 2113; x_wconf 90' lang='lat' dir='ltr'><strong>cum</strong></span> <span class='ocrx_word' id='word_1_310' title='bbox 1734 2055 1821 2125; x_wconf 77' lang='lat' dir='ltr'><strong>baius</strong></span> 
     </span>
     <span class='ocr_line' id='line_1_44' title="bbox 972 2144 1817 2219; baseline -0.007 -15"><span class='ocrx_word' id='word_1_311' title='bbox 972 2148 1209 2219; x_wconf 74' lang='lat' dir='ltr'><strong>peregrinationis</strong></span> <span class='ocrx_word' id='word_1_312' title='bbox 1234 2156 1358 2217; x_wconf 86' lang='lat' dir='ltr'><strong>ternpore</strong></span> <span class='ocrx_word' id='word_1_313' title='bbox 1381 2147 1492 2218; x_wconf 92' lang='lat' dir='ltr'><strong>pietatis</strong></span> <span class='ocrx_word' id='word_1_314' title='bbox 1517 2160 1604 2216; x_wconf 89' lang='lat' dir='ltr'><strong>opera</strong></span> <span class='ocrx_word' id='word_1_315' title='bbox 1628 2161 1684 2201; x_wconf 91' lang='lat' dir='ltr'><strong>non</strong></span> <span class='ocrx_word' id='word_1_316' title='bbox 1716 2144 1817 2200; x_wconf 90' lang='lat' dir='ltr'><strong>desinit</strong></span> 
     </span>
     <span class='ocr_line' id='line_1_45' title="bbox 973 2233 1821 2305; baseline -0.009 -12"><span class='ocrx_word' id='word_1_317' title='bbox 973 2237 1172 2293; x_wconf 82' lang='lat' dir='ltr'><strong>intrumentis</strong></span> <span class='ocrx_word' id='word_1_318' title='bbox 1196 2236 1289 2291; x_wconf 86' lang='lat' dir='ltr'><strong>celare</strong></span> <span class='ocrx_word' id='word_1_319' title='bbox 1316 2243 1468 2302; x_wconf 89' lang='lat' dir='ltr'><strong>secretum,</strong></span> <span class='ocrx_word' id='word_1_320' title='bbox 1492 2242 1605 2305; x_wconf 89' lang='lat' dir='ltr'><strong>propter</strong></span> <span class='ocrx_word' id='word_1_321' title='bbox 1637 2233 1821 2291; x_wconf 79' lang='lat' dir='ltr'><strong>transitoriae</strong></span> 
     </span>
     <span class='ocr_line' id='line_1_46' title="bbox 971 2321 1821 2392; baseline -0.009 -10"><span class='ocrx_word' id='word_1_322' title='bbox 971 2326 1066 2383; x_wconf 87' lang='lat' dir='ltr'><strong>laudis</strong></span> <span class='ocrx_word' id='word_1_323' title='bbox 1082 2326 1240 2380; x_wconf 86' lang='lat' dir='ltr'><strong>incursant.</strong></span> <span class='ocrx_word' id='word_1_324' title='bbox 1268 2324 1373 2379; x_wconf 86' lang='lat' dir='ltr'><strong>Cameli</strong></span> <span class='ocrx_word' id='word_1_325' title='bbox 1397 2324 1571 2389; x_wconf 86' lang='lat' dir='ltr'><strong>destrantur,</strong></span> <span class='ocrx_word' id='word_1_326' title='bbox 1595 2338 1662 2379; x_wconf 90' lang='lat' dir='ltr'><strong>cum</strong></span> <span class='ocrx_word' id='word_1_327' title='bbox 1687 2321 1821 2392; x_wconf 78' lang='lat' dir='ltr'><strong>numlibet</strong></span> 
     </span>
    </p>
   </div>
   <div class='ocr_carea' id='block_1_10' title="bbox 56 2410 1823 3031">
    <p class='ocr_par' dir='ltr' id='par_1_11' title="bbox 56 2410 1823 3031">
     <span class='ocr_line' id='line_1_47' title="bbox 69 2410 1821 2484; baseline -0.006 -10"><span class='ocrx_word' id='word_1_328' title='bbox 69 2417 194 2474; x_wconf 83' lang='lat' dir='ltr'><strong>Habebat</strong></span> <span class='ocrx_word' id='word_1_329' title='bbox 218 2421 307 2472; x_wconf 88' lang='lat' dir='ltr'><strong>autem</strong></span> <span class='ocrx_word' id='word_1_330' title='bbox 330 2414 448 2468; x_wconf 87' lang='lat' dir='ltr'><strong>Rebecca</strong></span> <span class='ocrx_word' id='word_1_331' title='bbox 465 2415 591 2480; x_wconf 71' lang='lat' dir='ltr'><strong>fratrem,</strong></span> <span class='ocrx_word' id='word_1_332' title='bbox 616 2415 723 2467; x_wconf 89' lang='lat' dir='ltr'><strong>nomine</strong></span> <span class='ocrx_word' id='word_1_333' title='bbox 743 2413 847 2481; x_wconf 80' lang='lat' dir='ltr'><strong>bobun,</strong></span> <span class='ocrx_word' id='word_1_334' title='bbox 871 2415 920 2482; x_wconf 87' lang='lat' dir='ltr'><strong>qui</strong></span> <span class='ocrx_word' id='word_1_335' title='bbox 972 2413 1131 2471; x_wconf 87' lang='lat' dir='ltr'><strong>sanctitatis</strong></span> <span class='ocrx_word' id='word_1_336' title='bbox 1146 2414 1352 2484; x_wconf 90' lang='lat' dir='ltr'><strong>integumenta,</strong></span> <span class='ocrx_word' id='word_1_337' title='bbox 1369 2412 1477 2483; x_wconf 89' lang='lat' dir='ltr'><strong>quibus</strong></span> <span class='ocrx_word' id='word_1_338' title='bbox 1489 2427 1603 2468; x_wconf 88' lang='lat' dir='ltr'><strong>sessuro</strong></span> <span class='ocrx_word' id='word_1_339' title='bbox 1618 2413 1647 2467; x_wconf 92' lang='lat' dir='ltr'><strong>iu</strong></span> <span class='ocrx_word' id='word_1_340' title='bbox 1664 2411 1748 2466; x_wconf 90' lang='lat' dir='ltr'><strong>nobis</strong></span> <span class='ocrx_word' id='word_1_341' title='bbox 1767 2410 1821 2464; x_wconf 88' lang='lat' dir='ltr'><strong>Deo</strong></span> 
     </span>
     <span class='ocr_line' id='line_1_48' title="bbox 70 2499 1821 2574; baseline -0.006 -13"><span class='ocrx_word' id='word_1_342' title='bbox 70 2503 432 2574; x_wconf 76' lang='lat' dir='ltr'><strong>festinuseqressasestod</strong></span> <span class='ocrx_word' id='word_1_343' title='bbox 451 2503 593 2570; x_wconf 86' lang='lat' dir='ltr'><strong>bominem,</strong></span> <span class='ocrx_word' id='word_1_344' title='bbox 611 2503 660 2556; x_wconf 87' lang='lat' dir='ltr'><strong>abi</strong></span> <span class='ocrx_word' id='word_1_345' title='bbox 679 2504 920 2569; x_wconf 68' lang='lat' dir='ltr'><strong>matronalium·</strong></span> <span class='ocrx_word' id='word_1_346' title='bbox 972 2504 1092 2559; x_wconf 87' lang='lat' dir='ltr'><strong>lideliter</strong></span> <span class='ocrx_word' id='word_1_347' title='bbox 1125 2502 1315 2573; x_wconf 86' lang='lat' dir='ltr'><strong>cingebantur</strong></span> <span class='ocrx_word' id='word_1_348' title='bbox 1341 2501 1443 2557; x_wconf 89' lang='lat' dir='ltr'><strong>bamili</strong></span> <span class='ocrx_word' id='word_1_349' title='bbox 1469 2516 1486 2556; x_wconf 90' lang='lat' dir='ltr'><strong>a</strong></span> <span class='ocrx_word' id='word_1_350' title='bbox 1518 2501 1599 2557; x_wconf 89' lang='lat' dir='ltr'><strong>nobis</strong></span> <span class='ocrx_word' id='word_1_351' title='bbox 1634 2499 1821 2556; x_wconf 73' lang='lat' dir='ltr'><strong>aestimatione</strong></span> 
     </span>
     <span class='ocr_line' id='line_1_49' title="bbox 56 2587 1820 2666; baseline -0.005 -17"><span class='ocrx_word' id='word_1_352' title='bbox 56 2595 251 2666; x_wconf 68' lang='lat' dir='ltr'><strong>praevidisset</strong></span> <span class='ocrx_word' id='word_1_353' title='bbox 269 2596 379 2646; x_wconf 83' lang='lat' dir='ltr'><strong>inaures</strong></span> <span class='ocrx_word' id='word_1_354' title='bbox 395 2591 920 2645; x_wconf 80' lang='lat' dir='ltr'><strong>etormillosinmaraibvssororissua</strong></span> <span class='ocrx_word' id='word_1_355' title='bbox 971 2591 1136 2655; x_wconf 91' lang='lat' dir='ltr'><strong>solvuntur,</strong></span> <span class='ocrx_word' id='word_1_356' title='bbox 1160 2597 1187 2644; x_wconf 92' lang='lat' dir='ltr'><strong>et</strong></span> <span class='ocrx_word' id='word_1_357' title='bbox 1215 2590 1252 2644; x_wconf 90' lang='lat' dir='ltr'><strong>ad</strong></span> <span class='ocrx_word' id='word_1_358' title='bbox 1282 2589 1387 2644; x_wconf 78' lang='lat' dir='ltr'><strong>litturae</strong></span> <span class='ocrx_word' id='word_1_359' title='bbox 1416 2587 1602 2645; x_wconf 91' lang='lat' dir='ltr'><strong>beatitudinis</strong></span> <span class='ocrx_word' id='word_1_360' title='bbox 1633 2587 1820 2644; x_wconf 85' lang='lat' dir='ltr'><strong>enterendum</strong></span> 
     </span>
     <span class='ocr_line' id='line_1_50' title="bbox 71 2676 1820 2748; baseline -0.006 -10"><span class='ocrx_word' id='word_1_361' title='bbox 71 2689 97 2738; x_wconf 86' lang='lat' dir='ltr'><strong>et</strong></span> <span class='ocrx_word' id='word_1_362' title='bbox 119 2683 240 2737; x_wconf 66' lang='lat' dir='ltr'><strong>andaset</strong></span> <span class='ocrx_word' id='word_1_363' title='bbox 264 2687 359 2736; x_wconf 88' lang='lat' dir='ltr'><strong>cvncta</strong></span> <span class='ocrx_word' id='word_1_364' title='bbox 383 2681 465 2735; x_wconf 86' lang='lat' dir='ltr'><strong>verbo</strong></span> <span class='ocrx_word' id='word_1_365' title='bbox 490 2682 657 2748; x_wconf 72' lang='lat' dir='ltr'><strong>resumtis:</strong></span> <span class='ocrx_word' id='word_1_366' title='bbox 681 2681 742 2734; x_wconf 79' lang='lat' dir='ltr'><strong>Haec</strong></span> <span class='ocrx_word' id='word_1_367' title='bbox 761 2681 865 2735; x_wconf 87' lang='lat' dir='ltr'><strong>locatas</strong></span> <span class='ocrx_word' id='word_1_368' title='bbox 881 2685 920 2735; x_wconf 87' lang='lat' dir='ltr'><strong>est</strong></span> <span class='ocrx_word' id='word_1_369' title='bbox 971 2680 1124 2736; x_wconf 90' lang='lat' dir='ltr'><strong>candorem</strong></span> <span class='ocrx_word' id='word_1_370' title='bbox 1152 2678 1233 2734; x_wconf 91' lang='lat' dir='ltr'><strong>nulla</strong></span> <span class='ocrx_word' id='word_1_371' title='bbox 1263 2685 1414 2748; x_wconf 90' lang='lat' dir='ltr'><strong>putantur.</strong></span> <span class='ocrx_word' id='word_1_372' title='bbox 1447 2678 1498 2735; x_wconf 91' lang='lat' dir='ltr'><strong>Vel</strong></span> <span class='ocrx_word' id='word_1_373' title='bbox 1526 2678 1610 2734; x_wconf 89' lang='lat' dir='ltr'><strong>etiarn</strong></span> <span class='ocrx_word' id='word_1_374' title='bbox 1647 2691 1696 2734; x_wconf 90' lang='lat' dir='ltr'><strong>eos</strong></span> <span class='ocrx_word' id='word_1_375' title='bbox 1726 2676 1820 2731; x_wconf 87' lang='lat' dir='ltr'><strong>Laban</strong></span> 
     </span>
     <span class='ocr_line' id='line_1_51' title="bbox 71 2765 1821 2838; baseline -0.005 -12"><span class='ocrx_word' id='word_1_376' title='bbox 71 2773 242 2838; x_wconf 85' lang='lat' dir='ltr'><strong>mibibomo,</strong></span> <span class='ocrx_word' id='word_1_377' title='bbox 261 2771 335 2824; x_wconf 86' lang='lat' dir='ltr'><strong>venit</strong></span> <span class='ocrx_word' id='word_1_378' title='bbox 350 2769 500 2835; x_wconf 81' lang='lat' dir='ltr'><strong>advirum,</strong></span> <span class='ocrx_word' id='word_1_379' title='bbox 519 2771 568 2837; x_wconf 90' lang='lat' dir='ltr'><strong>qvi</strong></span> <span class='ocrx_word' id='word_1_380' title='bbox 584 2769 675 2822; x_wconf 87' lang='lat' dir='ltr'><strong>stabat</strong></span> <span class='ocrx_word' id='word_1_381' title='bbox 691 2769 777 2837; x_wconf 82' lang='lat' dir='ltr'><strong>jueta</strong></span> <span class='ocrx_word' id='word_1_382' title='bbox 796 2770 918 2834; x_wconf 87' lang='lat' dir='ltr'><strong>camelos,</strong></span> <span class='ocrx_word' id='word_1_383' title='bbox 972 2770 1115 2835; x_wconf 80' lang='lat' dir='ltr'><strong>destravit,</strong></span> <span class='ocrx_word' id='word_1_384' title='bbox 1145 2782 1210 2822; x_wconf 90' lang='lat' dir='ltr'><strong>cum</strong></span> <span class='ocrx_word' id='word_1_385' title='bbox 1236 2766 1357 2823; x_wconf 77' lang='lat' dir='ltr'><strong>caelestis</strong></span> <span class='ocrx_word' id='word_1_386' title='bbox 1385 2781 1466 2822; x_wconf 91' lang='lat' dir='ltr'><strong>amor</strong></span> <span class='ocrx_word' id='word_1_387' title='bbox 1497 2767 1533 2822; x_wconf 92' lang='lat' dir='ltr'><strong>ab</strong></span> <span class='ocrx_word' id='word_1_388' title='bbox 1557 2765 1635 2822; x_wconf 92' lang='lat' dir='ltr'><strong>omni</strong></span> <span class='ocrx_word' id='word_1_389' title='bbox 1659 2765 1769 2835; x_wconf 89' lang='lat' dir='ltr'><strong>peccati</strong></span> <span class='ocrx_word' id='word_1_390' title='bbox 1795 2770 1821 2818; x_wconf 91' lang='lat' dir='ltr'><strong>et</strong></span> 
     </span>
     <span class='ocr_line' id='line_1_52' title="bbox 72 2851 1822 2929; baseline -0.005 -15"><span class='ocrx_word' id='word_1_391' title='bbox 72 2864 98 2914; x_wconf 91' lang='lat' dir='ltr'><strong>et</strong></span> <span class='ocrx_word' id='word_1_392' title='bbox 111 2874 196 2929; x_wconf 83' lang='lat' dir='ltr'><strong>prope</strong></span> <span class='ocrx_word' id='word_1_393' title='bbox 228 2864 329 2925; x_wconf 76' lang='lat' dir='ltr'><strong>sontem</strong></span> <span class='ocrx_word' id='word_1_394' title='bbox 352 2873 439 2927; x_wconf 81' lang='lat' dir='ltr'><strong>oquae.</strong></span> <span class='ocrx_word' id='word_1_395' title='bbox 472 2856 571 2913; x_wconf 84' lang='lat' dir='ltr'><strong>Matris</strong></span> <span class='ocrx_word' id='word_1_396' title='bbox 592 2856 696 2912; x_wconf 91' lang='lat' dir='ltr'><strong>domas</strong></span> <span class='ocrx_word' id='word_1_397' title='bbox 718 2857 778 2926; x_wconf 91' lang='lat' dir='ltr'><strong>ipsa</strong></span> <span class='ocrx_word' id='word_1_398' title='bbox 801 2857 920 2913; x_wconf 90' lang='lat' dir='ltr'><strong>rationis</strong></span> <span class='ocrx_word' id='word_1_399' title='bbox 974 2856 1104 2912; x_wconf 89' lang='lat' dir='ltr'><strong>inanium</strong></span> <span class='ocrx_word' id='word_1_400' title='bbox 1121 2855 1300 2926; x_wconf 82' lang='lat' dir='ltr'><strong>cogitatuum</strong></span> <span class='ocrx_word' id='word_1_401' title='bbox 1318 2854 1440 2923; x_wconf 91' lang='lat' dir='ltr'><strong>pondere</strong></span> <span class='ocrx_word' id='word_1_402' title='bbox 1455 2855 1598 2910; x_wconf 89' lang='lat' dir='ltr'><strong>virtutum</strong></span> <span class='ocrx_word' id='word_1_403' title='bbox 1616 2852 1710 2910; x_wconf 89' lang='lat' dir='ltr'><strong>studia</strong></span> <span class='ocrx_word' id='word_1_404' title='bbox 1725 2851 1822 2908; x_wconf 91' lang='lat' dir='ltr'><strong>suble-</strong></span> 
     </span>
     <span class='ocr_line' id='line_1_53' title="bbox 70 2941 1823 3031; baseline -0.006 -26"><span class='ocrx_word' id='word_1_405' title='bbox 70 2956 113 3006; x_wconf 89' lang='lat' dir='ltr'><strong>est</strong></span> <span class='ocrx_word' id='word_1_406' title='bbox 124 2963 190 3018; x_wconf 80' lang='lat' dir='ltr'><strong>quae</strong></span> <span class='ocrx_word' id='word_1_407' title='bbox 202 2962 253 3003; x_wconf 90' lang='lat' dir='ltr'><strong>nos</strong></span> <span class='ocrx_word' id='word_1_408' title='bbox 266 2947 387 3018; x_wconf 85' lang='lat' dir='ltr'><strong>protegit</strong></span> <span class='ocrx_word' id='word_1_409' title='bbox 402 2947 504 3002; x_wconf 88' lang='lat' dir='ltr'><strong>virtus.</strong></span> <span class='ocrx_word' id='word_1_410' title='bbox 524 2945 566 3001; x_wconf 82' lang='lat' dir='ltr'><strong>ad</strong></span> <span class='ocrx_word' id='word_1_411' title='bbox 584 2945 657 3000; x_wconf 88' lang='lat' dir='ltr'><strong>bano</strong></span> <span class='ocrx_word' id='word_1_412' title='bbox 684 2959 804 3001; x_wconf 89' lang='lat' dir='ltr'><strong>currens</strong></span> <span class='ocrx_word' id='word_1_413' title='bbox 817 2947 919 3015; x_wconf 85' lang='lat' dir='ltr'><strong>puella</strong></span> <span class='ocrx_word' id='word_1_414' title='bbox 938 2945 1061 3031; x_wconf 71' lang='lat' dir='ltr'><strong>Crevit.</strong></span> <span class='ocrx_word' id='word_1_415' title='bbox 1075 2946 1127 2999; x_wconf 86' lang='lat' dir='ltr'><strong>Dat</strong></span> <span class='ocrx_word' id='word_1_416' title='bbox 1141 2946 1248 3013; x_wconf 86' lang='lat' dir='ltr'><strong>poleos,</strong></span> <span class='ocrx_word' id='word_1_417' title='bbox 1259 2951 1286 2997; x_wconf 92' lang='lat' dir='ltr'><strong>et</strong></span> <span class='ocrx_word' id='word_1_418' title='bbox 1308 2943 1399 3007; x_wconf 77' lang='lat' dir='ltr'><strong>[mom</strong></span> <span class='ocrx_word' id='word_1_419' title='bbox 1414 2944 1463 3010; x_wconf 87' lang='lat' dir='ltr'><strong>eis,</strong></span> <span class='ocrx_word' id='word_1_420' title='bbox 1482 2957 1548 2999; x_wconf 88' lang='lat' dir='ltr'><strong>curn</strong></span> <span class='ocrx_word' id='word_1_421' title='bbox 1563 2950 1591 2998; x_wconf 92' lang='lat' dir='ltr'><strong>et</strong></span> <span class='ocrx_word' id='word_1_422' title='bbox 1614 2941 1823 3012; x_wconf 85' lang='lat' dir='ltr'><strong>reprobationis</strong></span> 
     </span>
    </p>
   </div>
   <div class='ocr_carea' id='block_1_11' title="bbox 54 3028 1830 5585">
    <p class='ocr_par' dir='ltr' id='par_1_12' title="bbox 54 3028 1830 5585">
     <span class='ocr_line' id='line_1_54' title="bbox 72 3028 1823 3106; baseline -0.006 -13"><span class='ocrx_word' id='word_1_423' title='bbox 72 3036 188 3093; x_wconf 90' lang='lat' dir='ltr'><strong>nuntiat</strong></span> <span class='ocrx_word' id='word_1_424' title='bbox 204 3051 270 3106; x_wconf 74' lang='lat' dir='ltr'><strong>quae</strong></span> <span class='ocrx_word' id='word_1_425' title='bbox 288 3034 388 3102; x_wconf 92' lang='lat' dir='ltr'><strong>audiit,</strong></span> <span class='ocrx_word' id='word_1_426' title='bbox 399 3036 468 3091; x_wconf 89' lang='lat' dir='ltr'><strong>dum</strong></span> <span class='ocrx_word' id='word_1_427' title='bbox 479 3033 659 3090; x_wconf 75' lang='lat' dir='ltr'><strong>eonscientiae</strong></span> <span class='ocrx_word' id='word_1_428' title='bbox 676 3033 786 3103; x_wconf 88' lang='lat' dir='ltr'><strong>puritas</strong></span> <span class='ocrx_word' id='word_1_429' title='bbox 800 3034 829 3088; x_wconf 93' lang='lat' dir='ltr'><strong>in</strong></span> <span class='ocrx_word' id='word_1_430' title='bbox 844 3050 919 3090; x_wconf 91' lang='lat' dir='ltr'><strong>eun·</strong></span> <span class='ocrx_word' id='word_1_431' title='bbox 973 3032 1128 3095; x_wconf 88' lang='lat' dir='ltr'><strong>miseriam,</strong></span> <span class='ocrx_word' id='word_1_432' title='bbox 1151 3031 1293 3088; x_wconf 79' lang='lat' dir='ltr'><strong>etdlvinae</strong></span> <span class='ocrx_word' id='word_1_433' title='bbox 1309 3031 1456 3087; x_wconf 90' lang='lat' dir='ltr'><strong>electionis</strong></span> <span class='ocrx_word' id='word_1_434' title='bbox 1477 3031 1597 3103; x_wconf 80' lang='lat' dir='ltr'><strong>gloriani</strong></span> <span class='ocrx_word' id='word_1_435' title='bbox 1612 3031 1667 3101; x_wconf 90' lang='lat' dir='ltr'><strong>piis</strong></span> <span class='ocrx_word' id='word_1_436' title='bbox 1689 3028 1823 3100; x_wconf 90' lang='lat' dir='ltr'><strong>proponit</strong></span> 
     </span>
     <span class='ocr_line' id='line_1_55' title="bbox 71 3120 1820 3190; baseline -0.005 -8"><span class='ocrx_word' id='word_1_437' title='bbox 71 3125 124 3182; x_wconf 93' lang='lat' dir='ltr'><strong>ctis</strong></span> <span class='ocrx_word' id='word_1_438' title='bbox 137 3126 198 3180; x_wconf 92' lang='lat' dir='ltr'><strong>suis</strong></span> <span class='ocrx_word' id='word_1_439' title='bbox 212 3122 363 3180; x_wconf 82' lang='lat' dir='ltr'><strong>affectibus</strong></span> <span class='ocrx_word' id='word_1_440' title='bbox 378 3124 414 3179; x_wconf 91' lang='lat' dir='ltr'><strong>ad</strong></span> <span class='ocrx_word' id='word_1_441' title='bbox 439 3122 558 3178; x_wconf 90' lang='lat' dir='ltr'><strong>rationis</strong></span> <span class='ocrx_word' id='word_1_442' title='bbox 582 3135 705 3177; x_wconf 84' lang='lat' dir='ltr'><strong>examen</strong></span> <span class='ocrx_word' id='word_1_443' title='bbox 732 3129 790 3177; x_wconf 90' lang='lat' dir='ltr'><strong>tota</strong></span> <span class='ocrx_word' id='word_1_444' title='bbox 809 3123 920 3179; x_wconf 89' lang='lat' dir='ltr'><strong>seduli·</strong></span> <span class='ocrx_word' id='word_1_445' title='bbox 975 3121 1130 3188; x_wconf 80' lang='lat' dir='ltr'><strong>exercitiis,</strong></span> <span class='ocrx_word' id='word_1_446' title='bbox 1145 3128 1177 3176; x_wconf 92' lang='lat' dir='ltr'><strong>ut</strong></span> <span class='ocrx_word' id='word_1_447' title='bbox 1192 3120 1232 3175; x_wconf 88' lang='lat' dir='ltr'><strong>sic</strong></span> <span class='ocrx_word' id='word_1_448' title='bbox 1253 3120 1346 3190; x_wconf 87' lang='lat' dir='ltr'><strong>despe</strong></span> <span class='ocrx_word' id='word_1_449' title='bbox 1361 3120 1506 3176; x_wconf 87' lang='lat' dir='ltr'><strong>electionis</strong></span> <span class='ocrx_word' id='word_1_450' title='bbox 1525 3120 1636 3176; x_wconf 77' lang='lat' dir='ltr'><strong>laetetur</strong></span> <span class='ocrx_word' id='word_1_451' title='bbox 1657 3132 1820 3184; x_wconf 90' lang='lat' dir='ltr'><strong>corsuum,</strong></span> 
     </span>
     <span class='ocr_line' id='line_1_56' title="bbox 72 3205 1817 3282; baseline -0.005 -13"><span class='ocrx_word' id='word_1_452' title='bbox 72 3221 129 3269; x_wconf 89' lang='lat' dir='ltr'><strong>tate</strong></span> <span class='ocrx_word' id='word_1_453' title='bbox 144 3211 277 3280; x_wconf 87' lang='lat' dir='ltr'><strong>recurrit,</strong></span> <span class='ocrx_word' id='word_1_454' title='bbox 305 3226 424 3282; x_wconf 84' lang='lat' dir='ltr'><strong>seseque</strong></span> <span class='ocrx_word' id='word_1_455' title='bbox 449 3211 498 3265; x_wconf 90' lang='lat' dir='ltr'><strong>illa</strong></span> <span class='ocrx_word' id='word_1_456' title='bbox 522 3208 671 3278; x_wconf 78' lang='lat' dir='ltr'><strong>iudicante</strong></span> <span class='ocrx_word' id='word_1_457' title='bbox 698 3209 833 3279; x_wconf 88' lang='lat' dir='ltr'><strong>disponit.</strong></span> <span class='ocrx_word' id='word_1_458' title='bbox 866 3212 919 3267; x_wconf 86' lang='lat' dir='ltr'><strong>ile·</strong></span> <span class='ocrx_word' id='word_1_459' title='bbox 975 3209 1247 3280; x_wconf 87' lang='lat' dir='ltr'><strong>quatenusdoeasu</strong></span> <span class='ocrx_word' id='word_1_460' title='bbox 1274 3208 1482 3278; x_wconf 89' lang='lat' dir='ltr'><strong>reprobationis</strong></span> <span class='ocrx_word' id='word_1_461' title='bbox 1495 3208 1632 3264; x_wconf 84' lang='lat' dir='ltr'><strong>extimeat</strong></span> <span class='ocrx_word' id='word_1_462' title='bbox 1651 3221 1756 3262; x_wconf 89' lang='lat' dir='ltr'><strong>nornen</strong></span> <span class='ocrx_word' id='word_1_463' title='bbox 1772 3205 1817 3261; x_wconf 92' lang='lat' dir='ltr'><strong>di-</strong></span> 
     </span>
     <span class='ocr_line' id='line_1_57' title="bbox 72 3294 1821 3370; baseline -0.005 -13"><span class='ocrx_word' id='word_1_464' title='bbox 72 3300 273 3357; x_wconf 90' lang='lat' dir='ltr'><strong>beccadicltur</strong></span> <span class='ocrx_word' id='word_1_465' title='bbox 284 3302 429 3370; x_wconf 84' lang='lat' dir='ltr'><strong>patientia,</strong></span> <span class='ocrx_word' id='word_1_466' title='bbox 454 3297 551 3353; x_wconf 85' lang='lat' dir='ltr'><strong>Leban</strong></span> <span class='ocrx_word' id='word_1_467' title='bbox 569 3311 634 3353; x_wconf 85' lang='lat' dir='ltr'><strong>vero</strong></span> <span class='ocrx_word' id='word_1_468' title='bbox 649 3298 751 3351; x_wconf 81' lang='lat' dir='ltr'><strong>caradoc</strong></span> <span class='ocrx_word' id='word_1_469' title='bbox 779 3299 920 3368; x_wconf 90' lang='lat' dir='ltr'><strong>interpre-</strong></span> <span class='ocrx_word' id='word_1_470' title='bbox 974 3299 1087 3355; x_wconf 87' lang='lat' dir='ltr'><strong>vinum.</strong></span> <span class='ocrx_word' id='word_1_471' title='bbox 1104 3298 1203 3354; x_wconf 90' lang='lat' dir='ltr'><strong>Paleas</strong></span> <span class='ocrx_word' id='word_1_472' title='bbox 1216 3298 1361 3367; x_wconf 89' lang='lat' dir='ltr'><strong>reprobos,</strong></span> <span class='ocrx_word' id='word_1_473' title='bbox 1378 3297 1476 3353; x_wconf 89' lang='lat' dir='ltr'><strong>tenum</strong></span> <span class='ocrx_word' id='word_1_474' title='bbox 1492 3297 1546 3352; x_wconf 90' lang='lat' dir='ltr'><strong>dici</strong></span> <span class='ocrx_word' id='word_1_475' title='bbox 1561 3296 1674 3363; x_wconf 87' lang='lat' dir='ltr'><strong>electos,</strong></span> <span class='ocrx_word' id='word_1_476' title='bbox 1689 3294 1821 3365; x_wconf 82' lang='lat' dir='ltr'><strong>exempla</strong></span> 
     </span>
     <span class='ocr_line' id='line_1_58' title="bbox 72 3384 1823 3458; baseline -0.004 -13"><span class='ocrx_word' id='word_1_477' title='bbox 72 3395 160 3445; x_wconf 90' lang='lat' dir='ltr'><strong>tatur.</strong></span> <span class='ocrx_word' id='word_1_478' title='bbox 195 3388 310 3445; x_wconf 86' lang='lat' dir='ltr'><strong>Patiens</strong></span> <span class='ocrx_word' id='word_1_479' title='bbox 345 3402 414 3458; x_wconf 87' lang='lat' dir='ltr'><strong>ergo</strong></span> <span class='ocrx_word' id='word_1_480' title='bbox 455 3386 628 3442; x_wconf 87' lang='lat' dir='ltr'><strong>conscientia</strong></span> <span class='ocrx_word' id='word_1_481' title='bbox 663 3387 780 3441; x_wconf 88' lang='lat' dir='ltr'><strong>candori</strong></span> <span class='ocrx_word' id='word_1_482' title='bbox 813 3395 920 3442; x_wconf 76' lang='lat' dir='ltr'><strong>aeterno</strong></span> <span class='ocrx_word' id='word_1_483' title='bbox 975 3388 1118 3444; x_wconf 89' lang='lat' dir='ltr'><strong>dabimus.</strong></span> <span class='ocrx_word' id='word_1_484' title='bbox 1136 3386 1233 3442; x_wconf 86' lang='lat' dir='ltr'><strong>Paleas</strong></span> <span class='ocrx_word' id='word_1_485' title='bbox 1249 3393 1313 3442; x_wconf 88' lang='lat' dir='ltr'><strong>uret</strong></span> <span class='ocrx_word' id='word_1_486' title='bbox 1339 3386 1400 3456; x_wconf 89' lang='lat' dir='ltr'><strong>igni</strong></span> <span class='ocrx_word' id='word_1_487' title='bbox 1417 3384 1656 3456; x_wconf 81' lang='lat' dir='ltr'><strong>inexstinguibili,</strong></span> <span class='ocrx_word' id='word_1_488' title='bbox 1676 3384 1705 3438; x_wconf 95' lang='lat' dir='ltr'><strong>in</strong></span> <span class='ocrx_word' id='word_1_489' title='bbox 1724 3384 1823 3439; x_wconf 80' lang='lat' dir='ltr'><strong>Evan-</strong></span> 
     </span>
     <span class='ocr_line' id='line_1_59' title="bbox 73 3463 1823 3549; baseline -0.003 -17"><span class='ocrx_word' id='word_1_490' title='bbox 73 3490 209 3547; x_wconf 84' lang='lat' dir='ltr'><strong>germane</strong></span> <span class='ocrx_word' id='word_1_491' title='bbox 228 3475 429 3547; x_wconf 85' lang='lat' dir='ltr'><strong>conjungitur;</strong></span> <span class='ocrx_word' id='word_1_492' title='bbox 450 3474 505 3529; x_wconf 92' lang='lat' dir='ltr'><strong>uisi</strong></span> <span class='ocrx_word' id='word_1_493' title='bbox 529 3473 605 3529; x_wconf 89' lang='lat' dir='ltr'><strong>enim</strong></span> <span class='ocrx_word' id='word_1_494' title='bbox 629 3487 693 3543; x_wconf 92' lang='lat' dir='ltr'><strong>spes</strong></span> <span class='ocrx_word' id='word_1_495' title='bbox 707 3488 770 3529; x_wconf 91' lang='lat' dir='ltr'><strong>eam</strong></span> <span class='ocrx_word' id='word_1_496' title='bbox 788 3488 920 3543; x_wconf 81' lang='lat' dir='ltr'><strong>supernae</strong></span> <span class='ocrx_word' id='word_1_497' title='bbox 974 3477 1047 3549; x_wconf 86' lang='lat' dir='ltr'><strong>gello</strong></span> <span class='ocrx_word' id='word_1_498' title='bbox 1059 3477 1136 3545; x_wconf 81' lang='lat' dir='ltr'><strong>(Luc.</strong></span> <span class='ocrx_word' id='word_1_499' title='bbox 1162 3490 1200 3539; x_wconf 89' lang='grc' dir='ltr'>ιιι,</span> <span class='ocrx_word' id='word_1_500' title='bbox 1225 3463 1285 3545; x_wconf 79' lang='grc'>17);</span> <span class='ocrx_word' id='word_1_501' title='bbox 1313 3482 1340 3530; x_wconf 88' lang='lat' dir='ltr'><strong>et</strong></span> <span class='ocrx_word' id='word_1_502' title='bbox 1361 3474 1515 3530; x_wconf 89' lang='lat' dir='ltr'><strong>Bebomotb</strong></span> <span class='ocrx_word' id='word_1_503' title='bbox 1537 3473 1635 3530; x_wconf 89' lang='lat' dir='ltr'><strong>lenum</strong></span> <span class='ocrx_word' id='word_1_504' title='bbox 1661 3480 1693 3528; x_wconf 95' lang='lat' dir='ltr'><strong>ut</strong></span> <span class='ocrx_word' id='word_1_505' title='bbox 1714 3472 1765 3528; x_wconf 89' lang='lat' dir='ltr'><strong>bos</strong></span> <span class='ocrx_word' id='word_1_506' title='bbox 1778 3486 1823 3527; x_wconf 93' lang='lat' dir='ltr'><strong>co·</strong></span> 
     </span>
     <span class='ocr_line' id='line_1_60' title="bbox 73 3558 1824 3634; baseline -0.003 -13"><span class='ocrx_word' id='word_1_507' title='bbox 73 3565 212 3621; x_wconf 88' lang='lat' dir='ltr'><strong>claritatis</strong></span> <span class='ocrx_word' id='word_1_508' title='bbox 232 3564 383 3631; x_wconf 90' lang='lat' dir='ltr'><strong>attolleret,</strong></span> <span class='ocrx_word' id='word_1_509' title='bbox 408 3563 483 3618; x_wconf 91' lang='lat' dir='ltr'><strong>inter</strong></span> <span class='ocrx_word' id='word_1_510' title='bbox 499 3576 647 3632; x_wconf 88' lang='lat' dir='ltr'><strong>pressuras</strong></span> <span class='ocrx_word' id='word_1_511' title='bbox 670 3563 742 3618; x_wconf 90' lang='lat' dir='ltr'><strong>illico</strong></span> <span class='ocrx_word' id='word_1_512' title='bbox 770 3563 921 3619; x_wconf 90' lang='lat' dir='ltr'><strong>tolerantia</strong></span> <span class='ocrx_word' id='word_1_513' title='bbox 975 3565 1072 3632; x_wconf 89' lang='lat' dir='ltr'><strong>medit,</strong></span> <span class='ocrx_word' id='word_1_514' title='bbox 1096 3565 1123 3618; x_wconf 92' lang='lat' dir='ltr'><strong>in</strong></span> <span class='ocrx_word' id='word_1_515' title='bbox 1140 3564 1192 3619; x_wconf 89' lang='lat' dir='ltr'><strong>lob</strong></span> <span class='ocrx_word' id='word_1_516' title='bbox 1206 3563 1265 3634; x_wconf 80' lang='lat' dir='ltr'><strong>(lob</strong></span> <span class='ocrx_word' id='word_1_517' title='bbox 1281 3577 1326 3630; x_wconf 85' lang='grc' dir='ltr'>ιιι,</span> <span class='ocrx_word' id='word_1_518' title='bbox 1345 3562 1399 3632; x_wconf 84' lang='lat' dir='ltr'><strong>itt).</strong></span> <span class='ocrx_word' id='word_1_519' title='bbox 1418 3562 1487 3617; x_wconf 88' lang='lat' dir='ltr'><strong>inde</strong></span> <span class='ocrx_word' id='word_1_520' title='bbox 1501 3576 1569 3633; x_wconf 89' lang='lat' dir='ltr'><strong>ergo</strong></span> <span class='ocrx_word' id='word_1_521' title='bbox 1598 3574 1684 3631; x_wconf 83' lang='lat' dir='ltr'><strong>aquae</strong></span> <span class='ocrx_word' id='word_1_522' title='bbox 1703 3558 1824 3631; x_wconf 90' lang='lat' dir='ltr'><strong>pedibus</strong></span> 
     </span>
     <span class='ocr_line' id='line_1_61' title="bbox 73 3649 1825 3722; baseline -0.003 -13"><span class='ocrx_word' id='word_1_523' title='bbox 73 3653 195 3710; x_wconf 88' lang='lat' dir='ltr'><strong>leminea</strong></span> <span class='ocrx_word' id='word_1_524' title='bbox 210 3651 415 3709; x_wconf 89' lang='lat' dir='ltr'><strong>lassaretur.ls</strong></span> <span class='ocrx_word' id='word_1_525' title='bbox 430 3650 529 3707; x_wconf 89' lang='lat' dir='ltr'><strong>lestine</strong></span> <span class='ocrx_word' id='word_1_526' title='bbox 544 3650 690 3722; x_wconf 88' lang='lat' dir='ltr'><strong>egreditur</strong></span> <span class='ocrx_word' id='word_1_527' title='bbox 719 3650 756 3705; x_wconf 80' lang='lat' dir='ltr'><strong>od</strong></span> <span class='ocrx_word' id='word_1_528' title='bbox 778 3652 918 3720; x_wconf 79' lang='lat' dir='ltr'><strong>bemineru,</strong></span> <span class='ocrx_word' id='word_1_529' title='bbox 974 3654 1149 3712; x_wconf 87' lang='lat' dir='ltr'><strong>camelorum</strong></span> <span class='ocrx_word' id='word_1_530' title='bbox 1184 3651 1315 3707; x_wconf 88' lang='lat' dir='ltr'><strong>lavandis</strong></span> <span class='ocrx_word' id='word_1_531' title='bbox 1342 3658 1550 3722; x_wconf 88' lang='lat' dir='ltr'><strong>suggeruntur,</strong></span> <span class='ocrx_word' id='word_1_532' title='bbox 1572 3650 1641 3720; x_wconf 89' lang='lat' dir='ltr'><strong>quia</strong></span> <span class='ocrx_word' id='word_1_533' title='bbox 1665 3649 1698 3705; x_wconf 89' lang='lat' dir='ltr'><strong>de</strong></span> <span class='ocrx_word' id='word_1_534' title='bbox 1716 3663 1775 3718; x_wconf 87' lang='lat' dir='ltr'><strong>spe,</strong></span> <span class='ocrx_word' id='word_1_535' title='bbox 1798 3655 1825 3703; x_wconf 90' lang='lat' dir='ltr'><strong>et</strong></span> 
     </span>
     <span class='ocr_line' id='line_1_62' title="bbox 72 3736 1821 3811; baseline -0.003 -16"><span class='ocrx_word' id='word_1_536' title='bbox 72 3743 121 3795; x_wconf 87' lang='lat' dir='ltr'><strong>vbi</strong></span> <span class='ocrx_word' id='word_1_537' title='bbox 137 3745 197 3796; x_wconf 86' lang='lat' dir='ltr'><strong>erat</strong></span> <span class='ocrx_word' id='word_1_538' title='bbox 223 3744 296 3809; x_wconf 74' lang='lat' dir='ltr'><strong>sons,</strong></span> <span class='ocrx_word' id='word_1_539' title='bbox 325 3740 394 3811; x_wconf 89' lang='lat' dir='ltr'><strong>quia</strong></span> <span class='ocrx_word' id='word_1_540' title='bbox 414 3739 562 3795; x_wconf 90' lang='lat' dir='ltr'><strong>contuitus</strong></span> <span class='ocrx_word' id='word_1_541' title='bbox 585 3738 712 3794; x_wconf 73' lang='lat' dir='ltr'><strong>sollicitae</strong></span> <span class='ocrx_word' id='word_1_542' title='bbox 740 3740 920 3811; x_wconf 90' lang='lat' dir='ltr'><strong>cogitationis</strong></span> <span class='ocrx_word' id='word_1_543' title='bbox 974 3743 1075 3799; x_wconf 89' lang='lat' dir='ltr'><strong>timore</strong></span> <span class='ocrx_word' id='word_1_544' title='bbox 1091 3740 1235 3811; x_wconf 90' lang='lat' dir='ltr'><strong>irriguum</strong></span> <span class='ocrx_word' id='word_1_545' title='bbox 1251 3739 1386 3809; x_wconf 91' lang='lat' dir='ltr'><strong>superius</strong></span> <span class='ocrx_word' id='word_1_546' title='bbox 1399 3746 1427 3795; x_wconf 89' lang='lat' dir='ltr'><strong>et</strong></span> <span class='ocrx_word' id='word_1_547' title='bbox 1448 3738 1593 3810; x_wconf 87' lang='lat' dir='ltr'><strong>irriguum</strong></span> <span class='ocrx_word' id='word_1_548' title='bbox 1612 3736 1734 3793; x_wconf 87' lang='lat' dir='ltr'><strong>interius</strong></span> <span class='ocrx_word' id='word_1_549' title='bbox 1756 3737 1821 3807; x_wconf 82' lang='lat' dir='ltr'><strong>(los.</strong></span> 
     </span>
     <span class='ocr_line' id='line_1_63' title="bbox 72 3823 1821 3900; baseline -0.004 -13"><span class='ocrx_word' id='word_1_550' title='bbox 72 3831 219 3900; x_wconf 84' lang='lat' dir='ltr'><strong>exprimit,</strong></span> <span class='ocrx_word' id='word_1_551' title='bbox 250 3828 479 3886; x_wconf 90' lang='lat' dir='ltr'><strong>intellectualiter</strong></span> <span class='ocrx_word' id='word_1_552' title='bbox 515 3841 611 3883; x_wconf 90' lang='lat' dir='ltr'><strong>coram</strong></span> <span class='ocrx_word' id='word_1_553' title='bbox 653 3827 758 3884; x_wconf 88' lang='lat' dir='ltr'><strong>nostris</strong></span> <span class='ocrx_word' id='word_1_554' title='bbox 785 3829 920 3884; x_wconf 89' lang='lat' dir='ltr'><strong>bumanis</strong></span> <span class='ocrx_word' id='word_1_555' title='bbox 973 3845 1002 3893; x_wconf 82' lang='lat' dir='ltr'><strong>v.</strong></span> <span class='ocrx_word' id='word_1_556' title='bbox 1021 3833 1064 3899; x_wconf 80' lang='grc'><strong>19)</strong></span> <span class='ocrx_word' id='word_1_557' title='bbox 1080 3828 1232 3898; x_wconf 83' lang='lat' dir='ltr'><strong>expiandis</strong></span> <span class='ocrx_word' id='word_1_558' title='bbox 1247 3828 1388 3884; x_wconf 89' lang='lat' dir='ltr'><strong>virtutum</strong></span> <span class='ocrx_word' id='word_1_559' title='bbox 1405 3835 1570 3883; x_wconf 91' lang='lat' dir='ltr'><strong>nostrarum</strong></span> <span class='ocrx_word' id='word_1_560' title='bbox 1586 3825 1740 3895; x_wconf 83' lang='lat' dir='ltr'><strong>superfluis</strong></span> <span class='ocrx_word' id='word_1_561' title='bbox 1755 3823 1821 3881; x_wconf 83' lang='lat' dir='ltr'><strong>alie·</strong></span> 
     </span>
     <span class='ocr_line' id='line_1_64' title="bbox 73 3912 1823 3988; baseline -0.005 -13"><span class='ocrx_word' id='word_1_562' title='bbox 73 3918 233 3986; x_wconf 82' lang='lat' dir='ltr'><strong>attactibus,</strong></span> <span class='ocrx_word' id='word_1_563' title='bbox 251 3917 301 3988; x_wconf 91' lang='lat' dir='ltr'><strong>qui</strong></span> <span class='ocrx_word' id='word_1_564' title='bbox 320 3916 419 3972; x_wconf 80' lang='lat' dir='ltr'><strong>saeculi</strong></span> <span class='ocrx_word' id='word_1_565' title='bbox 435 3915 585 3971; x_wconf 91' lang='lat' dir='ltr'><strong>imminent</strong></span> <span class='ocrx_word' id='word_1_566' title='bbox 608 3914 823 3985; x_wconf 85' lang='lat' dir='ltr'><strong>cupiditatibus,</strong></span> <span class='ocrx_word' id='word_1_567' title='bbox 853 3930 920 3986; x_wconf 84' lang='lat' dir='ltr'><strong>quae</strong></span> <span class='ocrx_word' id='word_1_568' title='bbox 973 3918 1067 3976; x_wconf 91' lang='lat' dir='ltr'><strong>ctibus</strong></span> <span class='ocrx_word' id='word_1_569' title='bbox 1091 3916 1234 3988; x_wconf 88' lang='lat' dir='ltr'><strong>ingeritur</strong></span> <span class='ocrx_word' id='word_1_570' title='bbox 1259 3916 1379 3972; x_wconf 85' lang='lat' dir='ltr'><strong>coelitus.</strong></span> <span class='ocrx_word' id='word_1_571' title='bbox 1404 3915 1457 3971; x_wconf 85' lang='lat' dir='ltr'><strong>Sed</strong></span> <span class='ocrx_word' id='word_1_572' title='bbox 1477 3923 1503 3971; x_wconf 88' lang='lat' dir='ltr'><strong>er</strong></span> <span class='ocrx_word' id='word_1_573' title='bbox 1531 3914 1655 3970; x_wconf 90' lang='lat' dir='ltr'><strong>camelos</strong></span> <span class='ocrx_word' id='word_1_574' title='bbox 1680 3913 1747 3969; x_wconf 91' lang='lat' dir='ltr'><strong>istos</strong></span> <span class='ocrx_word' id='word_1_575' title='bbox 1768 3912 1823 3967; x_wconf 91' lang='lat' dir='ltr'><strong>viri</strong></span> 
     </span>
     <span class='ocr_line' id='line_1_65' title="bbox 73 4004 1821 4080; baseline -0.004 -16"><span class='ocrx_word' id='word_1_576' title='bbox 73 4009 110 4064; x_wconf 91' lang='lat' dir='ltr'><strong>sit</strong></span> <span class='ocrx_word' id='word_1_577' title='bbox 125 4006 217 4079; x_wconf 87' lang='lat' dir='ltr'><strong>gloria</strong></span> <span class='ocrx_word' id='word_1_578' title='bbox 235 4005 308 4061; x_wconf 91' lang='lat' dir='ltr'><strong>lucis</strong></span> <span class='ocrx_word' id='word_1_579' title='bbox 330 4005 418 4073; x_wconf 88' lang='lat' dir='ltr'><strong>illius,</strong></span> <span class='ocrx_word' id='word_1_580' title='bbox 435 4004 481 4060; x_wconf 90' lang='lat' dir='ltr'><strong>eui</strong></span> <span class='ocrx_word' id='word_1_581' title='bbox 504 4004 603 4061; x_wconf 91' lang='lat' dir='ltr'><strong>nullus</strong></span> <span class='ocrx_word' id='word_1_582' title='bbox 622 4005 698 4060; x_wconf 90' lang='lat' dir='ltr'><strong>valet</strong></span> <span class='ocrx_word' id='word_1_583' title='bbox 723 4004 821 4060; x_wconf 87' lang='lat' dir='ltr'><strong>obesse</strong></span> <span class='ocrx_word' id='word_1_584' title='bbox 849 4004 921 4060; x_wconf 82' lang='lat' dir='ltr'><strong>dele</strong></span> <span class='ocrx_word' id='word_1_585' title='bbox 973 4014 1088 4080; x_wconf 88' lang='lat' dir='ltr'><strong>regunt,</strong></span> <span class='ocrx_word' id='word_1_586' title='bbox 1104 4006 1173 4075; x_wconf 90' lang='lat' dir='ltr'><strong>qnia</strong></span> <span class='ocrx_word' id='word_1_587' title='bbox 1201 4005 1408 4061; x_wconf 89' lang='lat' dir='ltr'><strong>intellectuales</strong></span> <span class='ocrx_word' id='word_1_588' title='bbox 1439 4004 1526 4060; x_wconf 87' lang='lat' dir='ltr'><strong>nostri</strong></span> <span class='ocrx_word' id='word_1_589' title='bbox 1552 4007 1656 4070; x_wconf 89' lang='lat' dir='ltr'><strong>motus,</strong></span> <span class='ocrx_word' id='word_1_590' title='bbox 1678 4017 1751 4073; x_wconf 89' lang='lat' dir='ltr'><strong>quos</strong></span> <span class='ocrx_word' id='word_1_591' title='bbox 1776 4017 1821 4056; x_wconf 83' lang='lat' dir='ltr'><strong>ro·</strong></span> 
     </span>
     <span class='ocr_line' id='line_1_66' title="bbox 74 4090 1823 4164; baseline -0.004 -11"><span class='ocrx_word' id='word_1_592' title='bbox 74 4103 147 4152; x_wconf 92' lang='lat' dir='ltr'><strong>etus.</strong></span> <span class='ocrx_word' id='word_1_593' title='bbox 160 4094 259 4150; x_wconf 86' lang='lat' dir='ltr'><strong>Laban</strong></span> <span class='ocrx_word' id='word_1_594' title='bbox 274 4107 400 4163; x_wconf 87' lang='lat' dir='ltr'><strong>namque</strong></span> <span class='ocrx_word' id='word_1_595' title='bbox 414 4093 450 4149; x_wconf 90' lang='lat' dir='ltr'><strong>ad</strong></span> <span class='ocrx_word' id='word_1_596' title='bbox 463 4093 606 4149; x_wconf 89' lang='lat' dir='ltr'><strong>bominem</strong></span> <span class='ocrx_word' id='word_1_597' title='bbox 620 4093 753 4164; x_wconf 86' lang='lat' dir='ltr'><strong>egressio,</strong></span> <span class='ocrx_word' id='word_1_598' title='bbox 774 4092 815 4148; x_wconf 90' lang='lat' dir='ltr'><strong>nil</strong></span> <span class='ocrx_word' id='word_1_599' title='bbox 840 4093 920 4149; x_wconf 89' lang='lat' dir='ltr'><strong>aliud</strong></span> <span class='ocrx_word' id='word_1_600' title='bbox 974 4098 1063 4151; x_wconf 87' lang='lat' dir='ltr'><strong>bustos</strong></span> <span class='ocrx_word' id='word_1_601' title='bbox 1078 4094 1241 4162; x_wconf 70' lang='lat' dir='ltr'><strong>fortitudine</strong></span> <span class='ocrx_word' id='word_1_602' title='bbox 1264 4093 1316 4150; x_wconf 84' lang='lat' dir='ltr'><strong>iob</strong></span> <span class='ocrx_word' id='word_1_603' title='bbox 1332 4092 1457 4163; x_wconf 89' lang='lat' dir='ltr'><strong>appellat</strong></span> <span class='ocrx_word' id='word_1_604' title='bbox 1482 4092 1539 4161; x_wconf 79' lang='lat' dir='ltr'><strong>(tob</strong></span> <span class='ocrx_word' id='word_1_605' title='bbox 1562 4106 1660 4157; x_wconf 82' lang='lat' dir='ltr'><strong>xxxvl,</strong></span> <span class='ocrx_word' id='word_1_606' title='bbox 1676 4091 1735 4159; x_wconf 76' lang='lat' dir='ltr'><strong>la),</strong></span> <span class='ocrx_word' id='word_1_607' title='bbox 1761 4090 1823 4146; x_wconf 92' lang='lat' dir='ltr'><strong>vir·</strong></span> 
     </span>
     <span class='ocr_line' id='line_1_67' title="bbox 74 4178 1823 4255; baseline -0.005 -13"><span class='ocrx_word' id='word_1_608' title='bbox 74 4192 115 4242; x_wconf 90' lang='lat' dir='ltr'><strong>est</strong></span> <span class='ocrx_word' id='word_1_609' title='bbox 128 4197 217 4255; x_wconf 90' lang='lat' dir='ltr'><strong>quam</strong></span> <span class='ocrx_word' id='word_1_610' title='bbox 237 4182 375 4238; x_wconf 88' lang='lat' dir='ltr'><strong>adversus</strong></span> <span class='ocrx_word' id='word_1_611' title='bbox 388 4181 577 4238; x_wconf 90' lang='lat' dir='ltr'><strong>humanitatis</strong></span> <span class='ocrx_word' id='word_1_612' title='bbox 597 4188 706 4236; x_wconf 89' lang='lat' dir='ltr'><strong>motum</strong></span> <span class='ocrx_word' id='word_1_613' title='bbox 721 4181 920 4237; x_wconf 88' lang='lat' dir='ltr'><strong>ratiocinantis</strong></span> <span class='ocrx_word' id='word_1_614' title='bbox 974 4194 1068 4243; x_wconf 92' lang='lat' dir='ltr'><strong>tutum</strong></span> <span class='ocrx_word' id='word_1_615' title='bbox 1086 4185 1114 4239; x_wconf 90' lang='lat' dir='ltr'><strong>in</strong></span> <span class='ocrx_word' id='word_1_616' title='bbox 1133 4184 1215 4240; x_wconf 91' lang='lat' dir='ltr'><strong>nobis</strong></span> <span class='ocrx_word' id='word_1_617' title='bbox 1233 4189 1296 4238; x_wconf 90' lang='lat' dir='ltr'><strong>aeta</strong></span> <span class='ocrx_word' id='word_1_618' title='bbox 1312 4183 1452 4252; x_wconf 90' lang='lat' dir='ltr'><strong>dirigunt.</strong></span> <span class='ocrx_word' id='word_1_619' title='bbox 1482 4180 1567 4236; x_wconf 90' lang='lat' dir='ltr'><strong>Panis</strong></span> <span class='ocrx_word' id='word_1_620' title='bbox 1596 4179 1693 4250; x_wconf 87' lang='lat' dir='ltr'><strong>itaquo</strong></span> <span class='ocrx_word' id='word_1_621' title='bbox 1722 4178 1763 4234; x_wconf 91' lang='lat' dir='ltr'><strong>sic</strong></span> <span class='ocrx_word' id='word_1_622' title='bbox 1782 4179 1823 4235; x_wconf 92' lang='lat' dir='ltr'><strong>illi</strong></span> 
     </span>
     <span class='ocr_line' id='line_1_68' title="bbox 74 4252 1824 4345; baseline -0.005 -16"><span class='ocrx_word' id='word_1_623' title='bbox 74 4272 195 4343; x_wconf 89' lang='lat' dir='ltr'><strong>spiritus</strong></span> <span class='ocrx_word' id='word_1_624' title='bbox 215 4271 250 4327; x_wconf 92' lang='lat' dir='ltr'><strong>de</strong></span> <span class='ocrx_word' id='word_1_625' title='bbox 278 4269 418 4326; x_wconf 88' lang='lat' dir='ltr'><strong>sententia</strong></span> <span class='ocrx_word' id='word_1_626' title='bbox 449 4283 582 4340; x_wconf 86' lang='lat' dir='ltr'><strong>supernae</strong></span> <span class='ocrx_word' id='word_1_627' title='bbox 601 4267 739 4324; x_wconf 91' lang='lat' dir='ltr'><strong>claritatis</strong></span> <span class='ocrx_word' id='word_1_628' title='bbox 762 4269 917 4338; x_wconf 79' lang='lat' dir='ltr'><strong>expressio.</strong></span> <span class='ocrx_word' id='word_1_629' title='bbox 942 4252 1141 4345; x_wconf 68' lang='lat' dir='ltr'><strong>Bapponttur,</strong></span> <span class='ocrx_word' id='word_1_630' title='bbox 1165 4272 1235 4342; x_wconf 84' lang='lat' dir='ltr'><strong>quia</strong></span> <span class='ocrx_word' id='word_1_631' title='bbox 1259 4271 1363 4341; x_wconf 67' lang='lat' dir='ltr'><strong>divinae</strong></span> <span class='ocrx_word' id='word_1_632' title='bbox 1388 4269 1477 4325; x_wconf 89' lang='lat' dir='ltr'><strong>solius</strong></span> <span class='ocrx_word' id='word_1_633' title='bbox 1499 4266 1737 4338; x_wconf 80' lang='lat' dir='ltr'><strong>contemplations</strong></span> <span class='ocrx_word' id='word_1_634' title='bbox 1753 4266 1824 4324; x_wconf 84' lang='lat' dir='ltr'><strong>alie-</strong></span> 
     </span>
     <span class='ocr_line' id='line_1_69' title="bbox 75 4355 1823 4431; baseline -0.004 -13"><span class='ocrx_word' id='word_1_635' title='bbox 75 4361 159 4420; x_wconf 89' lang='lat' dir='ltr'><strong>Videt</strong></span> <span class='ocrx_word' id='word_1_636' title='bbox 186 4362 296 4414; x_wconf 86' lang='lat' dir='ltr'><strong>inaures</strong></span> <span class='ocrx_word' id='word_1_637' title='bbox 322 4365 348 4413; x_wconf 90' lang='lat' dir='ltr'><strong>et</strong></span> <span class='ocrx_word' id='word_1_638' title='bbox 372 4360 496 4414; x_wconf 84' lang='lat' dir='ltr'><strong>armillas</strong></span> <span class='ocrx_word' id='word_1_639' title='bbox 523 4361 552 4413; x_wconf 89' lang='lat' dir='ltr'><strong>in</strong></span> <span class='ocrx_word' id='word_1_640' title='bbox 582 4357 709 4412; x_wconf 74' lang='lat' dir='ltr'><strong>moltibus</strong></span> <span class='ocrx_word' id='word_1_641' title='bbox 732 4359 832 4411; x_wconf 84' lang='lat' dir='ltr'><strong>sororis</strong></span> <span class='ocrx_word' id='word_1_642' title='bbox 855 4372 920 4425; x_wconf 81' lang='lat' dir='ltr'><strong>saa,</strong></span> <span class='ocrx_word' id='word_1_643' title='bbox 976 4362 1034 4418; x_wconf 87' lang='lat' dir='ltr'><strong>atui</strong></span> <span class='ocrx_word' id='word_1_644' title='bbox 1050 4369 1155 4429; x_wconf 90' lang='lat' dir='ltr'><strong>nostro,</strong></span> <span class='ocrx_word' id='word_1_645' title='bbox 1170 4362 1230 4431; x_wconf 82' lang='lat' dir='ltr'><strong>jaan</strong></span> <span class='ocrx_word' id='word_1_646' title='bbox 1245 4357 1482 4429; x_wconf 90' lang='lat' dir='ltr'><strong>tuncanegotiis</strong></span> <span class='ocrx_word' id='word_1_647' title='bbox 1501 4355 1656 4426; x_wconf 87' lang='lat' dir='ltr'><strong>consopito,</strong></span> <span class='ocrx_word' id='word_1_648' title='bbox 1673 4355 1823 4412; x_wconf 85' lang='lat' dir='ltr'><strong>delectatio</strong></span> 
     </span>
     <span class='ocr_line' id='line_1_70' title="bbox 75 4445 1825 4521; baseline 0.001 -22"><span class='ocrx_word' id='word_1_649' title='bbox 75 4462 143 4504; x_wconf 86' lang='lat' dir='ltr'><strong>oum</strong></span> <span class='ocrx_word' id='word_1_650' title='bbox 158 4447 314 4505; x_wconf 87' lang='lat' dir='ltr'><strong>videndum</strong></span> <span class='ocrx_word' id='word_1_651' title='bbox 340 4447 470 4518; x_wconf 92' lang='lat' dir='ltr'><strong>proponit</strong></span> <span class='ocrx_word' id='word_1_652' title='bbox 494 4446 597 4502; x_wconf 77' lang='lat' dir='ltr'><strong>animae</strong></span> <span class='ocrx_word' id='word_1_653' title='bbox 613 4445 730 4515; x_wconf 88' lang='lat' dir='ltr'><strong>patienti</strong></span> <span class='ocrx_word' id='word_1_654' title='bbox 745 4451 772 4501; x_wconf 85' lang='lat' dir='ltr'><strong>et</strong></span> <span class='ocrx_word' id='word_1_655' title='bbox 801 4445 922 4516; x_wconf 72' lang='lat' dir='ltr'><strong>getninae</strong></span> <span class='ocrx_word' id='word_1_656' title='bbox 977 4453 1068 4508; x_wconf 90' lang='lat' dir='ltr'><strong>inesse</strong></span> <span class='ocrx_word' id='word_1_657' title='bbox 1082 4450 1277 4521; x_wconf 87' lang='lat' dir='ltr'><strong>dignoscitur‚·</strong></span> <span class='ocrx_word' id='word_1_658' title='bbox 1294 4449 1371 4503; x_wconf 86' lang='lat' dir='ltr'><strong>unde</strong></span> <span class='ocrx_word' id='word_1_659' title='bbox 1391 4454 1419 4503; x_wconf 92' lang='lat' dir='ltr'><strong>et</strong></span> <span class='ocrx_word' id='word_1_660' title='bbox 1439 4448 1468 4502; x_wconf 92' lang='lat' dir='ltr'><strong>ia</strong></span> <span class='ocrx_word' id='word_1_661' title='bbox 1490 4453 1643 4516; x_wconf 89' lang='lat' dir='ltr'><strong>conspectu</strong></span> <span class='ocrx_word' id='word_1_662' title='bbox 1658 4446 1723 4516; x_wconf 86' lang='lat' dir='ltr'><strong>ejus</strong></span> <span class='ocrx_word' id='word_1_663' title='bbox 1742 4446 1825 4516; x_wconf 92' lang='lat' dir='ltr'><strong>panis</strong></span> 
     </span>
     <span class='ocr_line' id='line_1_71' title="bbox 76 4532 1824 4610; baseline -0.002 -17"><span class='ocrx_word' id='word_1_664' title='bbox 76 4536 256 4604; x_wconf 89' lang='lat' dir='ltr'><strong>obeditionis,</strong></span> <span class='ocrx_word' id='word_1_665' title='bbox 285 4537 341 4592; x_wconf 89' lang='lat' dir='ltr'><strong>Deo</strong></span> <span class='ocrx_word' id='word_1_666' title='bbox 359 4536 466 4592; x_wconf 89' lang='lat' dir='ltr'><strong>seilicet</strong></span> <span class='ocrx_word' id='word_1_667' title='bbox 488 4542 515 4590; x_wconf 93' lang='lat' dir='ltr'><strong>et</strong></span> <span class='ocrx_word' id='word_1_668' title='bbox 532 4533 653 4598; x_wconf 90' lang='lat' dir='ltr'><strong>bomini,</strong></span> <span class='ocrx_word' id='word_1_669' title='bbox 682 4532 783 4589; x_wconf 87' lang='lat' dir='ltr'><strong>debitae</strong></span> <span class='ocrx_word' id='word_1_670' title='bbox 812 4533 922 4589; x_wconf 84' lang='lat' dir='ltr'><strong>enerci-</strong></span> <span class='ocrx_word' id='word_1_671' title='bbox 976 4539 1123 4610; x_wconf 80' lang='lat' dir='ltr'><strong>apposltns</strong></span> <span class='ocrx_word' id='word_1_672' title='bbox 1137 4537 1252 4593; x_wconf 87' lang='lat' dir='ltr'><strong>dicitur.</strong></span> <span class='ocrx_word' id='word_1_673' title='bbox 1274 4537 1308 4592; x_wconf 85' lang='lat' dir='ltr'><strong>Et</strong></span> <span class='ocrx_word' id='word_1_674' title='bbox 1322 4536 1482 4591; x_wconf 90' lang='lat' dir='ltr'><strong>notandum</strong></span> <span class='ocrx_word' id='word_1_675' title='bbox 1499 4535 1575 4605; x_wconf 90' lang='lat' dir='ltr'><strong>quod</strong></span> <span class='ocrx_word' id='word_1_676' title='bbox 1601 4535 1682 4604; x_wconf 91' lang='lat' dir='ltr'><strong>prins</strong></span> <span class='ocrx_word' id='word_1_677' title='bbox 1697 4534 1824 4590; x_wconf 88' lang='lat' dir='ltr'><strong>camelo-</strong></span> 
     </span>
     <span class='ocr_line' id='line_1_72' title="bbox 76 4622 1822 4697; baseline -0.009 -4"><span class='ocrx_word' id='word_1_678' title='bbox 76 4625 160 4693; x_wconf 88' lang='lat' dir='ltr'><strong>tium,</strong></span> <span class='ocrx_word' id='word_1_679' title='bbox 176 4633 204 4681; x_wconf 79' lang='grc' dir='ltr'><strong>θῑ</strong></span> <span class='ocrx_word' id='word_1_680' title='bbox 228 4625 350 4697; x_wconf 64' lang='lat' dir='ltr'><strong>bssffllssae</strong></span> <span class='ocrx_word' id='word_1_681' title='bbox 377 4622 551 4694; x_wconf 64' lang='lat' dir='ltr'><strong>⁰lissff¹ll⁰1¹is</strong></span> <span class='ocrx_word' id='word_1_682' title='bbox 574 4623 796 4692; x_wconf 72' lang='lat' dir='ltr'><strong>tractumque</strong></span> <span class='ocrx_word' id='word_1_683' title='bbox 824 4623 923 4678; x_wconf 69' lang='lat' dir='ltr'><strong>divino</strong></span> <span class='ocrx_word' id='word_1_684' title='bbox 976 4643 1043 4686; x_wconf 90' lang='lat' dir='ltr'><strong>rum</strong></span> <span class='ocrx_word' id='word_1_685' title='bbox 1061 4642 1093 4683; x_wconf 89' lang='lat' dir='ltr'><strong>ae</strong></span> <span class='ocrx_word' id='word_1_686' title='bbox 1117 4626 1245 4683; x_wconf 90' lang='lat' dir='ltr'><strong>virorum</strong></span> <span class='ocrx_word' id='word_1_687' title='bbox 1273 4625 1357 4695; x_wconf 91' lang='lat' dir='ltr'><strong>pedes</strong></span> <span class='ocrx_word' id='word_1_688' title='bbox 1373 4625 1517 4692; x_wconf 87' lang='lat' dir='ltr'><strong>lavantur,</strong></span> <span class='ocrx_word' id='word_1_689' title='bbox 1540 4623 1723 4694; x_wconf 90' lang='lat' dir='ltr'><strong>postmodum</strong></span> <span class='ocrx_word' id='word_1_690' title='bbox 1739 4623 1822 4694; x_wconf 88' lang='lat' dir='ltr'><strong>panis</strong></span> 
     </span>
     <span class='ocr_line' id='line_1_73' title="bbox 76 4710 1827 4787; baseline -0.002 -17"><span class='ocrx_word' id='word_1_691' title='bbox 76 4715 174 4770; x_wconf 90' lang='lat' dir='ltr'><strong>itidem</strong></span> <span class='ocrx_word' id='word_1_692' title='bbox 199 4714 351 4783; x_wconf 88' lang='lat' dir='ltr'><strong>bonori‚et</strong></span> <span class='ocrx_word' id='word_1_693' title='bbox 373 4712 508 4769; x_wconf 83' lang='lat' dir='ltr'><strong>traternae</strong></span> <span class='ocrx_word' id='word_1_694' title='bbox 533 4711 662 4767; x_wconf 81' lang='lat' dir='ltr'><strong>exbiberi</strong></span> <span class='ocrx_word' id='word_1_695' title='bbox 686 4710 769 4767; x_wconf 92' lang='lat' dir='ltr'><strong>debet</strong></span> <span class='ocrx_word' id='word_1_696' title='bbox 796 4711 923 4767; x_wconf 86' lang='lat' dir='ltr'><strong>aeditlca-</strong></span> <span class='ocrx_word' id='word_1_697' title='bbox 978 4715 1143 4787; x_wconf 87' lang='lat' dir='ltr'><strong>apponitur,</strong></span> <span class='ocrx_word' id='word_1_698' title='bbox 1157 4714 1227 4784; x_wconf 89' lang='lat' dir='ltr'><strong>quia</strong></span> <span class='ocrx_word' id='word_1_699' title='bbox 1251 4713 1305 4769; x_wconf 91' lang='lat' dir='ltr'><strong>nisi</strong></span> <span class='ocrx_word' id='word_1_700' title='bbox 1328 4713 1557 4783; x_wconf 89' lang='lat' dir='ltr'><strong>compunctionis</strong></span> <span class='ocrx_word' id='word_1_701' title='bbox 1580 4713 1674 4783; x_wconf 88' lang='lat' dir='ltr'><strong>gratia</strong></span> <span class='ocrx_word' id='word_1_702' title='bbox 1690 4726 1782 4779; x_wconf 90' lang='lat' dir='ltr'><strong>mens,</strong></span> <span class='ocrx_word' id='word_1_703' title='bbox 1800 4717 1827 4766; x_wconf 90' lang='lat' dir='ltr'><strong>et</strong></span> 
     </span>
     <span class='ocr_line' id='line_1_74' title="bbox 76 4798 1828 4872; baseline -0.002 -14"><span class='ocrx_word' id='word_1_704' title='bbox 76 4803 158 4871; x_wconf 91' lang='lat' dir='ltr'><strong>tioni,</strong></span> <span class='ocrx_word' id='word_1_705' title='bbox 180 4811 208 4859; x_wconf 92' lang='lat' dir='ltr'><strong>et</strong></span> <span class='ocrx_word' id='word_1_706' title='bbox 235 4817 271 4859; x_wconf 83' lang='lat' dir='ltr'><strong>ex</strong></span> <span class='ocrx_word' id='word_1_707' title='bbox 295 4803 348 4858; x_wconf 90' lang='lat' dir='ltr'><strong>hoc</strong></span> <span class='ocrx_word' id='word_1_708' title='bbox 364 4799 539 4872; x_wconf 90' lang='lat' dir='ltr'><strong>perpendere</strong></span> <span class='ocrx_word' id='word_1_709' title='bbox 555 4807 728 4870; x_wconf 76' lang='lat' dir='ltr'><strong>monetque</strong></span> <span class='ocrx_word' id='word_1_710' title='bbox 744 4814 850 4855; x_wconf 85' lang='lat' dir='ltr'><strong>corona</strong></span> <span class='ocrx_word' id='word_1_711' title='bbox 871 4800 924 4855; x_wconf 83' lang='lat' dir='ltr'><strong>dc·</strong></span> <span class='ocrx_word' id='word_1_712' title='bbox 977 4805 1098 4862; x_wconf 88' lang='lat' dir='ltr'><strong>virtasa</strong></span> <span class='ocrx_word' id='word_1_713' title='bbox 1114 4802 1269 4872; x_wconf 85' lang='lat' dir='ltr'><strong>superfluis</strong></span> <span class='ocrx_word' id='word_1_714' title='bbox 1281 4803 1342 4858; x_wconf 89' lang='lat' dir='ltr'><strong>suis</strong></span> <span class='ocrx_word' id='word_1_715' title='bbox 1353 4802 1544 4868; x_wconf 90' lang='lat' dir='ltr'><strong>totalavetur,</strong></span> <span class='ocrx_word' id='word_1_716' title='bbox 1558 4814 1712 4871; x_wconf 86' lang='lat' dir='ltr'><strong>nunquam</strong></span> <span class='ocrx_word' id='word_1_717' title='bbox 1729 4798 1828 4856; x_wconf 90' lang='lat' dir='ltr'><strong>diviua</strong></span> 
     </span>
     <span class='ocr_line' id='line_1_75' title="bbox 54 4887 1826 4975; baseline -0.003 -28"><span class='ocrx_word' id='word_1_718' title='bbox 54 4890 241 4975; x_wconf 29' lang='lat' dir='ltr'><strong>&#39;beatnrtot</strong></span> <span class='ocrx_word' id='word_1_719' title='bbox 266 4891 395 4947; x_wconf 91' lang='lat' dir='ltr'><strong>laborum</strong></span> <span class='ocrx_word' id='word_1_720' title='bbox 427 4888 577 4958; x_wconf 88' lang='lat' dir='ltr'><strong>dispendia</strong></span> <span class='ocrx_word' id='word_1_721' title='bbox 602 4889 765 4944; x_wconf 90' lang='lat' dir='ltr'><strong>sustinenti.</strong></span> <span class='ocrx_word' id='word_1_722' title='bbox 801 4888 923 4944; x_wconf 90' lang='lat' dir='ltr'><strong>tnaures</strong></span> <span class='ocrx_word' id='word_1_723' title='bbox 978 4891 1173 4964; x_wconf 88' lang='lat' dir='ltr'><strong>speculatione</strong></span> <span class='ocrx_word' id='word_1_724' title='bbox 1194 4890 1332 4958; x_wconf 77' lang='lat' dir='ltr'><strong>reicitur,</strong></span> <span class='ocrx_word' id='word_1_725' title='bbox 1353 4905 1418 4962; x_wconf 76' lang='lat' dir='ltr'><strong>quae</strong></span> <span class='ocrx_word' id='word_1_726' title='bbox 1443 4890 1607 4946; x_wconf 89' lang='lat' dir='ltr'><strong>nonnisia</strong></span> <span class='ocrx_word' id='word_1_727' title='bbox 1631 4887 1826 4946; x_wconf 91' lang='lat' dir='ltr'><strong>mundicordi-</strong></span> 
     </span>
     <span class='ocr_line' id='line_1_76' title="bbox 78 4976 1830 5050; baseline -0.003 -14"><span class='ocrx_word' id='word_1_728' title='bbox 78 4979 268 5036; x_wconf 88' lang='lat' dir='ltr'><strong>obedientiam</strong></span> <span class='ocrx_word' id='word_1_729' title='bbox 297 4978 461 5050; x_wconf 87' lang='lat' dir='ltr'><strong>signiticare</strong></span> <span class='ocrx_word' id='word_1_730' title='bbox 490 4977 566 5034; x_wconf 89' lang='lat' dir='ltr'><strong>testis</strong></span> <span class='ocrx_word' id='word_1_731' title='bbox 589 4985 631 5034; x_wconf 87' lang='lat' dir='ltr'><strong>est</strong></span> <span class='ocrx_word' id='word_1_732' title='bbox 660 4979 712 5034; x_wconf 84' lang='lat' dir='ltr'><strong>lob</strong></span> <span class='ocrx_word' id='word_1_733' title='bbox 737 4977 924 5034; x_wconf 86' lang='lat' dir='ltr'><strong>revalescenti</strong></span> <span class='ocrx_word' id='word_1_734' title='bbox 979 4981 1034 5038; x_wconf 92' lang='lat' dir='ltr'><strong>bus</strong></span> <span class='ocrx_word' id='word_1_735' title='bbox 1062 4985 1267 5050; x_wconf 87' lang='lat' dir='ltr'><strong>praegustatur.</strong></span> <span class='ocrx_word' id='word_1_736' title='bbox 1296 4981 1450 5048; x_wconf 78' lang='lat' dir='ltr'><strong>Antequam</strong></span> <span class='ocrx_word' id='word_1_737' title='bbox 1474 4979 1619 5044; x_wconf 85' lang='lat' dir='ltr'><strong>comedam,</strong></span> <span class='ocrx_word' id='word_1_738' title='bbox 1644 4979 1764 5047; x_wconf 83' lang='lat' dir='ltr'><strong>suspiro,</strong></span> <span class='ocrx_word' id='word_1_739' title='bbox 1791 4976 1830 5032; x_wconf 93' lang='lat' dir='ltr'><strong>ait</strong></span> 
     </span>
     <span class='ocr_line' id='line_1_77' title="bbox 79 5065 1829 5140; baseline -0.002 -17"><span class='ocrx_word' id='word_1_740' title='bbox 79 5068 191 5123; x_wconf 92' lang='lat' dir='ltr'><strong>inauris</strong></span> <span class='ocrx_word' id='word_1_741' title='bbox 205 5067 272 5122; x_wconf 86' lang='lat' dir='ltr'><strong>data</strong></span> <span class='ocrx_word' id='word_1_742' title='bbox 293 5067 349 5124; x_wconf 88' lang='lat' dir='ltr'><strong>tJob</strong></span> <span class='ocrx_word' id='word_1_743' title='bbox 372 5081 439 5132; x_wconf 83' lang='lat' dir='ltr'><strong>xnrr,</strong></span> <span class='ocrx_word' id='word_1_744' title='bbox 457 5066 509 5137; x_wconf 82' lang='lat' dir='ltr'><strong>ll).</strong></span> <span class='ocrx_word' id='word_1_745' title='bbox 527 5065 614 5122; x_wconf 78' lang='lat' dir='ltr'><strong>Audit</strong></span> <span class='ocrx_word' id='word_1_746' title='bbox 628 5067 710 5121; x_wconf 84' lang='lat' dir='ltr'><strong>verba</strong></span> <span class='ocrx_word' id='word_1_747' title='bbox 732 5067 833 5137; x_wconf 84' lang='lat' dir='ltr'><strong>puellae</strong></span> <span class='ocrx_word' id='word_1_748' title='bbox 851 5067 925 5132; x_wconf 80' lang='lat' dir='ltr'><strong>refe·</strong></span> <span class='ocrx_word' id='word_1_749' title='bbox 980 5069 1098 5140; x_wconf 83' lang='lat' dir='ltr'><strong>qnidam</strong></span> <span class='ocrx_word' id='word_1_750' title='bbox 1115 5068 1174 5138; x_wconf 80' lang='lat' dir='ltr'><strong>(tob</strong></span> <span class='ocrx_word' id='word_1_751' title='bbox 1199 5083 1236 5131; x_wconf 89' lang='grc' dir='ltr'>ιιι,</span> <span class='ocrx_word' id='word_1_752' title='bbox 1255 5069 1312 5137; x_wconf 60' lang='lat' dir='ltr'><strong>aig</strong></span> <span class='ocrx_word' id='word_1_753' title='bbox 1341 5068 1390 5123; x_wconf 94' lang='lat' dir='ltr'><strong>sed</strong></span> <span class='ocrx_word' id='word_1_754' title='bbox 1407 5080 1481 5137; x_wconf 90' lang='lat' dir='ltr'><strong>pane</strong></span> <span class='ocrx_word' id='word_1_755' title='bbox 1503 5067 1557 5122; x_wconf 88' lang='lat' dir='ltr'><strong>boc</strong></span> <span class='ocrx_word' id='word_1_756' title='bbox 1580 5065 1635 5122; x_wconf 91' lang='lat' dir='ltr'><strong>sibi</strong></span> <span class='ocrx_word' id='word_1_757' title='bbox 1652 5065 1781 5136; x_wconf 90' lang='lat' dir='ltr'><strong>apposito</strong></span> <span class='ocrx_word' id='word_1_758' title='bbox 1801 5079 1829 5120; x_wconf 89' lang='lat' dir='ltr'><strong>se</strong></span> 
     </span>
     <span class='ocr_line' id='line_1_78' title="bbox 77 5152 1830 5227; baseline -0.002 -15"><span class='ocrx_word' id='word_1_759' title='bbox 77 5159 254 5224; x_wconf 72' lang='lat' dir='ltr'><strong>contiacum</strong></span> <span class='ocrx_word' id='word_1_760' title='bbox 274 5154 465 5226; x_wconf 88' lang='lat' dir='ltr'><strong>intelligenter</strong></span> <span class='ocrx_word' id='word_1_761' title='bbox 486 5155 626 5212; x_wconf 88' lang='lat' dir='ltr'><strong>obaudire</strong></span> <span class='ocrx_word' id='word_1_762' title='bbox 650 5154 827 5211; x_wconf 86' lang='lat' dir='ltr'><strong>tacitanima</strong></span> <span class='ocrx_word' id='word_1_763' title='bbox 858 5152 926 5210; x_wconf 91' lang='lat' dir='ltr'><strong>boni</strong></span> <span class='ocrx_word' id='word_1_764' title='bbox 979 5171 1162 5214; x_wconf 87' lang='lat' dir='ltr'><strong>comesurum</strong></span> <span class='ocrx_word' id='word_1_765' title='bbox 1190 5171 1292 5213; x_wconf 90' lang='lat' dir='ltr'><strong>servus</strong></span> <span class='ocrx_word' id='word_1_766' title='bbox 1329 5163 1424 5227; x_wconf 89' lang='lat' dir='ltr'><strong>negat,</strong></span> <span class='ocrx_word' id='word_1_767' title='bbox 1465 5156 1556 5212; x_wconf 92' lang='lat' dir='ltr'><strong>donec</strong></span> <span class='ocrx_word' id='word_1_768' title='bbox 1588 5168 1655 5211; x_wconf 91' lang='lat' dir='ltr'><strong>suos</strong></span> <span class='ocrx_word' id='word_1_769' title='bbox 1683 5166 1830 5210; x_wconf 84' lang='lat' dir='ltr'><strong>sermones</strong></span> 
     </span>
     <span class='ocr_line' id='line_1_79' title="bbox 78 5241 1829 5316; baseline -0.004 -13"><span class='ocrx_word' id='word_1_770' title='bbox 78 5243 123 5302; x_wconf 86' lang='lat' dir='ltr'><strong>sui</strong></span> <span class='ocrx_word' id='word_1_771' title='bbox 138 5250 310 5314; x_wconf 78' lang='lat' dir='ltr'><strong>apparatum</strong></span> <span class='ocrx_word' id='word_1_772' title='bbox 330 5244 472 5313; x_wconf 78' lang='lat' dir='ltr'><strong>appetitus</strong></span> <span class='ocrx_word' id='word_1_773' title='bbox 495 5243 658 5300; x_wconf 83' lang='lat' dir='ltr'><strong>alienantem</strong></span> <span class='ocrx_word' id='word_1_774' title='bbox 679 5244 714 5298; x_wconf 85' lang='lat' dir='ltr'><strong>ad</strong></span> <span class='ocrx_word' id='word_1_775' title='bbox 743 5242 925 5297; x_wconf 75' lang='lat' dir='ltr'><strong>emerendam</strong></span> <span class='ocrx_word' id='word_1_776' title='bbox 979 5247 1119 5312; x_wconf 77' lang='lat' dir='ltr'><strong>exsolvat,</strong></span> <span class='ocrx_word' id='word_1_777' title='bbox 1136 5245 1205 5316; x_wconf 90' lang='lat' dir='ltr'><strong>quia</strong></span> <span class='ocrx_word' id='word_1_778' title='bbox 1221 5245 1257 5300; x_wconf 92' lang='lat' dir='ltr'><strong>ad</strong></span> <span class='ocrx_word' id='word_1_779' title='bbox 1282 5245 1362 5301; x_wconf 88' lang='lat' dir='ltr'><strong>illurn</strong></span> <span class='ocrx_word' id='word_1_780' title='bbox 1381 5244 1432 5315; x_wconf 88' lang='lat' dir='ltr'><strong>qui</strong></span> <span class='ocrx_word' id='word_1_781' title='bbox 1448 5243 1566 5316; x_wconf 89' lang='lat' dir='ltr'><strong>angelos</strong></span> <span class='ocrx_word' id='word_1_782' title='bbox 1579 5241 1670 5313; x_wconf 79' lang='lat' dir='ltr'><strong>pascit</strong></span> <span class='ocrx_word' id='word_1_783' title='bbox 1684 5242 1829 5299; x_wconf 89' lang='lat' dir='ltr'><strong>edendum</strong></span> 
     </span>
     <span class='ocr_line' id='line_1_80' title="bbox 78 5331 1829 5406; baseline -0.003 -15"><span class='ocrx_word' id='word_1_784' title='bbox 78 5333 200 5392; x_wconf 75' lang='lat' dir='ltr'><strong>caelestis</strong></span> <span class='ocrx_word' id='word_1_785' title='bbox 218 5332 315 5403; x_wconf 81' lang='lat' dir='ltr'><strong>gloriae</strong></span> <span class='ocrx_word' id='word_1_786' title='bbox 336 5333 439 5389; x_wconf 90' lang='lat' dir='ltr'><strong>lucem.</strong></span> <span class='ocrx_word' id='word_1_787' title='bbox 472 5336 552 5389; x_wconf 84' lang='lat' dir='ltr'><strong>Venit</strong></span> <span class='ocrx_word' id='word_1_788' title='bbox 568 5333 663 5390; x_wconf 83' lang='lat' dir='ltr'><strong>Laban</strong></span> <span class='ocrx_word' id='word_1_789' title='bbox 685 5333 722 5387; x_wconf 88' lang='lat' dir='ltr'><strong>ad</strong></span> <span class='ocrx_word' id='word_1_790' title='bbox 750 5335 849 5400; x_wconf 87' lang='lat' dir='ltr'><strong>virum,</strong></span> <span class='ocrx_word' id='word_1_791' title='bbox 880 5333 928 5400; x_wconf 88' lang='lat' dir='ltr'><strong>qai</strong></span> <span class='ocrx_word' id='word_1_792' title='bbox 981 5349 1085 5406; x_wconf 89' lang='lat' dir='ltr'><strong>panem</strong></span> <span class='ocrx_word' id='word_1_793' title='bbox 1097 5349 1126 5390; x_wconf 92' lang='lat' dir='ltr'><strong>se</strong></span> <span class='ocrx_word' id='word_1_794' title='bbox 1150 5334 1280 5390; x_wconf 87' lang='lat' dir='ltr'><strong>sullieere</strong></span> <span class='ocrx_word' id='word_1_795' title='bbox 1293 5348 1350 5388; x_wconf 92' lang='lat' dir='ltr'><strong>aon</strong></span> <span class='ocrx_word' id='word_1_796' title='bbox 1369 5347 1449 5403; x_wconf 89' lang='lat' dir='ltr'><strong>posse</strong></span> <span class='ocrx_word' id='word_1_797' title='bbox 1462 5333 1591 5402; x_wconf 90' lang='lat' dir='ltr'><strong>deputat,</strong></span> <span class='ocrx_word' id='word_1_798' title='bbox 1612 5331 1667 5387; x_wconf 94' lang='lat' dir='ltr'><strong>nisi</strong></span> <span class='ocrx_word' id='word_1_799' title='bbox 1687 5339 1829 5391; x_wconf 74' lang='lat' dir='ltr'><strong>concovtea</strong></span> 
     </span>
     <span class='ocr_line' id='line_1_81' title="bbox 80 5417 1829 5492; baseline -0.004 -11"><span class='ocrx_word' id='word_1_800' title='bbox 80 5430 137 5482; x_wconf 90' lang='lat' dir='ltr'><strong>stat</strong></span> <span class='ocrx_word' id='word_1_801' title='bbox 151 5422 209 5491; x_wconf 86' lang='lat' dir='ltr'><strong>ejus</strong></span> <span class='ocrx_word' id='word_1_802' title='bbox 216 5419 419 5492; x_wconf 78' lang='lat' dir='ltr'><strong>juetaoomelos</strong></span> <span class='ocrx_word' id='word_1_803' title='bbox 433 5423 637 5492; x_wconf 66' lang='lat' dir='ltr'><strong>properantem,</strong></span> <span class='ocrx_word' id='word_1_804' title='bbox 649 5435 715 5475; x_wconf 88' lang='lat' dir='ltr'><strong>cum</strong></span> <span class='ocrx_word' id='word_1_805' title='bbox 731 5420 927 5477; x_wconf 82' lang='lat' dir='ltr'><strong>acceditcoele</strong></span> <span class='ocrx_word' id='word_1_806' title='bbox 981 5421 1140 5478; x_wconf 88' lang='lat' dir='ltr'><strong>devotionis</strong></span> <span class='ocrx_word' id='word_1_807' title='bbox 1175 5421 1309 5476; x_wconf 87' lang='lat' dir='ltr'><strong>alieotum</strong></span> <span class='ocrx_word' id='word_1_808' title='bbox 1342 5419 1487 5490; x_wconf 88' lang='lat' dir='ltr'><strong>appetitus</strong></span> <span class='ocrx_word' id='word_1_809' title='bbox 1518 5426 1614 5476; x_wconf 91' lang='lat' dir='ltr'><strong>noster</strong></span> <span class='ocrx_word' id='word_1_810' title='bbox 1639 5417 1744 5475; x_wconf 85' lang='lat' dir='ltr'><strong>ellectu</strong></span> <span class='ocrx_word' id='word_1_811' title='bbox 1777 5418 1829 5489; x_wconf 80' lang='lat' dir='ltr'><strong>pia</strong></span> 
     </span>
     <span class='ocr_line' id='line_1_82' title="bbox 80 5506 1829 5585; baseline -0.006 -13"><span class='ocrx_word' id='word_1_812' title='bbox 80 5507 307 5572; x_wconf 89' lang='lat' dir='ltr'><strong>stedesideriuru</strong></span> <span class='ocrx_word' id='word_1_813' title='bbox 324 5509 360 5568; x_wconf 90' lang='lat' dir='ltr'><strong>ad</strong></span> <span class='ocrx_word' id='word_1_814' title='bbox 387 5508 519 5567; x_wconf 82' lang='lat' dir='ltr'><strong>allectum</strong></span> <span class='ocrx_word' id='word_1_815' title='bbox 541 5508 601 5581; x_wconf 84' lang='lat' dir='ltr'><strong>jam</strong></span> <span class='ocrx_word' id='word_1_816' title='bbox 635 5508 756 5569; x_wconf 86' lang='lat' dir='ltr'><strong>viriliter</strong></span> <span class='ocrx_word' id='word_1_817' title='bbox 777 5510 928 5569; x_wconf 78' lang='lat' dir='ltr'><strong>decertari·</strong></span> <span class='ocrx_word' id='word_1_818' title='bbox 983 5510 1156 5585; x_wconf 86' lang='lat' dir='ltr'><strong>operationis</strong></span> <span class='ocrx_word' id='word_1_819' title='bbox 1170 5509 1309 5568; x_wconf 89' lang='lat' dir='ltr'><strong>absolvat.</strong></span> <span class='ocrx_word' id='word_1_820' title='bbox 1341 5509 1397 5565; x_wconf 86' lang='lat' dir='ltr'><strong>llos</strong></span> <span class='ocrx_word' id='word_1_821' title='bbox 1417 5522 1515 5580; x_wconf 87' lang='lat' dir='ltr'><strong>panes,</strong></span> <span class='ocrx_word' id='word_1_822' title='bbox 1542 5508 1598 5564; x_wconf 87' lang='lat' dir='ltr'><strong>into</strong></span> <span class='ocrx_word' id='word_1_823' title='bbox 1620 5515 1738 5580; x_wconf 92' lang='lat' dir='ltr'><strong>propter</strong></span> <span class='ocrx_word' id='word_1_824' title='bbox 1762 5506 1829 5563; x_wconf 80' lang='lat' dir='ltr'><strong>uni·</strong></span> 
     </span>
    </p>
   </div>
   <div class='ocr_carea' id='block_1_12' title="bbox 0 0 1923 6008">
    <p class='ocr_par' dir='ltr' id='par_1_13' title="bbox 0 0 1923 6008">
     <span class='ocr_line' id='line_1_83' title="bbox 0 0 1923 6008; baseline 0 0"><span class='ocrx_word' id='word_1_825' title='bbox 0 0 1923 6008; x_wconf 95' lang='lat' dir='ltr'><strong> </strong></span> 
     </span>
    </p>
   </div>
  </div>
 </body>
</html>
