3818 6008
109 248 176 302 latit
628 243 676 300 AD
694 242 772 303 OPP.
792 246 869 303 VEN.
890 245 1056 305 cumcurl
1075 246 1120 303 DE
1141 243 1338 304 noviocnto
1806 246 1860 301 ittlt

106 382 222 435 vertens
247 376 277 432 ln
305 374 506 432 dormitorium
527 376 557 432 in
586 383 675 433 strato
700 391 752 433 suo
772 375 911 434 collocare
925 380 990 434 sea
1009 376 1140 449 quinque
1168 383 1196 433 et
1219 373 1368 432 mensibus
1386 373 1481 431 tribus
1501 375 1531 430 iu
1552 373 1698 431 omnibus
1728 373 1863 432 mandato

74 459 79 466 ’
107 471 304 523 consueverat.
328 465 387 520 Hoc
405 471 554 521 noscentes
571 465 706 522 invidiosi
717 474 805 538 atque
819 467 956 538 protervi,
1010 465 1120 523 exstitit
1138 465 1268 522 sincerus
1283 471 1311 521 et
1325 463 1454 521 devotus.

107 553 259 612 consilium
287 553 362 608 inter
390 567 419 609 se
447 562 631 623 acceperunt,
662 562 694 611 ut
723 555 872 613 cultellum
902 557 957 613 sub
1047 556 1122 612 Dum
1148 562 1245 610 autern
1271 553 1338 609 illuc
1362 560 1535 620 morantem,
1556 551 1865 610 nuntiuseirenitde
1899 624 1902 629 .

108 642 281 699 lectisternio
303 648 450 710 ponerent,
467 649 499 699 ut
527 650 644 700 sanctus
659 643 704 699 vir
720 644 834 700 rediens
852 645 888 701 ab
908 659 958 700 ec·
1013 643 1070 700 illio
1099 657 1152 699 suo
1175 641 1351 708 amalberto,
1382 655 1469 711 quem
1493 641 1524 697 in
1557 640 1672 712 palatio
1703 640 1865 710 reliquerat

107 730 193 788 clesia
207 744 294 801 super
308 730 457 787 cultellum
472 744 502 786 se
517 746 585 787 cum
611 732 721 804 impetu
747 733 874 803 corporis
890 734 959 806 inji-
1012 731 1133 789 Rediens
1147 730 1224 787 enim
1239 730 1274 785 de
1287 729 1441 786 wasconia
1455 743 1524 785 oum
1546 743 1625 800 rege,
1645 729 1736 800 gravi
1753 728 1866 785 infirmi·

108 827 184 877 ceret
197 825 225 876 et
238 819 280 874 sic
304 819 488 888 semetipsum
512 819 701 890 interficerem
731 820 809 891 quod
828 828 855 877 et
881 821 959 878 lece-
1012 827 1069 876 tate
1087 832 1241 889 percussus
1255 824 1395 889 aegrotare
1417 816 1501 886 coepit
1518 830 1524 871 :
1542 816 1632 886 unde,
1652 817 1762 873 morbo
1778 817 1867 887 ingra-

108 916 191 965 runt.
223 907 409 963 Manubrium
435 906 542 963 cultelli
573 908 632 964 solo
662 908 808 979 luxerunt;
836 922 959 966 acumen
1012 914 1154 975 vescente,
1182 906 1305 962 eradere
1336 919 1395 961 non
1425 905 1537 976 potuit3
1559 904 1751 975 subripiente
1781 906 1869 962 mortis

109 995 299 1052 lerrinudum
312 997 341 1051 iu
356 994 430 1051 aeris
444 994 570 1064 spatium
586 996 959 1053 erexeruntllinlaudum
1013 993 1135 1050 articulo
1154 995 1245 1051 vitam
1268 992 1397 1063 corporis
1425 993 1538 1049 amisit:
1570 1002 1635 1051 erat
1667 993 1751 1050 enim
1783 994 1868 1050 mbae

110 1084 242 1151 nelas,in
267 1083 346 1141 omni
372 1091 496 1153 tempore
522 1084 633 1140 cunctis
659 1084 853 1141 borrencum!
883 1085 960 1142 ldore
1013 1083 1107 1154 virgo,
1129 1083 1294 1154 erignanus
1318 1081 1474 1138 mundanae
1497 1081 1717 1152 corruptionis.
1751 1081 1789 1137 Et
1804 1097 1868 1153 quo

110 1172 192 1230 solito
220 1180 365 1229 revertens
393 1173 423 1228 D.
452 1174 623 1229 Geremarus
647 1173 684 1228 ab
711 1173 831 1228 ecclesia
857 1174 893 1229 ad
917 1173 960 1229 le·
1014 1171 1092 1227 niam
1108 1170 1214 1228 charus
1236 1176 1298 1226 erat
1317 1170 1378 1241 regi
1393 1176 1421 1226 et
1436 1169 1564 1238 Francis,
1588 1170 1710 1227 delatus
1726 1178 1868 1243 estusque

110 1268 199 1330 ctum,
223 1262 526 1332 spiritusanctoeum
547 1262 690 1329 bortaote,
721 1261 856 1317 lecitboc
882 1261 961 1331 quod
1015 1260 1052 1316 ad
1075 1259 1171 1317 locum
1205 1258 1327 1330 propriae
1347 1263 1424 1313 oto
1443 1258 1629 1316 baereditatis.
1665 1259 1743 1316 Cum
1782 1266 1867 1316 auten

110 1348 283 1406 solitusnon
310 1357 372 1406 erat
396 1349 501 1406 lacere:
527 1363 585 1405 non
613 1348 690 1405 enim
719 1349 748 1405 in
773 1349 960 1406 consuetudi·
1015 1349 1069 1405 boc
1108 1348 1133 1405 ei
1168 1348 1337 1404 nuntiatum
1370 1347 1480 1415 luisset,
1517 1362 1676 1405 assumens
1708 1348 1867 1419 patientiam

109 1451 176 1494 uem
191 1439 315 1494 babebat
329 1439 435 1494 lectum
455 1444 582 1508 tangere,
599 1438 649 1494 scd
664 1453 731 1494 cum
756 1445 814 1494 toto
842 1452 961 1510 corpore
1015 1437 1090 1493 beati
1104 1437 1167 1504 iob,
1183 1437 1272 1494 dixit:
1299 1459 1310 1486 ‹
1336 1436 1476 1492 Dominus
1503 1437 1592 1506 dedit,
1610 1437 1765 1494 Dominus
1779 1438 1866 1495 abstu-

110 1526 185 1582 sein
201 1527 327 1582 medium
344 1525 408 1582 lecti
424 1524 579 1596 injiciebat.
609 1526 713 1598 Tetigit
738 1540 827 1582 mann
843 1526 960 1587 lectum,
1015 1525 1154 1597 lit3sicut
1169 1525 1290 1582 Domino
1304 1524 1413 1596 placuit
1429 1525 1469 1581 ita
1495 1523 1607 1583 laetum
1632 1533 1692 1594 est,
1718 1526 1866 1583 sitnomeu
1908 1574 1909 1584 ,

110 1620 138 1671 et
156 1614 376 1671 circumducens
399 1627 529 1682 manum,
547 1614 658 1671 invenit
673 1615 750 1685 quod
765 1622 826 1672 erat
841 1616 962 1672 abscon·
1016 1614 1130 1669 Domini
1149 1612 1331 1670 benedictum
1361 1611 1423 1684 (lob
1438 1627 1456 1680 l,
1477 1613 1532 1683 21).
1551 1632 1563 1660 ι
1585 1613 1704 1671 Exiens
1723 1621 1822 1670 autem
1841 1614 1866 1670 do

111 1701 213 1757 ditum.
231 1701 331 1757 Statim
346 1708 378 1758 ut
399 1700 486 1758 sensit
516 1701 648 1758 iraudem
671 1717 731 1759 esse
754 1711 894 1773 paratam,
920 1717 961 1760 re
977 1678 998 1734 Β
1017 1710 1116 1772 crypta
1131 1702 1189 1771 illa,
1203 1710 1230 1758 et
1244 1715 1344 1757 omnes
1358 1701 1450 1758 clerici
1464 1701 1552 1757 simul
1567 1717 1636 1758 cum
1665 1702 1730 1759 illo.
1747 1703 1783 1759 In
1794 1703 1864 1773 bym-

110 1789 176 1847 licto
192 1789 295 1846 lectulo
310 1803 443 1846 reversus
458 1797 499 1845 est
512 1788 541 1844 in
558 1790 696 1860 templum
713 1791 861 1863 amiotus;
883 1792 961 1863 quod
1016 1791 1061 1847 nis
1076 1791 1166 1847 David
1179 1789 1294 1847 laudem
1317 1791 1375 1846 Deo
1384 1790 1514 1846 dicebat:
1535 1811 1545 1840 ι
1571 1790 1722 1848 Dominus
1736 1805 1805 1862 pars
1818 1792 1865 1848 ba

111 1884 260 1947 supererat
281 1884 381 1944 noctis,
412 1875 555 1946 lacrymas
578 1877 714 1945 lundens,
740 1879 770 1934 in
797 1880 913 1950 hymnis
936 1887 963 1937 et
1017 1880 1146 1936 reditatls
1159 1894 1228 1935 meae
1252 1887 1280 1936 et
1294 1879 1391 1936 calicis
1405 1878 1470 1946 mei,
1488 1886 1521 1936 tu
1534 1893 1566 1936 cs
1581 1880 1636 1951 qui
1669 1881 1810 1938 restitues
1821 1883 1864 1938 ba·

112 1965 249 2023 laudibus
263 1966 313 2022 Dei
336 1965 431 2033 duxit,
448 1972 475 2021 et
495 1979 579 2022 mane
594 1966 685 2037 primo
704 1981 766 2024 rem
780 1983 846 2039 quae
860 1969 887 2026 ei
900 1984 964 2026 con·
1017 1969 1166 2025 reditatem
1181 1981 1274 2024 meam
1290 1967 1360 2024 mibi
1383 1967 1475 2038 (Paul.
1499 1983 1548 2035 xv,
1568 1968 1608 2038 5).
1628 1989 1641 2017 ι
1671 1969 1802 2041 Pergons
1825 1983 1863 2025 au-

112 2054 216 2126 tigerat
227 2054 335 2111 nemini
350 2053 498 2110 indicavit.
1016 2063 1073 2114 mm
1087 2070 1154 2113 cum
1168 2070 1274 2127 magno
1288 2055 1472 2126 psallentium
1488 2055 1586 2124 oboro,
1604 2058 1746 2127 pervenit
1768 2058 1798 2114 in
1823 2073 1864 2129 pa·

146 2142 241 2200 Tertia
256 2152 325 2200 vero
346 2144 417 2200 hora
439 2143 494 2198 diei
510 2150 572 2213 post
586 2142 713 2200 lectionis
728 2143 960 2216 disputationem,
1017 2159 1087 2217 gum
1102 2144 1312 2203 vilcassinum:
1343 2158 1429 2214 quem
1455 2144 1655 2214 pertransiens
1670 2144 1795 2203 intravit
1818 2146 1864 2202 Del·

112 2231 142 2288 in
157 2232 283 2302 capitulo
297 2239 363 2288 ante
382 2231 466 2301 pedes
493 2232 623 2287 omnium
652 2239 813 2302 prostratus
842 2236 963 2307 rogabat
1017 2248 1166 2291 vaccnsem
1183 2233 1359 2305 pagum‚ubl
1371 2232 1483 2303 jacebat
1496 2232 1547 2289 lilii
1560 2246 1672 2304 corpus
1684 2233 1864 2304 defunctum

113 2328 146 2379 ut
164 2319 328 2390 apastorali
351 2333 422 2376 cura
445 2319 528 2375 illum
552 2319 744 2387 absolverent,
769 2329 797 2378 et
816 2323 962 2380 meliorem
1017 2324 1136 2380 veniens
1152 2322 1221 2379 illuc
1237 2322 1287 2378 ubi
1312 2321 1437 2392 jacebat,
1455 2321 1535 2390 nibill
1548 2320 1584 2378 de
1603 2331 1703 2379 morte
1731 2324 1821 2394 ipsius
1834 2330 1864 2379 cst

113 2423 328 2481 quemcumque
342 2411 454 2464 Patrem
468 2421 556 2477 super
570 2423 599 2464 sc
614 2408 763 2481 eligerent.
780 2410 851 2467 Erat
864 2420 961 2468 autem
1018 2411 1184 2480 motus,sed
1195 2410 1333 2468 laudabat
1349 2410 1503 2467 Dominum
1516 2411 1620 2478 Deum,
1637 2411 1724 2482 quod
1742 2412 1865 2484 dignatus

112 2497 247 2570 quedam
268 2504 369 2568 crypta
390 2497 420 2552 in
443 2503 524 2554 vasto
544 2493 707 2553 solitudinis
728 2513 816 2569 super
838 2500 963 2557 lluvium
1018 2501 1054 2558 sit
1083 2501 1229 2571 suscipere
1254 2499 1284 2556 in
1312 2499 1478 2570 virginitate
1502 2499 1626 2555 unicum
1651 2499 1751 2557 tilium
1782 2514 1864 2557 sunm.

113 2585 288 2657 Sequanam,
307 2585 384 2642 unde
400 2585 427 2642 S.
457 2584 567 2641 Sanson
592 2593 754 2655 serpentem
769 2586 871 2658 ejecit3
888 2589 964 2645 bane
1019 2588 1171 2644 Elevantes
1190 2601 1257 2643 eum
1286 2585 1316 2642 in
1339 2585 1489 2654 teretrum,
1516 2585 1655 2642 deterunt
1671 2587 1704 2642 in
1734 2593 1865 2643 monaste

112 2674 225 2744 petebat
259 2680 290 2729 ut
321 2673 357 2729 ad
391 2672 582 2730 habitandum
607 2674 804 2731 concederent.
830 2675 964 2744 Quantus
1018 2675 1095 2733 rium
1123 2675 1200 2746 quod
1232 2675 1334 2731 beatus
1354 2673 1526 2731 Geremarus
1548 2681 1764 2731 construxerat
1792 2674 1865 2730 inlu

114 2761 241 2817 clamori
259 2769 387 2832 quantus
402 2761 482 2817 dolor
504 2769 566 2817 erat
584 2761 623 2818 ibi
647 2765 778 2819 omnium
798 2764 962 2823 timentium
1019 2776 1089 2820 nore
1103 2762 1179 2819 Petri
1203 2769 1230 2819 et
1253 2761 1335 2819 Pauli
1356 2761 1561 2833 apostolorum.
1580 2761 1774 2833 &oriebatur
1789 2761 1865 2819 multi

115 2849 280 2918 Dominum,
301 2856 330 2906 et
350 2863 438 2919 super
453 2850 565 2906 Patrem
592 2849 779 2907 Gemmarum
807 2852 965 2911 lamentan-
1020 2853 1090 2909 tudo
1104 2851 1203 2922 populi
1216 2851 1287 2907 llens
1308 2858 1396 2922 atque
1410 2851 1513 2922 lugens
1537 2864 1628 2921 snper
1650 2864 1733 2907 eum.
1758 2850 1865 2908 Veniens

117 2938 189 2994 tium
203 2946 231 2994 et
246 2937 424 2995 dicentium:
443 2937 502 2995 Cur
515 2952 578 3008 nos,
596 2942 688 3005 Pater,
704 2939 836 2996 deseris?
851 2949 902 2999 aut
916 2944 963 3000 cul
982 2980 1001 3035 C
1022 2948 1118 2996 antem
1134 2940 1170 2995 ad
1186 2940 1281 2996 locnm
1298 2939 1349 3010 qui
1372 2938 1517 3009 Baujacus
1546 2941 1620 2995 Pons
1643 2939 1767 3008 dicitur,
1783 2939 1866 3011 paulu

115 3040 168 3082 nos
183 3027 322 3084 desolatos
348 3026 511 3098 relinquis?
537 3026 608 3097 quid
628 3027 765 3099 egimus?
784 3029 856 3099 quid
881 3031 911 3087 in
937 3038 964 3089 te
1024 3030 1084 3087 lum
1101 3028 1160 3085 solo
1174 3028 1365 3085 substiterunt
1386 3027 1448 3083 Non
1476 3027 1548 3085 illud
1571 3027 1658 3084 silere
1684 3027 1866 3099 debeoqnol.

114 3115 334 3172 commisimus?
348 3114 491 3185 quomodo
517 3115 626 3171 luimus
641 3115 691 3171 tibi
716 3118 877 3176 contrarii?
900 3121 964 3190 lpse

115 3202 375 3273 autemrespondit
395 3202 450 3258 eis:
483 3202 571 3258 Nemo
600 3211 729 3260 vestrum
755 3207 865 3264 exstitit
892 3208 964 3265 mibi

113 3301 246 3363 unquam
262 3292 425 3348 contrarius
441 3292 469 3347 in
486 3291 601 3362 aliqu03
625 3306 709 3349 nemo
737 3293 857 3364 alienus,
879 3311 971 3371 nemo

113 3381 218 3448 malus,
235 3395 320 3437 nemo
334 3381 444 3447 durus:
459 3394 558 3437 omnes
582 3381 654 3437 mibi
681 3388 714 3439 ut
728 3390 832 3453 patres,
847 3392 880 3442 ut
904 3386 959 3442 lra-

114 3475 181 3537 tres‚
194 3470 365 3527 utvcritatis
378 3477 521 3526 amatores
539 3469 664 3541 (nolebat
687 3470 764 3529 enim
791 3473 911 3543 prodere
934 3475 966 3531 in

117 3558 265 3628 publicum
290 3558 368 3629 quod
397 3557 506 3614 invenit
540 3557 664 3615 inlecto
690 3559 900 3630 absconditum,
928 3577 965 3621 ne

118 3646 199 3704 locus
220 3646 277 3718 lpse
300 3654 461 3703 verteretur
487 3646 515 3701 in
539 3646 705 3716 exemplum
722 3648 969 3721 malornm),1te·

119 3750 185 3793 rnm
201 3743 288 3807 atque
310 3735 415 3793 iterum
442 3742 605 3806 prostratus
630 3743 697 3792 ante
722 3736 808 3807 podes
822 3738 964 3804 omnium,

118 3825 239 3897 rogabat
264 3831 297 3882 ut
319 3838 336 3880 a
360 3824 495 3895 pastorali
521 3825 587 3881 sedo
614 3824 795 3882 absolverent
821 3841 902 3897 eum3
926 3826 967 3883 illi

118 3921 215 3970 autem
243 3911 390 3980 nolebant,
419 3912 467 3968 sed
495 3913 587 3984 magis
610 3914 743 3983 petebant
778 3920 810 3970 ιιι
833 3929 880 3971 eos
908 3929 966 3971 non

118 4000 271 4057 desereret.
293 4000 420 4057 Tandem
442 3999 509 4057 victi
532 4001 718 4071 petitionibus
732 4010 860 4073 cryptam
876 4016 965 4074 quam

118 4089 231 4159 petebat
260 4088 287 4144 ei
315 4095 525 4145 concesserunt.
553 4088 731 4161 Relinquens
753 4097 849 4148 autem
864 4105 966 4149 mona-

119 4176 238 4233 sterium
254 4176 285 4231 D.
310 4174 449 4233 budoeno
473 4176 543 4236 abiit
560 4177 596 4234 ad
610 4178 778 4248 praedictum
794 4179 903 4237 locum.
924 4179 968 4237 lbi

1024 3117 1164 3174 Dominus
1177 3116 1289 3187 operari
1304 3116 1441 3187 dignatus
1463 3124 1516 3173 est.
1540 3115 1583 3173 lbi
1613 3117 1695 3174 circa
1710 3131 1818 3188 corpus
1830 3118 1867 3172 de·

1024 3206 1124 3272 iuncti,
1148 3206 1186 3262 ob
1204 3206 1339 3262 meritum
1366 3205 1442 3261 beati
1468 3203 1614 3262 Geremari
1641 3205 1870 3277 (quatennsom

1024 3310 1074 3352 nes
1095 3301 1284 3366 agnoscerent
1302 3293 1401 3366 magni
1422 3293 1517 3350 meriti
1544 3307 1607 3351 esse
1636 3308 1709 3352 eum
1733 3301 1763 3351 et
1792 3294 1871 3364 ipsius

1025 3383 1129 3455 lilium)
1156 3383 1186 3439 in
1208 3382 1308 3440 eodem
1335 3382 1396 3439 loco
1421 3383 1461 3439 sic
1484 3390 1684 3454 aggravatum
1713 3390 1759 3440 est
1777 3394 1871 3452 eorpus

1024 3472 1099 3529 beati
1120 3471 1288 3540 Amalberti,
1312 3478 1344 3529 nt
1357 3471 1393 3527 ab
1414 3470 1458 3527 bis
1484 3471 1536 3542 qui
1557 3485 1627 3528 eum
1644 3472 1809 3541 portabant
1823 3484 1870 3527 non

1024 3559 1161 3632 potuisset
1187 3559 1316 3631 moveri,
1343 3559 1393 3618 sed
1421 3573 1475 3616 uec
1498 3559 1539 3615 sio
1558 3560 1672 3616 moveri
1706 3560 1813 3632 potnit.
1837 3557 1871 3614 lli

1023 3649 1132 3705 clamor
1152 3649 1282 3705 omnium
1301 3647 1433 3705 virorum
1458 3654 1547 3718 atque
1569 3647 1763 3719 mulierum;
1787 3655 1873 3705 tantm

1023 3745 1119 3794 autem
1135 3744 1236 3808 stupor
1246 3735 1351 3793 invasit
1366 3748 1465 3793 omnes
1479 3741 1556 3792 retro
1571 3741 1600 3792 et
1625 3741 1698 3793 ante
1720 3735 1874 3794 incedentes

1023 3833 1057 3882 ut
1070 3824 1119 3881 vix
1132 3825 1283 3881 ambulare
1297 3823 1436 3880 valerent.

1058 3914 1139 3969 Tunc
1159 3913 1261 3970 beatus
1274 3911 1456 3979 Geremarus
1484 3909 1612 3968 sentiens
1628 3910 1688 3968 boc
1704 3926 1771 3969 esse
1785 3911 1876 3968 volun

1024 4009 1110 4059 tatem
1124 4002 1184 4066 Dei.
1200 4001 1285 4074 jussit
1310 4014 1415 4071 corpus
1439 3998 1562 4070 deponi:
1584 4013 1646 4069 ouo
1659 4000 1805 4071 deposito,
1819 4014 1875 4071 pro

1022 4097 1131 4147 stratus
1145 4090 1204 4147 solo
1218 4088 1342 4161 genibus
1354 4086 1513 4145 orationem
1537 4086 1573 4143 ad
1602 4087 1772 4146 Dominum
1799 4089 1875 4154 ludit

1022 4186 1049 4236 et
1063 4192 1159 4235 coram
1175 4178 1287 4235 cunctis
1315 4175 1476 4234 diutissime
1498 4175 1603 4232 oravit.
1634 4175 1791 4248 completa
1818 4191 1874 4234 ora·

118 4265 187 4321 sein
202 4264 381 4321 orationibus
410 4265 454 4321 dle
476 4279 510 4322 ac
533 4273 614 4323 nocte
633 4266 722 4335 dedit,
742 4267 849 4324 iaciens
873 4267 1004 4338 pluri-p
1025 4265 1112 4333 tione,
1142 4266 1198 4322 illis
1224 4265 1276 4337 qui
1316 4277 1421 4335 corpus
1456 4263 1594 4320 videbant
1628 4262 1731 4321 dixit:
1768 4265 1875 4322 Aulerte

119 4367 196 4410 mam
211 4353 425 4422 abstinentiam,
439 4354 577 4425 majorem
589 4369 680 4426 quam
696 4354 789 4412 lacere
808 4371 969 4414 consueve-

119 4450 174 4498 rat.
198 4441 366 4499 Tautamei
393 4441 517 4514 gratiam
539 4443 679 4499 Dominus
705 4442 795 4501 veluti
823 4444 913 4502 electo
930 4446 969 4503 la-

119 4530 198 4587 mulo
208 4545 261 4587 suo
274 4530 405 4599 contulit,
420 4537 453 4587 ut
466 4538 571 4588 cuncta
585 4530 685 4588 mundi
709 4540 803 4590 mente
817 4537 969 4591 transcen-

98 4648 102 4654 ·
119 4617 207 4687 deret,
223 4619 365 4689 etsaepius
380 4619 542 4677 coelestibus
556 4619 671 4677 secretis
685 4620 842 4679 interesset.

460 4759 574 4817 CAPUT
590 4761 625 4817 V.

153 4883 258 4941 Beatam
271 4890 369 4941 autem
382 4883 541 4940 andoenus
556 4884 680 4942 audiens
707 4883 814 4942 lamam
833 4887 968 4944 sanctita-

117 4973 154 5031 tis
164 4973 236 5045 ejus,
260 4979 288 5029 et
310 4972 403 5030 sciens
417 4973 555 5030 maritum
567 4974 640 5046 eius,
658 4974 688 5030 in
702 4974 826 5046 gradum
843 4976 965 5047 presby-

117 5061 262 5120 teriieum
282 5059 448 5131 ordinavit3
476 5062 561 5133 enjus
586 5063 728 5121 voluntati
752 5063 877 5120 multum
903 5065 968 5122 resi·

116 5157 191 5207 stere
220 5148 321 5216 voluit,
348 5148 396 5205 sed
422 5149 529 5221 Spiritu
557 5158 655 5207 sancto
682 5166 750 5209 eum
776 5152 966 5223 compellente

117 5239 267 5310 praeceptis
282 5238 373 5295 sancti
387 5239 520 5309 presulis
531 5241 665 5297 obedivit.
692 5241 855 5311 Factusqne
870 5255 965 5297 sacer-

116 5326 178 5395 dos,
196 5327 317 5384 Domino
331 5328 443 5399 plaeere
462 5329 583 5386 studuit.
602 5328 745 5386 Ollcrcbat
768 5329 845 5387 enim
873 5330 965 5386 sacri-

118 5414 216 5471 ilcium
232 5415 276 5472 illi
286 5431 338 5486 per
352 5417 481 5490 singulos
495 5417 556 5474 dies
574 5432 640 5475 cum
666 5417 802 5488 lacrymis
811 5423 840 5473 et
854 5419 964 5475 contri·

118 5502 194 5560 tione
207 5504 310 5560 cordis.
324 5505 367 5562 lbi
382 5505 589 5577 inexemplum
610 5507 741 5564 omnium
756 5505 865 5576 positus
880 5507 963 5563 aunis

1023 4352 1142 4423 pallium
1158 4353 1251 4420 abeo,
1267 4367 1325 4423 quo
1339 4357 1489 4421 coopertus
1512 4357 1563 4419 est,
1587 4357 1624 4407 ut
1638 4351 1802 4411 rideamus
1815 4351 1874 4425 quid

1023 4441 1185 4512 eontigerit.
1206 4440 1338 4513 Cumque
1361 4439 1494 4497 tulissent
1516 4438 1648 4511 gladium
1680 4440 1731 4514 lt„
1752 4440 1872 4513 pallium}

1023 4537 1051 4586 et
1074 4528 1241 4602 diligentius
1263 4529 1449 4599 aspexissent,
1480 4526 1660 4586 invenerunt
1691 4530 1799 4589 faciem
1822 4530 1875 4601 ejm

1023 4618 1166 4689 sanguine
1180 4616 1336 4685 madidam,
1351 4630 1385 4673 ao
1413 4616 1438 4672 si
1461 4615 1510 4673 illo
1534 4616 1582 4673 die
1602 4615 1684 4674 bello
1716 4618 1874 4677 interiectus

1021 4706 1139 4764 luisset:
1164 4706 1272 4764 lluebat
1298 4706 1376 4762 enim
1399 4704 1520 4776 sanguis
1544 4718 1594 4776 per
1621 4719 1726 4777 nares,
1758 4708 1872 4780 irrigans

1023 4802 1112 4852 totam
1132 4795 1232 4854 laciem
1247 4795 1321 4865 ejus.
1334 4793 1425 4852 Valde
1444 4792 1622 4864 stupendum
1636 4802 1684 4853 est
1715 4803 1807 4868 atque
1826 4794 1872 4853 roi·

1021 4884 1157 4946 randum.
1174 4891 1203 4941 et
1217 4883 1247 4941 in
1268 4884 1407 4941 memoria
1430 4882 1541 4939 devotis
1562 4882 1710 4942 laudibus
1736 4898 1872 4943 reserran

1021 4972 1091 5029 dum
1107 4989 1115 5041 ;
1128 4974 1189 5045 jam
1205 4973 1330 5031 multum
1355 4972 1481 5030 ssuxerat
1497 4971 1668 5042 temporisa
1682 4989 1746 5045 quo
1765 4975 1826 5031 rita
1837 4973 1870 5029 de
1908 4986 1909 5018 ι

1020 5069 1143 5119 cesserat
1158 5069 1306 5119 revertens
1319 5075 1336 5118 a
1355 5060 1498 5119 vasconia
1511 5074 1580 5117 eum
1597 5074 1669 5132 rege
1697 5070 1728 5120 et
1743 5062 1867 5120 Francis:

1020 5149 1092 5218 quid
1104 5150 1240 5207 boolacto
1255 5149 1436 5208 manilestlus
1445 5148 1540 5219 potuit
1553 5148 1610 5205 boc
1622 5149 1790 5222 adimplere
1802 5150 1866 5208 illius

1018 5243 1124 5308 virtus,
1144 5239 1220 5297 beati
1245 5237 1390 5297 Geremari
1407 5237 1523 5294 'meritis
1546 5244 1575 5294 et
1602 5238 1783 5310 virtutibus,
1797 5238 1867 5309 ocyus

1019 5329 1146 5403 potentia
1176 5328 1364 5386 resuscitatur
1395 5325 1614 5397 quatriduanus
1644 5327 1797 5387 Lazarus?
1827 5327 1867 5383 De

1017 5424 1196 5475 monstratur
1210 5417 1263 5474 boc
1273 5415 1382 5488 judicio
1396 5415 1513 5471 beatum
1536 5413 1748 5475 Amalbertum
1764 5415 1864 5474 'meritis

1018 5506 1107 5564 sancti
1121 5504 1266 5564 Geremari
1281 5505 1378 5562 virere
1391 5518 1457 5562 cum
1482 5502 1608 5561 Christo.
