3818 6008
508 272 619 329 Gusva
639 273 694 329 bat
715 275 783 330 PER
803 276 823 331 F
827 275 971 332 bancos.
983 306 1017 317 -
1030 276 1095 332 tte.
1115 278 1160 332 vl.

1658 281 1710 338 tvl
1739 313 1741 317 ,

56 404 149 474 :isque
172 405 289 461 vocibus
313 403 440 461 inssnitos
459 405 588 478 fragores
607 408 749 478 emittant,
775 416 808 466 ut
826 411 993 480 Alerentes,
1023 413 1075 483 qui
1102 427 1150 469 eas
1171 413 1394 471 eliminaverant
1415 430 1481 486 quae
1501 416 1638 487 templum
1660 418 1709 475 Dei

864 498 1000 557 Sanctum
1016 501 1260 558 attaminaverant
1283 510 1392 573 gentes.
1416 502 1472 573 lpsi
1487 518 1615 575 namque
1630 506 1711 563 mise

863 601 972 645 rescere
990 589 1057 661 jure
1084 589 1243 646 debuerant
1272 605 1361 662 quam
1387 591 1505 662 utrique
1528 593 1710 663 predicando

863 675 1031 732 docuerant.
1048 677 1082 732 ln
1093 677 1220 734 ecclesiis
1234 678 1319 749 plane
1333 679 1448 735 stabula
1461 680 1712 738 constituebantur

863 773 1056 834 equorum,et
1071 765 1100 821 in
1119 773 1200 836 parte
1222 765 1314 836 ipsius
1339 766 1459 838 majoris
1485 767 1609 825 basilice
1632 769 1711 826 Beati

863 851 949 916 Petri,
966 851 1103 909 blathomi
1119 853 1164 910 sui
1178 861 1331 911 erexerant
1342 855 1470 912 domum.
1489 855 1566 912 Victi
1587 856 1712 928 denique

56 492 92 564 [ni
119 492 306 562 hominesque
322 507 339 548 a
358 494 430 549 tanti
455 495 566 551 sonitus
585 502 693 552 terrore
714 498 808 554 subsi-

62 579 115 638 Sed
128 581 200 637 nihll
210 595 312 637 eorum
325 588 395 638 tunc
410 582 528 639 valuere
545 591 676 650 conatus,
693 586 809 654 penitus

56 686 61 724 t
76 677 145 726 sunt
156 668 305 725 exinanita
320 669 477 725 molimina.
494 671 590 740 cmpto
604 673 707 727 etenim
719 675 808 730 nostri

60 758 152 828 primo
167 758 262 814 hostes
276 758 466 829 profligavere
478 759 624 827 condictu,
640 768 667 816 et
682 760 718 817 ad
734 776 807 830 eam,

77 859 135 916 prae
151 846 295 902 mentibus
315 845 426 902 dudum
442 847 616 914 habuerant,
632 847 743 917 lugam,
760 861 809 904 ce-

56 933 229 1005 xpediuntur
251 932 363 989 ellectu.
384 932 461 1000 Quos
486 941 582 991 tamen
611 936 710 1003 nostri,
736 937 808 992 irre-

79 1021 226 1088 instantia,
253 1035 304 1092 per
335 1029 496 1078 castrorum
527 1037 648 1079 suorum
682 1023 809 1080 medium

56 1116 187 1180 {uuntur¹
215 1109 272 1164 Nec
295 1109 452 1180 spoliorum
477 1110 544 1166 hinc
565 1111 632 1166 inde
651 1111 808 1183 jacentium

56 1210 96 1253 ne
121 1197 322 1267 raptabantur,
338 1197 441 1254 Christi
459 1198 643 1256 inimicorum
658 1200 718 1256 solo
732 1200 810 1271 pasci

56 1284 223 1342 euidentes.
250 1289 468 1356 Persequuntur
482 1285 545 1343 illos
568 1288 667 1359 itaque
681 1289 716 1344 ad
739 1303 809 1359 pon·

56 1388 124 1446 sque
139 1374 368 1445 Pharphareum,
386 1382 413 1431 et
434 1375 573 1431 Tancredi
590 1390 683 1446 usque
706 1376 810 1433 castel-

63 1461 260 1531 Occupaverat
275 1476 354 1533 crgo,
381 1462 438 1519 illis
452 1464 661 1532 recedentibus,
676 1477 810 1535 campum

56 1564 119 1607 rum
134 1550 225 1622 gloria
240 1550 368 1623 grandis.
386 1551 506 1608 Stabant
526 1553 576 1621 ibi,
595 1554 630 1610 ab
645 1553 810 1610 hominibus

56 1637 201 1704 minacia,
227 1638 289 1693 auri
319 1648 414 1694 autem
442 1647 471 1696 et
494 1641 605 1710 argenti
627 1647 809 1697 ornamento

56 1740 90 1782 ue
104 1726 332 1796 quamplurium,
358 1740 524 1798 nonagena
546 1729 677 1797 tentoria,
700 1703 851 1797 ovium,B

56 1827 130 1880 rum,
147 1814 254 1870 hovum
276 1814 341 1870 lusa
366 1815 476 1885 ubique
493 1816 637 1885 pecuaria,
657 1830 810 1886 equorum,

56 1916 123 1971 um,
141 1903 290 1959 asinorum
304 1903 418 1974 copiosa
430 1904 568 1971 subsidia,
585 1903 735 1976 frumenti,
749 1907 809 1963 vini

56 1991 125 2058 inae,
141 1989 244 2047 coliata
260 1992 320 2048 sine
336 1992 504 2048 discretione
515 1993 644 2049 obsonia.

863 939 958 996 hostes
972 955 1038 996 cum
1054 941 1108 997 hac
1121 942 1246 1012 illacque
1260 942 1442 1015 diliugerent,
1466 952 1577 1001 montes
1596 958 1630 1001 ac
1647 945 1711 1001 val-

864 1026 913 1090 les,
927 1040 997 1083 rura
1022 1043 1055 1084 ac
1077 1043 1205 1098 nemora,
1228 1028 1314 1086 calles
1335 1037 1363 1087 et
1386 1031 1453 1087 avia
1466 1031 1643 1101 quibusdam
1666 1046 1711 1090 se·

864 1115 988 1185 mivivis,
1016 1116 1080 1173 aliis
1104 1118 1234 1185 mortuis,
1252 1118 1357 1174 sauciis
1381 1118 1542 1176 innumeris
1554 1120 1711 1191 oppleban-

863 1211 922 1260 tur.
944 1204 1102 1274 Repentina
1122 1219 1191 1277 ergo
1211 1206 1260 1262 Dei
1284 1207 1463 1263 miseratione
1487 1209 1618 1279 respecti,
1643 1208 1711 1265 diu-

864 1298 958 1348 turnae
973 1291 1056 1348 lamis
1073 1292 1265 1349 calamitatem
1288 1293 1372 1350 celeri
1394 1294 1527 1351 felicitate
1548 1303 1710 1364 mutarunt,

864 1387 897 1436 ut
912 1380 963 1436 ubi
974 1381 1088 1437 duobus
1100 1382 1207 1451 pridem
1223 1381 1320 1438 solidis
1343 1397 1430 1438 ovum
1452 1384 1641 1452 vendebatur,
1659 1384 1711 1440 bns

863 1468 916 1523 vix
937 1468 1062 1525 denariis
1088 1469 1237 1525 duodecim
1268 1470 1485 1535 distraheretur,
1514 1479 1542 1527 et
1569 1479 1602 1527 ut
1631 1471 1711 1528 brevi

865 1555 962 1612 omnia
981 1556 1037 1612 tine
1061 1556 1205 1624 claudam,
1229 1557 1278 1613 ubi
1300 1557 1401 1615 inediae
1423 1559 1517 1614 rabies
1545 1559 1709 1627 incesserat,

865 1644 904 1699 ibi
920 1651 1000 1700 tanta
1009 1645 1198 1713 pecuniarum
1209 1645 1399 1717 omniumque
1408 1646 1579 1702 victualium
1595 1646 1712 1702 ubertas

865 1731 981 1789 accessit
996 1740 1028 1788 ut
1049 1732 1144 1788 subita
1168 1733 1326 1790 emersione
1344 1733 1449 1804 passim
1474 1732 1579 1790 exoriri
1596 1733 1711 1789 videre-

865 1828 913 1876 tur
941 1818 1034 1876 omnis
1067 1820 1216 1891 plenitudo
1244 1821 1295 1887 rei,
1328 1830 1355 1877 et
1388 1823 1531 1891 aperuisse
1559 1828 1711 1891 putaretur

866 1905 1005 1962 hominus
1022 1913 1181 1962 cataractas
1196 1906 1267 1962 coeli.
1284 1907 1375 1963 Tanta
1399 1908 1587 1964 tentoriorum
1605 1919 1711 1962 nume-

866 1993 968 2049 rositas
991 1993 1109 2061 exstitit,
1129 2001 1159 2050 ut
1183 2008 1250 2050 cum
1265 1996 1375 2065 quique
1396 2002 1559 2050 nostrorum
1579 1993 1713 2049 taberna·

56 2079 139 2135 ctiam
154 2080 305 2135 adversam
321 2081 452 2146 fecerant
469 2081 578 2149 rores,
594 2112 629 2122 -
651 2081 812 2138 Chrestiani
865 2082 931 2138 cula
945 2080 1139 2151 diripuissent,
1166 2081 1263 2137 ditatis
1286 2082 1429 2148 omnibus,
1455 2081 1574 2151 jamque
1601 2080 1714 2150 praeda-

56 2168 191 2224 ichrislo
203 2168 365 2241 rependant
379 2169 532 2240 urbemque
541 2167 812 2241 inprediaatarcum
866 2184 932 2225 rum
957 2169 1086 2225 sarcinas
1111 2169 1333 2238 lastidientibus,
1362 2169 1410 2224 vix
1436 2169 1638 2224 invenirentur
1659 2167 1712 2238 qui

56 2256 118 2328 plto.
140 2285 177 2298 -
199 2256 338 2326 Aisyme
359 2258 561 2327 Armeniaque
579 2258 681 2325 coloni,
707 2259 758 2328 qui
782 2261 811 2314 in
867 2265 1009 2327 raperent.
1037 2257 1094 2314 Nec
1122 2271 1246 2328 paupere
1275 2264 1432 2327 occupante
1468 2271 1528 2313 rem
1554 2255 1713 2326 quamlibet

56 2344 223 2400 ersabantur
246 2343 388 2414 partibus,
414 2345 621 2415 comperientes
636 2346 753 2402 Francis
768 2345 812 2401 in·
866 2345 952 2401 ditior
974 2344 1052 2402 ullus
1073 2346 1280 2415 superveniens
1303 2346 1469 2402 violentiam
1492 2344 1641 2413 interebat,
1663 2343 1712 2400 sed

56 2442 108 2488 am
147 2431 263 2487 cessisse
301 2431 461 2496 victoriam,
505 2433 605 2489 obvios
637 2433 814 2505 lugientibus
867 2432 1039 2490 alteralteri
1068 2434 1129 2490 sine
1142 2434 1321 2490 contentione
1336 2433 1462 2490 cedebat.

56 2534 111 2577 sse
127 2521 235 2590 ubique
249 2521 416 2591 prebentes,
428 2521 462 2576 ad
480 2529 616 2577 montana
635 2530 813 2579 concurrunt
1197 2522 1312 2580 CAPUT
1332 2523 1382 2577 ΙΙΙ.

56 2622 202 2680 oscunquc
230 2609 488 2679 comprehendunt,
514 2610 691 2666 interimunt.
718 2610 812 2667 Nostri
902 2615 978 2664 112⁰
1001 2608 1073 2681 [xil
1092 2610 1275 2666 Antiochiam
1293 2609 1460 2682 imperatori
1481 2610 1607 2681 offerunt
1628 2609 1714 2663 daces

56 2710 104 2752 rea
118 2696 279 2762 redeuntes,
299 2704 327 2751 et
355 2696 495 2752 immenso
518 2697 613 2752 cordis
637 2697 739 2768 iubilo,
767 2698 814 2754 in·
868 2697 1036 2756 Christiani.
1052 2729 1085 2737 —
1102 2698 1167 2755 Post
1186 2699 1248 2754 haee
1263 2699 1406 2770 principes
1420 2698 1520 2766 nostri,
1540 2698 1601 2752 dux
1620 2695 1714 2752 Gode-

56 2783 237 2840 rehensibilia
250 2785 393 2853 praeconia
407 2784 595 2854 rependentes
607 2799 660 2841 suo
678 2799 814 2855 coopera·
868 2786 961 2845 tridus
976 2786 1073 2842 Sancti
1091 2786 1298 2858 Egtdticomes
1315 2787 1509 2854 boemundus,
1536 2785 1714 2842 Northman-

56 2872 154 2939 hristo,
171 2887 238 2928 cum
257 2873 652 2942 triumphicmlestishonore
671 2872 813 2931 civitatem
869 2876 924 2931 niae
957 2888 1062 2941 comes,
1096 2874 1296 2945 Robertusque
1324 2875 1516 2943 Flandrensis‚
1555 2881 1582 2929 et
1620 2870 1713 2929 caeteri

56 2969 123 3018 tunt.
147 2960 196 3016 llle
220 2967 326 3026 autem,
352 2961 402 3030 qui
428 2961 509 3016 urbis
525 2969 645 3030 praeerat
671 2962 812 3032 prasidio,
833 2975 977 3032 comum,
992 2966 1056 3020 acto
1073 2963 1179 3033 pariter
1197 2963 1323 3028 consilio,
1344 2963 1493 3033 Hugonem
1513 2963 1662 3034 Magnum,
1686 2965 1715 3015 et

56 3049 189 3106 smilitiae
203 3049 371 3119 principem,
398 3048 503 3104 nostris
519 3048 716 3105 insistentibus
732 3056 813 3121 terga
867 3051 1041 3107 Balduinum
1067 3050 1198 3107 comitem
1222 3050 1257 3106 de
1279 3050 1434 3117 Montibus,
1460 3050 1614 3120 pluresque
1643 3047 1715 3103 alios

56 3147 134 3205 rtem,
151 3138 268 3193 omnino
279 3137 437 3192 intremuit.
463 3137 498 3192 Et
514 3138 693 3207 perpendens
716 3136 813 3192 minus
868 3138 988 3196 illustris
1003 3138 1128 3194 nominis
1150 3139 1237 3206 viros,
1254 3139 1289 3194 ad
1310 3138 1510 3208 imperatorem
1524 3137 1664 3208 dirigunt,
1681 3141 1714 3190 ut

56 3226 181 3281 tamodo
203 3224 311 3281 castelli
338 3223 396 3280 iore
423 3225 476 3280 sihi
504 3225 674 3292 custodiam,
696 3226 812 3296 signum
868 3226 969 3282 urbem
992 3225 1199 3280 Antiochenam
1222 3225 1368 3295 reciperet,
1386 3223 1603 3294 etquaenostris
1622 3221 1715 3279 inerat

56 3316 130 3386 piam
145 3323 309 3371 nostrorum
331 3315 507 3385 principum,
529 3316 683 3385 postposita
699 3314 812 3371 dilatio·
869 3321 970 3383 pactus
991 3313 1127 3382 expleret.
1148 3312 1208 3368 lere
1228 3312 1381 3382 siquidem,
1406 3312 1455 3366 sed
1477 3309 1658 3380 postmodum
1679 3308 1715 3364 ad

56 3404 204 3476 tpostulat.
220 3404 319 3458 Comes
334 3403 430 3458 Saueti
455 3403 548 3473 Egidii
568 3403 722 3471 contiguus
742 3402 814 3471 loco,
869 3413 916 3455 eos
930 3398 1068 3471 aquibus
1087 3400 1164 3456 missi
1185 3400 1301 3456 fuerant
1323 3399 1448 3455 reditum
1469 3396 1615 3454 distulere.
1637 3394 1715 3462 Quo·
1791 3432 1797 3441 -

56 3491 281 3561 nepetebantur
294 3491 427 3558 existens,
443 3491 558 3561 signum
575 3493 721 3561 proprium
744 3491 814 3560 peti·
870 3486 936 3541 dam
948 3484 1025 3542 enim
1039 3486 1068 3541 in
1085 3488 1145 3543 loco
1160 3486 1456 3553 consecutiaTurcis,
1471 3485 1580 3555 quibus
1593 3484 1661 3554 equi
1679 3482 1715 3537 ad
1802 3530 1804 3536 .

56 3578 188 3649 ›xporrigi
210 3577 338 3634 celeriter
364 3579 490 3633 mandat.
512 3578 574 3642 Otto
596 3578 642 3634 ille
665 3578 817 3633 castrensis
870 3571 1090 3637 manumluera
1106 3574 1194 3645 elapsi
1208 3583 1284 3642 sunt,
1302 3572 1410 3644 quibus
1423 3572 1533 3643 procul,
1547 3579 1598 3628 aut
1611 3568 1717 3639 captivi

56 3675 97 3729 to.
126 3665 199 3722 turri
227 3665 362 3735 praefixit.
389 3666 424 3720 At
445 3665 636 3736 Longohardi,
653 3664 816 3720 ¹Bocmundi
871 3661 998 3729 abducti,
1010 3668 1062 3717 aut
1076 3661 1152 3718 lerro
1166 3662 1252 3717 tinem
1267 3661 1358 3717 sortiti
1372 3667 1449 3717 sunt.
1466 3660 1565 3716 Comes
1579 3659 1613 3715 de
1634 3658 1717 3715 blon-

56 3754 210 3809 somnium
228 3753 325 3808 aemuli
341 3754 473 3819 aliorum,
490 3752 581 3822 ipsius
595 3753 671 3808 enim
692 3751 817 3822 petroci·
871 3750 958 3814 tibus,
970 3749 1017 3805 oui
1031 3747 1191 3806 iniortnnio
1206 3750 1403 3816 succubuerit,
1420 3749 1516 3805 adhuc
1527 3748 1611 3804 nobis
1626 3745 1716 3802 mini-

56 3841 224 3908 ritehantur‚
255 3841 376 3910 principi
404 3841 489 3896 castri
518 3840 598 3897 illius
626 3839 815 3896 inclamitant.
873 3852 918 3894 me
931 3845 1040 3894 certum
1058 3845 1110 3893 est.
1131 3837 1213 3909 lingo
1235 3845 1330 3893 atttem
1345 3837 1475 3909 Magnus,
1490 3848 1581 3906 quare
1593 3832 1717 3891 reditum

56 3929 205 4000 asignnm,
235 3929 383 3998 inquiunt,
409 3942 466 3983 non
494 3936 537 3984 est
565 3928 732 3984 Bocmundi.
753 3948 764 3975 ι
783 3929 819 3983 m
871 3924 1258 3982 suumdetreetarevoluerit
1273 3925 1333 3980 haec
1347 3924 1496 3994 aliquibus
1508 3924 1624 3980 videtur
1638 3934 1718 3979 occa-

56 4018 118 4088 ujus
132 4024 203 4072 esset
217 4018 354 4087 rogitans,
378 4031 443 4071 cum
462 4015 615 4082 didicisset,
632 4015 701 4086 quia
723 4014 818 4071 Sancti
873 4014 924 4070 sio.
937 4013 1009 4069 Cum
1025 4020 1097 4069 esset
1117 4012 1188 4068 alias
1216 4013 1393 4070 strenuitatis
1417 4013 1571 4078 immensae,
1595 4011 1624 4065 in
1647 4023 1719 4079 pro-

56 4105 68 4159 i
92 4105 212 4172 comitis,
244 4105 376 4174 deposuit
400 4102 481 4170 illud,
507 4103 661 4174 comitique
684 4103 817 4172 restituit,
874 4101 1011 4158 curandis
1030 4109 1125 4158 tamen
1139 4102 1195 4169 his,
1211 4116 1276 4172 quae
1292 4101 1393 4159 usibus
1406 4101 1477 4157 tanti
1497 4099 1622 4156 hominis
1635 4096 1719 4153 sulti-

56 4207 120 4264 tque
140 4192 295 4248 Bocmundi
324 4200 352 4247 et
376 4199 500 4262 accepto,
519 4192 700 4248 securitatem
714 4191 819 4262 pariter
875 4191 979 4247 aientia
1000 4190 1197 4258 crederentur,
1213 4191 1309 4246 minus
1330 4205 1359 4246 se
1375 4189 1528 4246 sollicitum
1551 4186 1716 4254 exhibebat,

56 4281 93 4350 tit,
108 4288 141 4336 ot
159 4280 193 4335 de
204 4280 249 4336 his
263 4281 313 4350 qui
329 4280 359 4335 iu
370 4280 472 4351 oppido
494 4295 592 4336 secum
611 4289 703 4349 erant,
726 4281 749 4336 si
768 4280 818 4351 qui
873 4287 901 4335 et
929 4278 991 4334 ideo
1015 4278 1060 4333 vir
1082 4277 1279 4333 honestissime
1307 4277 1456 4345 delicatus,
1485 4276 1560 4333 inter
1586 4289 1644 4341 eos,
1668 4271 1720 4344 qui

56 4368 155 4425 elidet
167 4369 253 4438 jungi
276 4367 391 4437 vellent,
416 4368 555 4439 cumipse
582 4369 747 4425 boemundo
771 4382 817 4424 co·
873 4374 924 4422 aut
950 4367 1108 4423 tenaciores
1125 4373 1217 4432 erant,
1243 4374 1294 4422 aut
1321 4366 1350 4421 in
1370 4367 1415 4422 his
1430 4363 1633 4422 contrahendis
1646 4360 1719 4417 acri·

64 4457 231 4513 remanendi
247 4456 405 4525 haberent3
422 4456 467 4511 sin
479 4456 560 4524 alias,
577 4457 686 4526 absque
701 4456 759 4511 ullo
773 4456 818 4512 sui
873 4468 946 4524 ores,
963 4455 1072 4526 quibus
1088 4462 1139 4510 aut
1158 4452 1249 4525 major
1266 4462 1327 4510 crat
1346 4455 1392 4511 vel
1417 4455 1445 4509 in
1465 4453 1546 4509 nullo
1564 4449 1719 4516 secundus,

56 4556 100 4599 nm
139 4543 318 4599 incommodo
352 4544 526 4599 recederent.
556 4544 599 4598 Ad
624 4544 693 4612 iura
722 4542 820 4614 itaque
873 4556 957 4614 egere
972 4542 1099 4598 timebat.
1112 4540 1165 4597 Sed
1181 4541 1215 4597 de
1231 4542 1293 4613 ejus
1315 4542 1419 4605 reditu,
1434 4541 1511 4611 juste
1525 4552 1609 4594 nemo
1636 4534 1720 4606 queri

59 4630 131 4687 undi
155 4632 326 4687 concedente
345 4632 470 4697 castello,
491 4638 518 4687 et
539 4644 575 4685 ex
599 4628 768 4699 eiusollrcio
783 4630 819 4686 ad
873 4630 983 4697 debuit,
1000 4630 1050 4700 qui
1068 4629 1259 4700 postmodum,
1284 4630 1319 4685 ad
1335 4630 1389 4685 hoc
1414 4629 1487 4683 idem
1511 4624 1719 4696 postliminium

56 4719 70 4775 ti
91 4720 252 4776 custodiam
279 4720 446 4775 hominihus
476 4718 609 4784 inductis,
631 4725 694 4788 post
715 4730 821 4787 paucos
874 4719 990 4785 taciens,
1018 4716 1155 4788 martyris
1182 4723 1210 4772 et
1235 4716 1332 4787 optimi
1355 4727 1466 4785 semper
1485 4713 1583 4769 militis
1605 4711 1721 4768 nomine

56 4808 192 4878 baptisma
210 4809 333 4878 suscepit
363 4809 395 4876 is,
421 4807 472 4878 qui
496 4813 622 4862 castrum
647 4805 820 4876 reddiderat,
875 4805 1085 4877 insigniendus,
1100 4805 1246 4861 occubuit.

56 4909 81 4951 m
103 4909 136 4951 eo
162 4896 186 4951 si
207 4896 273 4966 quis
296 4896 457 4953 Christiano
471 4894 582 4951 nomini
609 4895 822 4951 communicare
911 4889 997 4963 [xvh]
1014 4898 1116 4963 Agant
1129 4890 1164 4945 de
1182 4887 1441 4945 Hlerosclimiluao
1450 4886 1562 4943 itinere.
1574 4917 1608 4927 -
1623 4885 1721 4940 Diver-

56 4993 125 5041 erat.
141 4986 169 5041 si
195 4985 246 5054 qui
268 4984 329 5039 suis
352 4985 460 5040 haerere
481 4983 591 5054 legibus
614 4982 777 5039 voluerunt.
793 4989 821 5039 et
874 4997 911 5037 sa
927 4980 1090 5036 Rcimuadi
1103 4978 1280 5035 incursiones
1294 4977 1326 5032 in
1343 4978 1457 5033 Tereos.
1472 5006 1506 5016 -
1519 4973 1648 5044 benique
1663 4987 1720 5029 non

56 5073 91 5129 ia
115 5087 202 5144 super
228 5073 278 5127 isto
304 5071 435 5128 libertate
458 5071 538 5140 potiti
568 5076 653 5137 sunt;
678 5077 705 5125 et
727 5083 822 5140 usque
875 5070 1051 5140 multopost,
1069 5076 1222 5125 tractatum
1238 5076 1280 5123 est
1304 5066 1447 5138 quomodo
1472 5062 1721 5133 hierosolymitani

57 5174 244 5218 macenorum
256 5167 372 5226 terram,
387 5159 478 5230 ipsius
486 5157 819 5226 Bocmundicomrneatu,
875 5157 994 5224 itineris,
1020 5171 1071 5228 pro
1087 5171 1144 5227 qno
1160 5163 1241 5211 tanta
1255 5154 1380 5210 tulerant
1399 5151 1517 5207 intentio
1529 5164 1722 5221 consequere-

56 5250 68 5304 i
85 5256 164 5306 sunt.
877 5254 925 5302 tur
940 5242 1084 5311 ellectum,
1100 5243 1234 5312 idemque
1249 5240 1381 5310 populus,
1398 5237 1449 5309 qui
1466 5239 1501 5293 ad
1517 5237 1546 5292 id
1557 5236 1722 5293 desideran-

56 5334 69 5410 l
87 5337 147 5394 iioc
163 5336 280 5405 bellum,
297 5344 401 5406 quarto
416 5334 478 5391 Kal.
494 5334 572 5397 initi,
591 5334 621 5389 in
639 5347 700 5390 snae
713 5332 821 5404 passio·
875 5330 984 5387 tissime
1010 5329 1166 5400 aspirabat,
1190 5327 1315 5399 qualiter
1339 5326 1453 5382 interim
1482 5331 1641 5396 regeretur,
1669 5325 1721 5380 do-

56 5425 134 5498 igilia
148 5426 250 5483 Petrus
262 5433 290 5482 et
305 5424 415 5482 Paulus
430 5432 560 5496 egerunt,
581 5424 645 5496 ejus
668 5422 749 5479 urbis
770 5421 823 5478 mi·
876 5432 929 5476 uec
951 5418 988 5476 ad
1008 5432 1067 5474 rem
1091 5425 1164 5474 esset
1178 5423 1307 5472 ventum.
1332 5413 1542 5484 Perpenderant
1557 5411 1642 5482 plane
1657 5425 1723 5482 pro·

81 5514 324 5581 condemnasset
352 5526 494 5570 novorum
516 5511 623 5569 civium
650 5510 739 5568 exitia
763 5524 821 5567 non
876 5522 963 5575 ceres,
991 5506 1063 5577 quia
1091 5507 1166 5562 inter
1193 5503 1320 5560 eundem
1350 5500 1443 5558 multa
1470 5501 1570 5559 aestivo
1596 5506 1724 5569 tempore
