3818 6008
75 241 133 295 est
618 242 665 300 bs
685 242 765 299 vira
780 242 851 300 sita
870 243 963 300 albiti
982 244 1082 301 ritas.
1096 245 1207 302 -atta
1227 246 1276 303 111.
1780 246 1832 311 058

75 373 238 444 plurimum
276 374 497 431 obtendebatur.
535 376 576 431 ad
612 375 686 433 Petri
713 391 782 449 ergo
807 377 928 435 coelestis
945 382 969 435 Α
984 391 1050 436 rum
1066 380 1183 437 domum
1201 396 1296 453 usqne
1323 383 1533 454 pervenisset
1557 384 1700 443 demones
1723 387 1832 445 lamulo

71 462 209 532 ianitoris
234 463 411 519 audientiam
429 464 550 534 quaestio
565 473 749 534 provocatur,
766 466 847 522 seda
875 466 930 522 Pe·
982 480 1034 521 sno
1048 469 1201 537 exsequias
1217 469 1393 526 celebrantes
1419 479 1527 527 tantam
1557 475 1632 529 aeris
1660 473 1776 530 turbam
1801 475 1831 530 in

75 560 123 606 tro
138 551 270 621 protinus
285 552 450 622 uniusmodi
472 554 615 609 contentio
631 555 665 609 ad
686 554 783 608 divina
808 568 859 610 ora
885 568 928 610 re·
982 568 1082 611 eorum
1098 555 1226 613 adventu
1238 559 1416 615 exsuscitant
1429 567 1462 616 ut
1477 561 1644 629 repentinus
1658 561 1744 618 turbo
1764 576 1832 619 curn

77 637 180 694 lentur.
198 639 238 695 lle
254 639 344 706 igitur
357 639 392 694 ad
408 653 474 695 eum
488 639 528 696 sic
542 640 644 707 delata,
673 639 740 696 dicit
766 641 928 697 Dominus:
982 656 1083 698 serena
1097 650 1190 700 essent
1204 644 1302 701 omnia
1317 645 1439 702 lcontem
1454 647 1567 714 domus,
1594 661 1682 718 quam
1710 648 1832 705 Ymber·

77 727 121 782 lte
142 726 178 781 ad
210 726 387 782 iiicbardnm
419 726 625 797 justiciarium,
654 734 682 782 et
709 741 761 798 pro
789 729 930 784 sententia
984 744 1049 801 gam
1075 731 1184 799 dicunt,
1207 747 1279 803 pene
1291 734 1478 802 subverteret,
1491 742 1519 790 et
1540 743 1647 804 partem
1676 735 1781 792 lectica
1801 736 1832 792 in

77 827 168 884 quam
184 814 282 871 tulerit
304 814 398 870 lacitc.
424 814 490 869 Fuit
517 823 614 871 autem
640 814 728 871 isdem
758 815 928 883 bichardus,
984 819 1076 875 modio
1092 821 1190 890 positae
1218 822 1390 878 sublevaret.
1406 824 1471 878 Haec
1485 823 1519 880 de
1540 824 1831 895 tattbnspaupernm

78 902 126 957 vir
156 917 268 958 summe
296 911 396 972 potens
421 903 449 957 in
477 905 597 958 terrenis
625 906 858 972 possessionibus,
881 904 929 961 sed
983 906 1445 965 corrosoribusdixissesulliciat.

78 990 171 1046 multo
186 990 328 1060 potentior
342 990 371 1045 in
387 991 463 1060 aeipni
477 991 608 1061 justique
629 991 785 1049 tenoribus.
1023 993 1180 1050 Venatores
1222 996 1369 1053 diabolum
1405 999 1467 1054 loco
1490 999 1560 1065 fera
1583 998 1712 1071 copiunt.
1752 998 1833 1056 Unde

115 1078 159 1134 Ad
178 1078 354 1135 lliclrardnm
374 1079 498 1141 venitur,
515 1091 603 1134 cansa
630 1079 762 1149 edicitur,
790 1082 931 1137 sententia
983 1081 1066 1134 lanto
1079 1080 1133 1136 itio
1155 1082 1187 1139 ia
1204 1085 1330 1156 ternpore
1354 1086 1513 1141 monam
1541 1089 1677 1158 potestas.
1693 1087 1831 1144 —Nemo

78 1166 255 1224 aiticbardo
270 1166 455 1235 depromitur.
474 1164 625 1233 Quoniam,
642 1167 747 1236 inquit,
767 1169 931 1239 sponsionis
983 1175 1080 1223 antem
1117 1168 1246 1239 miretur,
1282 1174 1360 1243 quod
1390 1175 1463 1231 idem
1497 1176 1617 1247 maligni
1649 1175 1768 1247 spiritus
1801 1176 1832 1232 in

79 1259 195 1308 tenetur
213 1266 291 1320 reus,
316 1251 478 1323 periurium
505 1251 623 1308 evidens
647 1253 802 1312 incurrisse
827 1256 929 1328 digno·
983 1253 1174 1325 ludificandis,
1196 1260 1584 1328 autlaedendislrominibus,
1619 1263 1673 1319 boc
1706 1271 1832 1334 tempore

78 1340 180 1405 scitur,
205 1354 258 1396 neo
283 1339 311 1395 in
335 1353 454 1396 causam
486 1341 595 1411 justam
636 1341 742 1399 habent
773 1342 928 1410 demones,
984 1341 1107 1399 multum
1124 1354 1258 1416 possunt3
1287 1348 1426 1405 nimirum
1447 1350 1518 1421 quia
1544 1364 1611 1421 quae
1635 1350 1753 1416 iaciunt,
1783 1350 1830 1407 be·

79 1429 216 1498 quamvis
246 1429 288 1485 eis
315 1428 439 1484 multum
451 1429 538 1499 justae
562 1429 686 1486 bominis
699 1430 817 1488 obvient
838 1431 930 1487 actio-
982 1428 1112 1497 stialiter,
1128 1440 1156 1488 et
1171 1446 1228 1488 non
1253 1433 1282 1489 in
1301 1435 1417 1492 nomine
1431 1437 1545 1493 Domini
1567 1437 1686 1494 iaciunt.
1708 1437 1787 1494 Unde
1800 1436 1831 1493 in

77 1531 144 1583 nes;
171 1517 220 1572 sed
246 1530 308 1573 mea
335 1531 372 1573 ex
399 1517 456 1572 [ico
483 1531 607 1573 censura
629 1518 781 1574 denuntiat
807 1526 839 1576 ut
868 1519 930 1575 liaec
984 1531 1058 1588 pago
1072 1519 1231 1577 vilcassino
1243 1536 1300 1578 non
1314 1531 1380 1579 anm
1397 1526 1500 1581 multos
1516 1538 1608 1582 annos
1629 1526 1737 1582 lactum
1751 1538 1832 1581 com·

77 1605 286 1661 emendaturus
303 1604 491 1661 adsecutum
505 1604 599 1660 redire
624 1606 734 1661 debeat⁴
751 1606 795 1662 ad
809 1620 929 1677 superos
984 1605 1120 1674 perimus,
1146 1608 1216 1676 quia
1230 1609 1337 1666 scilicet
1364 1612 1515 1682 cujusdam
1540 1613 1575 1669 de
1598 1611 1649 1667 loci
1667 1611 1833 1682 proceribus

78 1692 239 1762 itaqueille
270 1693 389 1763 pridem,
411 1692 500 1748 luuus
518 1706 677 1764 emergens,
703 1694 835 1750 abbatem
860 1708 927 1751 evo·
947 1681 1113 1748 Bbominos
1147 1693 1251 1752 alicubi
1285 1697 1340 1752 snb
1369 1698 1468 1754 eadem
1493 1698 1609 1770 reginam
1638 1697 1830 1754 venabantur.

79 1781 219 1852 cet,quid
234 1781 337 1837 viderit
354 1780 482 1837 insinuat
496 1786 585 1845 ευ.
619 1782 735 1853 culpam
762 1783 930 1840 desertionis
984 1779 1129 1835 taxonem
1157 1794 1226 1853 ergo
1250 1784 1323 1840 male
1349 1782 1482 1856 fugacem
1507 1801 1602 1843 caveae
1642 1785 1831 1855 intrudentes,

78 1882 113 1926 so
138 1869 255 1940 perjurii
276 1869 388 1939 publice
421 1869 523 1937 lassus,
548 1870 582 1925 ad
611 1871 764 1940 pristinum
786 1878 929 1928 monaste·
984 1866 1039 1921 imo
1054 1880 1121 1922 cum
1137 1867 1295 1926 daemonem
1312 1871 1504 1941 intrusissent,
1521 1873 1672 1930 intrusisse
1686 1880 1830 1942 putantes,

79 1956 156 2012 rium
181 1956 344 2023 revertitur,
374 1956 455 2013 Unde
488 1957 599 2013 noverit
620 1958 715 2013 omnis
735 1959 788 2028 qni
815 1960 928 2029 uspiam
982 1967 1065 2009 sacco
1087 1956 1247 2025 excipiunt.
1263 1957 1352 2024 Quem
1369 1972 1483 2016 summa
1496 1960 1524 2016 vi
1555 1960 1833 2017 indeeximenteaet

80 2045 325 2114 quocunquesub
344 2045 393 2100 Dei
414 2046 530 2100 nomine
550 2058 580 2100 se
604 2058 773 2102 mansurum
790 2045 929 2103 stabiliter
982 2043 1149 2113 piusquam
1163 2045 1269 2102 animal
1283 2047 1354 2103 illud
1371 2048 1487 2117 patitur,
1501 2048 1694 2118 ponderosum
1709 2048 1832 2104 sentien-

80 2130 242 2201 profitetur,
271 2131 403 2189 observet
426 2147 492 2204 quas
516 2134 571 2189 beo
596 2134 744 2190 etsanctis
768 2133 927 2204 pollicetur,
982 2139 1114 2196 tuscum
1140 2139 1285 2202 asportare
1311 2141 1393 2191 noete
1410 2135 1471 2206 jam
1500 2137 1642 2193 incidente
1669 2136 1830 2208 coepissent,

80 2219 257 2289 quialooum
282 2228 395 2277 mutare
417 2234 475 2276 non
492 2221 585 2287 debet,
609 2222 666 2278 nisi
683 2222 720 2279 ab
741 2222 777 2279 iis
798 2223 850 2294 qui
873 2222 927 2279 sibi
981 2229 1256 2277 cccevoxamonte
1270 2222 1405 2294 contiguo
1419 2237 1470 2294 per
1493 2225 1614 2282 mediam
1631 2224 1733 2282 silvam
1760 2224 1829 2281 ruit.

79 2315 287 2377 nonpraesnnt,
304 2310 478 2381 meleagere
496 2309 697 2379 compellatur.
982 2306 1095 2373 Audite
1120 2309 1224 2380 inquit,
1258 2311 1365 2369 audite.
1400 2312 1533 2383 Cumque
1571 2313 1742 2370 altrinsecus
1768 2319 1832 2382 post

115 2397 273 2451 fenerator
285 2399 421 2452 simum
439 2396 539 2468 periit.
550 2396 735 2466 -Quoniam
751 2399 786 2456 de
800 2400 929 2471 qualita—
982 2396 1059 2466 ipsos
1074 2397 1205 2469 plurime
1219 2399 1443 2457 succlamassent
1457 2415 1550 2467 voces,
1566 2399 1636 2471 qnid
1656 2399 1754 2457 ittndr
1772 2402 1829 2455 vox

78 2484 157 2543 tibus
171 2485 354 2541 morientium
370 2484 449 2556 loqui
472 2485 624 2556 aliquoties
639 2486 707 2544 utile
720 2495 773 2557 est,
794 2488 929 2546 bauduni
982 2484 1078 2540 denuo
1092 2485 1197 2542 intulit.
1234 2487 1386 2556 caducam,
1414 2488 1519 2559 inquit,
1535 2489 1612 2544 buno
1636 2494 1761 2558 portant.
1776 2486 1831 2555 Qul

78 2572 297 2644 homoquidam
323 2573 473 2629 tenoribus
498 2574 692 2647 undecunque
715 2576 829 2634 deditas
855 2585 927 2646 crat,
982 2572 1101 2629 forsitan
1131 2574 1172 2630 sic
1196 2581 1224 2630 et
1241 2575 1340 2630 merito
1361 2576 1528 2645 vocabatur,
1548 2585 1575 2632 et
1596 2576 1701 2632 multos
1729 2575 1831 2632 cadere

77 2664 164 2732 culus
186 2661 251 2717 linis
266 2661 385 2733 dignam
411 2675 479 2718 cum
495 2662 584 2718 exitio
612 2662 701 2719 vitam
730 2664 822 2736 egisse
848 2680 928 2721 mon·
982 2663 1056 2719 lecit.
1077 2651 1140 2730 Quo
1166 2663 1241 2720 dicto
1263 2663 1557 2720 induitaadaemonum
1573 2663 1831 2734 copiseundocun-

77 2757 160 2806 strat.
183 2749 255 2805 llam
281 2749 310 2804 in
339 2748 475 2805 extremis
504 2762 604 2819 agens,
624 2764 724 2806 cuma
752 2752 930 2822 paupercuia
982 2764 1040 2821 que
1066 2749 1148 2821 quasi
1172 2751 1207 2805 ad
1222 2751 1384 2807 eruendum
1399 2758 1545 2821 proruunt
1565 2751 1595 2807 in
1608 2759 1765 2808 tantumut
1781 2764 1831 2806 ne·

77 2837 218 2908 quadam,
230 2838 375 2906 persoluto
395 2837 457 2907 iam
483 2836 587 2904 debito,
613 2851 720 2895 usuras
742 2842 929 2911 saligenstat
983 2851 1048 2894 urus
1063 2837 1229 2893 universum
1254 2851 1289 2893 en
1306 2837 1467 2907 frequentia
1493 2838 1578 2894 obrui
1590 2837 1747 2894 videretur.
1761 2836 1831 2893 bia-

79 2925 209 2982 illaeum
238 2939 287 2996 per
303 2926 497 2981 imminentem
514 2924 567 2981 sibi
591 2926 701 2982 exitum
725 2927 879 2997 obtestans,
895 2935 928 2986 ut
983 2924 1047 2981 bolo
1072 2936 1151 2994 ergo,
1176 2939 1263 2994 quem
1289 2924 1428 2992 latebant,
1459 2939 1516 2982 nou
1555 2933 1660 2981 taxone
1695 2924 1833 2996 projectet

41 3063 45 3070 .
77 3011 244 3080 remitteret,
261 3011 436 3081 imploraret,
453 3012 530 3082 qnod
546 3012 592 3068 ille
620 3015 845 3083 pertinacissimo
872 3017 927 3072 ab·
982 3024 1054 3082 pene
1068 3017 1196 3068 amentes
1222 3011 1314 3069 eflecti
1334 3013 1432 3085 lugam
1449 3014 1558 3071 ineunt.
1578 3013 1632 3083 Qui
1650 3014 1770 3070 domum
1784 3026 1831 3069 ve·

78 3107 206 3172 negaret,
230 3099 277 3155 illa
304 3102 334 3155 in
356 3106 434 3156 arcto
460 3100 552 3170 posita
572 3101 715 3171 quidquid
733 3110 795 3159 erat
820 3102 928 3162 lcnoris
981 3101 1257 3166 nienles‚1tecm0ra
1270 3102 1408 3171 temporis
1422 3102 1528 3158 mortui
1543 3109 1620 3158 sunt.

77 3195 228 3258 acceptum
252 3195 364 3255 mutuo,
379 3195 483 3257 pretor
497 3202 590 3244 unum
608 3189 772 3256 denarium,
796 3205 928 3264 compor-
1017 3187 1050 3243 lu
1080 3188 1140 3258 ipsa
1166 3188 1314 3258 provincia
1338 3190 1464 3245 rusticus
1482 3189 1601 3260 qnidam
1616 3201 1702 3245 crure
1716 3189 1829 3257 intecto,

77 3277 161 3334 tavit.
185 3275 317 3347 Cumque
332 3284 361 3332 ct
388 3275 481 3332 solum
506 3275 589 3333 illum
612 3279 716 3336 remitti
732 3278 787 3335 sibi
811 3287 925 3350 peteret,
982 3276 1103 3347 pedibus
1126 3277 1223 3345 nudis,
1243 3292 1329 3348 super
1341 3277 1470 3334 durninis
1483 3278 1669 3349 crepidinem,
1681 3276 1751 3333 dum
1766 3291 1782 3332 e
1795 3275 1832 3332 la·

74 3367 158 3438 jurat
177 3365 347 3435 neutiquam
363 3378 393 3421 se
421 3364 469 3420 ille
497 3364 653 3421 iacturum.
683 3365 756 3433 Quid
780 3371 928 3425 remorer?
982 3365 1050 3422 bore
1072 3365 1187 3434 rediret,
1203 3374 1333 3421 extrema
1360 3379 1414 3422 sua
1427 3365 1580 3421 lavaturus
1594 3364 1718 3421 sabbato
1732 3376 1830 3435 vespe·

76 3451 215 3520 Quaesivit
231 3452 381 3523 illaquam
397 3452 553 3508 vixvaluit
580 3452 705 3522 reperire
723 3455 884 3519 denarium,
900 3465 928 3514 et
980 3461 1110 3510 nascente
1134 3453 1291 3510 desederat.
1325 3455 1390 3510 Mox
1410 3455 1447 3510 ab
1472 3454 1529 3510 imo
1556 3467 1641 3523 aquas
1668 3453 1771 3522 ipsius,
1801 3453 1830 3507 in

76 3542 110 3596 in
124 3541 226 3597 ultimo
250 3541 347 3597 caruis
360 3540 538 3611 spiritusque
554 3540 687 3613 confligio
707 3544 768 3613 jam
795 3545 927 3602 stridenti
981 3555 1041 3612 qua
1059 3535 1187 3598 diluebat
1201 3541 1331 3615 vestigia,
1358 3542 1492 3598 diabolus
1519 3542 1583 3611 ejus
1600 3540 1721 3610 pedibus
1753 3541 1832 3596 inne·

76 3629 175 3686 inlert.
192 3629 254 3696 Quo
270 3630 330 3699 ipse
356 3629 482 3686 moriens
497 3636 611 3699 sumpto
639 3628 694 3685 sibi
717 3629 746 3686 in
769 3634 926 3702 esposuit,
982 3631 1056 3686 xuit.
1072 3630 1205 3701 Cumque
1229 3632 1356 3686 rusticus
1375 3644 1405 3686 ae
1430 3630 1552 3700 ligatum
1566 3628 1831 3686 sentiensavicinis

74 3717 249 3788 quemdum
271 3716 354 3787 qnasi
377 3717 515 3774 viaticum
541 3716 718 3788 deglutisset,
738 3720 865 3775 animam
880 3735 928 3777 cx·
981 3717 1157 3788 adiutorium
1186 3718 1366 3775 inclamasset
1376 3727 1404 3775 et
1418 3719 1454 3774 ad
1474 3718 1591 3774 domum
1610 3718 1751 3787 propriam
1780 3716 1829 3772 de·

74 3804 194 3873 balavit,
214 3813 242 3862 et
270 3806 306 3861 ad
325 3805 473 3863 diabolum
497 3805 552 3862 sub
584 3805 634 3862 tall
654 3813 748 3864 tutore
781 3809 925 3880 migravit,
981 3805 1223 3863 latuslnissetab
1251 3808 1303 3872 eis,
1322 3814 1471 3877 coeperunt
1486 3806 1557 3862 rude
1573 3805 1723 3862 bominum
1738 3816 1831 3876 genus

75 3892 155 3950 unde
168 3901 195 3949 ct
208 3906 226 3949 a
238 3894 328 3950 saeris
338 3892 407 3950 locis
417 3893 516 3951 merito
529 3895 651 3951 extorris
663 3895 765 3965 jacuit.
981 3895 1058 3950 omni
1076 3894 1198 3950 artillcio
1226 3908 1320 3966 agere,
1346 3895 1368 3950 si
1385 3894 1528 3964 quomodo
1543 3894 1670 3949 valerent
1681 3891 1832 3962 compedes

115 3982 609 4050 Attertositidemseaerotorisonimo
620 3983 926 4039 moddardamootlas.
982 3987 1082 4037 terem.
1097 3979 1152 4049 Qui
1180 3995 1250 4052 ergo
1278 3983 1354 4037 eirca
1370 3982 1449 4037 bunc
1464 3980 1592 4037 inutilem
1608 3978 1832 4036 circuitumelu·

76 4069 209 4140 -apud
224 4070 464 4142 attrebatesqnid
487 4070 622 4127 acciderit
635 4084 723 4141 super
738 4071 828 4143 liujus
840 4072 929 4128 moris
980 4077 1090 4125 etentes
1115 4069 1187 4125 nibil
1212 4069 1352 4137 alliciunt,
1380 4084 1450 4126 suos
1464 4069 1574 4140 quique
1591 4069 1674 4126 nisus
1696 4067 1830 4125 eludunt.

79 4157 373 4214 bomiueattexam.ls
383 4171 615 4215 crumenassuas
624 4157 755 4228 turpibus
765 4159 849 4230 longo
863 4168 928 4215 tem·
981 4157 1148 4228 spiritualia
1180 4160 1257 4215 enim
1289 4158 1490 4229 spiritualibus
1527 4157 1723 4228 comparanda
1750 4161 1829 4212 suut.

78 4259 150 4317 pora
163 4246 326 4304 infercierat
340 4249 437 4304 lucris.
452 4248 579 4304 'landem
602 4248 782 4304 metallorum
800 4248 927 4318 plurium
946 4246 1108 4306 blandem
1122 4253 1184 4317 post
1208 4247 1487 4304 rotatusdiutnrnos
1506 4246 1591 4302 bomo
1618 4259 1649 4302 se
1682 4245 1757 4300 inter
1783 4256 1833 4300 eos

79 4333 229 4391 montibus
248 4335 413 4403 cumulatis,
429 4349 579 4405 supremas
592 4336 685 4407 attigit
699 4336 794 4393 boras
810 4336 847 4392 Et
865 4350 930 4392 ecoe
984 4332 1154 4404 peregrinus
1181 4333 1346 4402 immiscuit,
1378 4333 1414 4388 ad
1445 4332 1637 4403 compeditum
1670 4330 1739 4401 ipsis
1771 4342 1832 4399 spe

80 4422 112 4478 in
137 4421 262 4479 bominis
289 4424 381 4494 specie
395 4424 528 4481 diabolus
541 4424 667 4493 advenit,
695 4424 796 4480 bovem
811 4424 929 4497 nigrum
981 4421 1128 4478 stantibus
1154 4434 1216 4477 sese
1236 4418 1387 4490 proripuit,
1413 4427 1441 4476 et
1469 4419 1499 4475 in
1529 4426 1674 4474 momento
1704 4415 1830 4472 resolvit.

79 4523 142 4580 pree
164 4512 334 4568 seducens.
357 4511 412 4579 Qui
436 4512 583 4569 morientis
606 4511 710 4570 lectulo
731 4519 850 4568 astans:
873 4513 929 4568 ilo-
982 4507 1045 4575 Quo
1066 4507 1140 4564 lacto
1153 4508 1285 4577 expedite
1312 4507 1436 4573 recessit,
1455 4521 1506 4563 neo
1520 4505 1588 4576 quis
1609 4513 1682 4561 esset
1709 4503 1831 4559 interro·

76 4599 187 4665 minus,
204 4600 309 4671 iuquit,
329 4614 410 4657 meus
439 4601 519 4657 branc
544 4601 596 4657 tibi
625 4601 728 4657 bovem
752 4600 848 4656 mittit.
876 4599 928 4655 Cui
982 4609 1051 4666 gare
1080 4595 1168 4652 licuit.
1199 4595 1345 4652 {tremonia
1370 4602 1466 4651 autem
1491 4592 1644 4648 mulierum
1669 4593 1833 4655 amores,et

76 4700 157 4758 aeger
172 4701 180 4741 :
194 4686 341 4754 Gratulor,
354 4689 405 4756 ait,
420 4688 536 4744 domino
548 4701 613 4744 meo
629 4701 682 4757 pro
696 4701 826 4744 munere.
842 4687 927 4755 Vade,
983 4684 1058 4753 ipsos
1086 4684 1173 4739 etiam
1200 4683 1370 4739 concubitus
1397 4679 1561 4738 aueonntta
1587 4678 1697 4749 ubique
1721 4675 1832 4733 suatim

76 4774 175 4845 inquit
194 4776 230 4830 ad
252 4788 374 4831 uxorem
390 4789 483 4843 suam,
509 4783 537 4831 et
554 4774 664 4831 bomini
679 4775 731 4845 qui
759 4774 860 4832 bovem
884 4775 930 4830 ad·
981 4772 1173 4838 celebrantur,
1202 4776 1230 4827 et
1244 4771 1298 4827 nisi
1327 4771 1456 4841 puderet,
1472 4781 1489 4823 a
1505 4767 1587 4823 nobis
1604 4766 1730 4836 plurima
1752 4765 1832 4821 dice-

75 4863 278 4933 duxitappara
292 4863 514 4935 quodcomedat,
532 4863 632 4920 bovem
648 4870 743 4919 summ
761 4863 927 4931 intromitte,
982 4868 1094 4915 rentur.
1110 4857 1183 4915 Sunt
1211 4872 1328 4929 quoque
1339 4857 1472 4927 quedam
1489 4855 1517 4911 in
1533 4855 1671 4925 nequitiis
1694 4852 1832 4924 indigen·

73 4957 103 5007 et
123 4950 194 5007 beue
214 4965 340 5008 asserva.
356 4952 445 5018 Dixit,
473 4950 926 5021 etextemptoeruam.1msum
981 4947 1025 5004 dis
1040 4946 1158 5013 atrocia,
1175 4945 1275 5017 aliqua
1287 4958 1355 5001 seco
1370 4944 1438 5000 solis
1460 4951 1595 5001 contenta
1613 4940 1755 4999 ludibriis.
1777 4937 1832 4997 Sed

74 5045 173 5095 tamen
186 5039 272 5096 bomo
285 5047 426 5111 tanquam
439 5053 631 5103 comessurus,
648 5037 817 5109 inquiritur,
844 5038 927 5094 bovi-
978 5036 1086 5107 stylum
1098 5033 1159 5105 iam
1176 5033 1213 5089 ad
1229 5034 1338 5090 latiora
1352 5039 1510 5088 verumne.

74 5140 133 5198 qne
148 5126 448 5197 pabuladelernutur,
463 5128 512 5185 sed
526 5134 627 5185 neuter
640 5126 792 5197 reperitur.
808 5126 926 5183 Factum

73 5230 144 5287 ergo
158 5216 255 5272 cuncti
279 5216 424 5273 mirantur
436 5225 465 5274 et
485 5218 611 5283 borroni,
627 5230 680 5272 noc
695 5214 762 5271 boui
777 5213 927 5284 quidpiam
1305 5174 1422 5233 CAPUT
1441 5174 1506 5232 xx·

76 5302 149 5359 tales
166 5316 322 5361 munerum
352 5304 500 5361 missiones
520 5303 689 5374 portendere
715 5309 842 5358 censent.
870 5301 927 5377 i'u7
1016 5301 1114 5357 Abdus
1125 5315 1232 5373 corpus
1246 5300 1277 5356 S.
1296 5300 1426 5356 Emensis·
1439 5296 1605 5354 mmositots
1625 5295 1833 5368 ducissime·-

77 5405 145 5447 nere
160 5399 305 5462 apparato,
323 5401 350 5448 et
368 5404 486 5461 corpore
500 5392 529 5447 in
557 5390 668 5448 libitina
684 5389 784 5455 locato,
811 5403 927 5460 proces·
978 5389 1067 5457 meae,
1082 5407 1221 5446 manuum
1234 5387 1429 5445 contractione
1446 5388 1615 5459 corripitur.
1630 5417 1664 5428 -
1679 5387 1762 5456 apuu
1777 5390 1823 5445 An

77 5478 119 5537 sio
141 5479 313 5538 clericorum
332 5487 469 5538 musneta
493 5478 615 5537 mortuis
640 5478 735 5537 oldoia
753 5477 924 5553 prebituro-
980 5478 1044 5552 glos
1055 5478 1239 5540 beatisimae
1252 5484 1363 5547 martyr
1375 5475 1566 5538 Eedmundus
1578 5489 1642 5546 rex,
1656 5482 1731 5533 ucat
1744 5488 1837 5549 quon·
