3818 6008
448 232 496 290 bu
517 232 729 291 predonibus
748 231 969 329 sanctorium
985 265 1018 274 -
1034 233 1097 290 ctu.
1119 234 1166 290 lll.
1633 237 1688 292 650

56 374 165 423 ,nemo
187 375 292 430 carpus
321 361 400 417 aliud
429 363 481 419 rite
508 358 693 420 intellexisset
721 363 776 420 uisi
795 368 819 420 Α
835 378 911 421 xero.
938 364 1102 421 Paracletus
1123 378 1193 436 ergo
1219 378 1277 421 non
1301 363 1447 421 renituisi
1470 365 1523 421 ista
1538 365 1688 436 subtrabi-

55 463 102 505 mc
121 447 215 505 luerat
238 464 304 505 cum
332 449 386 506 ista
411 449 539 516 dixisset,
563 450 620 507 imo
645 452 720 508 inter
733 467 785 509 cae·
840 459 896 521 tur,
912 455 996 523 quasi
1010 454 1065 509 uisi
1086 453 1230 524 quidquid
1249 467 1420 523 corporeum
1441 452 1528 523 ipsius
1543 461 1585 510 est
1600 468 1618 509 a
1633 469 1690 510 me

56 535 186 593 edixisse
209 538 356 606 recolitur,
373 552 431 593 nou
455 538 534 595 sede
551 540 695 610 genimine
717 539 784 596 vitis
838 541 930 597 moria
960 541 1124 613 abrogetur,
1155 542 1191 597 ad
1216 541 1427 611 contemplandi
1458 542 1574 598 animus
1604 542 1688 599 iidem

55 638 94 681 im
113 625 203 681 donec
217 625 288 682 illud
306 626 334 681 in
354 641 445 697 regno
459 641 513 684 suo
532 642 597 684 cum
615 627 722 685 eisdem
738 628 784 685 bi·
838 629 1006 687 nullatenus
1019 630 1197 687 sublevatur.
1212 629 1352 700 Superius
1368 629 1478 686 dictum
1490 636 1542 698 est,
1558 630 1636 702 quod
1651 631 1688 687 ad

56 713 167 770 leretur
189 714 292 783 (Marc.
319 729 377 783 xiv,
394 717 451 785 25),
479 715 556 785 quod
578 730 701 787 reguum
726 731 784 772 uon
838 717 1072 776 exercitationem
1092 718 1158 775 lldei
1179 726 1294 787 uestrae,
1314 717 1499 790 aprincipali
1518 732 1638 791 corpore
1652 719 1689 776 ad

56 815 118 859 eam
141 803 216 872 passi
233 802 293 872 jam
314 803 441 873 corporis
457 803 622 861 claritlcatio
637 812 688 862 est.
705 805 785 862 Unde
839 806 991 877 mysticum
1016 806 1156 864 Dominus
1178 815 1274 864 noster
1296 822 1349 864 nos
1372 807 1464 864 voluit
1480 807 1640 874 traducere,
1661 816 1690 865 et

64 888 187 961 Spiritus
210 890 340 946 nondum
368 891 461 948 luerat
488 892 583 960 datus,
608 893 678 964 quia
702 893 785 950 lesus
838 894 943 952 exinde
967 896 1052 967 quasi
1070 895 1245 967 quibusdam
1262 895 1402 968 gradibus
1421 897 1458 952 ad
1473 895 1578 952 divinae
1592 896 1688 954 subti-

55 994 64 1034 ι
86 977 180 1035 luerat
201 979 375 1036 claritlcatus
400 980 496 1047 (doen.
511 995 560 1050 vn,
585 981 641 1052 39.)
660 980 785 1048 »Qualis
839 982 926 1040 litatis
940 984 1156 1057 intelligentiam
1170 985 1297 1042 erudire.

56 1082 88 1123 uc
101 1075 163 1123 erat
182 1081 247 1123 cum
271 1067 339 1123 talia
359 1066 502 1124 ediceret:
521 1091 532 1118 ι
551 1068 604 1134 Qui
630 1069 785 1126 manducat
874 1071 962 1138 Quasi
976 1087 1045 1144 ergo
1062 1073 1096 1129 de
1117 1073 1286 1130 extrinsecae
1299 1072 1417 1130 visionis
1438 1072 1628 1130 crassitudine
1652 1072 1689 1129 ad

80 1169 183 1218 meam,
213 1163 241 1211 et
266 1155 337 1213 bibit
364 1156 535 1227 sanguinem
563 1171 659 1214 meum
687 1157 716 1214 in
741 1173 786 1215 uie
839 1160 1055 1232 imaginationis
1076 1161 1236 1218 tenuiorem
1271 1159 1441 1229 contuitum,
1467 1162 1543 1219 acsi
1569 1162 1603 1218 de
1624 1175 1690 1217 cau-

56 1244 154 1311 lJocn.
180 1258 219 1311 vr,
233 1245 288 1315 57),
315 1266 329 1293 e
356 1252 406 1300 et:
434 1243 516 1311 «Qui
546 1245 703 1302 manducat
728 1260 783 1315 me,
838 1247 913 1304 nabo
927 1248 1068 1307 subduxit
1083 1249 1119 1305 ad
1142 1249 1245 1317 linum,
1267 1249 1337 1306 dum
1356 1249 1390 1306 de
1414 1250 1507 1320 specie
1523 1264 1576 1306 sua
1590 1263 1688 1320 corpo

56 1339 144 1402 roptcr
172 1346 217 1388 me
241 1331 342 1402 (loia,
370 1331 450 1401 58),2
479 1333 535 1389 tale
559 1333 725 1391 existimant
746 1333 786 1405 ip
839 1336 892 1393 rali
913 1337 1147 1408 adagnitionem
1172 1337 1261 1408 bujus
1284 1342 1359 1392 ³5⁰
1385 1337 1512 1408 mysterii
1546 1351 1597 1393 uos
1621 1350 1689 1406 pro·

56 1420 110 1478 uod
125 1420 242 1477 vitalem
258 1435 295 1476 ex
311 1420 395 1476 altari
409 1435 491 1477 esum
505 1422 623 1492 prebet.
839 1425 941 1495 movit,
964 1434 996 1483 ut
1023 1426 1057 1483 de
1080 1426 1222 1483 tractabili
1250 1425 1433 1483 carnulentia
1456 1426 1691 1497 resipiscentibus

56 1522 133 1565 cassa
156 1509 191 1565 de
214 1509 281 1565 lesu
312 1510 419 1566 mortui
448 1509 636 1567 similitudine
665 1511 785 1582 quaestio
839 1514 962 1571 alterum
990 1515 1130 1586 quiddam
1153 1514 1301 1586 pollicens,
1326 1513 1383 1571 imo
1397 1515 1558 1582 continens,
1583 1514 1692 1584 species

56 1598 135 1669 aqui
150 1605 283 1655 mortuus
305 1606 357 1666 est,
379 1598 407 1654 iu
428 1612 481 1654 sua
506 1599 596 1668 ipsius
615 1607 705 1656 morte
727 1613 784 1656 uon
806 1602 1028 1696 Bellingerctur
1043 1603 1144 1661 altera.
1169 1604 1244 1660 lium
1269 1603 1347 1660 euim
1368 1603 1460 1670 rudis,
1481 1611 1508 1660 et
1529 1603 1690 1659 termarum

56 1700 117 1743 uam
136 1685 184 1743 liei
205 1685 295 1742 Filius
308 1694 359 1742 est.
372 1685 512 1750 Quieuim
529 1688 565 1744 ab
580 1687 785 1759 origiuemuu·
840 1690 1060 1764 allegoricarum
1086 1692 1195 1749 inscius
1214 1690 1360 1763 quispiam
1382 1691 1439 1747 duo
1457 1691 1507 1747 illa
1521 1690 1690 1758 materialia,

56 1788 154 1846 squam
180 1775 373 1845 temporaliter
401 1783 578 1844 nasceretur,
605 1777 716 1833 occisus
742 1777 785 1833 di·
840 1794 944 1850 panem
963 1795 997 1837 ac
1010 1780 1113 1837 riuum
1126 1779 1241 1846 scilicet,
1258 1779 1289 1836 in
1304 1780 1388 1835 altari
1408 1779 1552 1849 proposita
1569 1787 1692 1835 coutem-

56 1868 70 1918 t
84 1875 230 1933 quaecum
254 1863 387 1933 patribus
404 1871 468 1920 acta
490 1871 559 1920 suut
572 1863 663 1937 egisse
678 1864 785 1936 legitur
840 1867 947 1938 piatur,
962 1874 990 1924 et
1012 1867 1041 1923 iu
1067 1866 1102 1923 iis
1127 1880 1233 1936 corpus
1252 1868 1320 1922 lesu
1340 1879 1374 1922 ac
1397 1867 1570 1936 sanguinem
1585 1865 1693 1923 sentire

56 1963 112 2018 xm,
129 1949 167 2016 ct,
180 1949 264 2018 sicut,
292 1958 323 2007 ut
339 1952 378 2007 ita
396 1951 509 2021 loquar,
527 1961 682 2024 autequam
702 1961 784 2020 esset,
839 1956 966 2023 docetur,
982 1956 1018 2011 ad
1037 1962 1179 2026 quautam
1204 1962 1340 2026 putamus
1355 1968 1498 2011 summam
1513 1954 1625 2026 ,divinae
1640 1969 1690 2012 cu·

76 2046 209 2094 mortuus
230 2053 342 2110 semper
362 2039 497 2110 idipsum
510 2041 588 2111 quod
610 2041 696 2097 vivus
720 2041 783 2107 luit,
840 2043 974 2101 rialitatis
987 2043 1143 2100 educitur?

60 2125 80 2182 il
105 2126 179 2183 iuter
200 2128 345 2185 viventem
368 2137 396 2185 et
419 2137 567 2186 mortuum
587 2129 709 2186 discerni
734 2130 785 2186 dc·
875 2130 957 2199 Quod
975 2132 1000 2188 si
1024 2131 1078 2187 hoc
1100 2138 1157 2187 tam
1171 2144 1323 2201 operosum
1346 2128 1407 2186 lieri
1430 2129 1578 2186 mandavit
1599 2129 1686 2196 Deus,

56 2229 88 2273 se
104 2216 183 2284 apud
198 2215 302 2273 ludam
318 2217 479 2287 apostolum
496 2218 622 2275 meando
646 2218 785 2288 populum
839 2220 880 2278 sic
897 2228 993 2277 tamea
1013 2227 1045 2276 ut
1060 2218 1146 2289 primi
1163 2226 1243 2289 parte
1257 2218 1385 2289 corporis
1405 2232 1462 2276 uon
1478 2225 1587 2274 careret
1601 2232 1690 2275 muu-

59 2311 107 2375 pto
122 2303 219 2361 eduxit
244 2305 316 2374 (tud.
340 2304 381 2375 vl.
399 2304 432 2361 lit
453 2306 561 2362 Paulus
577 2305 730 2367 ,Christum
754 2304 785 2360 iu
840 2310 904 2372 des,
933 2322 1003 2381 ergo
1032 2307 1088 2365 tria
1115 2320 1236 2378 corpora
1260 2306 1346 2362 babet
1369 2307 1456 2362 Deus.
1488 2305 1551 2362 Erit
1581 2306 1689 2376 itaque,

72 2392 110 2449 ab
133 2393 268 2449 israelitis
291 2401 432 2450 tentatum
457 2393 525 2450 dicit
549 2394 580 2464 (l
606 2395 669 2452 Gor.
694 2409 723 2458 x,
747 2393 784 2464 9).
841 2399 944 2470 primo,
976 2404 1147 2466 conceptum
1178 2409 1283 2465 eorpus
1312 2409 1349 2452 ex
1382 2395 1511 2466 Virgin03
1552 2395 1689 2461 secundo,

56 2495 68 2537 a
91 2490 189 2538 autem
213 2482 311 2538 eadem
336 2497 387 2553 per
411 2482 606 2539 omnimodam
630 2481 787 2538 divinitatis
840 2487 912 2544 illud
923 2486 1001 2558 quod
1014 2485 1069 2542 sub
1083 2484 1177 2556 ligura
1191 2483 1290 2557 agitur
1303 2484 1332 2540 in
1349 2497 1422 2552 pane
1431 2490 1459 2539 et
1472 2482 1577 2550 calice3
1594 2483 1688 2551 tertio,

56 2569 118 2625 iam
144 2569 296 2638 vivificari,
322 2570 367 2626 sin
393 2570 466 2626 elias
494 2570 595 2626 saltem
626 2570 787 2627 sacrativus
840 2576 917 2651 qnod
938 2573 1120 2644 impassibile,
1149 2573 1204 2628 imo
1226 2571 1419 2643 glorificatum
1440 2571 1499 2641 jam
1515 2569 1621 2627 assidet
1635 2584 1690 2641 pa-

56 2671 104 2713 ron
118 2658 265 2715 evidenter
279 2658 413 2716 ostendit.
439 2659 657 2727 «sanctificas,
678 2658 784 2730 inquit,
840 2672 929 2721 ternae
946 2662 1080 2719 dexterea.
1112 2661 1165 2717 Grai
1190 2660 1346 2728 sententia,
1373 2659 1397 2714 si
1422 2658 1490 2715 velit
1506 2658 1626 2730 quilibet
1651 2673 1693 2716 re

56 2745 236 2813 abenedicis
249 2756 276 2804 et
286 2755 403 2817 praestas
417 2747 509 2806 uobis.
524 2769 534 2797 ι
547 2749 599 2804 Per
609 2760 675 2819 quaa
689 2745 787 2804 omni·
841 2752 960 2823 tragari,
977 2751 1073 2808 dicens
1091 2749 1167 2807 idem
1186 2763 1246 2806 esse
1256 2749 1290 2805 de
1307 2747 1424 2819 Virgine
1440 2755 1543 2805 natum
1554 2746 1692 2818 crucique

56 2847 82 2890 m
98 2833 226 2891 ellicacia
240 2835 342 2893 reddit.
841 2853 1010 2911 appensum,
1037 2847 1065 2896 et
1087 2838 1169 2895 illum
1185 2836 1432 2908 incorruptibilem
1448 2836 1478 2892 iu
1491 2844 1611 2906 paterna
1624 2848 1693 2905 pro-

67 2922 124 2978 Nii
136 2923 329 2996 reliquiarum
342 2941 462 2980 sucrum
477 2923 508 2980 in
523 2925 629 2982 mendo
643 2925 786 2983 coretum
806 2936 967 2996 evectum,
995 2925 1117 2995 fallitur,
1149 2926 1218 2998 quia
1246 2926 1298 2982 etsi
1326 2925 1417 2982 eidem
1443 2924 1540 2981 existit
1566 2936 1693 2993 persone

56 3026 89 3067 cc
102 3011 249 3069 contendit
269 3013 434 3069 Guibertea.
456 3043 491 3054 —
511 3015 577 3071 llaec
590 3013 689 3085 itaque
707 3029 787 3084 sepo·
842 3017 1010 3090 proprietas,
1037 3015 1123 3088 longe
1146 3013 1291 3072 dissimilis
1324 3021 1419 3070 tamen
1448 3012 1477 3068 iu
1503 3010 1694 3082 qualitatibus

68 3107 233 3172 eteaquae
255 3100 393 3160 dedente
416 3109 444 3160 et
470 3102 607 3159 umbilico
632 3101 787 3160 salvatoris
840 3115 1014 3163 naturarum
1050 3102 1198 3161 iuvenitur
1228 3102 1361 3177 essentia.
1394 3099 1558 3158 Gloridcato
1587 3098 1692 3156 etenim

57 3188 184 3258 lucrant,
199 3198 373 3260 repetamus.
391 3192 424 3248 ln
439 3207 497 3264 quo
511 3191 636 3262 primum
660 3190 732 3248 illud
746 3199 788 3248 est
841 3194 924 3251 nulla
938 3193 1072 3264 deinceps
1091 3191 1192 3249 mortis
1218 3191 1319 3261 poterit
1335 3188 1512 3260 passionisve
1529 3201 1590 3245 suae
1606 3186 1694 3243 domi-

56 3278 157 3346 udum,
174 3279 250 3349 quod
269 3279 345 3337 sicut
359 3281 394 3338 de
418 3289 517 3337 sancto
539 3280 648 3351 Spiritu
661 3280 786 3337 dicitur:
842 3283 906 3340 nari
922 3283 1059 3354 potentia.
1073 3280 1126 3338 Sed
1141 3282 1221 3337 bunc
1234 3278 1363 3336 libellum
1375 3276 1548 3348 congruenti
1563 3276 1624 3348 jam
1634 3282 1689 3332 ter·

56 3364 104 3432 dit,
121 3367 225 3438 inquit,
242 3368 334 3436 vobis,
349 3375 382 3424 ut
400 3382 452 3439 ego
467 3370 585 3438 vadam;
598 3368 622 3424 si
637 3368 712 3425 euim
728 3383 787 3426 uon
842 3372 921 3429 mino
936 3370 1147 3437 succludentes,
1164 3368 1243 3424 aliud
1266 3366 1382 3424 initium
1395 3364 1572 3431 adoriamur,
1587 3371 1615 3421 et
1630 3364 1692 3421 baec

69 3453 236 3512 Paracletus
250 3470 308 3512 nou
324 3455 584 3525 venietJean.xvr,
600 3456 638 3524 7),
654 3479 668 3506 a
688 3456 788 3528 ltaqui
843 3459 983 3530 ipsaque
996 3459 1025 3514 iu
1040 3457 1258 3529 presentiarum
1274 3455 1424 3522 mittimus,
1441 3462 1469 3510 ct
1483 3453 1541 3509 alia
1552 3467 1618 3524 quae
1633 3453 1691 3508 Deo

56 3543 140 3600 smodi
155 3543 295 3616 reliquias
309 3543 362 3600 sibi
386 3553 532 3616 arrogant,
548 3546 648 3610 verba,
665 3553 697 3603 ut
718 3544 788 3602 mibi
842 3547 1010 3618 inspirante,
1039 3561 1091 3602 nos
1117 3546 1280 3616 adjecturos
1306 3543 1460 3611 credimus,
1501 3548 1689 3609 resumentes,

56 3670 64 3698 ,
89 3632 220 3690 veritatis
246 3633 403 3690 infirmant.
429 3633 502 3701 Quid
523 3642 565 3691 cst
586 3634 663 3691 enim
684 3632 712 3689 ei
729 3650 789 3691 oon
841 3643 943 3694 citutra
962 3649 1063 3692 eorum
1089 3648 1147 3690 nou
1163 3633 1310 3705 reliquias,
1326 3633 1375 3690 sed
1396 3631 1588 3702 blasphemias
1601 3629 1693 3687 acciu·

78 3718 165 3777 Plane
186 3721 241 3778 uisi
264 3723 444 3792 presentiam
470 3723 648 3794 corporalem
672 3723 787 3781 subtra-
843 3722 953 3798 gimur.

579 4017 756 4104 LIBER
801 4015 1054 4105 TERTIUS.

56 4175 105 4243 nn
124 4174 605 4255 sineri-uuoxauunsus,
630 4176 698 4254 eui
723 4176 889 4242 bennun
914 4173 1170 4242 snuvnroms
1194 4173 1357 4239 unauna
1385 4172 1434 4240 su
1463 4168 1693 4240 assununr.

217 4470 332 4528 CAPUT
351 4470 504 4527 PlilllUbl.
810 4467 942 4525 licolore
962 4476 1105 4540 peccrtur.
1127 4467 1173 4524 Nil
1194 4464 1270 4526 enim
1295 4468 1378 4539 pejus
1398 4482 1487 4539 quam
1507 4467 1585 4524 maia
1598 4479 1695 4538 agere,
1755 4526 1760 4533 ,

56 4559 117 4616 ium
132 4558 220 4628 solea
238 4562 291 4615 er
314 4561 365 4614 aut
383 4558 494 4614 sanctis
518 4555 666 4624 adscribit,
693 4555 793 4612 bonon'
846 4564 874 4614 et
888 4557 949 4613 baec
962 4557 1025 4628 ipsa
1046 4570 1111 4629 quae
1131 4557 1292 4613 inconsulte
1318 4563 1471 4628 geruntur,
1495 4568 1547 4625 pro
1559 4555 1696 4612 exercitio

56 4648 169 4721 ieropct
177 4646 297 4703 devotio.
309 4647 457 4702 Errorubi
466 4646 569 4720 religio
578 4646 706 4701 creditor
715 4645 793 4717 dissi
847 4646 916 4702 boul
936 4647 1031 4717 operis
1055 4645 1206 4702 estimare.
1234 4645 1314 4702 Unde
1335 4659 1404 4717 ergo
1428 4651 1456 4700 et
1481 4644 1598 4714 quando
1614 4656 1697 4700 error

65 4736 227 4810 corripiter.
244 4766 278 4777 -
293 4737 383 4792 Penes
393 4736 484 4792 ileum
496 4749 529 4791 ac
539 4745 652 4793 sanctos
664 4734 727 4806 eius
735 4749 794 4791 om·
848 4734 900 4790 iste
913 4733 1083 4805 corrigetur,
1098 4734 1150 4803 qui
1169 4746 1227 4789 nou
1251 4733 1343 4789 solum
1368 4745 1449 4788 error
1476 4744 1533 4786 non
1557 4730 1696 4800 creditur,

56 4834 126 4882 sest
141 4825 331 4896 approbanda
353 4825 476 4893 devotio,
502 4823 560 4887 sed,
577 4838 644 4880 cum
663 4824 718 4881 sibi
733 4831 794 4880 tan-
848 4823 897 4879 sed
926 4823 1012 4879 etiarn
1041 4822 1149 4879 divinae
1182 4821 1359 4894 dignationis
1389 4819 1582 4892 praerogativa
1618 4827 1699 4891 puta-

57 4913 133 4970 votio
157 4923 273 4987 arrogat
292 4919 436 4984 quantum
462 4913 630 4969 nullatenus
649 4912 794 4983 religionis
848 4910 917 4967 turi

56 5002 244 5071 tbmiuistrat,
262 5000 795 5074 uudepiusquilibetdivinorumcul-
883 4998 981 5056 Omnis
1007 4999 1114 5070 peccati
1148 4997 1352 5056 correctionem
1378 4996 1476 5052 auimo
1501 4996 1699 5067 delinquentis

56 5091 158 5148 amium
173 5092 297 5162 opperiri
314 5099 456 5162 potuerat,
473 5091 504 5147 tit
519 5089 682 5147 miserabile
705 5088 793 5159 quid·
849 5087 959 5144 inducit
986 5094 1037 5144 aut
1062 5088 1158 5156 timor,
1180 5095 1231 5143 aut
1256 5086 1358 5157 pudor.
1382 5085 1490 5153 Timor,
1520 5091 1571 5141 aut
1586 5084 1697 5142 diviua

56 5185 73 5236 tt
97 5179 163 5236 inde
186 5194 303 5253 posnam
329 5179 499 5250 nequissimi
525 5178 631 5236 erroris
656 5178 795 5233 insumat.
849 5177 1016 5242 aversionis,
1046 5184 1097 5233 aut
1122 5183 1259 5233 extremae
1288 5172 1564 5242 animadversionis;
1592 5171 1699 5243 pudor,

59 5267 118 5324 nim
142 5270 177 5326 de
201 5270 259 5326 Deo
285 5276 336 5326 aut
358 5269 463 5325 colitur
482 5276 534 5325 aut
551 5267 659 5324 dicitur
672 5264 794 5336 aliquid,
848 5272 900 5321 aut
925 5265 1068 5322 mordacis
1082 5265 1159 5321 iutra
1179 5262 1381 5320 conscientiam
1402 5268 1509 5328 reatus,
1536 5269 1586 5318 aut
1609 5261 1700 5318 timidi

56 5355 145 5427 ipsius
170 5357 300 5415 veritatis
326 5356 496 5414 testimoniis
523 5355 642 5412 indubie
673 5354 798 5411 oblucte
852 5352 889 5410 ob
905 5353 985 5426 vulgi
1000 5353 1129 5410 tabulam
1144 5352 1182 5408 ad
1205 5350 1334 5408 nomines
1357 5350 1466 5408 vultus.
1489 5350 1543 5407 Ubi
1561 5364 1630 5422 ergo
1649 5363 1702 5407 uec

56 5444 162 5502 mirum
177 5447 280 5503 accidit
296 5452 329 5503 ut
344 5453 425 5503 muto
438 5444 566 5503 deterius
579 5450 690 5514 quanto
703 5442 797 5499 incur·
853 5442 1060 5515 cogitationum
1083 5440 1199 5497 animus
1220 5439 1341 5511 ambage
1367 5439 1513 5506 turbatur,
1541 5452 1594 5496 nec
1617 5438 1704 5496 iacies

58 5546 95 5591 us
113 5547 195 5591 meus
208 5548 330 5591 exorare
344 5533 493 5606 probetur,
516 5533 589 5591 dum
608 5532 664 5590 sub
684 5531 799 5603 pietatis
852 5544 889 5588 ex
909 5529 1072 5603 cujuspiam
1093 5530 1204 5588 visione
1222 5527 1413 5599 sudauditur,
1433 5527 1616 5598 resipiscendi
1636 5540 1703 5597 pro·

128 5624 267 5691 Parnon.
293 5625 394 5692 clvi.
1485 5625 1528 5682 bt
