3818 6008
104 189 155 241 sae
449 190 453 197 ⁵
549 185 577 237 v.
599 183 762 239 aeteram
783 182 927 240 lauans
945 182 973 238 s.
995 182 1115 239 unare
1137 183 1181 238 on
1203 181 1405 239 novteeuro
1806 185 1854 239 sto
1900 149 1901 211 l

103 321 306 392 specialitatem
315 319 495 390 professionis
506 319 631 384 baberet,
642 333 707 389 quaa
724 332 798 374 novo
812 316 950 390 gignendi
968 320 993 372 Α
1007 317 1126 386 tissima,
1159 319 1215 374 imo
1236 319 1348 374 eunctis
1373 318 1608 388 praestantissima
1636 320 1769 377 ubertate
1797 319 1856 391 jam

105 425 209 480 genere
224 416 369 465 auctorem
395 408 482 463 totius
506 415 611 462 sanctae
636 407 770 462 novitatis
782 415 947 476 exponeret.
1005 407 1136 476 possidet,
1166 407 1253 462 statui
1281 407 1332 473 illi,
1365 414 1397 463 ut
1430 407 1500 462 mibi
1530 407 1653 474 videtur,
1694 409 1855 478 comparari

103 499 166 554 Non
180 499 268 568 igitur
294 497 414 566 angelus
431 510 480 551 cor
506 496 534 551 iu
551 510 585 550 ea
606 496 677 551 rude
699 502 749 551 aut
774 495 950 564 imparatum
1004 495 1124 564 valebit3
1151 511 1209 565 quo
1236 496 1300 551 licet
1329 497 1455 551 mortalis
1482 505 1573 552 totum
1600 497 1627 552 iu
1656 511 1686 552 se
1714 496 1856 553 continuit

104 588 218 656 reperit,
240 586 285 641 cui
310 584 420 639 curretis
438 591 507 640 tunc
528 584 691 639 viventibus
713 584 783 639 adeo
808 584 952 653 insepara·
1005 584 1081 654 quud
1096 585 1171 639 Deus
1192 592 1243 639 est.
1259 584 1344 639 Aliud
1363 593 1405 639 est
1421 597 1521 654 nempe
1538 585 1568 639 in
1592 600 1650 654 quo
1676 592 1755 641 totus
1780 596 1856 639 rese-

104 674 171 730 bilia
187 673 219 743 [t.
238 672 432 741 insperabilia]
453 672 608 736 nuntiavit,
621 672 730 741 quibus
747 679 826 727 tanto
840 671 951 728 fidelius
1005 672 1092 737 derit;
1109 672 1198 737 aliud,
1213 673 1347 742 quamvis
1361 672 1532 740 beatissime,
1549 673 1627 743 quod
1645 673 1856 743 particulariter

104 774 252 817 assensum
273 760 404 829 praebuit,
420 768 529 829 quanta
545 760 674 814 burnana
697 766 802 815 natura
822 758 951 815 eminen-
1005 760 1111 830 impiet.
1131 760 1211 816 lllam
1236 761 1334 830 itaque
1349 760 1522 817 inellabilem
1540 762 1659 817 Mariam
1675 760 1856 832 exiquadam

103 849 203 906 tionem
218 849 308 903 inesse
324 847 377 903 sibi
391 846 525 903 allectum
539 849 638 903 sensit.
1004 855 1093 916 parte,
1128 848 1196 904 dum
1223 849 1314 903 Deum
1337 848 1470 917 concipit,
1497 848 1651 904 beatiorem
1676 845 1855 917 inpraesenti

139 938 263 993 Gratiam
278 937 408 991 datdeus
423 937 573 989 sanctisad
591 951 755 991 mensuram.
772 965 807 976 -
833 935 862 991 ln
887 935 952 992 aliis
1004 934 1137 1001 dixerim,
1154 950 1242 1006 quam
1258 937 1363 992 existat
1378 936 1406 991 in
1420 936 1528 999 loturo,
1544 950 1578 992 ea
1593 951 1664 1007 pene
1681 935 1856 1005 imparitate,

101 1026 208 1081 sanctis
237 1025 380 1080 mentibus
409 1024 603 1095 spiritualium
642 1024 850 1080 charismatum
877 1029 950 1078 εδδ
1005 1025 1266 1094 quapars'distare
1292 1033 1412 1094 putatur
1434 1033 1535 1080 atoto.
1558 1024 1609 1082 Cui
1634 1038 1763 1093 namque
1789 1037 1856 1093 per·

102 1114 314 1184 particulariter
330 1128 481 1178 mensurae,
499 1128 554 1167 nnn
570 1113 762 1182 plenitudines
777 1111 950 1181 inpraesenti
1004 1126 1091 1180 sonae,
1116 1122 1219 1182 praeter
1247 1113 1342 1178 istam,
1364 1113 1517 1169 attribuas.
1547 1122 1579 1170 ut
1602 1114 1631 1167 in
1658 1127 1693 1169 ea
1716 1114 1795 1168 Deus
1815 1120 1856 1167 to-

102 1203 206 1259 saeculo
222 1209 431 1272 prerogantur.
448 1202 503 1256 Pro
518 1216 575 1271 quo
594 1216 610 1256 e
626 1201 740 1271 regione
760 1200 866 1256 dicitur
881 1201 951 1271 quia
1005 1207 1066 1256 tum
1083 1202 1270 1271 personaliter
1291 1201 1463 1257 contulerit?
1490 1201 1530 1258 Ne
1559 1201 1587 1256 in
1614 1200 1713 1257 lutura
1738 1200 1856 1272 quidem

102 1289 132 1344 iu
154 1288 252 1344 lutura
273 1290 329 1343 erit
348 1289 423 1343 Deus
444 1288 541 1343 omnia
562 1288 589 1342 in
611 1288 746 1344 omnibus
768 1288 796 1359 (1
814 1288 872 1343 dor.
899 1303 948 1355 xv,
1004 1291 1137 1358 reperies,
1163 1291 1192 1345 in
1212 1305 1299 1361 quem
1323 1289 1479 1360 coagulum
1502 1291 1653 1347 lnacocssae
1670 1288 1749 1345 illius
1765 1288 1856 1359 maje-

101 1380 155 1444 28).
172 1377 198 1433 Si
211 1377 308 1446 itaque
322 1391 401 1432 nunc
414 1377 444 1431 ln
461 1378 500 1430 eis
514 1376 644 1431 omnium
660 1376 803 1432 virtutum
820 1375 950 1432 scintillae
1004 1379 1085 1433 statis
1096 1378 1226 1434 elicuerit.
1244 1379 1270 1434 Si
1284 1379 1360 1435 enim
1386 1380 1443 1434 Deo
1464 1378 1536 1434 nibil
1559 1386 1602 1434 est
1630 1378 1754 1439 beatius,
1769 1384 1797 1432 ει
1817 1375 1856 1431 illi

102 1467 310 1532 interemicant,
331 1472 400 1520 tunc
421 1465 538 1535 integrae
555 1479 605 1534 per
623 1479 720 1520 omnes
739 1465 800 1520 sino
823 1465 883 1521 ulla
906 1464 949 1519 lu-
1004 1464 1080 1521 beati
1100 1467 1248 1533 dicuntur,
1273 1476 1303 1522 ut
1327 1475 1395 1522 suut
1427 1481 1568 1536 pauperes
1587 1467 1702 1537 spiritu,
1728 1473 1762 1521 ut
1788 1472 1857 1521 sunt

102 1556 188 1610 minis
203 1554 421 1623 interpolatione
442 1561 614 1608 coruscant:
629 1553 707 1623 quod
727 1552 804 1607 enim
826 1552 947 1607 dicitur:
971 1554 1087 1653 Bmites
1102 1554 1208 1624 (blatta
1231 1571 1257 1622 v,
1275 1559 1300 1620 3,
1321 1556 1358 1625 4),
1376 1570 1448 1626 quos
1472 1555 1588 1611 virtutis
1604 1555 1731 1624 alicujus
1750 1553 1856 1624 {splen-

101 1643 210 1698 Nouad
229 1658 382 1697 mensuram
401 1642 450 1696 dat
472 1645 541 1696 Deus
567 1643 705 1710 Spiritum
721 1640 814 1710 (doale.
831 1655 871 1706 tn,
893 1642 949 1710 Sl),
1006 1643 1060 1698 dor
1083 1643 1236 1710 illuminat,
1262 1644 1333 1714 quid
1362 1644 1390 1698 in
1417 1643 1487 1699 coelo
1511 1651 1645 1713 terraque
1671 1657 1704 1698 eo
1727 1642 1813 1698 corde
1831 1648 1858 1697 et

103 1731 138 1786 ad
165 1731 268 1785 Filium
298 1730 429 1800 pertinet,
459 1731 544 1801 quus
575 1737 652 1785 tolus
679 1729 799 1799 spiritus
825 1729 948 1798 ipseest.
1005 1738 1106 1786 ventre
1119 1731 1241 1798 felicius,
1258 1747 1317 1802 quo
1335 1746 1364 1787 se
1386 1732 1422 1787 ad
1447 1732 1588 1802 integram
1611 1731 1689 1787 illius
1711 1729 1858 1787 creatricis

103 1819 183 1883 Quod
202 1826 297 1874 autem
323 1818 481 1888 unicuique
508 1818 667 1874 secundum
688 1817 832 1887 propriant
858 1816 949 1872 virtu·
1005 1819 1134 1874 essentia
1149 1821 1453 1889 omnipotenssumma
1470 1817 1643 1890 coaggerat?

103 1913 169 1969 tem,
181 1907 217 1962 ad
229 1907 282 1961 boc
298 1905 397 1975 utirpue
410 1906 486 1976 quod
507 1905 639 1961 fidelibus
658 1919 789 1973 supernae
814 1903 949 1961 distribut·
1042 1906 1241 1975 objectionibus
1276 1910 1394 1961 ocorirrit
1435 1912 1538 1961 auctor.
1563 1907 1774 1974 sapientissima
1812 1921 1857 1976 pe

102 1994 203 2061 tiones,
217 1995 303 2065 juxta
316 1995 493 2064 Apostolum,
506 2007 557 2063 pro
573 1992 637 2048 lidei
654 2006 791 2048 mensura
804 1993 952 2047 donantur
1006 1997 1209 2064 lautissimeque
1232 1995 1365 2064 protatur
1383 1997 1465 2062 Virga
1495 1995 1582 2048 beata.
1607 2023 1643 2035 -
1662 1992 1716 2049 Sed
1733 1993 1770 2049 ad
1799 1993 1858 2048 baec

103 2082 213 2154 (aptes.
231 2099 268 2150 tv,
284 2087 324 2152 t),
348 2083 396 2138 cui
409 2081 587 2138 simillimum
600 2088 641 2137 est
656 2081 731 2152 quod
749 2081 783 2136 de
807 2082 952 2152 incompa-
1002 2081 1063 2152 jam
1079 2083 1226 2153 resipiscat
1240 2086 1366 2150 animus,
1394 2089 1422 2138 et
1445 2082 1534 2151 ipsius
1556 2066 1747 2138 sacrosanctae
1772 2094 1857 2151 puer·

101 2171 186 2227 rabili
201 2185 318 2241 prorsus
337 2178 363 2227 et
385 2171 532 2227 benedicta
554 2171 608 2225 bac
623 2169 741 2240 Virgine
761 2176 788 2225 et
811 2169 949 2236 creditur,
1005 2185 1081 2241 perae
1105 2172 1293 2243 ignorantias,
1314 2179 1342 2227 et
1373 2171 1457 2240 quasi
1490 2185 1658 2226 communes
1677 2172 1703 2226 ei
1733 2168 1857 2225 imbecil-

101 2268 128 2318 et
155 2261 338 2331 praedicatur.
368 2260 425 2329 lpsi
453 2259 536 2329 plane
563 2259 633 2314 nibil
658 2259 694 2314 ad
722 2272 887 2315 mensuram
908 2265 951 2313 est
1005 2259 1097 2315 litates
1117 2260 1247 2330 obiectet.
1273 2260 1353 2315 Dicat
1379 2260 1498 2330 itaque:
1525 2259 1597 2316 Cam
1618 2273 1687 2329 ergo
1714 2258 1776 2328 ipsa
1800 2258 1856 2314 Deo

100 2350 264 2418 praebitum,
289 2363 356 2405 cum
379 2363 456 2415 eum,
485 2348 536 2419 qui
556 2347 632 2416 apud
649 2347 761 2402 Patrem
778 2353 855 2401 totus
877 2354 949 2413 erat,
1004 2356 1141 2417 concepto
1158 2349 1255 2404 omnia
1280 2350 1360 2418 pueri
1382 2348 1482 2404 lutura
1505 2349 1577 2404 scire
1604 2347 1746 2413 debuerit,
1777 2346 1857 2402 toties

101 2437 190 2509 Virgo
205 2437 344 2494 mirabilis
356 2437 432 2493 lutra
448 2444 527 2506 septa
541 2437 615 2491 uteri
627 2435 691 2491 tulit
707 2442 808 2491 totum.
1005 2436 1041 2491 ad
1061 2437 1164 2507 loseph
1186 2437 1365 2493 edocendum
1387 2437 1508 2508 angelus
1532 2436 1633 2492 vexari
1659 2450 1719 2491 nou
1745 2433 1853 2490 debuit.

438 2525 551 2582 CAPUT
571 2526 606 2579 ll.
1004 2522 1142 2581 Occurrat
1157 2526 1247 2595 igitur
1264 2533 1382 2581 econtra
1397 2525 1552 2588 memoria,
1569 2523 1646 2596 «ruod
1668 2524 1704 2579 ab
1726 2523 1853 2579 arcitan-

138 2615 225 2668 Deum
240 2617 270 2668 iu
279 2629 306 2668 se
317 2618 401 2668 totum
417 2613 636 2667 substantialiter
646 2613 779 2666 continuit
797 2613 829 2667 B.
855 2613 948 2677 Virgo.
1005 2612 1067 2683 gelo
1093 2612 1167 2668 inter
1190 2615 1425 2670 annuntiandum
1451 2614 1566 2680 dicitur,
1601 2615 1692 2666 Virtus
1718 2613 1855 2668 altissimi

101 2733 136 2742 —
151 2703 242 2772 Super
255 2716 315 2772 oua
333 2715 363 2757 re
377 2703 496 2772 questio
517 2715 546 2756 se
569 2700 652 2756 inlert
667 2701 746 2755 omni
771 2700 950 2769 contempla·
1004 2701 1174 2756 obumbrabit
1201 2703 1254 2758 tibi
1273 2704 1345 2769 (Luc
1363 2718 1380 2758 t.
1396 2704 1452 2770 35).
1479 2703 1514 2757 Ει
1542 2701 1613 2772 t'lttid
1639 2701 1693 2757 luit
1714 2699 1785 2756 illud
1805 2699 1854 2755 ob-

101 2790 178 2846 tione
203 2790 381 2862 dignissima.
408 2790 447 2845 De
472 2789 551 2845 nullo
579 2795 745 2844 sanctorum
772 2788 878 2843 sentire
899 2795 950 2843 aut
1005 2790 1151 2857 umbrare,
1176 2791 1230 2845 nisi
1257 2790 1334 2846 illius
1351 2790 1573 2860 incirumscripti
1597 2789 1717 2845 luminis
1736 2788 1855 2844 immen-

102 2878 194 2935 dicere
209 2879 349 2934 audemus
366 2876 443 2948 quod
460 2877 489 2931 ln
506 2876 554 2931 illa
570 2876 947 2945 beatitudinesempiterna,
969 2871 1114 2934 Csitalem
1147 2879 1297 2934 obtutibus
1322 2879 1426 2935 mentis
1446 2877 1600 2935 obtexere?
1639 2879 1739 2935 Virtus
1772 2878 1855 2946 plane

102 2967 208 3023 nedum
224 2967 252 3021 in
268 2966 322 3020 bac
337 2965 449 3020 mortali
466 2964 536 3031 vita,
552 2965 754 3034 cujuscunque
773 2964 949 3021 excellentiae
1003 2967 1138 3022 ditissimi
1159 2967 1324 3030 obumbrat,
1355 2982 1420 3023 cum
1451 2974 1568 3023 sanctus
1603 2966 1737 3035 Spiritus,
1771 2965 1856 3036 cujus

101 3054 146 3121 sit,
173 3055 264 3109 Deum
287 3053 514 3110 substantialiter
540 3060 630 3108 totum
656 3053 684 3107 in
709 3066 738 3107 se
762 3052 873 3114 babeat,
896 3053 949 3109 etsi
1003 3055 1125 3124 speciale
1141 3055 1249 3111 donum
1264 3063 1306 3111 est
1322 3056 1481 3123 humilitas,
1501 3055 1528 3110 in
1554 3061 1707 3124 conspectu
1735 3053 1854 3110 rationis

100 3142 177 3198 enim
194 3142 374 3198 omnisintra
388 3141 545 3212 quemlibet
564 3140 678 3196 virtutis
691 3142 838 3211 congeries
857 3141 949 3198 inesse
1003 3143 1146 3198 interioris
1172 3143 1269 3215 gloria
1300 3144 1444 3200 claritates
1468 3150 1617 3199 extenuat.
1646 3143 1677 3196 ln
1699 3148 1852 3210 conspectu

101 3230 300 3300 perlectissime
315 3229 480 3294 aestimetur,
498 3230 569 3285 nulli
587 3237 681 3283 tamen
702 3227 862 3284 divinitatis
880 3229 950 3285 uni·
1003 3245 1071 3302 ergo
1095 3231 1143 3286 illo
1165 3233 1240 3287 sicut
1264 3231 1337 3288 nulli
1362 3232 1565 3301 comparabilis
1583 3229 1693 3287 exstitit
1717 3229 1854 3300 dignitas,

100 3319 221 3375 versitas
245 3319 443 3383 essentialiter,
476 3325 509 3373 ut
536 3326 578 3373 est
610 3317 722 3386 llnlusa,
759 3317 948 3388 dignoscitur.
1004 3319 1202 3390 itadignltatis
1216 3321 1369 3389 potentiam
1389 3335 1446 3375 non
1469 3318 1616 3374 dissimilis
1641 3319 1705 3373 aliis
1726 3318 1853 3373 obnubi-

101 3407 179 3471 Quod
193 3407 300 3478 qnippe
313 3406 561 3463 diciturluturum
582 3407 671 3462 Deum
694 3406 791 3462 omnia
811 3407 840 3461 in
857 3407 949 3462 omni·
1002 3405 1252 3464 lavitinlrrmitas.
1280 3409 1361 3465 Unde
1381 3416 1409 3464 et
1433 3407 1501 3464 alibi
1530 3407 1652 3462 dieitur:
1682 3408 1754 3460 Pane
1776 3421 1856 3476 quusi

101 3495 165 3563 bus,
191 3496 262 3551 nibil
282 3495 361 3552 aliud
382 3503 433 3560 est,
463 3496 517 3549 nisi
535 3495 611 3565 rtuod
637 3497 720 3560 Deus,
744 3495 793 3564 qul
819 3509 950 3566 quosque
1002 3500 1105 3551 nartem
1129 3498 1253 3551 amiram
1276 3502 1350 3550 tuam
1375 3497 1450 3564 (lsai.
1477 3511 1534 3564 xvi,
1559 3496 1596 3565 t).
1626 3495 1723 3561 Quasi,
1749 3494 1854 3564 inquit,

100 3591 213 3641 sanctos
229 3599 278 3654 per
291 3584 421 3655 singulas
434 3598 566 3654 qumque
582 3583 707 3638 virtutes
722 3583 752 3637 in
773 3583 826 3638 boc
841 3585 950 3640 mundo
1005 3600 1062 3641 non
1078 3600 1152 3652 vere,
1170 3585 1317 3641 nonenim
1337 3599 1395 3654 quo
1411 3585 1550 3651 lucemus,
1575 3582 1623 3638 sed
1637 3597 1695 3651 pua
1719 3581 1855 3637 tenebra·

100 3672 241 3740 nobilitat,
275 3679 345 3728 tune
378 3672 528 3727 universos
565 3670 753 3726 universitate
789 3670 948 3741 gratiarum
1004 3672 1503 3730 scimusdebemusattendere.Non
1530 3671 1619 3742 igitur
1640 3670 1857 3740 lorsitanquid·

101 3760 297 3831 pertundenda
323 3760 480 3816 collustrat.
503 3759 589 3814 aliud
617 3773 686 3829 ergo
717 3766 758 3814 est
790 3758 951 3814 exuberare
1004 3763 1079 3833 piam
1101 3764 1233 3834 ignorare
1253 3763 1355 3831 potuit,
1378 3775 1444 3830 quae
1467 3761 1557 3816 Deum
1576 3759 1673 3814 omnia
1698 3758 1856 3828 sapientem

100 3850 203 3921 gratia,
234 3848 313 3904 aliud
340 3846 521 3903 inellabililer
542 3846 823 3917 incomprebensibili
849 3847 951 3916 repleri
1002 3844 1199 3922 genuit3quae
1217 3859 1311 3907 tamen
1327 3858 1354 3906 et
1375 3849 1526 3919 sapientia,
1555 3849 1721 3918 pariterque
1738 3861 1776 3902 ex
1802 3847 1857 3902 Deo

99 3937 271 3993 substantia.
294 3935 362 4002 Quae
384 3944 510 4005 utraque
535 3934 720 4006 singulariter
740 3934 888 3991 benedicta
916 3936 950 3990 de
1003 3939 1082 3996 carni
1099 3953 1159 3994 suae
1174 3938 1402 4008 unitopotentia‚
1419 3935 1722 4005 tantadispcnsatione
1741 3933 1857 3989 delituit

101 4038 161 4095 qua
177 4024 291 4094 agimus
306 4023 413 4079 lomina
425 4023 465 4078 sic
481 4024 582 4079 babuit
602 4031 675 4079 utet
690 4022 868 4093 plenitudine
884 4037 950 4093 gra·
1004 4037 1036 4085 ut
1047 4027 1102 4084 sibi
1114 4042 1165 4082 nec
1178 4026 1259 4094 scire,
1279 4041 1332 4082 nec
1347 4040 1428 4095 posse
1449 4026 1567 4090 deesset,
1592 4038 1659 4079 cum
1684 4030 1781 4079 tamen
1806 4037 1856 4093 op·

91 4113 147 4168 ‘tiae
171 4111 355 4178 redundaret,
386 4119 413 4167 et
438 4111 717 4181 incircumscriptum
753 4112 826 4168 inter
851 4126 950 4167 omnes
1004 4125 1128 4186 portuno
1157 4114 1277 4185 tempori
1312 4113 1426 4169 iuterim
1452 4115 1544 4169 virtus
1568 4119 1697 4167 contecta
1722 4111 1853 4178 serviret,

101 4208 249 4257 creaturas
274 4201 345 4267 sola,
367 4215 423 4256 non
450 4199 478 4255 in
499 4214 551 4256 suo
576 4200 762 4265 solummodo,
785 4207 818 4256 ut
842 4200 948 4268 caleri,
1003 4203 1163 4260 sicutenim
1184 4204 1212 4257 in
1241 4216 1329 4272 puero
1357 4204 1425 4256 iesu
1444 4200 1595 4270 sapientia,
1622 4207 1691 4256 aetas
1712 4206 1740 4255 et
1761 4198 1855 4271 gratia

101 4303 231 4352 munere,
245 4289 293 4345 sed
310 4297 399 4344 totum
417 4289 446 4343 in
462 4289 554 4358 seipso
572 4297 707 4359 portaret.
1004 4292 1082 4362 apud
1099 4293 1191 4348 Deum
1207 4298 1234 4345 et
1255 4289 1384 4344 nomines
1407 4287 1579 4358 pedetentim
1594 4286 1702 4345 coaluit
1719 4288 1797 4356 (Luc.
1825 4302 1855 4353 n,

136 4379 232 4435 Status
247 4380 335 4447 ipsius
350 4382 379 4430 tn
396 4379 446 4432 liar
465 4380 576 4432 mortali
591 4381 650 4432 uita
668 4380 843 4447 praestantior
867 4394 949 4448 quam
1004 4380 1060 4450 Si),
1079 4382 1117 4436 ita
1134 4382 1205 4435 etin
1230 4387 1331 4443 matre,
1346 4378 1524 4433 exolescente
1547 4376 1627 4442 Filio,
1646 4382 1673 4432 et
1688 4375 1856 4446 propalante

100 4469 131 4520 iu
147 4467 218 4521 caia.
243 4466 377 4522 -Unde
396 4468 548 4537 queritur,
571 4474 598 4522 et
622 4467 704 4523 nobis
731 4466 826 4522 debita
851 4467 950 4522 bumi—
1004 4484 1054 4539 per
1074 4469 1234 4524 doctrinam
1256 4474 1283 4522 et
1303 4467 1386 4537 signa
1408 4466 1484 4536 quod
1504 4473 1577 4532 erat,
1600 4464 1745 4535 quidquid
1768 4464 1798 4520 in
1822 4477 1856 4519 ea

101 4554 179 4612 litate
194 4562 339 4625 pensatur,
356 4565 451 4610 utrum
467 4554 730 4610 sacrosanctissima
748 4555 797 4610 illa
816 4556 846 4610 in
871 4570 949 4610 mor·
1004 4564 1108 4625 prater
1121 4563 1256 4611 naturam
1280 4555 1386 4610 lactum
1405 4554 1597 4612 nesciebatur.
1623 4553 1771 4622 apparuit.
1792 4554 1856 4608 Pro

101 4645 207 4700 talibus
232 4645 327 4700 adbuc
351 4644 506 4700 constituta
525 4643 670 4708 membris,
696 4644 787 4700 Deum
811 4644 949 4715 gestando
1003 4658 1167 4702 cessusane
1190 4644 1335 4713 temporis,
1358 4652 1386 4698 et
1413 4651 1512 4712 coeptae
1534 4642 1688 4698 allicientia
1710 4642 1855 4712 dispensa·

101 4734 165 4803 plus
182 4733 324 4800 babuerit,
340 4747 428 4803 quam
450 4746 528 4788 nunc
543 4732 647 4788 babeat
666 4731 723 4787 tillo
743 4733 772 4787 in
789 4732 950 4789 celestibus
1002 4733 1097 4799 tionis,
1113 4740 1140 4788 et
1154 4732 1253 4789 matris
1275 4731 1464 4797 imbecillitas,
1484 4740 1511 4786 et
1532 4731 1592 4786 nati
1615 4730 1783 4801 ignobilitas
1808 4729 1855 4785 mi·

101 4822 298 4893 coregnando;
319 4821 395 4891 quod
418 4821 502 4891 plane
519 4820 560 4876 sir.
582 4834 661 4890 posse
678 4820 776 4875 sentiri
801 4822 862 4876 sine
877 4834 948 4890 prae·
1003 4822 1085 4877 rabili
1106 4821 1307 4890 mysteriorum
1340 4819 1513 4875 revelatione
1541 4819 1693 4888 perpatuit.
1727 4817 1853 4884 Quodam

99 4910 208 4982 jndicio
231 4910 425 4981 intelligentiae
449 4909 568 4965 verioris
587 4909 823 4979 existimoquod
839 4909 866 4963 in
887 4924 948 4966 cor·
1003 4909 1128 4980 denique
1150 4909 1233 4964 modo
1253 4907 1348 4978 fragili
1366 4906 1449 4963 sexui
1473 4915 1501 4962 et
1520 4906 1607 4976 aetati,
1632 4907 1655 4961 si
1684 4906 1781 4962 dicere
1805 4919 1853 4960 au·

102 4997 329 5067 ruptibilicarne
349 4997 545 5069 multomagis
561 4997 626 5067 plus
641 4997 784 5064 babuerit,
800 5012 866 5053 cum
886 4998 950 5067 ple·
1003 4998 1095 5064 deam,
1121 4996 1240 5054 lubricae
1266 5010 1383 5065 parsum
1409 5009 1494 5064 super
1525 4994 1577 5049 isto
1605 5002 1752 5063 putamus,
1787 4994 1854 5049 dunt

101 5085 203 5142 nitudo
223 5085 384 5142 divinitatis
403 5087 433 5141 in
455 5100 484 5141 se
507 5086 694 5155 corporaliter
718 5086 861 5142 babitaret
881 5087 947 5156 (col.
1003 5093 1035 5142 ut
1048 5088 1141 5142 virtus
1171 5085 1323 5141 immodica
1339 5085 1368 5139 in
1384 5084 1480 5139 animo
1505 5082 1619 5138 tolerari
1652 5081 1778 5150 potuerit
1798 5094 1855 5138 cor·

102 5187 132 5239 n,
158 5174 197 5238 9),
223 5187 312 5244 quam
332 5188 410 5230 utino
438 5173 553 5241 babeat,
582 5173 648 5230 licet
676 5174 782 5230 cbristo
804 5188 856 5228 suo
887 5187 948 5229 cor·
1004 5176 1082 5245 poris
1111 5174 1260 5238 tenuitate,
1287 5173 1341 5229 sub
1375 5181 1499 5243 egestate
1528 5171 1692 5236 domestica,
1730 5169 1853 5226 scientia

102 5267 211 5331 regnet,
236 5263 370 5331 quamvis
392 5263 469 5318 enim
484 5261 619 5319 omnibus
645 5263 787 5332 potentius
810 5261 950 5318 creaturis
1002 5264 1137 5332 otlamet
1151 5261 1300 5318 exterioris
1318 5260 1544 5317 conversationis
1572 5257 1758 5329 generalitate
1783 5267 1853 5314 um-

103 5347 222 5404 leliciter
249 5349 373 5406 vivendo
390 5351 554 5420 persentiat,
577 5366 634 5406 non
657 5358 752 5407 tamen
775 5351 855 5418 illud,
872 5351 949 5421 quod
1004 5360 1133 5424 petatur.

103 5439 133 5495 in
148 5437 232 5496 modo
246 5438 377 5496 omnium
390 5440 551 5511 gratiarum
567 5454 601 5498 ac
612 5440 771 5513 gloriarum
794 5441 950 5498 abundan-
1042 5441 1150 5496 Exacto
1179 5438 1277 5511 ltaque
1299 5437 1479 5508 atemporali
1500 5434 1616 5492 miseria
1641 5435 1724 5502 Filio,
1743 5442 1772 5492 et
1795 5433 1852 5506 glo·
