3818 6008
110 273 162 329 343

552 269 586 323 ll.
609 266 775 323 uuibnn'ri
793 267 941 324 nubatis
960 269 988 323 S.
1009 267 1130 323 MdlilAE
1150 268 1196 324 DE
1217 266 1417 324 Noviceiito

1808 268 1860 322 eit

110 400 250 458 commodi
263 408 290 457 ει
305 399 364 469 spei
389 395 554 462 mundanae,
582 409 647 465 quae
665 409 702 451 ex
726 409 759 450 eo
786 408 897 464 semper
918 394 958 465 gi·
975 395 1090 452 Αειειε
1123 410 1196 465 opus
1224 401 1266 451 est
1294 375 1446 464 quidquid
1465 408 1502 450 ex
1533 392 1706 450 humilitatis
1734 397 1861 449 semente

110 489 219 560 guitur,
236 486 363 543 dominio
376 485 542 554 trequenter
557 482 600 539 vel
611 482 761 538 exactione
773 481 955 551 deprimitur.

109 575 235 645 Quidue
258 573 363 630 babent
384 572 454 637 dies,
477 571 547 641 quia
576 584 634 626 non
662 571 716 626 nisi
746 571 834 641 hujus
860 569 957 625 saeculi

108 663 261 734 explorant
277 659 487 731 prosperitates.
512 657 642 724 Quatuor
663 672 731 729 ergo
752 658 834 713 inda
865 672 956 730 reges,

110 751 210 808 ctduo
234 749 346 805 israelis
370 756 448 815 sunt,
470 747 541 817 quia
566 747 642 803 unde
671 747 743 803 ratio
767 746 888 818 regitur,
912 746 957 802 vel

110 839 187 910 qnod
203 837 275 893 ratio
289 842 377 906 reget,
395 835 540 905 quadrum
557 842 584 891 ει
605 834 673 905 Ιιιιεε
701 835 823 891 solidum
842 842 901 902 est;
929 834 957 889 in

110 941 168 998 quo
183 935 279 983 autem
294 923 481 981 affectualiter
496 923 725 990 intumescimus,
739 923 855 994 {quanto
875 931 959 979 extra

111 1014 250 1071 unitatem
264 1021 315 1081 εει,
332 1021 411 1069 ιεειε
434 1011 568 1068 divisioni
589 1019 617 1067 ει
640 1011 805 1067 invidentiae
834 1024 958 1080 pronum

109 1111 160 1159 est.
174 1101 309 1168 Quaudiu
323 1101 419 1172 itaque
435 1099 614 1169 temporalia,
628 1106 655 1155 et
671 1112 735 1168 spes
757 1099 958 1169 temporalium

109 1204 207 1247 annno
218 1189 370 1260 imperant,
386 1182 656 1260 qn'amvisquatuor
672 1187 894 1259 precedentium
911 1203 959 1245 re-

110 1293 181 1348 gum
192 1292 298 1349 magna
312 1279 438 1348 potentia
457 1277 503 1337 sit.
522 1284 618 1333 tamen
638 1276 742 1332 mentis
763 1284 855 1332 status
877 1277 959 1332 utro-

1012 492 1136 541 oreatur.
1149 485 1206 540 Nec
1217 483 1293 540 eninr
1304 483 1398 539 virtus
1411 481 1527 550 dicitur,
1540 495 1606 551 quae
1622 496 1679 537 nou
1700 481 1861 538 numilitate

1012 571 1353 642 conditurilcddensque
1375 584 1489 634 causes,
1517 570 1616 635 adbuc,
1641 570 1746 641 inquit,
1770 570 1862 625 modi-

1013 677 1082 728 cum,
1113 665 1139 715 ct
1172 661 1287 715 visitabo
1319 662 1478 726 succederem
1504 659 1628 713 decrebel
1648 674 1730 728 super
1754 659 1862 713 domum

1011 751 1089 815 teliu,
1111 749 1139 806 id
1163 756 1204 804 εει
1220 761 1311 818 parva
1326 750 1380 803 erit
1406 749 1525 803 internae
1546 760 1628 802 mora
1653 747 1767 817 qnietis,
1793 761 1860 802 cunr

1002 836 1111 909 ,ulcisci
1135 850 1246 906 coepero
1265 836 1449 906 sanguinein.
1475 835 1553 906 quod
1573 843 1615 891 εει
1639 844 1787 904 peccatum
1812 836 1859 890 vi-

1013 926 1089 983 tiatae
1103 925 1283 991 humilitatis,
1308 932 1336 980 et
1358 924 1412 980 hoc
1430 939 1512 992 super
1534 924 1643 978 domum
1667 925 1744 990 teitu,
1770 923 1799 979 id
1823 932 1865 980 εει

1012 1013 1195 1071 stabilitatem
1210 1011 1399 1077 conscientie,
1413 1025 1479 1082 quae
1491 1025 1527 1067 ex
1545 1011 1593 1067 bei
1608 1011 1747 1081 desiderio
1763 1026 1863 1082 quam·

1013 1101 1203 1159 dammolitur
1214 1099 1449 1166 immobilitatem,
1462 1099 1492 1154 in
1512 1099 1632 1169 quadiu
1649 1099 1704 1154 sibi
1722 1113 1779 1155 non
1800 1099 1865 1155 licet

1013 1190 1176 1249 consistere.
1193 1188 1324 1245 Filenim
1345 1187 1491 1244 silentium
1515 1188 1545 1243 in
1568 1188 1650 1256 coelo,
1669 1188 1717 1244 sed
1742 1188 1792 1245 vix
1811 1202 1865 1244 nie·

1013 1280 1060 1336 dia
1073 1279 1154 1335 bora.

110 1367 198 1437 bique
221 1365 396 1422 alternantes
419 1366 533 1422 duobus
556 1364 709 1435 aliquoties
732 1364 853 1420 molliter
876 1363 960 1419 obse·
1048 1365 1318 1423 Notandumautem
1333 1364 1409 1434 quod
1425 1378 1484 1419 non
1500 1363 1579 1419 aliud
1594 1364 1631 1420 sit
1646 1378 1749 1420 vocare
1772 1364 1863 1421 illium

110 1456 248 1512 cundant.
280 1454 360 1511 Unde
381 1456 550 1524 principium
573 1452 659 1509 habet
680 1451 819 1508 Dominus
842 1454 872 1507 in
896 1454 961 1510 Osee
1008 1471 1104 1527 ,quam
1118 1455 1259 1510 estimare
1282 1466 1355 1522 opus
1377 1452 1537 1522 proprium.
1554 1451 1694 1519 Verbum,
1720 1453 1798 1522 quod
1826 1461 1867 1510 εει

111 1543 249 1613 loquendi,
278 1556 344 1598 cum
369 1544 400 1598 io
421 1541 549 1598 interiori
572 1541 688 1597 homine
702 1540 810 1596 liabent
833 1542 961 1611 quatuor
1013 1544 1141 1612 visitare,
1157 1557 1224 1599 cum
1245 1543 1281 1597 sit
1308 1540 1564 1612 frequentativum,
1588 1540 1722 1597 bilariam
1744 1542 1773 1597 in
1795 1541 1868 1598 Scri·

112 1638 213 1687 contra
231 1631 303 1686 dnos
327 1631 435 1699 primas
456 1644 493 1687 ex
517 1629 617 1700 aliqua
639 1644 670 1686 re
691 1630 852 1685 occasiones
872 1629 960 1686 alter-
984 1676 1003 1729 it
1019 1633 1112 1703 pturis
1134 1631 1285 1701 accipitur,
1312 1636 1344 1686 ει
1358 1636 1420 1685 εει;
1441 1651 1452 1678 ι
1481 1628 1609 1686 visitabo
1629 1629 1658 1685 in
1678 1629 1762 1701 virga
1780 1632 1866 1700 (Psoi.
1904 1654 1905 1664 ι

112 1719 208 1775 candi.
225 1719 297 1774 ilinc
311 1725 354 1774 εει
369 1718 447 1789 quod
461 1719 603 1789 sequitur.
1018 1735 1157 1784 nxxxvm,
1171 1720 1226 1787 33).
1247 1738 1258 1766 »
1276 1717 1312 1773 Et
1329 1732 1365 1771 :u
1393 1716 1485 1774 Visite
1505 1731 1558 1773 nos
1583 1717 1613 1773 in
1641 1717 1761 1774 salutari
1784 1718 1868 1789 (Psoi.

152 1829 162 1856 ι
181 1808 216 1864 Et
232 1807 306 1864 dixit
334 1808 475 1864 Dominus
501 1807 537 1862 ad
564 1807 654 1864 Osce:
683 1805 772 1874 Vade,
800 1820 882 1861 suine
911 1805 963 1862 tibi
1017 1825 1064 1878 ev,
1080 1810 1117 1880 4),
1133 1829 1147 1862 a
1162 1816 1190 1864 ει
1202 1806 1399 1863 assiduitatem
1413 1806 1520 1862 divine
1534 1806 1691 1863 introrsum
1713 1807 1870 1863 correctio-

117 1918 127 1944 »
146 1910 267 1952 uxorem
280 1894 512 1963 iornioetionum,
526 1904 553 1951 et
568 1895 612 1951 tac
632 1894 705 1950 tilios
729 1894 962 1961 fornicationum,
1018 1900 1062 1956 nis
1076 1898 1212 1954 insinuat.

117 2006 127 2032 ι
147 1986 217 2055 quia
231 1983 376 2040 fornicans
399 1984 591 2041 fornicabitur
611 1991 686 2039 terra
700 1997 718 2038 a
731 1983 859 2038 Domino.
881 2002 892 2030 ι
918 1983 965 2037 Ad
1054 1985 1140 2042 Israel
1158 1998 1208 2054 pro
1223 1982 1327 2039 ellectu
1341 1982 1452 2040 carnali
1466 1983 1626 2053 posuimus,
1648 1983 1709 2053 qui,
1725 1982 1788 2040 sine
1803 1985 1869 2051 beo,

116 2074 181 2130 Osee
199 2074 327 2127 bominac
341 2071 419 2140 dicit,
445 2086 512 2128 curn
534 2085 636 2127 causas
650 2069 793 2127 interioris
816 2077 899 2126 actus
928 2070 965 2127 ab
1019 2074 1169 2143 seductor3
1185 2087 1253 2128 curn
1269 2072 1336 2139 Deo,
1356 2071 1487 2142 princeps
1498 2078 1525 2127 ει
1539 2071 1665 2127 directus
1675 2078 1728 2127 est.
1752 2074 1872 2139 Regnum

114 2159 249 2217 exteriori
264 2159 379 2232 ingerit.
399 2160 484 2230 Vade,
502 2159 607 2230 iuquit,
624 2173 660 2214 ne
674 2159 784 2229 majora
803 2158 837 2214 de
854 2168 880 2215 te
898 2173 966 2215 sen-
1020 2167 1153 2234 quiescere
1165 2161 1232 2218 iacit
1255 2162 1339 2228 Deus,
1361 2174 1428 2215 cnm
1450 2160 1577 2216 mitiores
1602 2160 1696 2216 reddit
1718 2160 1870 2216 turbulen-

115 2249 170 2305 tias
184 2263 274 2320 quain
288 2249 431 2320 competit,
454 2249 546 2306 sciens
563 2249 643 2320 quia,
663 2248 734 2304 dnm
758 2247 879 2315 advivis,
899 2263 966 2304 caro
1020 2253 1089 2309 tiam
1103 2259 1190 2321 atque
1204 2248 1368 2320 superbiam
1378 2248 1507 2318 ejusdem
1522 2247 1647 2304 earnalis
1661 2246 1792 2304 affectus.
1808 2248 1872 2305 Non

116 2337 255 2393 adversus
269 2336 404 2408 spiritum
420 2337 597 2408 concupiscit
611 2336 682 2408 (dol.
706 2352 735 2402 v,
758 2337 813 2406 ii),
830 2336 878 2392 sed
893 2352 967 2391 eume
1019 2341 1096 2399 enim
1129 2339 1202 2396 dixit
1228 2337 1357 2401 deiicere,
1385 2337 1433 2393 sed
1463 2339 1610 2405 quiescere,
1640 2344 1673 2393 ut
1696 2346 1739 2393 εει
1762 2336 1836 2393 iilud
1864 2352 1870 2392 :

117 2426 288 2480 tibicaorem
307 2424 529 2492 fornicationum,
552 2424 638 2481 idest
661 2424 771 2481 ascribe
787 2422 839 2480 tibi
862 2424 966 2481 volun·
1024 2453 1035 2481 ι
1055 2431 1207 2487 Peccatum
1218 2426 1407 2483 invobisnon
1421 2425 1619 2482 dominabitur
1631 2427 1718 2494 (Rom.
1732 2440 1771 2483 vi.
1789 2426 1870 2497 iij„

117 2522 214 2582 tatem,
243 2515 304 2570 eine
328 2527 388 2584 qua
412 2528 464 2570 nec
488 2514 596 2570 bonum
623 2526 676 2570 εεε
695 2512 803 2569 ιεειεει
825 2513 866 2576 iit,
888 2512 968 2569 lasci·
1022 2519 1107 2591 piane
1119 2516 1218 2573 nolens
1231 2515 1334 2583 dicere,
1350 2531 1404 2569 non
1417 2517 1479 2569 erit.

118 2603 243 2659 viantem
267 2616 318 2671 per
341 2601 496 2659 volutabra
517 2601 749 2670 delectationum,
778 2606 804 2657 ct
827 2604 873 2669 tec
894 2603 968 2671 filios
1057 2607 1143 2663 Vnus.
1160 2608 1186 2659 5.
1200 2633 1234 2643 -
1250 2625 1264 2653 e
1280 2603 1353 2659 Etin
1366 2603 1414 2659 illa
1426 2603 1832 2661 dieconteramarcumlsrael
1844 2605 1875 2661 iu

117 2692 342 2756 fornicationum,
370 2703 457 2760 opera
490 2689 621 2747 videlicet
654 2689 834 2746 diversorum
870 2704 967 2747 exces-
1023 2692 1273 2752 valleiezrabei.»
1292 2693 1382 2746 icitia
1397 2691 1451 2759 die,
1467 2691 1521 2747 hoc
1536 2699 1579 2747 εει
1595 2691 1686 2748 inilia
1708 2692 1874 2750 visitatione

119 2792 216 2834 suum.
1024 2783 1123 2841 divina
1138 2795 1224 2839 arcus
1245 2779 1331 2836 israel
1347 2779 1515 2847 conteritur,
1532 2780 1602 2850 quia
1616 2781 1876 2838 subdolaeatlectus

155 2866 223 2922 ilaec
237 2873 279 2922 εει
292 2880 368 2922 uxor
382 2879 448 2936 quae
468 2865 497 2920 in
509 2865 658 2938 Evangelii
673 2865 811 2936 parabola
825 2880 892 2922 cum
905 2866 971 2922 tiliis
1024 2872 1114 2928 nostri
1134 2867 1333 2939 suggestiones
1355 2865 1473 2936 superni
1494 2865 1601 2922 amoris
1619 2866 1769 2937 diligentia
1789 2867 1877 2923 deco-

120 2955 182 3010 snie
191 2954 312 3025 iubetur
331 2954 417 3011 vendi
443 2955 553 3023 (dictet.
578 2969 658 3020 xviii,
680 2955 737 3026 ab),
753 2955 807 3010 boc
830 2963 873 3011 est
888 2963 969 3011 extra
988 2976 1008 3032 q
1026 2965 1169 3031 quuntur.
1191 2957 1226 3011 Et
1244 2957 1296 3011 boc
1312 2955 1343 3010 dt
1355 2957 1384 3008 ta
1399 2954 1470 3010 valle
1493 2954 1627 3017 lecrubct,
1653 2953 1683 3008 in
1712 2952 1890 3012 hnmilitate.

121 3043 280 3100 libertatern
314 3042 426 3100 arbitrii
458 3043 489 3099 in
523 3043 675 3112 reprobum
706 3057 824 3100 sensum
848 3044 970 3111 [abduci.
1025 3041 1156 3098 videlicet
1171 3048 1241 3098 1εὸ
1256 3056 1322 3112 quae
1337 3055 1374 3098 ex
1402 3041 1556 3098 seminario
1577 3041 1628 3098 bei
1650 3041 1761 3098 timoris
1781 3043 1876 3099 solum

121 3131 211 3200 Sume,
241 3131 347 3202 inquit,
372 3147 495 3200 eruorem,
518 3136 544 3186 et
562 3133 610 3197 suc
626 3133 711 3200 filios,
735 3131 828 3188 idest
853 3132 972 3189 firmiter
1026 3130 1109 3187 modo
1118 3130 1258 3201 originem
1275 3130 1369 3198 babet,

124 3219 174 3276 tibi
191 3232 316 3289 propone
331 3234 388 3276 non
409 3220 484 3276 bona
507 3234 574 3292 quae
598 3221 708 3292 cogitas
725 3228 753 3277 et
774 3235 899 3289 exerces,
923 3221 972 3277 sed
1061 3218 1133 3275 Nota
1162 3218 1362 3288 propheticum
1395 3232 1514 3287 morem,
1544 3217 1623 3289 quod
1663 3218 1765 3275 crebro
1801 3232 1879 3289 repe

124 3307 329 3378 cogitationum
353 3307 486 3364 libidines
515 3317 542 3365 ει
565 3308 654 3364 luxus
685 3316 832 3379 externos3
857 3324 910 3365 nec
943 3310 972 3366 id
1028 3314 1092 3363 tunt
1120 3307 1150 3362 in
1173 3307 1219 3361 die
1249 3306 1307 3375 illa,
1331 3305 1556 3363 demonstrativo
1581 3307 1752 3376 pronomine
1778 3314 1878 3362 osten-

126 3397 243 3467 injuria,
258 3399 398 3463 {emicans
413 3398 489 3454 euim
506 3396 637 3465 interius,
652 3405 680 3453 ει
699 3397 783 3468 quasi
808 3402 974 3467 apostatans
1028 3396 1222 3466 dentesqnam
1239 3394 1376 3465 frequens
1390 3395 1482 3451 inesse
1501 3395 1588 3451 menti
1612 3395 1712 3451 debeat
1735 3395 1810 3451 lucis
1831 3395 1878 3450 in-

124 3486 387 3552 consuetudinarie,
417 3485 545 3541 exterius
575 3485 661 3541 etiem
695 3485 854 3541 fornicatur
881 3486 970 3556 (Pron.
1027 3492 1115 3541 ternae
1148 3483 1309 3554 presentia.
1337 3484 1631 3541 consuetudinarium
1655 3498 1775 3556 quoque
1800 3484 1878 3541 Scri-

126 3589 164 3640 vi,
195 3572 249 3644 ii),
273 3588 331 3642 oro,
361 3581 393 3630 ει
417 3572 550 3630 Salomon
579 3574 629 3642 ait,
659 3573 793 3645 gradiens
828 3587 972 3644 perverso.
1027 3573 1121 3644 pturis
1135 3580 1177 3629 εει
1192 3589 1285 3627 orcum
1301 3587 1353 3641 pro
1365 3572 1475 3628 insidiis
1493 3587 1607 3643 ponere.

129 3664 221 3729 Terra,
235 3662 263 3719 id
277 3670 319 3720 est
331 3662 488 3732 corporalis
501 3663 654 3733 appetitus,
671 3679 689 3717 o
710 3665 830 3718 bornam.
1062 3663 1149 3719 Vnus.
1166 3664 1192 3716 ε.
1203 3690 1237 3703 -
1254 3683 1265 3711 ‹
1282 3661 1318 3716 Ει
1328 3661 1456 3730 concepit
1478 3662 1574 3718 adbuc
1598 3669 1626 3718 et
1646 3663 1755 3733 peperit
1777 3661 1878 3718 tiliam.

163 3749 248 3807 Vens.
270 3752 296 3805 3.
320 3779 350 3790 -
375 3771 389 3800 «
414 3749 449 3806 Et
473 3750 552 3816 abiit,
576 3758 603 3806 ει
627 3750 734 3817 accepit
753 3750 857 3806 Gomer
885 3750 974 3806 liliam

131 3838 309 3907 nbebeiaim,
329 3845 357 3894 et
379 3839 515 3908 concepit,
540 3847 568 3896 ει
591 3839 699 3908 peperit
720 3838 821 3895 tilium.
848 3860 859 3888 ι
883 3840 972 3906 Abiit,

129 3942 194 3983 curn
211 3927 284 3983 asni
304 3926 372 3982 boni
392 3935 474 3983 actus
492 3926 727 3992 consideratione,
750 3927 914 3997 fiduciaque
929 3941 973 3984 re·

129 4015 213 4071 cedit.
241 4015 345 4071 Gorner
371 4014 578 4084 interpretatur
603 4017 688 4081 beas,
715 4015 744 4070 id
771 4023 814 4071 est
839 4015 974 4082 cisterna,

130 4101 275 4158 Debelaim
296 4103 397 4170 palate
418 4117 518 4157 eorum.
543 4101 616 4158 Sunt
638 4110 735 4159 antem
758 4102 858 4172 paiaiae
874 4104 975 4160 caricae

131 4197 266 4254 recentes,
283 4189 358 4246 inter
372 4189 446 4246 duas
460 4190 540 4258 palas
552 4191 706 4260 premendo
721 4191 751 4246 in
771 4190 888 4247 modum
904 4192 976 4249 late-

1030 3751 1094 3807 »Et
1110 3748 1183 3806 dixit
1197 3749 1233 3806 ei.
1256 3749 1333 3805 Voca
1356 3763 1461 3805 nomen
1483 3750 1546 3821 ejus
1574 3750 1690 3820 Absque
1714 3749 1880 3808 misericor-

1031 3860 1042 3888 »
1059 3840 1120 3906 dia;
1134 3838 1205 3910 qnia
1220 3852 1278 3894 non
1288 3837 1391 3894 addam
1408 3839 1484 3894 ultre
1508 3838 1637 3894 misereri
1658 3839 1755 3895 domui
1782 3837 1881 3902 israel,

1031 3950 1042 3979 ι
1069 3926 1118 3985 sed
1142 3926 1287 3983 oblivione
1311 3926 1465 3982 obliviscar
1479 3941 1589 3983 eorum.
1605 3927 1728 3983 »Adbuc
1745 3927 1881 3996 concipit,

1029 4017 1176 4086 liliamque
1191 4016 1274 4085 parit,
1290 4029 1356 4072 cum
1374 4023 1435 4086 post
1454 4015 1618 4086 rigidiorem
1642 4023 1749 4072 statum
1773 4016 1810 4071 ad
1838 4016 1882 4071 in·

1030 4105 1156 4162 firmiora
1173 4118 1229 4161 non
1246 4103 1349 4160 solumi
1364 4104 1517 4174 cogitanda
1536 4104 1585 4159 sod
1609 4103 1695 4160 eiiam
1720 4105 1884 4175 peragenda

1030 4208 1091 4249 sese
1105 4192 1239 4249 dedectit.
1255 4192 1279 4247 Α
1301 4192 1359 4248 Deo
1375 4199 1470 4248 tamen
1493 4193 1653 4262 imperatur
1666 4198 1698 4248 ut
1713 4208 1810 4247 nomen
1824 4193 1883 4263 ejus

131 4293 197 4337 rum
212 4285 376 4347 compacte.
394 4279 490 4335 eomer
504 4279 616 4348 accipit,
633 4293 701 4335 cum
724 4280 814 4335 solam
831 4278 979 4336 lasciviam
999 4273 1143 4352 Deosque
1157 4280 1346 4336 misericordia
1360 4288 1487 4348 vocetur,
1512 4281 1581 4351 quia
1603 4294 1716 4351 semper
1737 4295 1775 4336 ex
1799 4281 1884 4337 ratio

133 4366 215 4440 quasi
230 4365 353 4434 laticem,
372 4381 438 4437 quae
463 4367 541 4424 intra
565 4382 594 4424 se
619 4367 696 4436 latet,
719 4368 848 4425 attendit.
867 4370 901 4425 lit
919 4369 980 4424 bac

131 4454 241 4513 estillia
257 4454 414 4523 Debelaiur,
430 4454 501 4526 quia
513 4470 684 4512 venenosam
699 4455 879 4513 dulcedinem
891 4471 978 4512 mun-

132 4541 225 4610 dialis,
245 4557 311 4613 quae
326 4556 376 4613 per
391 4544 470 4614 palas
485 4544 628 4616 signatur,
645 4543 780 4614 voluptas
792 4545 829 4602 eb
844 4545 889 4602 sui
904 4544 979 4601 dila-

133 4630 268 4688 tationem
284 4630 386 4703 gignit.
410 4631 539 4703 Concipit
554 4640 661 4699 tamen,
672 4641 701 4689 ei
715 4633 789 4703 parit
808 4647 866 4689 non
879 4633 978 4702 tiliam,

134 4719 182 4777 sed
200 4721 299 4795 filium,
315 4720 385 4792 quia
400 4721 470 4778 dum
486 4721 515 4778 in
532 4722 592 4778 suis
610 4722 664 4778 sibi
686 4722 797 4779 vilescit
819 4722 979 4790 obtutibus,

134 4823 192 4864 non
206 4810 393 4879 consequitur
407 4808 570 4866 effeminata
583 4811 726 4879 mollities,
742 4810 790 4867 sed
809 4811 979 4878 masculina,

135 4905 167 4955 ut
181 4897 221 4954 sic
236 4897 359 4954 dixerim
377 4899 480 4955 virtus.

169 4987 255 5044 Vens.
283 4989 310 5042 i.
326 5010 386 5037 -ι
414 4988 450 5044 Et
465 4987 539 5044 dixit
562 4987 700 5044 Dominus
724 4988 761 5044 ad
790 5002 881 5044 euni:
905 4989 982 5045 Voce

135 5097 149 5124 υ
165 5091 270 5132 εειεεε
286 5077 349 5148 ejns
361 5076 500 5145 lezrahel,
521 5077 657 5148 quoniam
672 5077 772 5132 adbuo
786 5076 941 5144 modicum,
955 5084 982 5134 ει

136 5163 286 5221 »visitabo
301 5165 473 5238 sanguinem
488 5165 626 5233 terranei,
647 5179 735 5235 super
756 5166 874 5222 domum
896 5167 980 5233 lehn,

139 5273 149 5299 ι
166 5258 195 5308 ει
207 5254 353 5322 quiescere
370 5254 470 5311 faciam
487 5268 610 5326 regnum
626 5253 729 5310 domus
741 5254 838 5310 israel.
858 5275 868 5304 ι
887 5256 982 5309 Domi-

134 5355 186 5395 nus
200 5341 237 5395 cd
251 5357 310 5396 cum
326 5343 404 5409 dicit,
418 5357 485 5399 cuni
501 5344 579 5414 quod
595 5357 681 5413 super
695 5357 747 5399 suo
768 5349 845 5399 statu
862 5355 982 5411 pensare

136 5429 248 5495 debeat,
276 5430 407 5487 ostendit.
430 5432 556 5488 iezrabel
582 5433 787 5502 interpretatur
809 5446 897 5486 semea
920 5433 981 5486 bei.

136 5520 239 5576 semen
253 5531 322 5591 ergo
336 5519 387 5576 Dei
400 5520 498 5578 vocari
510 5520 587 5578 iliius
604 5519 780 5594 praecipitur,
798 5518 868 5592 qnia
897 5519 984 5576 robu-

1033 4370 1142 4427 nissibi
1158 4369 1360 4426 deliberatione
1383 4369 1536 4440 ingeritur,
1561 4384 1597 4425 ne
1618 4384 1686 4441 erga
1711 4370 1807 4425 carnis
1821 4384 1883 4426 me·

1034 4459 1205 4514 cenationem
1234 4458 1332 4529 aiiqna
1363 4458 1435 4513 ialsa
1472 4457 1575 4528 pietate
1603 4458 1749 4514 moliatur.
1787 4457 1884 4514 Solent

1035 4546 1111 4603 enirn
1133 4546 1184 4617 qni
1207 4546 1330 4618 vigilant
1356 4546 1472 4602 cerebro
1500 4560 1553 4602 suo
1582 4547 1697 4616 timere;
1726 4547 1778 4617 qui
1803 4546 1883 4612 dent,

1034 4634 1202 4706 oculis;qui
1222 4635 1366 4706 jejnnant,
1397 4636 1509 4705 corpori
1539 4635 1685 4692 universo.
1712 4635 1776 4691 Non
1805 4634 1884 4706 quod

1036 4723 1452 4780 horumnimietasinbibenda
1470 4723 1589 4791 nonsit,
1612 4724 1660 4780 sed
1684 4723 1763 4795 quod
1787 4722 1811 4779 si
1837 4723 1885 4778 ni-

1035 4813 1125 4869 mium
1150 4812 1324 4884 levigentur,
1341 4813 1423 4869 obsit.
1446 4812 1497 4869 Cui
1522 4812 1768 4882 concinitilludl:
1789 4833 1799 4862 ι
1822 4812 1886 4868 Ρει-

1036 4901 1086 4968 ιεε,
1116 4901 1222 4972 inquit,
1255 4901 1510 4958 tabernaculorum
1538 4908 1656 4957 tuorum
1677 4900 1811 4967 extende,
1832 4914 1886 4956 ne-

1036 5003 1137 5061 parcas
1161 4990 1238 5060 (isui.
1269 5003 1326 5058 niv,
1347 4990 1384 5057 2).
1405 4987 1515 5057 »Quod
1541 4995 1583 5045 εει
1597 4989 1714 5045 dicere:
1742 4988 1886 5058 Exempla

1035 5085 1211 5145 sanctorum,
1242 5092 1368 5147 quorum
1405 5077 1576 5134 auctoritate
1610 5076 1743 5143 muniris,
1780 5077 1809 5133 in
1837 5084 1886 5132 tuo

1035 5181 1120 5235 opere
1142 5166 1204 5223 sine
1228 5166 1288 5222 ulla
1313 5166 1513 5223 retractatione
1526 5179 1665 5237 propaga.
1692 5165 1755 5222 Non
1775 5179 1805 5222 se
1836 5165 1887 5220 ad-

1035 5255 1165 5311 diturum
1195 5255 1271 5311 Dens
1298 5253 1425 5311 misereri
1449 5254 1537 5310 israel
1560 5254 1721 5324 pollicetur,
1744 5253 1815 5310 dum
1837 5266 1887 5323 per

1037 5342 1226 5423 instinctuum
1237 5357 1324 5399 suuni
1349 5350 1449 5399 eontra
1463 5357 1492 5398 εε
1506 5342 1637 5398 indurari
1647 5341 1746 5398 edocet
1761 5356 1819 5408 eos,
1833 5341 1884 5411 qui

1037 5445 1088 5502 pro
1102 5445 1132 5487 se
1159 5439 1297 5487 aeternam
1311 5431 1523 5500 parcimoniam
1541 5430 1723 5500 profitentur,
1740 5431 1790 5487 sed
1818 5431 1887 5485 obii·

1035 5522 1113 5575 eicite
1124 5518 1252 5577 oblivisci
1263 5535 1364 5587 eorum,
1380 5520 1450 5577 duni
1471 5519 1550 5592 quod
1563 5519 1594 5576 in
1607 5533 1667 5576 sure
1688 5518 1886 5577 conversionis
