3818 6008
539 226 650 284 Gla-§TA
669 227 728 283 but
748 227 818 295 rsit
837 229 1112 288 Pheneos-utu.
1134 231 1187 286 llll.
1687 238 1741 289 790

57 375 60 408 ι
77 353 252 409 Francorum
275 366 399 422 runtorc¹
426 361 575 425 rogarunt.
596 355 663 413 llaec
682 357 794 424 civitas,
809 364 837 414 et
855 358 974 428 Aleria,
991 367 1071 417 tanta
1096 360 1136 429 vi,
1150 367 1231 416 tanta
1251 360 1441 419 unanimitate
1456 362 1623 433 pervaditur
1639 378 1742 421 murus

59 441 104 499 llis
120 442 319 498 vetustissima
335 443 479 498 mansoriae
495 444 678 502 monimentis
690 454 763 502 esset
776 447 838 502 exi·
893 449 974 505 urbis
991 449 1200 516 exterior,utsi
1215 449 1589 520 scalarumapparatusnon
1601 453 1741 517 deessent,

80 531 217 586 universa
238 538 333 586 tamen
364 531 514 587 clarissimi
549 534 684 602 martyris
712 533 835 605 Georgii,
893 537 1071 594 Francorum
1095 538 1232 595 continuo
1259 539 1357 594 ditioni
1388 541 1457 597 urbs
1483 542 1592 610 pariter
1616 554 1649 598 ac
1673 543 1742 598 sub-

57 633 74 676 u
100 619 157 674 illic
181 619 325 689 sepultum
356 628 497 687 asserunt,
526 620 596 675 mihi
620 621 765 677 videretur
784 622 838 678 ob·
891 625 1004 682 urbana
1019 628 1176 683 cessissent.
1203 626 1274 683 'lota
1300 626 1389 698 igitur
1401 629 1589 684 antemuralis
1605 628 1742 686 lentitudo

60 707 120 764 lare
144 707 303 777 presentia.
335 708 487 776 Reperilur
507 707 618 769 ibidem,
632 708 740 765 colonis
759 723 835 766 rece·
891 713 1073 784 irrumpitur,
1089 723 1116 771 et
1130 729 1180 785 per
1199 715 1319 772 minoris
1344 716 1454 783 ruinas,
1471 716 1600 787 plenario
1612 718 1672 788 jam
1688 730 1742 787 pa-

57 796 131 861 ibus,
151 794 320 851 victualium
337 807 424 864 prope
441 794 571 852 omniurn
586 796 734 866 opulentia
746 809 837 867 gran·
891 807 967 857 tente
983 815 1146 874 progressu,
1159 803 1195 860 ad
1210 804 1328 875 majoris
1343 805 1561 876 propugnacula
1578 805 1665 872 muri,
1680 817 1740 860 uua

56 891 83 940 et
102 897 158 939 non
188 884 286 953 paucis
310 881 433 952 praebuit
456 882 558 938 diebus
585 883 716 952 generale
741 882 837 940 subsi-
891 902 957 959 quar
979 888 1103 946 allueret
1132 891 1210 947 scala
1237 891 1404 962 porrigitur.
1430 891 1492 958 Qua
1518 891 1607 948 nostri
1636 892 1740 947 milites

56 985 65 1026 r
88 970 262 1027 exercitibus
281 970 469 1039 hospitandis.
490 970 543 1027 Ubi
565 984 704 1040 proceres,
726 971 835 1027 clerum
890 977 1009 1049 quidam
1025 992 1181 1034 conscensa
1203 979 1348 1047 citissime,
1371 993 1481 1049 coepere
1498 979 1595 1049 praelia
1604 980 1665 1051 jam
1685 982 1740 1036 ha-

58 1058 188 1129 piscopos
220 1060 270 1130 qui
300 1060 435 1115 interesse
475 1067 607 1129 poterant
643 1059 834 1125 consulentes,
890 1065 957 1121 bere
986 1079 1044 1135 prae
1066 1067 1202 1123 manibus
1218 1082 1225 1121 :
1242 1075 1269 1123 et
1291 1067 1341 1124 ubi
1366 1068 1462 1138 jactus
1485 1068 1657 1136 deiecerant,
1681 1076 1740 1124 tota

67 1147 165 1205 lavore
190 1161 289 1204 eorum
315 1146 368 1216 ipsi
390 1146 499 1202 civitati
518 1146 682 1219 eligendum
699 1156 835 1204 taxavere
890 1152 976 1209 tiebat
987 1166 1032 1209 res
1044 1153 1150 1211 lanceis
1172 1163 1199 1211 et
1213 1155 1354 1212 ensibus:
1386 1155 1547 1212 delensores
1562 1156 1696 1224 civitatis,
1712 1164 1740 1212 et

57 1234 158 1293 idcem.
185 1235 237 1291 Coi
252 1234 361 1291 collatis
376 1248 497 1290 suarum
512 1247 609 1291 rerum
620 1234 748 1302 decimis,
762 1250 834 1294 auro
888 1241 1054 1298 eorumdem
1071 1244 1232 1300 obsessores
1244 1242 1319 1300 lerro
1328 1245 1486 1301 decernunt
1499 1243 1738 1301 corninusoccu·

55 1338 70 1382 o
107 1333 285 1395 argentoque
314 1322 463 1389 ditarunt;
485 1322 569 1392 cquis
602 1323 835 1393 animalibusque
889 1329 1016 1387 buerunt
1038 1330 1136 1403 itaque
1164 1331 1492 1400 moltiexnostris,sed
1510 1332 1736 1403 exiliisplures.

55 1410 314 1482 tlciunt,quosine
335 1409 630 1481 dilliciliindigentia,
650 1411 834 1468 sinesummi
924 1415 994 1490 [llll
1050 1418 1202 1476 Sciendum
1251 1430 1347 1476 autem
1394 1422 1531 1490 quoniam
1572 1421 1634 1476 baec
1675 1419 1739 1490 ipsa

58 1499 224 1569 usinjuria,
240 1512 300 1554 sese
313 1506 411 1568 ageret
426 1512 492 1554 trum
508 1512 561 1554 sua
574 1497 691 1555 tamilla.
708 1501 771 1570 lpse
786 1514 834 1557 re·
888 1506 999 1576 civitas,
1038 1521 1104 1564 cum
1140 1509 1236 1564 adbuc
1272 1508 1424 1565 Antiochia
1461 1507 1650 1576 obsideretur,
1683 1509 1737 1565 sob

78 1601 144 1644 curo
168 1587 256 1653 omni,
283 1586 312 1641 in
336 1586 488 1642 commissa
512 1586 565 1643 sibi
587 1588 667 1655 urbe,
696 1588 832 1660 tripudio,
887 1595 1053 1665 uaeregis
1071 1594 1177 1650 ditione
1202 1596 1354 1652 Persarum
1376 1596 1558 1652 detinebatur
1578 1610 1595 1651 a
1624 1596 1736 1652 Turdis.

55 1673 147 1732 ,vitate
159 1675 275 1743 tuenda,
293 1681 321 1731 et
336 1675 370 1731 de
394 1675 513 1731 basilica
526 1676 705 1744 potissimum
727 1691 832 1748 regen·
853 1659 973 1738 BPorro
993 1682 1185 1753 Babylonicus
1202 1683 1367 1753 imperator,
1395 1698 1472 1751 cum,
1501 1684 1574 1741 sicut
1604 1684 1738 1753 superius

54 1761 271 1834 tillclalibusque
295 1763 428 1820 Ecclesia
457 1763 648 1831 instituendis,
669 1765 832 1836 principum
887 1769 1048 1833 retulimus,
1066 1771 1102 1827 ad
1125 1779 1255 1828 nostrum
1281 1772 1388 1844 legatos
1402 1773 1561 1829 exercitum
1578 1772 1737 1839 direxisset,

54 1864 101 1908 roc
114 1850 151 1907 ob
164 1850 277 1909 cultum
296 1864 484 1924 amoremque
498 1852 633 1922 martyris
646 1852 753 1909 obnixe
770 1853 832 1910 lieri
885 1856 1059 1926 explorandi
1087 1864 1194 1913 statum
1222 1866 1385 1914 nostrorum
1412 1858 1591 1915 solummodo
1606 1859 1632 1914 id
1650 1872 1739 1916 causa

54 1948 143 1996 terant
154 1939 323 1996 obedituros
338 1940 464 2010 imperio.
885 1944 1011 2001 eliecisse
1033 1945 1221 2016 dignoscitur.
1250 1945 1417 2002 cumcuim
1437 1946 1582 2002 dirissima
1597 1947 1737 2004 Christia-

319 2028 435 2085 capili
456 2029 492 2084 ll.
885 2046 953 2088 narn
978 2032 1109 2088 militiam
1132 2032 1290 2105 indigentia
1319 2031 1467 2105 profligari
1492 2036 1695 2104 conspicerent,
1709 2043 1736 2091 et

56 2114 75 2187 .]
88 2115 252 2170 detractem
263 2113 466 2172 circuouident
479 2115 649 2174 Chrestiani.
670 2146 705 2158 -
719 2117 752 2173 Et
766 2131 832 2176 ecce
885 2121 1035 2192 optimates
1056 2136 1198 2192 quosque,
1229 2121 1427 2178 deficientibus
1447 2121 1540 2192 equis,
1564 2121 1651 2178 iactos
1674 2123 1735 2192 jam

55 2202 112 2260 lam
127 2217 193 2274 quae
209 2212 248 2260 tot
262 2204 398 2274 penurias
412 2204 454 2260 eis
468 2211 616 2276 genuerat,
632 2212 740 2261 uotam
754 2205 831 2263 sitim
886 2209 993 2280 pedites
1018 2210 1230 2281 comperissent,
1258 2217 1356 2267 nostra
1370 2210 1467 2266 omnia
1481 2210 1666 2282 vilipendere,
1682 2226 1736 2268 uec

53 2305 134 2350 mem
148 2292 290 2349 landluet
306 2301 365 2349 tam
390 2294 492 2350 crebro
517 2302 673 2364 pepererat,
688 2307 776 2351 causa
792 2301 832 2352 tot
884 2298 1045 2371 quidquam
1074 2312 1217 2354 novarum
1237 2298 1329 2354 moliri
1367 2312 1465 2355 rerum
1490 2309 1592 2356 contra
1614 2300 1731 2365 Turcos,

55 2387 157 2443 latum,
191 2381 356 2453 vigiliarum
392 2396 426 2438 ac
460 2381 615 2452 lrtgorum;
645 2382 832 2440 indesinentis
884 2401 960 2458 quos
978 2387 1158 2456 potissimum
1192 2386 1377 2457 patiebantur
1400 2386 1536 2455 inlensos,
1568 2394 1733 2444 nostrorum

53 2483 74 2527 ts
87 2470 207 2540 occasio,
224 2470 381 2528 subeunde
401 2471 523 2527 miseriae
546 2471 828 2540 voluptuosissimum
884 2474 936 2546 qui
960 2483 1061 2531 contra
1080 2489 1129 2532 eos
1146 2474 1356 2531 exercebantur
1384 2473 1490 2530 tiducia
1515 2489 1732 2546 praesumpsere.

53 2559 176 2627 ttivom3
190 2559 226 2615 ad
251 2560 407 2630 appetitum
437 2559 535 2615 mortis
549 2567 576 2615 et
588 2560 717 2615 vulneris
738 2560 827 2617 illex:
884 2564 944 2620 ilex
958 2563 1042 2635 plane
1067 2563 1189 2620 Persidis
1204 2561 1239 2618 de
1255 2561 1435 2632 Babylonico,
1461 2563 1539 2632 quod
1562 2577 1733 2634 usquequa-

53 2647 119 2716 lam,
132 2649 263 2719 iuquam,
278 2647 354 2704 mille
368 2648 575 2705 desideriorum
587 2646 830 2703 millibusattecta·
883 2654 943 2721 que
981 2651 1153 2708 latissimum
1194 2650 1410 2721 perhibebatur,
1446 2650 1573 2721 imperio,
1612 2651 1732 2707 multam

64 2736 161 2804 lauhs,
177 2737 247 2793 dum
274 2736 458 2807 prospicitur,
485 2736 656 2792 moeroribus
680 2749 714 2791 ac
727 2734 829 2805 jubilis
883 2747 1075 2809 usurpaverat
1102 2738 1273 2809 portionem;
1299 2737 1474 2809 sagaciorem
1499 2739 1576 2794 enim
1598 2739 1731 2806 babebat,

52 2833 172 2892 mattam,
200 2825 316 2882 tandem
339 2837 495 2896 pervenere
516 2824 684 2881 Jerusalem.
707 2824 746 2880 lle
770 2837 829 2894 qua
883 2825 1023 2884 bellorum
1038 2825 1189 2893 industria,
1213 2833 1334 2898 gentem.
1350 2825 1499 2895 Comperto
1515 2824 1588 2882 idem
1608 2825 1733 2895 denique

52 2954 54 2967 .
80 2913 116 2971 dc
146 2913 284 2971 Dominicl
316 2912 444 2984 corporis
482 2913 665 2969 mansoribus
692 2911 797 2983 legitur
819 2926 825 2965 :
847 2915 1073 2993 Cilabylonicus
1087 2915 1217 2984 princeps
1238 2914 1316 2986 quod
1331 2914 1443 2980 Franci,
1460 2913 1517 2969 imo
1532 2926 1582 2984 per
1597 2912 1730 2970 Francos.

53 3002 81 3058 la
102 3004 353 3059 manducaverunt
376 3009 402 3057 et
426 3002 670 3071 adoraveruut3»
692 3000 773 3056 itaet
791 2999 826 3056 de
881 3004 957 3059 Deus
971 3002 1063 3058 butio·
1075 3002 1153 3058 biam
1179 3001 1340 3073 subegisset
1358 3000 1557 3057 ethutiochiae
1584 3015 1635 3071 pro
1660 3016 1730 3057 mm·

52 3090 93 3148 lici
108 3099 209 3161 potest,
234 3091 427 3147 adoraverunt
447 3104 510 3146 eant
525 3098 553 3146 et
569 3097 823 3161 expugnaverunt.
880 3091 977 3158 nibus,
990 3090 1141 3147 llurbaran
1158 3090 1251 3160 ipsum
1267 3103 1333 3145 curn
1350 3096 1409 3144 tota
1422 3090 1574 3144 Persarum
1595 3089 1732 3158 superbia

51 3193 82 3237 ro
109 3179 207 3250 itaque
233 3179 311 3235 lunii
330 3180 407 3245 idus,
438 3192 504 3234 curn
534 3181 618 3234 tertia
644 3186 717 3234 esset
742 3177 823 3243 ieris,
879 3175 1063 3244 conludisset,
1086 3185 1202 3246 sumpta
1217 3176 1363 3234 confestim
1378 3176 1517 3246 audacia,
1533 3174 1635 3232 'iureis
1649 3189 1731 3233 arma

63 3268 246 3325 animositate
256 3275 298 3323 est
312 3267 427 3324 obsessa
439 3267 550 3321 civitas.
566 3268 589 3323 Α
610 3265 824 3337 septentrionali
881 3264 995 3334 intulit;
1015 3265 1278 3335 lerosolymamque
1296 3264 1343 3320 cui
1372 3263 1596 3320 dominabantur
1611 3264 1728 3321 obsedit.

52 3369 66 3414 r
87 3356 180 3428 plage,
200 3369 294 3412 comes
307 3368 371 3411 eam
397 3355 538 3410 Robertus
552 3354 700 3412 obsederat
715 3354 824 3411 North·
878 3353 950 3421 Qua,
966 3354 1060 3409 nescio
1082 3352 1110 3408 vi
1133 3362 1184 3409 aut
1213 3352 1312 3423 aliqua
1334 3350 1583 3419 conitederatione,
1606 3361 1728 3423 recepta,

51 3457 159 3509 norum,
173 3443 259 3515 juxta
274 3457 336 3499 eam
353 3443 428 3500 beati
444 3443 579 3513 Stephani
596 3444 754 3508 ecclesiam,
773 3442 823 3499 obi
879 3442 908 3497 in
923 3441 985 3511 ipsa
1000 3439 1152 3511 turrique
1170 3440 1277 3497 dicitur
1294 3439 1381 3495 bavid
1398 3447 1426 3496 et
1441 3453 1528 3509 quarn
1546 3439 1659 3510 proprie
1674 3439 1729 3496 dici

51 3540 89 3590 ter
111 3531 216 3589 Filium
253 3532 387 3595 bominis,
422 3545 508 3602 quem
536 3545 553 3586 a
580 3530 689 3586 dextris
718 3529 768 3585 Dei
793 3544 823 3588 se
878 3536 1012 3598 potamus
1037 3529 1114 3585 dion.
1144 3528 1305 3585 'lurcorum
1339 3527 1479 3596 plurimos
1508 3526 1544 3582 ad
1568 3527 1728 3583 custodiam

51 3635 79 3679 te
103 3621 277 3677 clamaverat
304 3627 438 3685 stantem,
463 3634 480 3674 a
507 3619 615 3676 ludaeis
635 3626 677 3675 est
700 3618 823 3675 obrutos
877 3617 971 3672 nescio
985 3630 1023 3672 an
1038 3616 1074 3672 ad
1089 3616 1248 3672 dominium
1264 3615 1416 3671 dimisere:
1442 3614 1476 3669 de
1495 3616 1603 3683 quibus
1616 3622 1729 3671 constat

50 3722 221 3766 esaxorum.
234 3709 289 3765 'Ab
304 3707 471 3764 occidentali
486 3710 581 3786 autern
596 3706 822 3776 opponiturdux
876 3704 945 3774 quia
966 3712 1130 3760 nostrorum
1153 3703 1295 3759 neminem
1324 3703 1398 3759 inter
1412 3702 1601 3759 obsidendum
1613 3702 1728 3773 penitus

51 3796 142 3855 lridue
187 3810 281 3853 comes
311 3796 506 3860 Plandreusis,
539 3804 567 3851 et
592 3794 768 3851 Taucredus.
797 3795 821 3850 h
876 3806 1010 3858 nocuere,
1041 3791 1092 3848 soli
1118 3792 1192 3848 arcis
1220 3791 1356 3848 custodiae
1380 3791 1432 3862 qui
1462 3790 1588 3860 deputati
1612 3792 1727 3848 lueraut

50 3885 93 3943 dis
111 3885 221 3942 obsedit
235 3899 298 3941 eam
314 3899 408 3941 comes
423 3883 518 3940 Sancti
533 3883 650 3954 AEgidii,
674 3882 703 3938 in
725 3890 822 3938 monte
876 3879 993 3951 pacifice
1022 3879 1179 3937 intendere.
1209 3882 1315 3937 contra
1348 3879 1520 3935 Sarracenos
1543 3891 1612 3950 ergo
1636 3880 1726 3936 nostri

51 3973 104 4030 icet
125 3972 201 4042 Sion,
217 3974 294 4029 circa
320 3972 468 4030 ecclesiam
495 3972 585 4028 beate
611 3969 708 4026 diarias
735 3969 819 4027 Geni·
876 3968 1045 4039 bujosbelli
1061 3968 1262 4025 commercium
1280 3968 1417 4025 habuere.

50 4080 52 4113 l
72 4061 197 4128 bomini,
226 4063 276 4119 ubi
306 4061 444 4118 Dominus
470 4074 537 4116 cum
562 4058 622 4115 suis
651 4059 687 4114 ad
708 4071 820 4114 omnam
911 4057 984 4130 [tv]
1000 4059 1122 4114 Summa
1140 4073 1237 4111 rerum
1260 4055 1726 4129 omniumindigentioofflictcn·

50 4165 65 4208 e
99 4163 188 4221 qoam
218 4158 373 4220 pateretur,
404 4148 496 4205 lertur
532 4146 712 4203 discubuisse
733 4146 818 4202 disei-
875 4149 921 4201 tur
936 4145 1109 4203 Christiani.
1134 4147 1275 4218 -lgitur
1293 4147 1322 4202 in
1336 4160 1371 4202 ea
1388 4145 1544 4214 obsidione,
1567 4160 1656 4216 panes
1674 4146 1725 4219 qui

837 4232 1038 4291 [temerentur
1060 4234 1179 4305 reperiri
1202 4249 1260 4291 non
1287 4241 1428 4306 poterant,
1450 4241 1476 4291 et
1495 4248 1546 4304 per
1560 4234 1620 4290 dies
1645 4236 1725 4290 circi-

49 4325 151 4382 rtiaad
172 4325 273 4381 urbem
297 4325 550 4380 adventuseorum
567 4323 621 4385 die,
638 4323 819 4381 Raimundus
873 4329 915 4378 ter
941 4322 1030 4380 denos
1054 4323 1143 4394 hujus
1167 4322 1271 4393 passim
1300 4322 1410 4378 exstitit
1436 4321 1591 4379 dildcultas
1611 4323 1722 4379 edulii:

53 4413 139 4485 cujus
163 4414 192 4469 in
215 4413 397 4483 expeditione
421 4411 643 4469 Dominicanon
666 4412 818 4467 minimum
873 4412 964 4468 donec
979 4413 1054 4468 bens
1079 4411 1161 4467 nobis
1190 4411 1343 4478 assisteret,
1375 4410 1485 4481 allapsa
1515 4411 1610 4481 portui
1636 4411 1723 4481 ioppe

49 4501 111 4558 cula
139 4503 317 4567 claruerunt,
351 4501 406 4566 ille,
439 4500 569 4571 inquam,
591 4514 678 4569 quern
703 4499 818 4555 Pilitum
873 4501 963 4557 nostri
991 4499 1080 4557 classe
1103 4500 1222 4571 navigii.
1252 4499 1366 4570 Parque.
1393 4498 1447 4556 luit
1486 4512 1619 4569 pressura
1649 4498 1720 4566 sitis,

51 4591 207 4658 minabant,
227 4604 295 4647 cum
315 4589 440 4661 quodam
457 4603 511 4644 suo
522 4588 697 4659 cognomini,
714 4587 819 4645 illustri
873 4589 944 4645 adeo
959 4594 990 4645 ut
1017 4603 1074 4645 non
1090 4588 1173 4645 modo
1199 4588 1252 4658 ipsi
1279 4587 1328 4643 tali
1347 4586 1545 4644 miserabiliter
1560 4586 1722 4643 fatiscerent

49 4678 157 4748 nviro,
181 4679 304 4749 aliisque
327 4677 552 4748 quamplurimis
580 4675 758 4747 longiuscule
782 4677 818 4734 ab
873 4677 1069 4747 incommod03
1089 4677 1137 4733 sed
1160 4677 1247 4733 etiam
1266 4690 1357 4746 equos
1370 4689 1437 4731 suos
1457 4689 1524 4730 curn
1544 4675 1654 4731 caeteris
1670 4675 1722 4746 ju-

52 4766 126 4824 lonis
151 4767 212 4823 loco
227 4765 370 4836 processit,
386 4766 411 4820 si
430 4778 505 4835 quos
528 4764 750 4830 lortehostium,
777 4766 818 4821 uti
873 4764 986 4831 mentis,
1019 4777 1070 4836 per
1094 4778 1145 4821 sex
1173 4764 1296 4821 millium
1321 4763 1424 4833 spatia,
1454 4761 1554 4833 procul
1585 4764 1719 4833 potanda,

48 4864 53 4911 t
75 4853 162 4920 soliti,
185 4853 352 4910 oberrantes
367 4852 404 4908 ad
424 4859 588 4908 nostrorum
604 4851 721 4908 insidias
736 4866 819 4922 repe·
873 4853 1056 4921 deducerent,
1077 4853 1132 4909 sub
1148 4852 1273 4909 hostium
1300 4851 1593 4909 circumcursantium
1622 4852 1721 4908 timore

48 4941 228 5013 {obtingeret
249 4941 367 5005 dtecce,
384 4940 574 4997 ducentorum
588 4938 676 4996 lerme
690 4940 820 4996 Arabum
873 4941 972 4997 nimio.
1002 4939 1086 5011 syloa
1111 4954 1213 5010 nempe
1236 4940 1309 5007 tons,
1323 4953 1360 4996 ex
1382 4939 1549 5010 Evangelici
1563 4939 1630 4996 caci
1646 4947 1720 4996 rele-

48 5029 176 5088 tintulit
201 5036 317 5099 repente
344 5027 521 5097 manipulus,
543 5042 616 5099 quos
638 5027 820 5085 Raimondus
872 5029 965 5086 ctione
1004 5028 1199 5100 procognitus,
1233 5028 1325 5099 quia
1355 5027 1503 5084 radicibus
1531 5027 1597 5084 Sion
1616 5028 1721 5085 montis

48 5117 113 5186 idit,
141 5117 254 5175 leonina
278 5116 388 5174 levitate
407 5115 584 5188 aggreditur,
600 5122 628 5173 et
646 5123 706 5172 tota
718 5130 819 5174 eorum
872 5117 1003 5191 emergit,
1027 5118 1104 5189 ipsos
1122 5117 1216 5174 alebat
1233 5132 1239 5171 :
1254 5131 1320 5188 quae
1341 5130 1420 5188 aqua
1443 5130 1556 5173 summa
1577 5116 1721 5188 siquidem

47 5207 104 5275 cia,
118 5207 175 5264 beo
190 5205 235 5276 {eis
254 5206 411 5273 insistente,
433 5203 588 5276 subigitur.
618 5205 820 5263 Plurimisita-
873 5207 950 5264 inter
976 5220 1025 5264 eos
1055 5206 1216 5263 caritudine
1252 5205 1440 5263 vendebatur.
1466 5204 1621 5274 Postquam
1654 5220 1722 5278 ergo

48 5295 234 5370 interemptis,
255 5294 405 5365 captisque
420 5292 537 5350 tricenis
557 5292 650 5364 equis,
667 5292 761 5350 laetam
783 5294 819 5351 ad
874 5296 961 5353 missa
985 5295 1089 5368 legatio
1112 5294 1219 5365 toppen
1247 5294 1391 5366 appulisse
1417 5293 1536 5367 navigia
1565 5294 1720 5357 nuntiavit.

47 5382 132 5440 cltum
146 5383 182 5439 de
204 5381 333 5439 claritate
354 5380 490 5438 facinoris
515 5388 697 5452 reportavere
726 5383 820 5441 victo·
873 5383 1084 5441 communicato
1111 5383 1237 5440 seniores
1261 5382 1392 5452 consilio,
1416 5390 1579 5455 proponunt
1606 5383 1720 5451 milites,

51 5470 284 5543 .hlteriuscrgo
300 5469 485 5527 hebdomadae
499 5469 626 5527 emunda
641 5470 820 5528 illucescente
872 5470 991 5543 quosad
1014 5471 1133 5528 tutelam
1162 5471 1282 5529 navium
1307 5484 1341 5527 ac
1370 5471 1520 5529 hominum
1547 5470 1722 5529 lunaribus
