3818 6008
479 277 526 335 DE
549 277 760 337 otobontnns
778 278 1001 336 molosson.
1015 308 1050 322 -
1065 276 1128 334 nto.
1151 277 1186 332 ll.
1648 278 1701 334 646

56 424 194 479 iocansne,
210 408 329 467 ebertus
350 409 574 469 exinanitionem
593 409 684 467 lacere
703 410 840 470 nulla-A
890 409 994 466 Passus
1017 416 1060 465 est
1083 408 1181 480 itaque
1204 416 1231 464 et
1257 416 1398 473 mortuus,
1423 407 1494 480 quia
1517 407 1618 477 voluit,
1642 422 1701 465 non

56 500 213 558 innitatur.
854 500 931 569 quod
946 498 1091 563 eandam
1113 498 1173 568 loge
1194 497 1334 554 debuerit.
1360 497 1451 564 Quam
1475 512 1542 569 ergo
1566 497 1701 554 similitu-

56 589 127 646 trimi
152 589 276 645 bominis
298 587 391 659 primo
413 596 500 654 statu,
526 587 548 643 si
573 586 680 657 peceati
701 587 799 655 cujus·
854 586 950 642 dinem
973 585 1077 642 Cbristi
1109 587 1249 656 passibilis
1277 592 1304 641 et
1328 585 1456 641 mortalis
1481 585 1618 641 sacrificio
1646 586 1700 642 Do·

56 690 106 731 ton
125 675 285 731 incessisset
303 682 434 740 eventus,
464 673 563 729 nuilus
582 672 705 742 proiecto
732 686 800 742 pas·
856 674 951 731 minici
977 675 1105 745 corporis
1130 683 1157 730 et
1185 674 1336 746 sanguinis
1363 674 1481 744 irrogas,
1506 689 1592 745 qttem
1615 673 1701 730 certis

65 771 116 821 ant
143 764 242 818 mortis
269 762 443 818 intervenire
479 762 615 831 potuisset
651 772 798 826 occursus,
853 780 890 821 ex
909 763 1062 833 suiipsius
1084 778 1133 819 ore
1152 764 1300 819 sententiis
1326 763 1515 818 immortalem
1540 761 1701 832 impassibi-

56 852 189 909 aesslsset
213 851 242 906 in
269 851 415 922 progenici
439 850 503 920 olus
522 851 728 920 propagatione
751 863 799 918 ge·
853 853 968 924 letoque
993 854 1065 908 sciro
1080 852 1242 917 debueras?
1268 874 1278 899 ι
1300 850 1414 918 Nullus,
1444 850 1548 921 innuit,
1574 849 1702 906 ascendit

56 957 77 998 u
99 935 311 1012 qualiscunque
347 946 483 1005 vetustas,
515 937 565 994 ubi
591 937 799 1007 concupiscen-
854 941 883 997 iu
898 940 1013 1007 coelum,
1029 941 1084 996 nisi
1099 941 1193 996 Filius
1211 940 1336 995 bominis
1351 940 1400 1009 qui
1415 949 1457 994 est
1472 939 1502 993 in
1518 938 1587 995 coelo
1603 940 1699 1003 adeon.

56 1028 241 1087 nobedientiae
263 1026 343 1083 nulla
360 1027 490 1082 auintnm
514 1025 699 1082 demoliretur
720 1033 799 1081 atro·
853 1046 892 1097 m,
918 1032 973 1098 ll),
1000 1038 1027 1084 et
1051 1029 1119 1085 alibi
1136 1044 1173 1083 :a
1200 1030 1260 1100 Ego
1283 1029 1312 1084 in
1336 1029 1418 1083 Patre
1441 1037 1469 1082 et
1494 1028 1577 1084 Pater
1601 1031 1631 1082 in
1655 1041 1702 1084 me

56 1117 218 1184 Quidssssiffl
245 1116 282 1170 ibi
305 1129 423 1181 novum,
444 1115 515 1184 quid
535 1114 637 1181 alacre,
659 1113 731 1183 quid
753 1113 798 1167 iii-
852 1126 894 1175 est
921 1116 1020 1187 (Joon.
1054 1132 1112 1185 ιιι,
1150 1119 1205 1186 ιιι),
1232 1139 1246 1166 o
1279 1125 1306 1172 et
1336 1117 1427 1172 multa
1460 1116 1563 1171 borum
1596 1113 1701 1171 similia

56 1221 75 1275 t,
105 1205 156 1262 ubi
185 1204 259 1260 rodit
286 1203 417 1259 anxietas
450 1202 629 1258 conscientiae
660 1201 801 1258 mordacis
853 1215 1010 1277 antequam
1039 1220 1076 1261 ex
1104 1206 1156 1261 boe
1179 1205 1288 1269 mundo
1321 1204 1454 1260 transiret
1489 1204 1524 1260 de
1550 1217 1604 1260 sna
1634 1218 1700 1260 oum

59 1290 106 1347 ml
135 1292 163 1348 Si
191 1292 278 1359 enim,
301 1292 389 1363 juxta
412 1290 614 1347 Salomonem:
641 1312 655 1340 ιι
676 1291 800 1347 Animos
855 1295 935 1351 Patre
956 1294 1253 1351 consubstantialitate
1276 1293 1489 1349 commendans.
1515 1291 1544 1347 Si
1561 1291 1700 1349 liliusbo-

56 1394 82 1436 ts
101 1388 212 1437 aetatem
238 1379 368 1436 iloridam
398 1379 463 1435 lacit
490 1382 580 1449 (ibeo.
605 1393 676 1442 xtut,
700 1381 757 1448 Ωιι.
784 1400 797 1428 a
853 1382 939 1439 minis
955 1381 984 1438 in
1007 1383 1079 1438 coelo
1095 1390 1147 1447 est,
1164 1390 1191 1438 et
1207 1381 1247 1436 ibi
1263 1394 1354 1437 unum
1370 1395 1435 1436 cum
1462 1381 1544 1436 Patre
1559 1388 1610 1436 est.
1627 1381 1701 1438 Dicit

56 1482 113 1525 esse
142 1468 327 1539 cognoscitur
354 1468 516 1538 paradisus,
548 1483 634 1538 quern
659 1470 694 1524 ab
719 1468 799 1524 initio
852 1472 929 1527 enim
956 1471 1077 1528 eliasu
1106 1473 1175 1542 Ego,
1202 1469 1305 1540 iuquit,
1331 1470 1365 1525 de
1387 1469 1521 1539 supernis
1538 1474 1611 1524 aas
1628 1484 1693 1525 snm

57 1571 91 1613 us
116 1556 289 1627 plantaverit
316 1556 399 1627 (Gen.
429 1571 460 1624 ιι,
491 1558 527 1626 8),
557 1556 800 1612 intellectualibus
853 1563 951 1632 (doun.
976 1576 1034 1624 vttt,
1061 1559 1215 1631 ⁶23);quod
1246 1573 1304 1614 non
1328 1566 1370 1613 est
1399 1557 1478 1614 aliud
1505 1572 1594 1627 «tuam
1617 1558 1640 1613 si
1655 1558 1699 1613 di-

56 1652 84 1700 et
115 1644 284 1715 angelorum
317 1654 345 1701 et
386 1645 535 1700 boutinnm
569 1645 673 1699 animis
707 1646 798 1715 primo
853 1657 949 1704 caret:
974 1649 1034 1721 Ego
1060 1649 1088 1703 in
1116 1648 1223 1717 Spiritu
1250 1645 1412 1717 principali,
1442 1646 1519 1716 quod
1540 1656 1582 1702 est
1609 1653 1699 1716 pater,

56 1731 96 1800 bt,
125 1731 190 1788 licei
215 1731 359 1802 plerisque
381 1733 561 1804 angelorum,
591 1747 621 1788 se
641 1733 720 1788 omni
743 1746 797 1787 na·
818 1712 927 1793 Bsuut.
956 1736 1047 1804 Quam
1066 1735 1291 1807 passibilitatem.
1308 1735 1701 1806 quartaquoqnernortalita-

58 1823 188 1877 ominum
204 1822 405 1890 perfunctoriae
420 1820 551 1876 stationis
576 1822 646 1887 loca,
667 1823 715 1877 sed
732 1834 798 1876 rnox
854 1832 908 1880 tem
925 1825 965 1880 illi
982 1825 1085 1881 inierre
1095 1825 1218 1891 conaris,
1235 1823 1286 1894 nui
1302 1823 1395 1879 sicubi
1406 1823 1619 1892 seripturarum
1635 1836 1701 1893 pas-

56 1924 77 1966 ·a
92 1912 258 1981 praebuerit,
284 1910 468 1966 ninimirum
490 1911 570 1965 nullo
591 1911 674 1966 modo
689 1911 724 1967 de
739 1925 799 1966 snae
853 1912 955 1982 sibilis,
968 1921 996 1970 ct
1007 1912 1135 1970 mortalis
1147 1911 1285 1982 appellari
1304 1910 1460 1977 invenitur,
1476 1911 1512 1965 ob
1530 1911 1584 1966 boo
1602 1911 1701 1980 procul

78 2012 112 2054 ac
141 2001 269 2069 corporis
296 1998 522 2068 tiupassbzlztate
546 1999 682 2055 continua
703 2009 800 2070 gratu·
853 1999 942 2055 dubio
968 1999 1060 2056 solum
1081 1999 1196 2065 dicitnr,
1218 1998 1296 2069 quod
1321 2011 1373 2068 pro
1396 1997 1554 2053 voluntatis
1581 1997 1701 2053 arbitrio

56 2085 87 2141 tis
103 2088 204 2156 possin
222 2086 293 2157 qnid
319 2088 353 2140 de
370 2095 463 2142 utente
484 2094 512 2141 et
531 2099 650 2155 corpore
671 2084 734 2141 l'ilti
750 2086 799 2143 Dei
853 2088 937 2143 morti
952 2101 982 2144 se
993 2088 1137 2158 exposuit,
1154 2101 1210 2142 non
1226 2087 1326 2156 aitqua
1348 2084 1513 2141 necessitate
1528 2083 1701 2141 succubuit?

57 2175 126 2228 dum
154 2181 205 2239 est,
228 2173 277 2228 nbi
301 2172 328 2227 in
352 2173 573 2229 identitieatione
593 2188 721 2243 personae
742 2189 798 2230 uon
889 2177 950 2232 Non
971 2189 1013 2233 est
1040 2177 1129 2248 igitur
1163 2174 1296 2246 passibile
1322 2183 1350 2230 et
1378 2174 1496 2229 mortale
1529 2175 1558 2229 in
1587 2173 1701 2231 Cbristo

56 2261 208 2326 bomo,sed
231 2271 258 2317 et
275 2261 421 2330 plenitudo
444 2261 602 2316 divinitatis
616 2263 801 2332 corporaliter
853 2264 1013 2335 quippam,
1040 2266 1116 2335 quod
1147 2262 1267 2318 viviticis
1294 2262 1349 2317 illis
1371 2261 1557 2318 sacramentis
1582 2275 1700 2332 compa·

56 2349 111 2406 est?
133 2349 198 2418 (Col
224 2367 253 2418 ιι,
271 2352 377 2418 illrum
392 2349 477 2404 etiam
493 2349 527 2405 de
543 2364 615 2418 puro
633 2351 756 2414 bortrine,
773 2360 800 2407 et
851 2366 917 2410 rare
931 2354 1050 2421 debeas3
1067 2354 1147 2419 dum,
1170 2352 1192 2407 si
1210 2350 1284 2407 lideli
1304 2358 1332 2406 et
1353 2365 1411 2406 non
1439 2352 1579 2420 pervicaci
1604 2351 1701 2407 inton-

56 2453 84 2494 ιιι
100 2447 213 2509 peccato
226 2438 321 2493 vivere
334 2452 389 2492 nim
406 2436 513 2504 didicit,
528 2439 641 2494 dicator
657 2438 727 2508 qiiia
743 2441 800 2494 vita
852 2439 929 2496 tione
958 2442 1124 2511 perpendas,
1152 2439 1224 2495 nibil
1253 2439 1371 2493 omniuo
1399 2439 1452 2493 nisi
1485 2439 1701 2509 incorruptibile

56 2527 117 2583 nasi
144 2525 288 2595 quoddam
306 2539 426 2596 regnum
444 2524 503 2587 liei,
525 2539 580 2593 trax
600 2534 642 2579 est
656 2525 741 2581 etiam
771 2528 799 2581 in
853 2536 881 2584 et
897 2529 1067 2594 immortale,
1091 2527 1146 2583 nisi
1163 2527 1239 2598 quod
1259 2534 1359 2596 sponte
1379 2527 1450 2582 mori
1471 2527 1572 2589 noluit,
1592 2527 1621 2582 in
1644 2528 1701 2598 ipso

56 2615 285 2686 atinganorum
297 2615 325 2669 in
337 2615 559 2683 Spiritusaneto.
572 2615 727 2681 (dotauit,
745 2618 798 2684 li).
854 2621 991 2687 reperias.
1007 2616 1094 2673 Aliud
1117 2625 1160 2672 est
1171 2616 1248 2671 enim
1274 2615 1351 2686 quod
1376 2629 1412 2671 ex
1437 2614 1517 2671 libito
1537 2624 1564 2671 et
1581 2626 1702 2687 gratan-

56 2715 113 2770 tus,
137 2704 268 2773 inquam,
292 2702 376 2757 bento
396 2709 461 2756 ante
483 2712 642 2770 peecatum.
664 2699 687 2756 si
707 2703 800 2757 dicere
855 2717 897 2766 tor
918 2707 1049 2775 iacimus,
1069 2704 1147 2761 aliud
1167 2704 1246 2775 qnod
1270 2703 1424 2773 angariati,
1451 2712 1478 2758 et
1503 2703 1586 2773 quasi
1601 2703 1702 2760 debilis

56 2806 86 2857 u,
112 2792 254 2860 passiblis
276 2799 304 2846 et
328 2789 529 2860 impassabilis,
557 2791 685 2846 mortalis
714 2791 799 2847 etiam
855 2794 1026 2866 urgentibus
1051 2793 1205 2861 adimplere
1230 2791 1439 2861 compellimur.
1466 2790 1519 2848 Sed
1543 2805 1630 2862 super
1648 2790 1703 2849 hoc

55 2879 175 2935 nortalts
198 2878 267 2948 luit;
298 2878 368 2948 qnia
396 2879 431 2932 ad
454 2878 599 2947 passiones
623 2887 651 2935 el
680 2891 800 2935 mortem
854 2884 963 2941 dictum
978 2881 1098 2952 sapienti
1114 2890 1158 2937 sat
1172 2883 1218 2936 sit.
1468 2884 1474 2897 ¹

56 2976 171 3023 rnatum
197 2981 261 3034 suo,
278 2968 326 3022 sed
354 2981 410 3021 non
432 2965 530 3033 libero,
547 2967 657 3022 abusus
680 2967 839 3033 arbitrioc
1183 2968 1300 3025 CAPUT
1319 2968 1368 3023 Vi.

56 3055 142 3124 oluit,
165 3063 193 3110 et
218 3053 241 3110 si
270 3055 346 3111 intra
376 3069 472 3110 veram
499 3069 528 3110 se
557 3054 716 3112 libertatem
744 3071 800 3111 uon
891 3058 942 3131 gl.
959 3057 1164 3128 -Qoeandom
1179 3057 1700 3129 confutolouclorusserenlemqaoit‘-

56 3141 97 3199 ido
124 3142 269 3198 continere
298 3142 443 3209 voluisset,
475 3142 667 3212 impassabilis
701 3143 800 3212 procul
854 3149 901 3203 die
913 3148 945 3203 in
962 3146 1412 3222 dlandbtistnmcrucifipi-
1433 3147 1565 3203 licinum
1585 3161 1702 3219 quoque

71 3245 257 3302 perseverans
285 3231 358 3287 nturi
387 3232 552 3287 nuliatenus
577 3240 722 3301 potuisset.
749 3233 801 3289 Cui
856 3236 926 3293 mibi
949 3251 967 3291 a
990 3236 1165 3307 quibusdam
1184 3237 1311 3308 ejusdem
1331 3235 1414 3291 antici
1440 3235 1494 3291 mei
1524 3236 1700 3304 necesariis,

56 3322 99 3377 lus
117 3320 213 3386 bomo,
233 3321 314 3376 lesus
337 3319 443 3376 scilicet
469 3320 617 3389 Dominus,
644 3335 715 3391 pene
740 3321 801 3392 pari
856 3325 934 3396 quod
954 3339 1011 3381 non
1038 3326 1120 3380 modo
1140 3324 1324 3392 consulendo,
1355 3324 1398 3379 vel
1423 3337 1489 3379 otim
1513 3323 1703 3380 familiaribus

56 3409 166 3465 ulmodo
190 3408 282 3464 fornia
311 3409 459 3473 suodeSSib
489 3416 568 3464 lassiO
588 3408 802 3478 impassibiliori
855 3413 996 3473 litteratis.
1011 3421 1043 3469 ut
1058 3413 1170 3473 assolet.
1195 3410 1375 3478 remorando,
1396 3411 1445 3467 scd
1461 3411 1566 3481 palam,
1585 3412 1613 3467 in
1639 3424 1703 3467 rne-

56 3505 200 3568 tquanto
229 3496 360 3553 liberiore
395 3497 498 3563 editus,
524 3497 580 3552 imo
613 3497 802 3554 ineliabiliore
856 3502 911 3558 diis
934 3500 1062 3557 videlicet
1090 3500 1258 3571 frequentiis
1276 3499 1392 3555 omnino
1408 3499 1578 3570 ignavorum
1602 3507 1630 3554 et
1650 3512 1705 3555 ru-

56 3586 133 3641 triter
150 3593 178 3640 et
203 3585 327 3640 bortrinis
348 3585 491 3655 genitura.
515 3584 595 3641 Unde
613 3585 688 3640 enim
710 3585 802 3655 passi·
857 3589 950 3657 diurn,
965 3587 1139 3658 disputando
1159 3588 1246 3644 soleat
1263 3588 1356 3642 dicere
1378 3586 1454 3657 qttod
1479 3587 1507 3640 in
1528 3586 1704 3642 coniectione

56 3671 97 3728 ici
123 3681 224 3743 posset,
248 3673 295 3728 cni
324 3673 488 3729 omnimoda
510 3674 615 3743 peccati
640 3675 669 3729 in
693 3674 803 3744 origine
856 3677 954 3732 bostiae
968 3675 1104 3731 salutaris
1117 3675 1199 3731 lesus
1219 3673 1358 3728 Dominus
1372 3673 1500 3743 quotidie
1516 3671 1705 3743 crucifigatur

56 3763 212 3818 urentotio
242 3776 366 3832 pernam,
393 3763 470 3832 quitd
494 3770 535 3817 est
559 3761 694 3830 passioet
715 3777 801 3830 mors,
858 3767 887 3820 in
914 3764 1009 3820 altari.
1045 3764 1125 3827 Quod
1152 3776 1206 3818 nos
1233 3760 1388 3817 catholicos
1410 3768 1437 3816 et
1465 3775 1564 3815 omnes
1588 3761 1632 3829 pie
1656 3773 1706 3814 sa-

59 3865 88 3907 re
107 3852 273 3908 nullatenus
294 3850 417 3907 sineret‘l
442 3851 468 3906 Si
489 3850 673 3920 impassibilis
694 3850 805 3920 primus
857 3855 965 3923 pientes
997 3859 1078 3908 tanta
1111 3849 1357 3905 animadversione
1382 3849 1516 3904 convenit
1549 3847 1705 3916 exsecrari,

73 3953 123 4010 per
145 3940 252 4010 peccati
274 3938 489 4006 continentiam,
508 3947 536 3994 ct
555 3938 724 3994 immortalis
743 3954 804 3995 esse
858 3950 969 4014 quanta
999 3941 1133 3997 eumdem
1175 3940 1328 3995 Dominum
1372 3945 1503 3993 nostrum
1537 3937 1707 3993 auctoritate

56 4035 73 4095 t,
105 4028 152 4084 boi
181 4028 270 4084 Filius
300 4029 409 4083 unitam
437 4028 489 4083 sibi
515 4036 619 4083 nostras
642 4027 805 4098 tragilitatis
857 4033 970 4101 oportet
995 4030 1031 4086 de
1058 4042 1172 4085 summa
1198 4026 1366 4096 impotentia
1393 4025 1436 4081 vel
1459 4032 1567 4081 aeterna
1591 4023 1708 4080 miseria

57 4115 146 4171 ntiam
170 4114 261 4173 multo
277 4114 536 4184 impassibiliorem,
558 4123 596 4180 et,
613 4123 643 4172 ut
664 4115 706 4170 sic
720 4115 804 4172 dixe·
857 4118 979 4189 expiari.
1006 4116 1080 4184 Quid
1095 4116 1172 4173 enim
1193 4116 1227 4171 de
1249 4116 1303 4170 Deo
1327 4113 1477 4185 indignius
1493 4119 1536 4169 est
1558 4110 1707 4169 miserabi-
1762 4185 1767 4195 ,

56 4201 286 4289 immortaliorem
320 4202 438 4257 reddere
480 4216 538 4257 non
570 4202 703 4258 deberet?
738 4202 804 4259 Sine
858 4206 975 4277 linsque
988 4204 1094 4261 sentire
1109 4217 1197 4274 quam
1218 4203 1295 4272 quod
1316 4203 1393 4257 Deus
1412 4200 1461 4256 stat
1482 4200 1568 4256 miser
1582 4209 1708 4257 aternus

56 4291 184 4361 piscantia
217 4305 286 4363 ergo
314 4305 350 4346 ex
376 4291 435 4346 solo
458 4299 556 4346 structo
589 4290 697 4361 Spiritu
727 4272 1023 4367 intraDprouostra
1045 4291 1241 4349 beatitudine?
1261 4290 1334 4357 Quid
1359 4304 1426 4345 vero
1449 4289 1708 4359 impotentiuslleo

56 4380 127 4436 alem
151 4388 303 4436 concretus
326 4387 451 4446 uterum,
477 4379 649 4435 naturaliter
672 4379 804 4450 irnpassi-
858 4383 1001 4452 imputare
1027 4381 1184 4451 poterimus
1210 4393 1299 4450 qnam
1329 4378 1406 4450 quod
1437 4377 1616 4448 quotidianis
1644 4377 1708 4447 ejus

56 4465 242 4524 timmortalis
259 4466 409 4522 inmundo
424 4474 573 4522 natusest.
858 4469 1007 4541 suppliciis
1030 4469 1066 4524 ad
1086 4476 1189 4524 nostrae
1211 4468 1401 4538 reparationis
1421 4464 1632 4521 adminiculum
1660 4462 1708 4519 in-

64 4555 195 4625 inquam,
215 4554 400 4625 impassibilis
423 4563 450 4611 et
472 4553 651 4620 immortalis,
676 4563 708 4612 ut
731 4556 805 4613 siout
859 4556 992 4613 desinens
1006 4556 1162 4627 egeamus?

55 4643 129 4700 irnus
144 4658 195 4713 pet·
213 4643 436 4700 inobedientiam
458 4643 493 4698 ad
515 4643 661 4713 passiones
679 4652 707 4701 et
726 4658 805 4700 mor·
895 4644 984 4709 Certe,
1010 4644 1034 4701 si
1063 4645 1104 4700 sic
1129 4659 1158 4700 se
1186 4658 1231 4700 res
1251 4643 1379 4704 baberet,
1403 4649 1435 4697 ut
1460 4641 1528 4696 vitae
1552 4640 1706 4697 Auctorem

67 4740 167 4800 sponte
185 4731 306 4798 demisit,
334 4730 373 4787 ita
394 4740 422 4787 ot
446 4730 497 4787 isto
522 4731 668 4787 secundus
686 4731 724 4787 ob
744 4747 805 4787 res·
859 4731 1020 4803 quotidiani
1043 4730 1191 4801 suspendii
1216 4730 1352 4786 atrocitas
1377 4726 1545 4794 trucidaret,
1573 4725 1646 4782 nibil
1677 4725 1707 4781 in

55 4833 118 4875 nem
142 4818 261 4889 justitiae
283 4820 319 4875 ad
342 4818 452 4875 dolores
474 4818 606 4875 ferendos
627 4828 654 4876 ot
674 4827 803 4889 mortem,
859 4820 963 4877 coelesti
994 4819 1112 4891 praemio
1142 4820 1212 4876 adeo
1239 4818 1317 4885 lelix,
1349 4816 1419 4872 adeo
1441 4814 1597 4886 gloriosum
1622 4821 1705 4878 esset,

56 4908 128 4964 min
153 4907 232 4964 nullo
252 4915 313 4963 erat
334 4908 453 4973 debitor,
470 4921 534 4964 sese
551 4908 625 4964 ultro
640 4907 803 4978 deponeret.
860 4909 939 4980 quod
955 4922 1011 4966 uon
1027 4916 1086 4965 tam
1110 4909 1257 4965 diuturnas
1278 4904 1449 4963 calamitatis
1468 4903 1707 4973 contortiplatione

56 4994 106 5051 tim
127 4994 151 5050 is
167 5008 217 5065 pro
244 4994 410 5051 bominibus
434 5008 545 5065 poenas,
570 5009 644 5065 quas
664 5010 721 5051 uon
744 5011 805 5052 me-
861 4999 889 5053 in
918 4997 1009 5068 ipsius
1034 4995 1275 5053 remunerationis
1299 4994 1411 5051 Christo
1433 5005 1570 5063 sponsore
1586 4989 1707 5047 vilesce-

57 5123 65 5149 ,
88 5081 189 5148 lueret,
208 5096 257 5138 eos
272 5082 323 5152 qui
339 5083 525 5138 merebantur
542 5091 569 5138 et
589 5083 738 5153 suppliciis
752 5084 805 5140 ob·
860 5093 911 5142 ret.
936 5086 969 5142 Et
993 5083 1060 5155 ouis
1080 5099 1137 5141 uon
1165 5090 1284 5139 mortem
1305 5082 1383 5137 illam
1408 5094 1521 5151 magnae
1542 5076 1708 5134 inutilitatis

60 5179 154 5237 erant,
173 5170 340 5228 nullatenus
374 5172 517 5228 liberaret.
548 5173 713 5229 Passibllem
738 5187 806 5243 ergo
859 5180 1003 5245 argueret,
1018 5186 1106 5243 qnam
1122 5187 1179 5228 uon
1201 5171 1286 5227 modo
1308 5169 1478 5236 numerosis,
1504 5168 1553 5223 sed
1579 5164 1708 5222 inellabi-

56 5258 145 5317 tredas
169 5267 197 5316 el
219 5259 367 5316 mortalem
390 5261 426 5317 ob
450 5261 503 5316 boc
523 5260 626 5329 solum,
651 5261 722 5332 quia
747 5260 807 5331 pati
860 5261 925 5317 liter
956 5259 1074 5317 inbuitis
1100 5259 1131 5315 in
1156 5258 1216 5314 dies
1240 5257 1353 5313 vicibus
1381 5256 1469 5326 repeti
1492 5253 1659 5311 constaret?
1680 5260 1709 5311 et

68 5347 142 5405 mori
167 5362 217 5418 pro
244 5349 374 5405 bumana
397 5349 593 5419 redemptione
619 5350 722 5419 voluit,
748 5363 806 5406 non
861 5347 1026 5420 quidquod
1045 5348 1075 5404 in
1099 5346 1222 5418 singulis
1240 5344 1370 5416 quotidie
1385 5343 1608 5414 coelestianum
1620 5341 1708 5399 etiam

56 5436 159 5508 liqnod
174 5445 285 5493 naturae
300 5436 429 5494 debitum
449 5437 477 5492 in
493 5436 626 5507 patiendo
641 5444 729 5509 atque
744 5451 805 5494 mo·
861 5436 1002 5494 altaribus
1027 5436 1111 5507 plura
1129 5434 1270 5491 saortnota
1296 5433 1481 5491 delibantur?
1499 5431 1576 5505 Ergo
1600 5440 1640 5488 tot
1657 5444 1709 5502 pa·

70 5536 109 5581 ex
123 5524 242 5581 traduce
257 5525 342 5594 priuti
359 5524 486 5595 parentis
501 5525 662 5581 attraxerit.
861 5525 959 5582 tibulis
974 5522 1232 5595 impotentissimus
1255 5522 1312 5589 ille,
1327 5521 1351 5577 si
1375 5522 1415 5578 ita
1434 5529 1486 5589 est,
1511 5519 1643 5577 Salvator
1663 5519 1709 5577 di·
