3818 6008
59 276 65 285 ·
105 240 175 296 tots
597 234 646 293 ab
665 233 741 291 0PP.
761 233 846 290 tuh.
868 232 1032 289 cursuum
1051 232 1097 287 DE
1117 230 1313 289 rtovtottttto
1798 225 1864 283 toto

103 369 194 428 nostri
207 369 302 427 Caroli
327 369 503 424 Francorum
527 367 603 439 regis
630 366 760 433 illustris,
774 379 808 421 ac
829 364 944 422 dilecto·
966 364 1184 421 acontineatur
1206 377 1351 434 expresse,
1380 377 1446 434 quae
1461 362 1497 418 ad
1522 361 1635 434 quaevis
1660 367 1803 431 exempta
1819 359 1862 416 vel

104 473 171 516 rum
187 459 311 515 liliorum
327 457 439 513 abbatis
455 463 482 512 et
496 463 657 513 conventus
680 453 846 510 monasterii
861 453 955 525 bloio-
1008 468 1066 510 non
1089 460 1234 524 exempta,
1260 453 1414 523 prioratus,
1437 466 1487 508 seu
1503 451 1564 507 loca
1583 464 1613 508 sc
1638 450 1812 516 extendant,
1828 464 1861 505 cx

44 564 51 573 ·
105 547 145 604 ris
158 544 322 603 blonasterii
347 559 433 615 prope
448 546 602 611 Turonem,
623 544 660 599 ad
673 544 832 599 Romanam
854 542 955 599 Eccle-
1008 541 1108 611 aliqua
1122 541 1186 611 eius
1207 541 1410 612 cujuscunque
1426 540 1531 594 tenoris
1545 538 1652 595 existat
1667 538 1860 609 indulgentia,

107 635 179 692 siam
206 635 286 691 nullo
310 635 403 690 medio
423 634 603 704 pertinentis,
616 633 727 689 ordinis
751 631 847 688 Sancti
870 632 956 688 Beue
1009 643 1067 685 non
1096 629 1231 699 obsistat;
1257 628 1312 685 nisi
1340 628 1437 684 lorsan
1464 627 1546 683 dictae
1568 626 1672 684 litteren
1700 625 1864 697 apostolica

107 722 185 790 dicti,
199 727 275 776 bat-t
289 735 323 778 ac
346 721 475 792 priorum
490 722 672 791 prioratuum
686 720 761 776 dicto
783 719 956 775 monasterio
1010 718 1045 774 de
1068 718 1169 774 ordine
1195 726 1223 775 et
1250 717 1422 773 ministerio
1447 716 1572 787 praelatis
1601 731 1634 772 ac
1660 716 1862 786 praesentibus,

106 811 314 882 subjectorum,
330 811 361 866 in
384 810 437 865 bac
451 818 530 879 parte
554 807 813 878 supplicationibus
828 808 957 864 inclinati
1010 806 1046 863 dc
1061 808 1148 863 verbo
1173 806 1364 873 adverbum,
1391 820 1500 860 :necnon
1524 804 1675 860 monachis
1691 812 1720 860 et
1738 804 1865 874 degenti·
1899 824 1901 839 ν

108 898 208 969 potiori
226 913 277 969 pro
299 899 413 954 cautela
437 897 642 953 monasterium
664 897 841 967 praedictum,
867 897 957 952 acilii
1009 894 1066 952 bus
1108 895 1139 951 in
1181 895 1372 958 monasterio,
1408 894 1600 964 prioratibus,
1650 893 1864 962 hospitalibus,

109 987 248 1058 subjecta,
264 986 336 1043 etin
360 986 494 1042 futurum
510 984 691 1054 subjicienda
706 985 958 1055 ubicunqueron·
1010 983 1147 1040 membris
1170 990 1198 1039 et
1226 983 1296 1038 locis
1320 982 1463 1052 praedictis
1491 982 1605 1051 plenam
1631 989 1659 1038 et
1684 994 1866 1050 expressam,

110 1074 258 1142 sistentia,
284 1076 444 1145 prioratus,
473 1073 644 1143 hospitalia,
671 1073 818 1140 membra,
848 1081 875 1129 et
898 1074 959 1129 loca
1012 1083 1047 1125 ac
1071 1071 1158 1127 etiam
1187 1077 1320 1126 notanter
1350 1078 1378 1126 et
1404 1069 1566 1141 specialiter
1592 1070 1713 1126 iecerint
1747 1069 1866 1124 mentio

110 1177 312 1234 quaecunque;
337 1176 447 1218 necnon
462 1162 628 1218 monasterii
654 1161 846 1231 prioratuum,
869 1175 958 1217 mem·
1015 1174 1092 1214 nem.

112 1251 241 1317 brorum,
266 1249 461 1319 hospitalium,
483 1256 511 1306 et
535 1249 662 1305 locorum
680 1249 881 1319 predictorum
906 1248 960 1305 ab·
1051 1250 1111 1304 «Et
1134 1247 1251 1317 insuper
1278 1247 1413 1303 volumus
1434 1254 1461 1303 et
1485 1246 1590 1303 eisdem
1616 1247 1729 1313 abbati,
1748 1253 1777 1302 et
1803 1261 1870 1301 mn·

110 1337 202 1405 batos,
226 1338 336 1408 priores
349 1345 378 1394 et
397 1338 559 1407 superiores
580 1351 739 1407 eorumque
754 1337 918 1404 monachos,
934 1344 962 1393 et
1014 1336 1125 1404 ventui,
1159 1344 1186 1392 et
1219 1335 1365 1406 prioribus
1396 1335 1472 1391 dicta
1505 1334 1660 1404 apostolica
1698 1333 1870 1390 auctoritate
1908 1371 1909 1386 ,

112 1441 248 1497 personas
265 1426 430 1493 lamiliares‚
447 1426 627 1491 domesticos,
651 1426 803 1482 continuos
815 1439 959 1482 commen·
1016 1425 1210 1492 concedimus,
1226 1437 1292 1493 qun
1306 1423 1341 1479 de
1368 1423 1557 1493 presentibus
1571 1430 1598 1478 et
1614 1423 1642 1477 in
1658 1423 1702 1477 cis
1718 1423 1869 1487 contentis,

112 1515 196 1583 sales,
221 1529 255 1570 ac
279 1528 415 1584 personas
429 1516 459 1570 iu
485 1514 554 1584 ipsis
578 1513 743 1579 residentes,
761 1521 916 1583 praesentes
934 1522 963 1570 et
1016 1513 1103 1569 alicui
1119 1527 1154 1568 ex
1179 1512 1409 1581 archiepiscopis,
1432 1524 1466 1566 ac
1481 1511 1544 1566 aliis
1568 1511 1698 1567 locorum
1716 1509 1870 1565 ordinariis

114 1603 238 1670 tuturos,
254 1616 321 1659 curn
345 1602 480 1659 omnibus
502 1603 629 1671 ipsorum
646 1601 801 1657 mobilibus
815 1608 842 1657 et
864 1604 962 1657 immo·
1016 1601 1170 1672 praedictis,
1188 1601 1217 1657 in
1233 1614 1333 1657 corum
1354 1600 1413 1656 vita
1428 1599 1480 1655 nisi
1492 1599 1578 1655 semel
1595 1607 1724 1664 tantum,
1748 1598 1771 1654 si
1786 1612 1869 1668 super

113 1691 219 1748 bilibus
243 1692 333 1759 bonis,
357 1692 455 1760 rebus,
478 1689 604 1761 iuribus,
630 1697 658 1746 et
673 1690 852 1759 pertiuentiis
875 1690 962 1746 etiam
979 1655 1002 1712 B
1017 1690 1070 1746 boc
1085 1704 1135 1760 per
1149 1704 1196 1746 eos
1209 1689 1339 1760 requisiti
1352 1688 1458 1744 luerint
1474 1687 1557 1744 iidem
1571 1688 1663 1744 lacere
1677 1701 1867 1758 nequaquan

113 1779 303 1850 praesentibus
318 1787 345 1836 et
361 1778 477 1843 futuris,
494 1779 532 1836 ab
544 1779 621 1835 omni
643 1777 855 1848 iurisdictione,
870 1779 961 1834 domi·
1016 1785 1179 1845 teneantur,
1205 1792 1256 1834 nec
1283 1778 1319 1833 ad
1342 1776 1369 1833 id
1398 1775 1482 1832 iuviti
1514 1775 1627 1832 valcant
1652 1774 1869 1846 quomodolibet

113 1868 171 1935 nio,
198 1867 386 1938 subjectione,
412 1869 599 1934 auctoritate,
627 1873 782 1936 potestate,
810 1867 963 1937 superiori·
1016 1867 1156 1924 coarctari
1180 1866 1270 1923 ielicis
1288 1865 1494 1923 recordationis
1515 1865 1672 1920 innocentii
1702 1864 1742 1920 tv
1766 1864 1867 1934 praede

114 1963 179 2022 tate,
210 1956 381 2023 visitatione,
418 1957 602 2020 correctione,
632 1954 810 2021 coercitione,
836 1963 864 2011 et
887 1970 963 2011 com·
1016 1955 1135 2013 cessoris
1156 1955 1256 2023 nostri,
1279 1962 1306 2012 et
1330 1954 1392 2011 aliis
1416 1953 1579 2024 apostolicis
1599 1952 1865 2017 constitutionibus,

69 2074 75 2080 -
114 2042 245 2114 pulsione
260 2043 541 2113 archiepiscoporum
564 2041 787 2108 Turonensium,
803 2056 963 2113 eorumque
1016 2058 1129 2101 necnon
1144 2043 1255 2116 legibus
1269 2042 1466 2113 imperialibus
1482 2054 1515 2096 ac
1531 2040 1655 2102 statutis,
1672 2049 1702 2096 et
1717 2048 1867 2096 consuetu·

113 2129 289 2188 vicariorum
317 2140 343 2187 et
364 2130 541 2199 otlicialium,
569 2143 603 2186 ac
625 2130 820 2202 quorumlibet
839 2131 962 2188 aliorum
1017 2133 1143 2201 dinibus,
1160 2147 1272 2189 necnon
1287 2132 1342 2188 illis
1357 2146 1407 2201 per
1422 2145 1487 2201 quae
1502 2129 1651 2200 praemissa
1666 2137 1788 2199 possent
1803 2144 1868 2200 quo·

114 2218 337 2287 ordinariorum,
365 2226 392 2275 et
410 2219 607 2290 prelatorum,
623 2232 657 2274 ac
671 2233 858 2289 personarum
873 2219 963 2275 eccle·
1017 2221 1171 2279 modolibet
1194 2220 1314 2291 infringi
1343 2221 1386 2275 vel
1404 2218 1546 2289 impediri,
1562 2226 1589 2274 et
1619 2218 1685 2273 aliis
1703 2217 1734 2273 in
1759 2226 1866 2274 contra-

115 2305 313 2377 siasttoarum;
349 2321 461 2363 necnon
485 2320 502 2362 a
534 2307 675 2363 solutione
708 2320 962 2376 quorumcunque,
1018 2313 1095 2369 rinno
1110 2310 1194 2367 editis
1209 2309 1450 2366 nonobstantibus
1466 2307 1705 2378 quibuscunque.
1722 2306 1785 2363 Nos
1799 2307 1868 2362 eoin

115 2393 310 2461 collectarum,
350 2394 546 2466 pedagiorum,
576 2394 793 2451 caritativorum
828 2393 966 2450 subsidio
1018 2413 1210 2471 quascunque
1231 2396 1576 2462 excommunicationum,
1593 2396 1833 2464 suspensionum,
1846 2403 1869 2450 ot

115 2495 192 2551 runi,
210 2482 424 2552 impositionum
439 2492 467 2539 et
479 2497 611 2550 onerum,
628 2496 663 2537 ac
677 2483 879 2553 cujuscunque
894 2484 963 2540 alte·
1019 2487 1172 2554 interdicti,
1197 2486 1327 2556 aliasque
1350 2484 1557 2541 ecclesiasticas
1578 2484 1748 2549 sententias,
1773 2498 1870 2539 censu·

116 2569 178 2625 rius
207 2571 321 2641 generis
349 2571 544 2637 exactionum,
570 2571 604 2626 de
628 2571 788 2640 apostolica
819 2573 964 2641 potestatis
1019 2585 1231 2646 rasetprenas,
1253 2589 1364 2630 necnon
1379 2587 1571 2644 quoscunque
1595 2586 1763 2642 processus,
1788 2574 1869 2628 etiarn

116 2657 303 2726 plenitudine,
320 2665 400 2715 etex
421 2666 500 2715 certa
513 2658 643 2727 scientia,
666 2674 784 2729 prorsus
798 2661 963 2728 eximimus,
1020 2679 1211 2736 quascunque
1234 2662 1390 2719 sententias
1412 2668 1439 2718 ct
1454 2675 1552 2730 poenas
1576 2659 1604 2714 iu
1624 2675 1654 2715 sc
1680 2660 1869 2727 continentes,

116 2751 145 2801 et
170 2745 293 2802 totaliter
320 2746 486 2815 liberamus,
518 2761 551 2802 ac
576 2746 605 2801 iu
633 2747 734 2818 juset
764 2749 965 2818 proprietatem
1019 2768 1103 2824 quas,
1119 2762 1146 2808 et
1167 2766 1240 2823 quos
1252 2759 1352 2806 contra
1373 2750 1517 2816 abbatem,
1543 2755 1730 2815 conventum,
1750 2749 1868 2819 priores.

118 2833 193 2890 beati
219 2834 294 2890 Petri
316 2834 391 2890 sedis
417 2835 588 2904 apostolicae,
606 2843 633 2892 et
655 2835 709 2891 sub
724 2851 824 2893 eorum
849 2838 964 2908 speciali
1021 2841 1186 2908 monachos,
1211 2839 1366 2896 residentes
1391 2852 1535 2909 personas,
1561 2838 1785 2904 monasterium,
1806 2839 1873 2906 prio

117 2934 153 2977 ac
177 2920 342 2977 immediata
366 2923 538 2992 protectione
561 2924 744 2994 suscipimus,
766 2933 854 2996 atque
869 2935 966 2983 nostra
987 2939 1112 3009 Gratus,
1139 2928 1299 2999 hospitalia,
1324 2927 1454 2982 membra
1467 2934 1494 2981 et
1513 2925 1574 2981 loca
1599 2925 1747 2994 predicta,
1775 2935 1873 2981 contra

118 3009 303 3066 decernentes
331 3011 557 3079 monasterium,
597 3012 758 3082 prioratus,
794 3014 964 3084 hospitalia,

120 3097 259 3165 membra,
287 3098 358 3167 loca,
375 3100 502 3167 abbates,
520 3101 639 3170 priores,
660 3103 824 3171 monachos,
841 3104 967 3159 tamilla-

120 3200 166 3242 res
181 3200 327 3256 personas,
344 3188 420 3244 bona
432 3196 460 3245 et
484 3203 529 3245 res
542 3190 695 3260 praedicta;
720 3191 813 3247 solum
828 3199 856 3247 ct
871 3192 969 3248 imme·

120 3273 197 3329 diato
225 3273 307 3331 dicte
327 3276 387 3332 sedi
414 3276 443 3332 iu
471 3278 604 3334 omnibns
627 3279 793 3349 subiacere3
823 3280 862 3334 ita
889 3281 966 3350 quod

121 3360 337 3433 archiepiscopi,
360 3365 470 3430 vicarii,
490 3365 636 3433 oillciales,
653 3366 790 3422 ordinarii
814 3375 842 3423 et
858 3369 968 3437 praelati

122 3448 260 3516 predicti.
277 3450 322 3506 vel
339 3451 435 3521 quivis
455 3451 501 3508 alii
518 3453 547 3508 iu
561 3467 605 3520 ea,
622 3461 719 3524 utpote
735 3467 852 3523 prorsus
868 3469 968 3512 exem-

122 3539 179 3605 pta,
205 3538 377 3608 generaliter
399 3547 427 3597 et
452 3541 622 3611 specialiter,
646 3550 696 3599 aut
710 3544 901 3601 communiter
924 3544 968 3600 vel

122 3623 235 3681 divisim
257 3629 440 3697 nonpossint
463 3629 566 3699 quavis
582 3630 750 3685 auctoritate
770 3631 969 3688 excommuni-

122 3712 243 3768 cationis
270 3716 474 3786 suspensionis,
502 3717 546 3773 vel
563 3718 714 3785 interdicti,
738 3727 789 3774 aut
813 3719 883 3775 alias
904 3734 971 3776 seu-

124 3801 227 3857 tentias
250 3804 464 3874 ecclesiasticas,
489 3820 627 3862 censuras
648 3815 676 3862 et
691 3821 789 3876 pronas
810 3809 969 3877 quomodo·

124 3888 193 3945 libet
208 3893 402 3965 promulgare,
426 3908 478 3951 seu
492 3895 564 3951 alias
578 3896 664 3951 etiam
680 3896 789 3952 ratione
804 3896 909 3965 delicti,
923 3897 969 3954 vel

124 3985 297 4047 contractus,
313 3990 364 4037 aut
382 3983 433 4051 rei,
449 3984 484 4039 de
505 3998 564 4055 qua
579 3985 685 4056 agitur,
710 3984 876 4056 ubicunque
891 4001 968 4042 com-

125 4065 255 4124 mittatur
271 4068 417 4139 delictum,
441 4072 556 4129 ineatur
578 4080 752 4139 contractus,
773 4080 824 4128 aut
848 4088 893 4129 res
908 4075 970 4144 ipsa

124 4155 278 4226 consistat;
309 4166 483 4228 potestatem,
508 4161 749 4232 jurisdictionem,
780 4160 970 4230 superiorita-

1021 3026 1147 3076 tenorem
1174 3024 1202 3073 et
1227 3016 1348 3073 formam
1385 3013 1579 3085 praesentium,
1617 3026 1650 3068 ac
1679 3013 1873 3082 exemptionis

1021 3105 1189 3179 hujusmodi
1220 3103 1399 3175 promulgari
1426 3111 1453 3158 et
1480 3101 1600 3168 baberi;
1632 3114 1745 3156 iiecnon
1786 3104 1871 3157 toturn

1022 3197 1060 3261 id,
1083 3203 1110 3252 et
1125 3193 1267 3265 quidquid
1294 3191 1325 3247 in
1340 3190 1518 3247 contrarium
1543 3203 1561 3245 a
1582 3202 1746 3258 quoquam,
1773 3189 1872 3260 quavis

1022 3283 1200 3348 auctoritate,
1227 3280 1350 3337 scienter
1385 3279 1431 3335 vel
1460 3279 1628 3349 ignoranter
1656 3277 1730 3343 fieri,
1764 3278 1810 3333 vel
1838 3285 1872 3333 at·

1021 3372 1125 3429 tentari
1155 3369 1317 3440 contigerit,
1344 3367 1437 3436 nulla,
1463 3379 1560 3433 cassa,
1590 3365 1683 3434 irrita,
1716 3365 1827 3423 inlecta
1849 3373 1873 3422 ct

1022 3460 1131 3526 inania,
1149 3472 1182 3514 ac
1195 3456 1305 3514 nullius
1324 3456 1410 3513 etiam
1425 3453 1607 3511 decernimus
1623 3454 1751 3511 existere
1767 3455 1873 3511 roboris

1022 3549 1067 3605 vel
1083 3546 1230 3604 momenti.
1323 3588 1326 3595 .

1059 3659 1073 3687 o
1088 3636 1164 3693 Nulli
1181 3648 1251 3706 ergo
1266 3631 1416 3689 hominum
1433 3632 1514 3688 liceat
1528 3631 1604 3686 hanc
1616 3629 1759 3701 pagiuam
1774 3638 1875 3687 nostre

1022 3723 1222 3794 exemptionis,
1246 3720 1433 3788 liberationis,
1458 3718 1654 3788 susceptionis,
1680 3719 1802 3788 decreti,
1825 3734 1876 3774 vo·

1022 3814 1151 3880 luntatis,
1179 3810 1370 3868 concessionis
1397 3816 1424 3865 et
1458 3807 1672 3864 constitutionis
1705 3808 1876 3880 intringere,

1023 3903 1068 3959 vel
1082 3903 1107 3959 ei
1126 3915 1201 3958 ausu
1229 3899 1380 3956 temerario
1395 3898 1546 3962 contraire,
1571 3895 1598 3951 Si
1616 3895 1684 3966 quis
1699 3904 1800 3953 autem
1824 3898 1877 3953 hoc

1023 3999 1163 4049 attentare
1178 3981 1403 4061 praesur'npserit,
1425 3985 1652 4056 indignationem
1668 3985 1879 4056 omnipotentis

1023 4081 1084 4147 Dei,
1099 4086 1128 4136 et
1142 4079 1290 4135 beatorum
1307 4075 1381 4133 Petri
1397 4083 1425 4132 et
1442 4074 1522 4130 Pauli
1538 4073 1736 4144 apostolorum
1753 4075 1831 4144 eius,
1848 4089 1876 4129 sc

1023 4165 1136 4222 noverit
1162 4164 1359 4219 incursurum.
1380 4161 1483 4217 batum
1509 4160 1605 4215 Romae
1630 4158 1707 4227 apud
1739 4158 1876 4216 Sanctmn

125 4249 192 4310 tenu
205 4246 415 4316 auctoritatem,
440 4248 641 4315 visitationem,
657 4248 871 4315 correctionem,
895 4263 971 4306 coer·
988 4235 1223 4307 Deotsnttanan
1236 4262 1312 4304 anuo
1328 4245 1537 4303 incarnationis
1552 4244 1709 4301 Dominicae
1724 4246 1879 4303 millesimo

124 4330 279 4401 altionem,
309 4336 552 4405 compulsionem,
583 4337 626 4393 vel
664 4336 824 4393 dominium
853 4338 971 4409 aliquod

82 4465 86 4471 .
125 4434 267 4478 exercere.
293 4422 433 4495 Quodque
460 4425 546 4482 etiam
570 4424 698 4492 abbates,
724 4425 831 4495 priores
849 4433 877 4482 et
905 4442 971 4482 con-

126 4518 229 4567 ventus
250 4513 384 4582 predicti,
411 4514 521 4570 ratione
539 4514 681 4570 bonorum
700 4514 873 4580 monasterii,
899 4516 973 4586 prio-

126 4608 254 4669 ratuum,
270 4599 464 4670 hospitalium,
489 4602 684 4658 membrorum
700 4616 733 4658 ac
753 4602 879 4659 locorum
895 4618 972 4674 pre-

125 4688 278 4757 dictorum,
304 4690 535 4758 procurationem
559 4690 701 4762 aliquan,
724 4691 768 4747 vel
790 4693 876 4747 etiam
901 4707 972 4749 ciu-

124 4777 298 4844 ventionem,
323 4785 374 4834 aut
398 4777 604 4834 charitativum
632 4777 813 4844 subsidium,
834 4779 971 4850 gabellas,

126 4865 256 4937 pedagia,
267 4865 378 4922 telonea
388 4873 415 4922 et
437 4865 508 4922 alias
521 4865 694 4934 exactiones,
711 4866 866 4936 quibusvis
892 4866 970 4938 regi-

126 4953 191 5023 bus,
207 4967 259 5010 seu
273 4954 338 5010 aliis
352 4953 481 5024 personis
502 4954 707 5023 ecclesiasticis,
727 4954 771 5011 vel
785 4954 973 5012 saecularibus

125 5042 205 5111 dare,
233 5042 353 5111 solvere,
377 5041 496 5099 minime
519 5050 689 5110 teneantur;
718 5058 770 5099 nec
790 5043 824 5099 ad
845 5042 874 5098 id
899 5057 975 5099 com·

127 5130 192 5200 pelli
215 5131 332 5200 possint,
349 5130 394 5187 vel
416 5145 503 5202 super
526 5132 589 5200 hoc,
618 5140 670 5188 aut
691 5132 761 5189 alias
787 5146 804 5186 a
823 5145 972 5203 quoquam

127 5218 339 5288 quomodolibet
356 5219 512 5287 conveniri,
531 5221 574 5277 vcl
591 5234 642 5290 per
656 5217 765 5277 litteias
779 5219 854 5276 sedis
867 5220 972 5290 pradi-

127 5313 189 5373 ctae,
214 5314 265 5363 aut
287 5307 458 5377 legatorum,
482 5308 526 5365 vel
550 5310 756 5380 delegatorum,
782 5323 834 5365 scu
859 5309 974 5365 nuntio·

127 5405 192 5449 rum
208 5395 309 5464 ipsius,
320 5403 371 5452 aut
385 5397 610 5454 dioecesanorum
625 5398 764 5467 locorum,
776 5396 822 5453 vel
837 5410 974 5468 quorum-

127 5495 243 5552 cunque
270 5481 403 5554 aliorum,
427 5485 515 5541 etiam
539 5487 599 5543 sive
622 5487 752 5558 ejusdem
777 5485 852 5544 sedis
872 5485 974 5543 litteris

1025 4335 1308 4410 quadringentesimo
1358 4333 1581 4406 quadragesimo
1623 4340 1751 4401 octavo,
1798 4334 1880 4391 tertio

1025 4425 1135 4481 decimo
1149 4423 1269 4480 Kalend.
1294 4422 1465 4490 Decembris,
1482 4421 1665 4492 pontificatus
1689 4422 1786 4479 nostri
1804 4436 1880 4479 anno

1025 4513 1162 4571 secundo.
1179 4533 1193 4563 n

1061 4609 1136 4658 5⁰5
1152 4602 1296 4659 xxxvii.
1322 4600 1414 4658 Guido
1426 4598 1535 4670 Vigerii
1550 4597 1677 4671 (Vigier)
1696 4600 1782 4656 1453.
1800 4600 1880 4656 llisce

1027 4690 1204 4761 temporibus
1226 4689 1422 4759 expostularat
1448 4686 1575 4757 pontilex
1598 4687 1751 4743 maximus
1773 4688 1842 4744 Pius
1856 4687 1879 4742 ll

1025 4778 1147 4851 (quippo
1171 4777 1381 4849 expeditionem
1400 4776 1518 4846 parabat
1543 4775 1571 4830 in
1593 4774 1714 4842 l'urcas)
1733 4777 1772 4833 ab
1796 4777 1879 4832 eccle

1026 4867 1148 4924 siasticis
1183 4866 1253 4923 viris
1279 4866 1439 4929 decimam:
1478 4877 1568 4935 quam
1598 4863 1770 4934 persolvere
1798 4864 1877 4921 multi

1027 4956 1228 5012 detrectavere.
1257 4953 1438 5025 Quapropter
1469 4951 1687 5023 audegavensis
1721 4953 1877 5022 provincia

1026 5043 1137 5111 Clerici,
1165 5043 1241 5115 quod
1268 5045 1299 5099 in
1317 5056 1351 5098 ea
1376 5042 1472 5112 plures
1500 5041 1656 5097 existerent
1679 5041 1800 5112 Majoris
1824 5042 1877 5098 blo-

1026 5133 1141 5189 nasterii
1168 5132 1321 5202 prioratus,
1348 5131 1506 5187 (luidonem
1537 5129 1670 5185 abbatem
1699 5130 1876 5187 submonue-

1026 5229 1105 5288 runt,
1122 5228 1267 5292 quatenus
1292 5218 1432 5275 cumillis
1454 5218 1538 5273 iniret
1563 5217 1752 5286 societatem
1769 5227 1799 5275 at
1823 5219 1876 5288 ipse

1027 5309 1106 5365 netas
1128 5323 1242 5365 summo
1262 5308 1367 5378 pastori
1381 5307 1471 5376 jussis
1492 5320 1550 5361 non
1575 5319 1734 5375 assurgere
1755 5306 1873 5377 putavit.

1062 5402 1093 5452 h.
1109 5396 1139 5454 C.
1158 5396 1236 5463 1458,
1267 5395 1413 5452 abbatiam
1427 5394 1456 5450 in
1473 5393 1582 5462 nepotis
1603 5391 1748 5449 Guidonis
1773 5392 1875 5465 vigerii

1027 5485 1149 5559 gratiam
1175 5484 1329 5542 abdicavit.
1349 5483 1398 5540 ille
1415 5482 1539 5540 vicissim
1563 5482 1712 5553 prioratus
1736 5484 1873 5555 quosdam
