3818 6008
73 220 120 273 391
518 218 547 272 V·
569 215 947 279 3313333113333133.
968 212 1088 274 tttbtm
1109 215 1151 272 DE
1171 215 1370 274 uovlctsttto

73 353 150 410 intra
159 354 246 411 animi
263 355 359 411 sinum
383 353 419 408 ad
439 367 552 410 morum
579 353 748 423 probitatem
773 354 918 424 pertinens
937 356 1030 423 Aque
1062 355 1117 409 beo
1147 351 1301 423 postposito
1323 351 1465 422 respectui
1485 358 1598 408 terreno
1638 352 1823 411 incumbunt.

73 442 160 512 possit
175 443 283 499 baberi.
973 443 1034 510 lpse
1062 444 1210 496 simulacro
1230 457 1320 494 eorum
1349 438 1512 511 confringit,
1539 455 1606 497 cum
1631 441 1751 511 spiritus
1770 456 1825 498 ex-

110 531 299 588 1133337.-
321 553 332 579 ‹
358 529 529 601 Abjicetcos
551 529 627 584 Deus
646 544 739 596 meus,
768 531 837 600 quia
863 544 919 586 non
974 531 1161 586 candeseeme
1181 528 1336 584 criminum
1357 542 1426 599 rogo
1450 529 1486 583 ad
1511 529 1646 599 pudenda
1672 537 1736 585 acta
1759 544 1825 599 pro·

1772 220 1824 273 392

75 620 259 676 »audierunt
273 633 350 686 eum,
365 626 393 674 et
406 627 492 673 errant
505 617 572 688 vagi
585 619 613 672 in
628 617 921 685 nationibus.»Quia
973 618 1080 685 sitiens,
1108 618 1252 688 quidquid
1290 617 1362 674 lalsu
1396 617 1630 687 protendebatur,
1666 617 1823 673 imminuit.

72 709 160 764 Deum
184 722 240 762 non
266 707 399 772 audiunt,
423 708 491 760 Deus
508 719 550 759 eos
571 704 679 774 abjicit,
698 705 768 776 quia
791 706 921 762 videlicet
974 714 1048 760 aros
1062 720 1152 759 corum
1174 705 1375 774 depopulatur,
1402 719 1467 760 cum
1493 706 1638 774 proposita
1658 712 1687 761 et
1709 705 1823 760 iustitu-

71 797 141 851 dum
157 808 343 864 nequaquam
357 794 414 849 lieo
437 793 551 849 obedire
567 794 726 863 patiuntur,
742 801 770 850 et
792 808 877 850 aures
894 794 919 848 ui
974 794 1065 850 tiones
1085 793 1188 850 exsilia
1211 793 1313 860 reddit,
1337 800 1407 846 'tta
1437 800 1464 848 et
1484 793 1577 860 nulla,
1604 794 1712 863 qulbus
1741 793 1825 863 quasi

71 883 225 940 obstruunt
241 883 414 948 animorum,
430 881 466 937 ob
483 882 684 951 reprobitatem
702 880 768 937 vitae
782 896 830 938 eos
848 897 881 938 ac
897 906 918 936 si
974 883 1095 938 summis
1108 888 1137 937 et
1148 880 1359 951 principalibus
1376 881 1566 937 innitebatur.
1587 900 1601 933 α
1617 880 1700 949 Quia,
1717 880 1822 951 inquit,

72 970 228 1041 abjectivos
250 969 381 1026 ostendit.
412 969 485 1036 Vupi
507 973 537 1022 ia
563 971 718 1023 notionibus
747 978 825 1036 sunt,
850 970 921 1025 dum
974 966 1554 1043 3333313331.31103331311333330313
1574 969 1821 1033 nuncintereunt,

72 1073 122 1128 per
137 1059 207 1114 vitia
223 1060 361 1114 universa
385 1072 414 1113 se
435 1065 587 1127 spargunt.
611 1057 748 1114 Nationes
768 1071 818 1127 pru
844 1057 921 1114 vitiis
975 1056 1137 1114 dicentnon
1156 1065 1198 1113 est
1223 1072 1274 1114 rex
1295 1057 1385 1124 nobis,
1413 1057 1502 1112 idest
1527 1057 1597 1127 qnia
1622 1059 1824 1113 ostentationes

70 1147 183 1217 poni,si
199 1161 256 1202 non
271 1146 352 1212 alias,
375 1146 595 1217 gentessaltem.
615 1160 689 1216 quas
707 1147 810 1202 evertit
824 1147 919 1202 Domi·
976 1155 1082 1201 nostrae
1107 1145 1143 1200 ad
1165 1144 1299 1201 caecitatis
1328 1145 1448 1200 interme
1475 1152 1589 1200 traxere
1621 1158 1673 1199 nos
1698 1159 1822 1215 plenam,

71 1249 127 1292 nus
145 1242 212 1291 ante
229 1234 301 1291 lilios
317 1234 414 1299 lsrael,
433 1235 570 1290 innuunt.
976 1234 1027 1305 qui
1042 1248 1094 1289 nos
1107 1241 1188 1303 regat
1207 1248 1265 1289 non
1286 1240 1329 1290 est
1352 1232 1455 1288 modus
1479 1233 1507 1287 iu
1533 1232 1624 1288 nobis.
1641 1232 1721 1299 Quod
1747 1233 1823 1289 enirn

411 1372 527 1430 CAPUT
547 1374 573 1429 X
976 1323 1104 1392 spiritus,
1124 1323 1177 1378 boc
1191 1335 1253 1389 rex,
1271 1323 1326 1378 boc
1346 1329 1374 1377 et
1397 1321 1539 1377 modus«
1566 1321 1627 1377 Non
1642 1320 1719 1376 enim
1741 1321 1823 1377 time·

577 1415 583 1427 ·
976 1425 1042 1466 mus
1055 1410 1226 1479 Dominum;
1252 1417 1280 1465 et
1295 1424 1354 1476 rex,
1383 1409 1454 1479 quid
1481 1409 1563 1467 iaciet
1587 1407 1689 1465 nobis‘l
1704 1430 1718 1457 a
1735 1409 1776 1464 Ac
1801 1410 1823 1465 si

108 1498 291 1554 113331-
316 1521 326 1546 ι
350 1496 423 1552 Vitis
446 1495 580 1551 frondosa
605 1496 701 1564 lsrael,
727 1498 839 1554 tructus
867 1499 922 1554 ad·
976 1498 1102 1554 dicerent
1119 1513 1125 1553 :
1142 1501 1213 1553 Cum
1239 1513 1374 1554 sumusa
1399 1498 1446 1553 llei
1472 1498 1572 1554 timore
1599 1498 1711 1563 nudati,
1742 1499 1823 1558 ratio.

74 1593 234 1656 ‚aequatus
257 1593 299 1641 est
322 1584 355 1639 ei.
381 1585 545 1640 Secundum
567 1586 781 1642 multitudinem
810 1587 922 1643 tructus
977 1602 1043 1657 quae
1069 1587 1129 1642 3010
1157 1587 1203 1641 1131
1228 1587 1330 1642 timore
1356 1593 1477 1651 constat,
1505 1585 1672 1656 quidnobis
1689 1586 1768 1655 pensi
1798 1594 1824 1640 et

75 1697 85 1721 ι
104 1675 148 1730 sul
163 1672 487 1742 multiplicavitaltaria.
508 1693 518 1720 ν
540 1674 624 1726 lsrael
637 1676 702 1727 uitis
716 1675 847 1739 frondoso
867 1683 920 1742 est,
942 1649 962 1704 Β
978 1674 1117 1731 moderati
1131 1673 1238 1742 alienet,
1256 1688 1321 1730 cnm
1335 1674 1453 1730 viduata
1468 1673 1514 1739 sit,
1532 1687 1569 1729 ex
1593 1688 1626 1729 eo
1650 1673 1729 1743 quod
1753 1687 1823 1743 pen-

72 1775 137 1818 eum
167 1761 206 1827 31,
239 1760 288 1830 qui
313 1774 363 1830 per
392 1760 605 1830 Scripturarnm
635 1762 784 1817 scientiam
815 1763 849 1819 de
873 1763 920 1818 Dei
976 1762 1043 1820 det?
1070 1762 1128 1818 Nisi
1156 1763 1232 1817 enim
1261 1776 1324 1818 eam
1356 1763 1412 1817 Deo
1446 1762 1597 1818 fecerimus
1626 1760 1822 1830 appendicem,

72 1851 191 1916 visione,
215 1849 302 1904 idest
325 1849 489 1919 cognitione
514 1863 543 1904 se
559 1849 679 1920 jactant,
704 1850 765 1906 sine
787 1851 922 1920 operibns
976 1851 1160 1907 lrustraeam
1176 1849 1299 1906 dicimus
1314 1850 1462 1906 rationem.

72 1938 129 1995 sibi
163 1937 318 1994 verborum
352 1935 577 2006 multiplicitates
609 1946 797 2009 exaggerant.
837 1940 923 1993 lsrirel
1013 1940 1139 1996 113331.
1166 1960 1228 1988 -ι
1256 1938 1420 2008 Loquimint
1446 1937 1534 1994 verba
1561 1937 1681 1993 visionis
1704 1938 1821 2002 inutilis,

71 2030 138 2082 uitis
149 2025 281 2094 frondoso
293 2024 332 2092 tlt,
349 2038 414 2079 eum
431 2023 492 2079 sola
516 2023 610 2080 inanis
624 2025 795 2094 eloquentie
819 2040 922 2096 pompa
978 2049 991 2079 0
1007 2036 1034 2084 et
1045 2027 1151 2082 ferietis
1167 2026 1273 2095 lmdus;
1289 2035 1316 2082 et
1331 2025 1504 2097 germinabit
1520 2024 1603 2095 qnasi
1618 2024 1792 2080 amaritudo.
1808 2046 1821 2072 »

74 2130 104 2171 se
119 2115 254 2186 contegit.
272 2112 350 2169 Sicut
363 2125 431 2182 ergo
447 2112 533 2167 lsrael
553 2112 612 2167 solo
637 2111 761 2180 nomine,
789 2113 829 2169 sie
857 2114 922 2170 vitis
977 2117 1088 2172 bibitur
1103 2115 1138 2170 ad
1154 2114 1250 2179 lsrael,
1271 2114 1322 2185 qui
1341 2117 1385 2167 cir
1397 2116 1491 2167 vidore
1506 2117 1589 2168 Deum
1612 2112 1719 2168 dicitur
1734 2113 1822 2168 inter·

75 2203 136 2260 sine
149 2217 242 2273 opere.
258 2203 375 2256 Fructus
387 2204 413 2255 ei
427 2200 609 2270 adaequatur,
627 2215 692 2257 cum
709 2214 793 2256 vanae
817 2202 923 2272 loqua—
977 2204 1093 2275 pretari.
1121 2204 1162 2258 Ac
1179 2202 1203 2258 si
1218 2203 1324 2258 diceret
1341 2217 1347 2256 :
1363 2202 1421 2257 Vos
1440 2203 1505 2255 citis
1527 2200 1670 2267 frondoso,
1686 2199 1741 2256 sub
1758 2214 1821 2269 pre-

74 2291 152 2348 citatl
176 2280 251 2361 opus
271 2290 449 2360 subsequens
474 2289 626 2359 respondet
648 2289 821 2346 omnimodae
842 2290 922 2346 lalsi-
976 2292 1125 2348 tiosovitis
1148 2291 1263 2347 nomine
1292 2304 1372 2346 mens
1394 2288 1557 2361 garrulitati
1589 2290 1707 2355 intenta,
1737 2302 1823 2358 super

75 2379 148 2437 tatis.
189 2379 344 2436 Secundum
364 2377 566 2432 multitudinem
593 2379 701 2443 fruetus
732 2380 777 2432 sui
819 2380 923 2432 ultorio
976 2381 1023 2436 Dei
1053 2380 1209 2452 agnitione,
1238 2379 1315 2450 quod
1343 2387 1385 2434 est
1417 2378 1498 2443 visio,
1529 2377 1642 2434 inutilla
1672 2377 1822 2446 loquimini

74 2467 258 2538 multiplicat,
287 2466 316 2522 id
344 2473 385 2521 est
407 2465 492 2537 juxta
521 2464 736 2533 exercitiorum,
770 2479 836 2536 qua
872 2481 923 2536 pcr
976 2470 1074 2525 verba.
1094 2466 1580 2537 lltplaneinutiliaquiadetsine
1602 2474 1696 2521 mente
1718 2479 1822 2520 sonum

76 2556 250 2627 hypocrisim
275 2554 359 2621 ilunt,
378 2552 579 2623 quantitatem,
598 2552 696 2609 titulos
715 2552 767 2609 sibi
788 2554 921 2611 adulata·
976 2557 1080 2613 locutio
1104 2556 1238 2612 lastuosa.
1257 2556 1321 2610 llaec
1345 2555 1428 2624 qnasi
1443 2554 1550 2610 ironice
1578 2560 1647 2609 sunt
1671 2553 1757 2609 dicta.
1789 2552 1823 2607 Et

75 2645 126 2702 ria
141 2642 322 2715 vulgaritatis
333 2641 507 2698 accumulat.
527 2641 637 2696 «Juxta
657 2641 816 2698 ubertatem
839 2651 922 2699 terrac
975 2647 1081 2703 ferietis
1105 2645 1199 2700 loedus
1219 2646 1254 2701 de
1277 2645 1452 2700 contmentia
1472 2643 1603 2699 videlicet
1627 2641 1755 2712 corporis
1780 2655 1821 2696 33-

78 2755 89 2783 »
106 2747 165 2788 suae
179 2731 347 2788 exuberavit
362 2729 533 2786 simulacris.
551 2729 661 2785 »Terra
679 2730 830 2799 exuberat,
855 2745 920 2787 cum
975 2734 1037 2800 stri,
1052 2732 1128 2788 irnde
1145 2731 1326 2802 gloriosiores
1345 2731 1511 2797 videamini,
1527 2744 1594 2786 cum
1610 2730 1708 2785 animo
1730 2736 1823 2784 vestro

76 2821 248 2892 insignibus,
265 2820 313 2876 sed
329 2819 401 2874 fictis
415 2817 551 2888 operibus
564 2825 692 2874 nostrum
706 2833 811 2890 eorpus
825 2820 922 2876 abun·
976 2821 1116 2878 stabilitas
1144 2828 1236 2890 pacta.
1271 2819 1321 2875 Sed
1354 2821 1407 2876 boc
1438 2819 1530 2876 lmdus
1560 2818 1644 2888 quasi
1661 2816 1823 2872 amaritudo

75 2910 133 2965 dat.
150 2911 259 2979 Corpus
273 2915 368 2964 autem
384 2921 442 2962 non
469 2921 548 2961 mens
572 2913 718 2975 operatur,
741 2921 806 2963 cum
828 2916 921 2964 mente
942 2910 1128 2999 cgerminat,
1143 2909 1316 2979 quiacordis
1331 2908 1501 2964 instabilitas
1522 2915 1549 2963 et
1567 2906 1664 2962 earnis
1690 2905 1823 2975 petulan-

75 3011 169 3055 vacua
183 3005 210 3052 et
225 2995 349 3065 insipida
368 2994 403 3049 ad
429 2995 482 3050 boe
499 2994 565 3050 boni
586 2994 732 3065 quippiam
758 2995 799 3064 iit,
826 3003 857 3052 ut
882 3011 922 3052 so

75 3086 222 3144 lummodo
247 3083 388 3140 videatur.
412 3081 485 3149 Quot
508 3097 577 3152 ergo
597 3091 666 3138 sunt
689 3097 784 3152 opera,
818 3092 857 3140 tot
885 3086 920 3140 ad

77 3175 219 3231 humanos
234 3172 345 3229 lavares
360 3169 441 3242 quasi
462 3170 618 3241 eriguntur
632 3171 797 3228 simulacra.

32 3307 35 3311 .
125 3263 211 3318 Vnus.
225 3264 326 3316 2.—‹
353 3260 482 3316 Divisum
505 3267 547 3315 est
569 3273 619 3315 cor
641 3274 752 3316 eorum.
771 3280 785 3309 »
809 3261 921 3318 Corco-

75 3367 137 3407 rum
157 3351 307 3418 dividitur,
334 3348 403 3404 daim
421 3348 500 3403 aliud
518 3346 546 3401 in
569 3361 652 3417 opere
666 3356 826 3417 exercetur,
843 3349 922 3405 aliud

76 3441 105 3498 in
132 3448 226 3497 mente
254 3445 403 3495 tractatur.
433 3439 572 3502 Quaerunt
605 3437 681 3493 enim
708 3439 737 3492 in
764 3437 922 3495 intentione

75 3529 202 3595 laudem,
231 3541 297 3583 eum
312 3525 492 3582 extrinsecus
523 3526 577 3580 beo
599 3539 768 3601 ‚congruum
788 3525 922 3582 studeant

77 3615 275 3688 specietenus
298 3614 435 3670 exhibere
458 3612 595 3668 laborem.
619 3612 700 3670 Unde
726 3620 753 3669 et
773 3614 923 3684 Apostolus

76 3718 144 3761 enm
160 3703 290 3774 quicum
311 3715 402 3758 uxore
418 3708 471 3767 est,
487 3702 565 3757 cirea
586 3701 734 3757 mundana
757 3703 921 3769 sollicitum,

77 3794 145 3851 dicit
159 3807 218 3849 esse
232 3791 357 3848 divisum
372 3790 401 3860 (1
412 3793 477 3845 Gor.
494 3805 543 3857 vu,
562 3790 619 3861 33),
633 3791 702 3847 dnm
727 3789 832 3847 scilicet
856 3793 924 3847 binc

74 3883 124 3955 jus
153 3888 256 3938 tractat
282 3881 431 3946 uxorium,
469 3878 548 3935 illinc
573 3878 724 3950 aliquoties
764 3889 923 3950 respectare

77 3978 211 4027 monetur
226 3969 261 4023 ad
275 3968 372 4023 ileum.
394 3989 403 4015 u
420 3966 504 4023 Nunc
517 3967 690 4037 interibunt;
715 3967 774 4037 ipse
794 3967 923 4023 3031313-

77 4077 93 4112 »
111 4067 156 4129 get
170 4057 325 4114 simulacra
341 4069 453 4122 eorum,
472 4055 694 4125 depopulabitur
707 4069 773 4111 aras
788 4069 920 4111 eorumr

976 3000 1026 3066 tia,
1039 3012 1090 3068 per
1118 2997 1203 3053 totins
1227 2997 1416 3066 irruptionem
1438 2995 1630 3052 immunditia
1649 2992 1823 3049 convenien-

977 3089 1044 3145 tiam
1058 3087 1153 3142 subitu
1170 3093 1278 3141 mutuae
1306 3085 1467 3154 sponsionis
1492 3084 1640 3140 amaricat.
1665 3082 1726 3138 Hoc
1747 3081 1823 3137 enim

975 3184 1017 3233 est
1032 3190 1148 3246 germen
1166 3173 1333 3243 hypocrisis,
1350 3173 1427 3243 quod
1451 3174 1480 3228 in
1496 3181 1638 3229 momentu
1654 3172 1711 3227 Deo
1733 3170 1824 3226 ultore

974 3266 1082 3322 revolat
1098 3264 1191 3333 lmpiae
1207 3270 1314 3318 statum
1330 3262 1443 3318 mentis.
1461 3262 1541 3318 Unde
1565 3261 1716 3331 seqnitur:

1015 3376 1025 3401 ι
1042 3352 1198 3418 iudicium,
1216 3352 1419 3421 inquitsuper
1433 3351 1528 3406 sulcos
1542 3350 1613 3420 agri.
1630 3371 1640 3396 ν
1669 3347 1745 3404 Sulci
1761 3347 1823 3418 agri

976 3441 1091 3499 verello
1112 3448 1154 3497 est
1170 3447 1286 3510 propter
1301 3440 1391 3495 Deum
1414 3437 1550 3508 corporis.
1576 3435 1739 3507 llypocritae
1761 3434 1823 3490 sul-

976 3543 1103 3601 3033330
1118 3544 1171 3584 330
1186 3528 1305 3594 iaciunt,
1319 3527 1389 3583 dum
1405 3528 1552 3583 cruciatus
1566 3540 1618 3581 300
1641 3525 1756 3595 corpori
1776 3538 1825 3594 per

976 3619 1164 3675 abstinentias
1188 3616 1327 3672 inierunt.
1353 3615 1514 3685 Superbos
1536 3613 1734 3684 sttjudicium
1757 3625 1822 3668 cum

977 3708 1055 3764 laisa
1073 3704 1233 3761 sanctitatis
1256 3704 1376 3760 evidens
1402 3703 1549 3768 omnibus,
1572 3703 1628 3758 Deo
1639 3700 1824 3771 propatulum

977 3796 1106 3860 iaciente,
1122 3795 1209 3850 datur
1224 3793 1371 3849 indicium.
1400 3791 1499 3848 Sulcos
1519 3791 1581 3861 agri
1596 3790 1636 3846 sic
1659 3790 1750 3845 solere
1779 3789 1825 3844 in-

977 3885 1065 3955 telligi
1096 3883 1228 3939 Saloumn
1268 3889 1423 3937 testatur:
1458 3898 1471 3934 c
1505 3880 1670 3950 Diligenter,
1717 3877 1822 3947 inquit,

976 3985 1077 4028 exerce
1092 3983 1194 4041 agrum
1212 3976 1306 4034 tuum,
1325 3978 1355 4025 ut
1371 3975 1466 4038 postca
1479 3966 1731 4023 edificesdomum
1742 3972 1821 4020 tuam

977 4059 1069 4128 (Pron.
1087 4073 1165 4125 xxiv,
1181 4057 1235 4127 at).
1248 4078 1261 4106 n
1281 4057 1444 4126 Etdeeqno
1457 4054 1506 4112 Dei
1521 4055 1572 4110 iob
1589 4069 1595 4109 :
1612 4051 1823 4119 «Terramait,

78 4146 216 4218 (113333)
234 4168 244 4194 ‹
262 4144 334 4212 Quia
348 4158 428 4200 nunc
443 4143 559 4200 dicent:
583 4143 645 4200 Non
664 4151 706 4199 est
730 4158 781 4199 rex
801 4144 920 4200 nobis.»

77 4237 153 4293 Nune
167 4233 328 4300 interibunt,
345 4233 373 4288 id
393 4241 445 4299 est,
463 4232 489 4287 in
514 4233 568 4288 boe
594 4231 653 4302 ipso
677 4238 753 4288 statu
777 4232 922 4302 peribunt,

979 4146 1090 4219 ungula
1105 4146 1174 4202 ledit
1190 4146 1248 4212 (lob
1263 4160 1361 4214 xxxix,
1377 4143 1438 4214 31);
1450 4158 1516 4200 cum
1528 4141 1651 4198 audierit
1661 4139 1823 4204 buccinam,

978 4235 1066 4291 dicit:
1084 4233 1166 4294 Vahl
1182 4234 1264 4304 (ibid.
1275 4233 1333 4303 35.)
1350 4255 1361 4281 t

723 4408 867 4452 EXPLICIT
890 4409 980 4454 blatta
1003 4407 1172 4454 SECUNDUS.

737 4745 896 4819 33333
937 4744 1167 4819 3333333

196 4941 818 5049 TROPOLOGIARUM
854 4945 928 5048 IN
977 4941 1157 5048 OSEE
1207 4939 1712 5048 CONTINUATIO.

831 5139 1082 5152 *-

113 5308 242 5365 Tertium
257 5308 285 5364 in
302 5309 375 5365 beati
388 5309 457 5367 Osee
482 5307 553 5364 libro
567 5307 728 5364 libellulum
752 5320 925 5376 praesumen·
942 5308 965 5363 b
981 5307 1099 5377 protulit
1114 5321 1226 5378 semper
1248 5314 1276 5362 et
1297 5306 1428 5376 proteret,
1453 5319 1470 5360 a
1491 5317 1545 5360 sna
1572 5302 1782 5360 illuminatione
1799 5308 1826 5357 et

77 5406 119 5457 tes
133 5399 232 5465 Deum,
250 5395 300 5467 qui
321 5397 511 5462 trinitasest,
536 5403 670 5452 nontam
693 5394 813 5450 vocibus
834 5408 923 5465 quam
978 5396 1071 5451 calore
1094 5411 1151 5451 non
1176 5410 1221 5451 me
1247 5396 1373 5465 patiatur
1396 5393 1542 5461 abscondi,
1569 5390 1664 5464 etqui
1688 5392 1741 5447 scit
1767 5389 1825 5446 solo

79 5485 211 5544 medullis
235 5497 364 5550 oramus,
384 5491 417 5540 ut
440 5484 492 5554 qui
510 5484 588 5554 quod
613 5483 687 5550 vult,
702 5496 754 5553 per
769 5495 842 5552 quos
862 5484 923 5539 vult
978 5498 1038 5540 sua
1060 5484 1253 5540 miserationis
1272 5483 1402 5551 obtentu,
1425 5495 1482 5538 non
1508 5482 1662 5537 securitate
1680 5491 1824 5550 perversa,
