3818 6008
601 270 707 332 bolttd
728 273 759 330 h.
780 272 954 331 oucflstttt
973 270 1087 333 HOTAE.

53 417 135 474 escat,
177 408 277 478 paneis
309 409 433 466 declarat
471 409 562 466 abbas
585 419 689 468 noster.
716 434 731 461 «
756 410 854 497 NecA

73 519 84 545 »
102 497 200 553 scribit
216 499 285 568 ipse,
303 519 316 547 ε
335 497 362 553 in
377 498 550 554 monasterio
565 496 659 555 Sancti
685 499 814 571 Dionysii

53 587 151 656 ancia)
167 587 240 642 idem
256 587 402 643 actitatur.
422 588 525 644 Parata
545 588 582 645 ab
598 588 702 645 abbate
726 603 812 645 orna-

53 688 129 746 ·apsa
144 675 213 730 dnm
232 676 297 731 iude
311 675 471 741 extollitur,
491 676 560 732 dum
583 691 648 732 cum
678 677 815 734 memhris

69 763 222 831 evolvitur,
244 764 446 820 membranula
472 765 501 819 in
529 766 665 834 martyris
693 766 813 823 naribus

58 853 151 908 turin
173 865 232 923 qua
245 853 322 923 quod
343 861 416 909 esset
438 853 584 910 Firminus
613 853 814 910 ambianensis

54 955 73 997 r
86 943 277 1013 expromitur.
297 964 311 990 »
327 942 363 998 At
392 956 427 997 ne
450 949 549 998 auctor
564 942 664 1013 gratis,
688 955 739 999 seu
757 940 813 999 hile

63 1028 161 1087 isthaee
184 1043 309 1087 asserere
340 1031 406 1102 quis
430 1030 536 1099 credat,
570 1030 721 1101 antiquam
743 1030 813 1090 libet

54 1132 62 1174 ι
99 1118 325 1187 translationem,
371 1119 530 1190 [legoberto
574 1120 595 1186 l,
636 1120 811 1177 Francorum

54 1206 233 1277 precipiente
258 1208 372 1276 iactam,
399 1223 415 1264 e
438 1208 648 1279 Piquioiacensi
673 1216 766 1267 castro
781 1209 810 1265 in

54 1294 220 1364 ouysianam
236 1295 393 1352 ecclesiam.

54 1386 72 1436 t
95 1404 106 1432 ι
130 1384 267 1455 Tempore
292 1384 406 1455 gloriosi
422 1399 455 1442 ae
470 1385 590 1456 piissimi
619 1385 695 1457 regis
717 1387 810 1442 Frau-

54 1485 63 1526 ι
93 1471 255 1543 Dagoberti,
286 1474 460 1530 Hunnorum
486 1489 555 1545 gens
583 1474 667 1530 corde
693 1474 810 1532 ferocis-

63 1574 180 1631 procera
198 1576 327 1632 corpore,
341 1562 423 1619 bellis
450 1569 573 1626 assueta,
603 1562 667 1632 plus
683 1563 718 1618 de
740 1578 809 1634 pro·

54 1648 159 1706 ririhus
174 1664 263 1720 quam
285 1651 319 1707 de
338 1651 436 1707 divino
449 1665 627 1721 presumens
653 1651 808 1723 adjutorio,

1651 281 1720 338 toan

870 410 999 468 tulerunt
1027 428 1033 467 :
1061 413 1142 478 Quod
1169 412 1275 469 idcirco
1307 412 1414 470 factum
1453 424 1496 473 est
1523 419 1594 491 quia
1615 419 1718 476 civitas

870 512 973 569 parum
988 500 1102 558 munita
1112 509 1212 558 contra
1225 501 1302 572 regis
1317 501 1455 572 impetum
1482 504 1642 565 videbatur.
1664 508 1717 565 Ca·

868 595 961 645 strum
974 595 1071 645 autem
1094 588 1176 657 illud,
1192 597 1220 646 ει
1237 598 1342 646 natura
1356 590 1418 658 toci,
1445 599 1474 647 et
1495 596 1624 650 manuali
1645 597 1717 653 arti-

869 674 943 742 frcio,
966 682 995 733 ει
1022 675 1194 733 bellatorum
1221 676 1343 733 audacia
1370 675 1569 746 fortissimum,
1589 688 1617 737 et
1638 683 1718 741 velut

868 763 1092 837 inexpugnabile
1116 766 1283 836 putabatur.
1300 765 1353 822 Sed
1373 787 1387 815 ε
1415 776 1532 825 nonest
1551 770 1716 840 prudentia,

867 867 927 908 uon
942 860 985 909 εει
998 852 1147 923 sapientia,
1163 867 1221 909 uon
1242 861 1285 909 εει
1311 853 1464 911 consilium
1491 863 1591 912 contra
1618 857 1718 913 Domi-

867 954 938 996 num
954 961 970 990 a
984 940 1083 1010 (Proo.
1096 954 1156 1009 xxa,
1171 941 1227 1010 30).

902 1050 917 1078 «
932 1028 993 1086 lter
1009 1028 1172 1101 igiturcum
1195 1030 1373 1087 Francorum
1395 1030 1536 1099 exercitu,
1552 1031 1717 1102 predictam

866 1115 965 1171 adiens
984 1115 1137 1182 civitatem,
1155 1115 1255 1185 paucis
1267 1115 1459 1184 obstantibus,
1474 1117 1535 1174 sine
1550 1119 1641 1175 multa
1659 1118 1717 1175 dlf-

867 1203 992 1259 deultate
1007 1202 1185 1274 ingreditur3
1214 1203 1309 1260 hostes
1325 1218 1393 1260 cum
1418 1205 1498 1276 regia
1520 1205 1717 1276 indignatione

865 1290 1055 1362 aggreditur;
1078 1290 1218 1362 quosdam
1235 1291 1378 1358 interficit,
1392 1291 1457 1348 aliis
1469 1292 1607 1349 carcerali
1620 1301 1716 1350 custo·

864 1380 918 1436 diae
937 1379 1118 1450 mancipatis,
1141 1379 1272 1436 nonnulli
1296 1393 1363 1436 vero
1378 1380 1455 1451 fugae
1470 1380 1602 1451 prasidio
1617 1382 1717 1440 mortis

865 1467 1025 1538 pericnlum
1040 1474 1204 1524 evaserunt.
1233 1469 1292 1526 Rex
1323 1467 1413 1539 igitur
1439 1469 1628 1541 [lagobertus.
1654 1470 1716 1542 glo·

864 1552 942 1607 riosa
953 1552 989 1607 de
1009 1551 1139 1608 hostibus
1154 1552 1261 1622 potitus
1283 1551 1410 1619 victoria,
1427 1567 1472 1620 ue,
1488 1554 1566 1624 quod
1579 1553 1664 1622 absit,
1679 1555 1716 1612 ad

864 1638 1004 1710 gloriosos
1019 1647 1191 1710 protectores
1215 1653 1283 1696 suos
1313 1640 1497 1709 bacharium,
1526 1641 1634 1698 scilicet
1648 1643 1714 1700 Dio·

55 1736 200 1808 „jacentes
229 1738 392 1810 provincias
418 1739 473 1795 5qu
497 1740 645 1809 qyfannjoe
669 1740 809 1812 subjuga.
829 1728 979 1804 Bnysium
993 1730 1143 1799 sociosque
1157 1728 1232 1800 ejus,
1248 1742 1315 1784 reus
1331 1727 1548 1798 ingratitudinis
1562 1740 1712 1800 remearet,

55 1839 97 1881 tec
120 1826 197 1883 istud
211 1827 236 1882 ei
261 1826 407 1884 sufficiens
431 1827 593 1894 videbatur,
617 1830 665 1885 sed
690 1829 811 1886 audiens

56 1912 170 1970 llentem
201 1915 281 1987 regni
311 1916 486 1973 Francorum
517 1917 650 1987 regisque
678 1917 809 1988 gloriam,

55 2016 174 2075 regnum
190 2017 264 2061 ausu
279 2005 428 2061 temerario
444 2019 496 2062 suo
514 2005 674 2062 dominatui
689 2007 810 2063 submit-

55 2093 201 2162 reposuit:
220 2093 349 2164 initoque
365 2093 482 2150 consilio
502 2108 568 2150 cnm
586 2093 810 2151 Flandrensibus

55 2178 76 2235 si
91 2179 128 2234 ad
149 2181 284 2251 propositi
312 2181 486 2237 consortium
506 2181 641 2237 facinoris
666 2182 809 2250 conciliat,

55 2267 154 2325 rariter
169 2268 277 2325 civium
297 2269 378 2325 urbis
398 2270 640 2326 Arabianensium
658 2270 767 2327 auxilio
782 2267 810 2326 el

55 2369 115 2412 asu.
139 2356 174 2414 Et
195 2371 260 2413 ecce
276 2359 443 2428 preparatis
467 2358 504 2414 ad
532 2357 606 2415 bella
632 2359 808 2427 necessariis,

56 2444 109 2501 sibi
121 2444 211 2502 futuri
228 2446 334 2514 nescia,
347 2461 412 2502 cnm
426 2447 487 2503 suis
505 2446 693 2516 complicibus
707 2461 809 2504 versus

57 2533 113 2589 iam
143 2542 237 2591 movet
264 2543 368 2591 castra.
396 2534 477 2603 Quod
496 2534 614 2606 quidem
642 2537 808 2607 pervigilem

55 2621 203 2692 [tagoberti
220 2622 429 2691 providentiam
444 2621 532 2679 latere
556 2637 612 2678 non
632 2624 733 2694 potuit,
755 2623 809 2692 Qui

56 2723 122 2766 cans
159 2710 354 2767 fidelissimam
384 2711 438 2767 sihi
467 2712 643 2768 Francorum
678 2712 808 2768 militiam

71 2798 106 2854 de
121 2797 229 2866 divino,
244 2807 271 2855 ει
285 2799 416 2869 specialis
431 2800 476 2856 sui
493 2801 730 2872 Francorumquc
744 2816 807 2872 pro·

56 2900 74 2942 s
87 2887 234 2954 Haeharii,
250 2888 355 2945 scilieet
370 2889 497 2959 Dionysii
528 2889 729 2961 sociorumque
745 2890 808 2962 ejus

56 2975 129 3043 tinio,
146 2975 274 3032 celeriter
300 2977 361 3034 suis
377 2977 502 3034 occurrit
525 2977 698 3034 adversariis
712 2979 748 3034 ad
764 2978 807 3035 lo-

56 3065 105 3135 qui
122 3066 175 3122 Leo
195 3073 264 3122 tuuc
281 3068 416 3137 temporis
429 3067 585 3123 dicebatur.
600 3065 673 3134 Quid
693 3067 777 3137 plura
794 3067 808 3123 f
828 3037 848 3092 G

56 3153 117 3210 dies
138 3154 310 3222 certaminis,
327 3164 354 3212 et
369 3155 419 3211 din
444 3156 628 3227 multumque
653 3156 720 3213 hinc
744 3155 809 3212 inde

56 3255 101 3298 um
114 3250 165 3299 est.
183 3243 297 3299 Hunnis
313 3257 379 3299 cum
394 3243 476 3300 sociis
501 3243 688 3314 complicibus
705 3243 809 3302 acriter

57 3330 173 3387 antibus
200 3330 309 3387 fervore
337 3339 364 3386 et
387 3331 527 3387 desiderio
564 3332 807 3400 consummanda,

59 3419 250 3483 estimabant,
278 3419 424 3491 nequitiae,
452 3418 568 3475 Francis
582 3420 742 3476 econtrario
758 3433 808 3490 pro

56 3507 215 3564 ilibertate.
232 3508 343 3564 interea
357 3507 456 3562 divina
487 3506 647 3574 clementia,
668 3523 734 3579 quae
759 3523 806 3564 su·

66 3598 181 3664 resistit,
197 3596 358 3652 humilibus
379 3603 474 3652 autem
499 3596 547 3652 dat
570 3595 703 3668 gratiam,
733 3595 809 3668 regis

57 3699 196 3755 urumque
212 3684 295 3741 fldem
310 3691 338 3741 ει
363 3683 453 3740 animi
466 3685 598 3755 pietatem
615 3685 808 3742 misericordi·

57 3774 185 3844 spicieus,
214 3781 242 3830 et
270 3772 408 3844 perfidam
437 3773 609 3828 Hunnorum
633 3773 806 3843 superbiam,

57 3876 80 3918 m
105 3862 224 3918 brachia
249 3861 430 3928 confortavit,
456 3860 635 3917 adversarios
663 3861 807 3917 intantum

57 3951 127 4018 ians,
145 3956 176 4006 ut
206 3951 255 4006 rix
280 3951 379 4006 saltem
409 3963 486 4005 unus
514 3947 647 4004 evaderet
675 3948 807 4018 quibelli

57 4052 93 4095 tm
107 4038 144 4095 ad
169 4039 290 4109 patriam
316 4045 492 4109 reportaret;
507 4044 535 4093 et
558 4037 633 4094 facta
659 4037 742 4093 estin
756 4052 807 4094 co-

57 4139 101 4183 ice
115 4140 133 4181 a
149 4126 265 4182 Francis
279 4133 358 4183 tauta
387 4134 506 4197 strages,
531 4131 669 4195 tantaque
685 4124 808 4181 Hunno-

58 4214 193 4286 angninis
221 4213 333 4282 effusio,
352 4222 384 4271 ut
406 4214 480 4270 idem
495 4213 576 4270 locus
591 4213 642 4284 qui
658 4213 739 4284 prius
753 4213 807 4270 Leo

865 1815 962 1872 divino
986 1823 1080 1873 metus
1108 1817 1280 1888 speramine,
1315 1816 1367 1872 hoc
1382 1816 1550 1875 deliberavit
1572 1819 1650 1890 apud
1673 1833 1713 1889 se,

864 1905 943 1976 quod
958 1918 1066 1961 munus
1080 1906 1131 1973 eis,
1144 1906 1223 1961 omni
1241 1906 1376 1961 thesauro
1390 1904 1551 1975 pretiosius,
1567 1907 1596 1962 iu
1609 1921 1715 1964 reeom-

864 1993 1061 2063 pensationem
1076 1994 1114 2049 ab
1132 1994 1172 2050 eis
1189 1995 1309 2065 impensi
1336 1994 1389 2050 sibi
1405 1994 1548 2052 manifesti
1565 1997 1715 2067 patrocinii

864 2089 1032 2152 reportaret.
1061 2083 1141 2139 Unde
1166 2082 1309 2152 dispositis
1328 2096 1365 2140 ex
1394 2092 1473 2154 parte
1496 2085 1575 2157 regia
1597 2085 1716 2155 impres

864 2169 921 2225 lata
944 2169 1059 2227 civitate
1083 2170 1230 2238 custodiis,
1260 2185 1360 2228 versus
1387 2171 1609 2244 Piquigoiacum
1629 2173 1715 2232 vertit

863 2257 1033 2328 exercitum,
1051 2259 1100 2315 ubi
1115 2259 1272 2316 certissime
1294 2262 1330 2317 ab
1355 2260 1455 2318 incolis
1477 2261 1623 2332 didicerat,
1645 2276 1714 2333 pro·

864 2356 926 2417 pter
947 2355 1055 2404 metum
1085 2348 1172 2419 regie
1209 2349 1374 2420 majestatis,
1414 2350 1577 2407 venerabile
1611 2365 1715 2422 corpus

862 2435 1035 2492 sanctissimi
1051 2438 1185 2508 martyris
1205 2447 1232 2494 et
1249 2439 1374 2509 episcopi
1398 2439 1528 2509 Firmini,
1557 2453 1624 2496 cum
1650 2441 1714 2498 aliis

862 2523 949 2580 ιιιιεεε
972 2525 1103 2596 reliqniis
1126 2526 1312 2583 occultatum.
1341 2527 1395 2582 Sed
1421 2527 1492 2598 quid
1521 2528 1713 2586 lacerentcu-

862 2612 956 2669 stodes
983 2615 1132 2684 municipii
1160 2616 1298 2684 ejusdem,
1315 2615 1370 2670 nisi
1387 2617 1464 2686 quod
1478 2615 1539 2686 ipsa
1553 2630 1651 2672 rerum
1665 2632 1714 2675 ne·

862 2701 977 2758 cessitas
1009 2703 1101 2759 lacere
1129 2701 1333 2772 compellebat?
1358 2716 1440 2759 arma
1463 2704 1621 2774 deponunt,
1640 2719 1670 2762 se
1685 2716 1714 2765 et

861 2803 915 2846 sua
939 2789 1024 2862 regiae
1052 2790 1192 2847 voluntati
1223 2791 1390 2862 subjiciunt,
1413 2793 1472 2863 ipse
1501 2807 1566 2849 vero
1602 2794 1711 2851 miseri-

862 2879 986 2935 corditer
1013 2893 1083 2950 erga
1108 2878 1183 2948 ipsos
1214 2893 1243 2935 sc
1273 2880 1383 2948 babuit,
1401 2880 1476 2936 sicut
1490 2882 1599 2952 regiam
1616 2882 1645 2937 in
1662 2882 1710 2939 tali

862 2967 983 3025 articulo
998 2968 1094 3024 decuit
1109 2967 1288 3040 dignitatem.

900 3056 1063 3127 «subjecto
1091 3057 1145 3112 sibi
1169 3058 1287 3128 praefato
1314 3057 1483 3129 municipio,
1498 3073 1550 3116 rer
1576 3060 1713 3132 providus

864 3153 891 3201 et
906 3146 1056 3212 discretus,
1081 3153 1114 3202 ut
1133 3159 1218 3216 opere
1244 3146 1398 3216 compleret
1413 3149 1490 3218 quod
1516 3157 1601 3206 antea
1619 3159 1713 3208 mente

863 3242 1040 3306 conceperat,
1064 3234 1130 3305 jure
1158 3234 1275 3291 victoris
1306 3245 1398 3304 atem,
1426 3238 1595 3308 cujussunt
1615 3240 1712 3296 omnia

863 3338 930 3393 quae
944 3323 1057 3379 fuerant
1077 3323 1265 3390 devictorum,
1290 3325 1398 3380 accedit
1414 3326 1451 3381 ad
1467 3327 1560 3383 locum
1587 3326 1635 3384 ubi
1648 3342 1711 3398 pre·

863 3411 950 3467 tiosas
964 3419 1129 3468 sanctorum
1145 3412 1282 3482 reliquias
1298 3413 1436 3483 repositas
1450 3414 1538 3471 fuism
1564 3417 1711 3484 didicerat,

863 3512 1025 3570 corpusque
1049 3498 1212 3555 venerabile
1241 3501 1413 3557 sanctissimi
1444 3503 1580 3574 martyris
1605 3514 1632 3561 et
1656 3506 1714 3577 epi-

863 3588 940 3658 scopi
960 3587 1091 3655 Firmmi,
1119 3603 1185 3644 cum
1203 3590 1281 3645 omni
1296 3591 1457 3647 reverentia
1486 3592 1563 3649 levat
1580 3593 1615 3650 de
1643 3593 1714 3651 late-

862 3677 932 3745 bris,
949 3676 1248 3749 indignumjudicans
1262 3691 1327 3733 ossa
1347 3679 1419 3734 tanti
1446 3682 1581 3750 martyris
1603 3681 1713 3740 diutius

863 3765 1032 3822 intenebris
1050 3765 1198 3821 occultari.
1225 3767 1333 3823 Deinde
1351 3770 1514 3825 convocatis
1527 3771 1712 3841 magnatibus

865 3855 1041 3911 Francorum
1066 3854 1220 3922 exercitus,
1236 3856 1277 3912 eis
1290 3857 1460 3913 auctoritate
1474 3859 1553 3930 regia
1567 3859 1710 3931 pracepit,

863 3952 894 4001 ut
924 3943 989 4000 iude
1010 3943 1235 4000 sacratissimum
1261 3959 1367 4015 eorpus
1390 3960 1457 4003 eum
1486 3947 1592 4003 honore
1617 3947 1712 4006 debito

861 4045 1045 4103 summoque,
1067 4030 1103 4087 ad
1118 4031 1249 4088 dilectam
1266 4032 1319 4088 sibi
1336 4047 1396 4103 prae
1422 4035 1532 4090 caeteris
1563 4036 1712 4094 ecclesiam

861 4122 1060 4191 transferrent,
1091 4120 1149 4191 ipso
1174 4135 1240 4178 cum
1263 4121 1324 4178 suis
1349 4122 1542 4181 familiaribus
1565 4125 1712 4182 humiliter

861 4209 1066 4282 subsequente.

57 4309 126 4369 stur,
142 4316 178 4359 ex
195 4310 264 4359 tuuc
278 4310 307 4359 ει
319 4302 452 4372 deinceps
467 4301 560 4373 gentis
575 4301 654 4359 illius
673 4301 846 4373 idiomatep
898 4320 912 4346 «
929 4298 1108 4357 Venerabilis
1129 4307 1225 4356 autem
1252 4300 1554 4371 conventusejusdem
1578 4301 1712 4359 Ecclesia

57 4399 101 4448 tur
112 4391 378 4463 Lycorea-santes,
399 4391 477 4462 quod
487 4389 588 4446 Latine
601 4390 644 4447 leo
660 4391 689 4447 in
704 4398 806 4462 stagno

57 4479 109 4536 inis
123 4487 212 4550 potest
228 4479 294 4535 dici.

58 4569 143 4624 unnis
158 4576 189 4625 ut
216 4568 325 4626 dictum
344 4575 386 4625 εει
402 4569 516 4639 penitus
545 4568 729 4637 interemptis,
753 4582 806 4624 nec

58 4670 105 4712 teu
133 4656 286 4728 Dagoberti
314 4656 389 4727 regis
412 4656 455 4713 ira
479 4656 632 4722 deferbuit,
657 4656 747 4711 ‹louec
771 4655 806 4712 de

58 4745 162 4802 surbis
181 4745 429 4814 ambianensium,
445 4746 496 4816 qui
512 4745 686 4802 Hunnorum
706 4751 806 4799 contra

58 4832 374 4902 tunidicousenseraut,
396 4833 569 4901 condignam
597 4832 736 4902 acciperet
757 4831 805 4889 ul·

58 4939 62 4976 t
79 4937 86 4977 :
104 4921 181 4993 quod
195 4923 308 4978 eosdem
324 4923 401 4979 cives
416 4936 473 4978 uon
489 4920 582 4988 latuit,
607 4921 731 4991 quinon
748 4920 806 4976 im-

72 5010 256 5067 vehementer
279 5009 446 5077 tremefacti,
477 5009 594 5080 propria
619 5023 668 5065 eos
694 5023 806 5066 rernor-

58 5099 236 5167 muselentia,
253 5112 313 5170 qua
331 5112 361 5154 se
370 5095 566 5168 jndiee'ncmo
585 5111 691 5154 nocens
712 5096 805 5153 absol-

83 5187 295 5246 eommunicato
329 5187 404 5244 inter
434 5200 464 5242 se
488 5184 617 5254 consilio,
655 5186 806 5257 episcopus

58 5292 81 5333 m
98 5277 232 5344 civitatis,
248 5284 276 5333 et
299 5276 402 5344 clerus,
416 5281 444 5331 ει
464 5275 599 5346 populus,
619 5289 724 5346 eorpus
744 5274 805 5346 glo·

58 5364 181 5434 tartyris,
206 5371 234 5420 et
258 5362 384 5434 episcopi
409 5361 538 5432 ejusdem
568 5362 649 5420 urbis
672 5362 803 5432 Firmini,

59 5466 84 5509 ιε
98 5451 238 5523 reliquias
252 5465 319 5508 cum
334 5449 478 5508 thesauris
500 5449 635 5518 ecelesiae,
660 5450 697 5507 ad
711 5450 804 5523 quod·

59 5539 237 5610 tunicipium,
253 5540 329 5612 quod
342 5538 585 5612 Pinquiguiaeum
598 5537 715 5605 dicitur,
731 5545 806 5597 tran

860 4387 981 4444 audiens
995 4402 1091 4460 regem
1106 4403 1173 4446 cum
1189 4387 1277 4444 nobili
1297 4389 1445 4460 triumpho
1472 4398 1661 4447 revertentem
1675 4392 1711 4449 de

860 4476 967 4546 praelio,
1004 4490 1161 4549 secumque
1195 4478 1335 4547 pretiosas
1361 4477 1534 4535 deferentem
1559 4480 1708 4550 reliquias,

859 4564 985 4621 occurrit
1010 4565 1036 4621 ei
1066 4565 1241 4632 solemniter,
1265 4566 1420 4637 ipsumque
1445 4581 1512 4623 cum
1539 4567 1655 4638 hymnis
1682 4575 1711 4626 et

860 4649 1005 4720 laudibus,
1018 4652 1093 4709 sicut
1106 4654 1213 4725 regiam
1238 4657 1416 4729 majestatem
1444 4655 1590 4724 decuerat,
1617 4658 1647 4714 in
1660 4673 1709 4715 ec·

858 4738 974 4796 clesiam
1012 4740 1183 4798 introduxit.
1216 4744 1277 4801 llex
1303 4759 1371 4802 vero
1395 4745 1580 4802 sacratissimi
1602 4761 1708 4818 corpus

859 4829 1004 4899 martyris,
1034 4829 1112 4900 quod
1138 4844 1235 4888 secum
1254 4832 1406 4903 detulerat,
1424 4833 1513 4891 veluti
1539 4835 1709 4893 thesaurum

859 4917 1086 4988 impretiabilem,
1115 4932 1203 4989 super
1231 4919 1321 4978 altare
1351 4931 1518 4980 sauctorum
1546 4925 1707 4995 Martyrum

858 5006 980 5077 propriis
995 5007 1130 5063 manibus
1153 5008 1274 5064 devotus
1296 5009 1415 5080 obtulit;
1444 5012 1522 5083 quod
1548 5018 1709 5070 conventus

858 5107 924 5150 cum
937 5093 1074 5151 ineffabili
1090 5094 1195 5165 gaudio
1205 5096 1375 5166 suscipiens,
1391 5114 1480 5170 super
1493 5101 1583 5159 altare
1598 5101 1708 5160 Sancta

857 5182 1016 5251 Trinitatis,
1030 5185 1108 5256 quod
1133 5185 1162 5240 in
1191 5184 1278 5241 choro
1307 5188 1515 5246 monachorum
1545 5191 1632 5249 situm
1654 5200 1707 5261 est,

857 5272 1018 5330 sublimiter
1031 5280 1059 5330 et
1074 5273 1229 5330 honorilice
1239 5271 1398 5331 collocavit.
1417 5296 1428 5324 ι

892 5366 968 5418 m
989 5361 1146 5433 Hucusque
1171 5369 1254 5419 vetus
1277 5361 1366 5420 codex
1397 5376 1453 5421 ms.
1483 5362 1707 5428 bibliothecas.

857 5450 983 5509 Victoris
997 5451 1084 5507 Paris.
1099 5450 1135 5508 Et
1154 5451 1230 5508 hauc
1246 5451 1370 5522 profecto
1396 5444 1609 5515 translationem
1629 5457 1711 5516 Nico·

857 5539 938 5597 taum
960 5537 1080 5597 dllllum
1102 5552 1120 5596 a
1142 5539 1270 5598 Francis.
1291 5540 1462 5599 Bellorestro
1484 5542 1642 5605 adauctum
1657 5549 1712 5606 mi·
