3818 6008
112 263 180 317 1059

609 255 655 308 ΑΒ
676 253 751 309 ΟΡΡ.
774 252 850 309 VEN.
872 251 1033 308 GUlBElll'l
1049 252 1094 306 DE
1114 251 1310 310 noviomiso

1797 254 1867 306 loeo

146 414 161 447 o
177 392 416 464 116666116661666
441 386 573 457 singulis,
590 387 693 457 quaerit
716 385 958 456 eleemosynarius
976 389 999 441 Α
1015 386 1149 458 granario
1171 387 1205 441 ad
1222 387 1441 456 eleemosynam,
1458 400 1508 442 sex
1533 387 1705 457 praebendae,
1724 403 1794 459 quae
1811 404 1864 445 vo-

110 488 183 538 584
202 496 219 536 a
242 477 408 552 granatario
429 489 517 531 unam
544 473 645 531 libram
671 474 754 544 66616
774 481 801 529 61
825 473 956 544 sequenti

110 572 155 627 die
170 566 292 625 abituris
312 564 470 629 dimidiam,
488 575 681 631 mensuraque
700 560 798 616 eadem
817 561 956 615 venienti-

111 659 167 716 bus
193 664 220 713 et
245 653 421 712 abeuntibus
449 651 498 706 dat
525 650 642 716 vinum,
670 647 776 703 scilicet
808 647 954 703 dimidiam

107 745 260 817 justitiam,
273 749 302 798 et
314 738 511 796 recedentibus
521 736 645 792 dabatur
654 736 720 790 olim
732 734 854 804 siugulis
863 750 954 790 uuum

109 832 273 894 denarium,
298 828 322 884 si
337 836 432 884 tamen
454 832 584 882 avertere
604 832 723 894 poterat,
749 824 826 893 quod
841 823 868 877 in
894 822 955 880 loco

108 929 207 977 nostro
223 930 375 988 nunquam
390 913 515 984 amplius
532 911 627 979 luerit,
643 920 694 968 aut
709 910 785 967 inlra
798 925 889 967 unum
903 925 954 966 66-

109 1024 180 1067 6661
195 1022 253 1064 666
268 1003 388 1062 6666611.

145 1114 158 1151 r
180 1097 254 1166 Ergo
277 1094 307 1149 in
334 1092 461 1146 adventu
486 1088 610 1154 Domini,
632 1089 758 1158 exceptis
788 1086 957 1143 hisdiebus

109 1186 218 1258 quibus
237 1182 281 1238 bis
300 1178 470 1246 comeditur,
492 1185 520 1233 61
543 1177 573 1232 16
588 1175 815 1247 Quadragesima
829 1176 955 1244 61666116

110 1270 274 1335 Dominicis,
299 1276 326 1325 61
342 1281 393 1339 666
409 1273 499 1322 totum
525 1277 645 1330 annum,
662 1263 773 1333 quoties
799 1276 851 1333 pro
865 1277 955 1318 cano·

109 1360 181 1417 nicis
196 1359 333 1415 institutis
353 1356 389 1410 ab
404 1354 487 1423 adipe
502 1352 675 1418 abstinetur,
698 1356 729 1405 ut
745 1350 774 1405 in
787 1349 955 1421 1166611661-

108 1449 173 1517 bus,
200 1449 229 1503 in
246 1442 344 1516 vigilia
364 1442 543 1504 Sanctorum,
567 1445 595 1495 et
614 1439 643 1493 in
662 1436 792 1501 Quatuor
813 1437 956 1506 Tempori-

107 1538 182 1606 bus;
215 1542 243 1591 et
276 1531 387 1603 quoties
418 1529 505 1585 lrater
531 1528 560 1583 16
593 1524 766 1582 monasterio
799 1524 953 1594 sepelitur,

108 1625 253 1699 quidquid
267 1623 301 1679 de
316 1623 384 1678 vino
407 1618 580 1688 superfuerit
595 1616 732 1673 iratribus
748 1616 776 1670 in
796 1615 953 1682 relectorio,

1011 483 1114 530 cantur
1129 474 1323 544 quotidianae3
1343 480 1412 530 sunt
1435 482 1530 530 autem
1547 475 1679 546 quinque
1703 477 1797 546 ipsius
1819 477 1860 532 la·

1010 562 1092 629 rnuli,
1108 577 1186 619 unns
1206 564 1298 634 major
1322 563 1374 633 qui
1399 562 1488 618 666611
1506 563 1724 632 prebendariis,
1754 565 1863 621 6161116

1010 651 1196 719 pauperibus,
1222 660 1249 706 et
1277 651 1451 721 peregrinis3
1478 651 1549 707 alter
1576 653 1712 708 ostiarius
1738 651 1861 708 eleemo-

1010 753 1088 808 synae
1103 739 1213 806 166166,
1224 739 1281 795 166
1294 739 1421 809 quotidie
1434 739 1565 796 16166661
1573 739 1653 811 ligna
1663 754 1732 796 cum
1746 740 1862 797 duobus

1010 826 1099 882 661616
1108 841 1117 895 ;
1147 840 1224 882 unus
1245 834 1287 882 est
1313 827 1443 896 provisor
1470 826 1594 884 duorum
1623 828 1800 896 lurcorum,
1829 829 1863 884 de

1011 913 1118 984 quibus
1132 912 1242 985 aliquid
1256 913 1375 970 subsidii
1398 916 1477 970 venit
1492 914 1526 971 61
1551 915 1776 987 eleemosynam.
1793 917 1862 973 Om-

1010 1017 1061 1059 nes
1084 1011 1179 1059 autem
1203 1004 1456 1075 pratermajmem
1473 993 1650 1074 6616111666
1674 1005 1774 1073 66166,
1792 1022 1864 1077 666

1011 1091 1062 1146 1166
1084 1090 1326 1161 eleemosynarius
1352 1092 1489 1163 66661611,
1517 1092 1541 1148 61
1570 1092 1703 1163 generale
1735 1091 1862 1152 16616661

1009 1178 1210 1236 defunctorum
1237 1178 1296 1249 ipsa
1311 1179 1366 1242 die,
1389 1194 1449 1251 666
1472 1181 1501 1236 16
1523 1181 1649 1251 66611616
1677 1184 1862 1250 6661166166,

1010 1266 1107 1324 abesse
1122 1266 1170 1339 [s.,
1194 1267 1308 1336 babere]
1323 1282 1381 1323 nou
1400 1269 1518 1339 poterit;
1541 1278 1690 1340 computat
1714 1285 1813 1342 66666
1827 1273 1863 1328 61

1009 1352 1138 1423 aliquam
1160 1367 1315 1418 summam,
1332 1361 1360 1410 et
1377 1363 1445 1410 tuuc
1460 1355 1552 1411 reddit
1573 1356 1597 1411 61
1614 1358 1799 1414 camerarius
1821 1358 1863 1414 de.

1010 1441 1115 1506 uarios,
1140 1449 1167 1496 et
1182 1440 1334 1511 aliquoties
1358 1440 1524 1499 cellerarius
1543 1457 1594 1513 pro
1609 1457 1715 1514 genere
1738 1444 1860 1514 piscium

1009 1529 1078 1585 dare
1092 1528 1166 1584 valet
1180 1543 1290 1586 carnes.

1047 1637 1061 1664 6
1077 1618 1140 1687 1666
1167 1633 1284 1689 666666
1309 1626 1457 1688 comparat
1479 1618 1533 1675 sibi
1557 1634 1623 1676 6661
1649 1620 1790 1687 16666116,
1810 1621 1861 1691 661

108 1722 199 1771 totum
223 1711 325 1780 accipit
349 1707 603 1776 eleemosynarius,
626 1705 699 1760 sicut
723 1705 807 1759 611661
825 1705 860 1760 16
880 1717 953 1774 6666
975 1689 1061 1775 Bpro
1085 1706 1195 1762 decima
1208 1706 1242 1761 de
1262 1706 1380 1763 66616616
1401 1707 1453 1762 sibi
1479 1707 1596 1763 dantur.
1617 1710 1680 1778 lpse
1702 1709 1784 1764 enim
1809 1709 1859 1765 ba·

107 1809 135 1858 61
160 1815 210 1872 666
225 1807 316 1856 toturn
333 1808 443 1852 666661
457 1794 492 1849 16
505 1793 660 1863 pigmento.
684 1792 744 1847 Hoc
759 1792 859 1847 vinum
874 1790 954 1846 colli·
1008 1793 1054 1850 bet
1077 1793 1215 1849 decimam
1242 1794 1372 1850 omnium
1396 1795 1581 1851 denariorum
1607 1796 1657 1865 qui
1683 1797 1714 1850 in
1739 1796 1858 1852 66616616

108 1889 149 1960 git
163 1897 189 1944 et
212 1893 348 1951 reservat,
372 1889 405 1939 ut
428 1880 571 1951 peregrini
586 1879 821 1949 supervenientes
843 1892 955 1949 semper
1005 1880 1177 1949 6116666166,
1202 1883 1301 1953 616666
1325 1882 1454 1952 providet
1478 1889 1509 1939 ut
1534 1896 1648 1939 carnem
1673 1883 1858 1954 lrequontius

106 1977 142 2032 16
154 1976 208 2031 boe
226 1975 332 2030 11611666
354 1968 539 2042 possidonio
562 1981 679 2039 quoque
694 1966 739 2023 die
761 1981 820 2037 quo
842 1967 880 2023 ita
901 1980 954 2037 pa·
1006 1969 1075 2026 dare
1100 1970 1187 2040 possit
1209 1970 1375 2041 peregrinis.
1401 1971 1473 2026 Sunt
1488 1979 1584 2027 autem
1607 1972 1769 2028 octodecim
1792 1987 1858 2042 pau·

106 2079 172 2121 6661
200 2061 299 2132 recipit
324 2061 358 2116 de
391 2057 549 2124 refectorio,
584 2070 642 2111 non
667 2063 778 2112 tautum
812 2057 954 2125 quaerita
1006 2072 1087 2126 peres
1103 2058 1300 2128 praebendarii,
1318 2059 1426 2128 quibus
1443 2059 1569 2129 quotidie
1584 2059 1713 2115 lamulus
1734 2060 1855 2117 eleemo-

106 2152 281 2225 granatario.
305 2149 354 2205 sod
375 2147 409 2203 de
431 2148 491 2216 ipso
514 2158 587 2214 pane
602 2151 641 2200 tot
667 2151 737 2214 quot
761 2143 884 2214 potuerit
904 2157 953 2213 pe-

105 2240 239 2312 regrinis,
270 2246 297 2294 et
328 2235 406 2308 quod
434 2233 488 2289 sibi
522 2233 621 2299 deerit,
657 2233 710 2288 boc
736 2247 753 2287 a
785 2232 952 2302 granatario

106 2328 217 2400 quaerit.

142 2438 156 2466 «
182 2416 251 2471 Item
281 2412 408 2484 quotidie
441 2408 542 2479 accipit
574 2415 716 2479 quotquot
750 2406 950 2464 delunctorum

104 2501 228 2560 fratrum
243 2509 285 2559 est
306 2497 533 2561 anniversarius,
556 2496 724 2567 praebendas
739 2496 856 2552 totidem
879 2496 950 2551 inte·

105 2606 172 2663 gras
187 2593 215 2647 in
237 2604 320 2661 pane,
335 2597 362 2644 et
382 2588 458 2653 vino,
477 2587 504 2639 in
529 2584 602 2641 labis
615 2592 642 2640 et
662 2583 853 2655 generalibus.
872 2583 950 2639 Prae-

104 2686 147 2735 ter
170 2679 231 2734 baee
253 2690 303 2747 pro
331 2673 460 2746 quolibet
489 2673 577 2729 lratre
600 2686 692 2742 nuper
718 2671 868 2739 deluncto,
899 2671 950 2742 qui

104 2767 249 2838 prolessus
260 2772 302 2820 661
317 2770 421 2818 nostrae
435 2761 679 2832 congregationis,
693 2759 862 2831 ubicunque
876 2760 951 2815 obie-

103 2855 151 2922 rit,
179 2852 362 2924 prebendam
396 2851 537 2920 integram
568 2862 619 2918 per
649 2848 768 2919 triginta
793 2849 863 2904 1166.
896 2848 949 2903 Pro

1006 2145 1113 2216 synarii
1137 2147 1239 2216 accipit
1262 2146 1300 2218 16
1311 2146 1426 2203 66116616
1450 2147 1564 2203 16111616
1587 2148 1682 2218 justas
1703 2149 1776 2217 vini,
1794 2158 1855 2205 611

1006 2235 1171 2305 granatario
1187 2234 1301 2289 totidem
1324 2233 1411 2290 libras
1425 2234 1508 2304 panis
1521 2242 1548 2291 et
1570 2235 1651 2292 lebas
1666 2236 1705 2292 61
1730 2247 1856 2308 quatuor

1006 2322 1065 2377 dies
1088 2322 1265 2391 septimanae,
1290 2320 1416 2393 reliquos
1436 2329 1492 2379 tres
1515 2323 1676 2380 nonhabet
1700 2326 1758 2381 nisi
1782 2327 1856 2383 olera
1889 2326 1894 2332 '

1005 2409 1040 2466 de
1063 2410 1144 2465 borlo
1167 2410 1202 2465 ad
1218 2408 1424 2479 eleemosynam
1447 2411 1601 2482 deputato;
1618 2412 1667 2467 sed
1692 2413 1854 2485 166161661-

1005 2497 1060 2553 bus
1079 2497 1157 2552 lestis
1182 2496 1267 2552 babet
1291 2511 1405 2553 carnem
1430 2512 1480 2568 pro
1506 2497 1638 2567 labis3et
1662 2514 1716 2570 per
1744 2515 1855 2557 annum

1004 2593 1071 2640 sunt
1100 2584 1218 2655 triginta
1242 2583 1374 2655 6616666
1389 2584 1458 2652 1166,
1484 2585 1513 2640 16
1528 2585 1635 2655 6611166
1659 2588 1772 2644 babent
1794 2603 1854 2645 cav-

1004 2687 1079 2727 nem.
1097 2694 1107 2720 »

1038 2762 1112 2817 Turn
1128 2769 1189 2831 post
1204 2761 1270 2817 alia.

1041 2849 1238 2905 «Maridatum
1263 2848 1333 2905 etsi
1355 2864 1372 2905 a
1395 2850 1547 2907 lestivitate
1573 2851 1710 2909 Omnium
1732 2855 1853 2913 Sancto·

103 2942 239 2999 omnibus
255 2939 371 2995 insimul
398 2937 544 3004 iratribus,
561 2950 686 3007 quorum
710 2935 806 2991 obitus
821 2935 949 3006 qualibet
968 2972 988 3027 C
1003 2951 1079 3005 rum,
1093 2951 1110 2992 a
1124 2937 1260 3018 lratribu‘s
1275 2952 1332 2994 non
1346 2946 1465 3009 geratur
1480 2954 1572 3010 usque
1587 2940 1616 2995 16
1630 2944 1725 3011 666116
1737 2944 1854 3015 jejunii,

102 3029 309 3087 interveniente
334 3023 795 3097 negligentiaanobisscirinou
817 3030 947 3094 possunt,
1003 3033 1098 3082 tamcn
1131 3026 1311 3096 eleemosyna
1351 3040 1503 3097 nunquam
1542 3037 1693 3098 remanet;
1730 3031 1858 3087 ramulus

102 3118 229 3192 quotidie
244 3116 346 3186 accipit
361 3116 444 3171 duas.

139 3226 153 3254 «
170 3206 309 3260 Praeterea
333 3210 389 3258 tres
416 3200 537 3256 lratruru
564 3197 725 3269 praebendae
741 3198 849 3255 dantur
872 3212 948 3268 quo-

101 3294 169 3351 tidie
190 3293 226 3349 ad
250 3293 469 3360 eleemosynam,
500 3289 663 3359 66616116
691 3285 839 3342 refectorio
863 3300 948 3357 super

101 3396 228 3439 mensam
254 3379 439 3451 principalem
461 3383 659 3447 apponuntur,
685 3374 856 3445 66111661666
878 3375 947 3432 1166-

100 3472 208 3528 11661616
233 3470 314 3526 Patre
337 3466 466 3533 odilone,
487 3478 538 3535 pro
563 3463 682 3520 ilenrico
704 3463 796 3534 primo
822 3464 947 3534 impera-

100 3565 171 3624 tore,
189 3571 239 3627 666
261 3554 438 3615 Fredelauno
453 3560 480 3608 61
505 3552 684 3622 6166616666,
708 3550 826 3621 regibus
843 3550 946 3619 111666-

99 3659 225 3702 marum.

137 3731 255 3801 «Super
278 3729 341 3785 haec
367 3728 466 3784 omnia
494 3727 600 3783 dantur
629 3727 758 3798 quotidie
788 3742 828 3783 xu
854 3734 944 3794 166166,

98 3834 224 3891 6666661
247 3831 432 3888 unaqueque
448 3826 503 3873 tres
525 3815 612 3871 libras
626 3815 772 3886 appendit.
799 3816 863 3871 llaec
879 3829 945 3872 vero

98 3908 214 3979 pupillis
239 3914 267 3962 et
283 3905 389 3972 viduis,
414 3904 525 3961 claudis
547 3906 685 3968 61666616,
708 3903 865 3960 6661116661
887 3904 947 3958 ani·

98 3995 180 4063 66116,
197 3996 368 4064 6666116666
383 3992 655 4063 supervenientibus
672 3998 739 4047 sunt
753 3991 908 4062 eroganda.

135 4082 252 4137 61161161
273 4093 390 4152 666666
412 4078 508 4134 adbuc
527 4078 655 4148 quotidie
673 4078 707 4133 16
731 4077 888 4145 6616616616,
911 4078 945 4133 16

97 4173 142 4229 his
156 4183 340 4242 6661666666
351 4168 489 4224 1661611166
502 4174 665 4235 666666661,
682 4180 716 4222 66
730 4164 765 4219 16
779 4162 904 4234 generali
917 4169 945 4219 61

1002 3114 1078 3168 66161
1095 3112 1309 3183 eleemosynarii
1327 3113 1356 3168 16
1378 3113 1470 3168 hieme
1485 3128 1550 3169 cum
1567 3128 1644 3184 aqua
1661 3115 1761 3172 calida
1777 3118 1857 3188 pedes

1003 3200 1090 3256 trium
1115 3215 1277 3271 pauperum
1301 3201 1397 3268 lavat,
1420 3201 1527 3271 datque
1551 3202 1653 3258 libram
1677 3204 1817 3277 singulis,
1831 3214 1856 3262 61

999 3289 1153 3361 justitiam,
1176 3297 1204 3344 et
1219 3289 1322 3345 libram
1347 3289 1381 3346 do
1397 3289 1445 3346 tali
1471 3304 1544 3361 pane
1560 3292 1677 3361 qualem
1703 3293 1816 3351 babent
1829 3295 1855 3349 iu

1001 3376 1149 3433 6616616616
1165 3376 1275 3433 iratres.

1038 3467 1127 3521 «1166
1155 3480 1272 3536 666666
1299 3467 1421 3535 pertinet
1450 3466 1485 3521 ad
1517 3466 1795 3538 eleemosynarium,
1826 3478 1855 3527 nt

1001 3554 1086 3610 semel
1102 3553 1131 3609 16
1147 3554 1325 3610 bebdomada
1340 3562 1428 3611 161661
1444 3555 1541 3611 6111661
1558 3556 1724 3626 perlustret,
1745 3572 1854 3616 assum·

1000 3641 1056 3710 ptis
1070 3655 1168 3697 secum
1191 3641 1307 3698 lamulis
1322 3643 1393 3706 suis,
1409 3650 1436 3698 et
1451 3657 1534 3713 pane,
1548 3651 1575 3700 61
1596 3659 1684 3701 66666
1713 3646 1745 3701 16
1763 3646 1856 3718 copiti

1002 3729 1055 3797 616,
1071 3736 1099 3784 61
1119 3729 1187 3786 6166
1202 3729 1230 3784 16
1250 3729 1314 3786 61116
1338 3731 1427 3798 66616;
1446 3732 1564 3788 61611666
1589 3732 1653 3788 11166
1677 3736 1732 3804 661
1751 3749 1856 3805 paupe·

1001 3831 1046 3872 res
1068 3816 1174 3872 alicubi
1199 3819 1296 3888 jacent
1318 3819 1436 3889 aegroti3
1459 3826 1487 3874 et
1512 3819 1536 3875 si
1560 3821 1710 3877 masculus
1725 3830 1770 3878 est
1799 3823 1857 3893 ipse

999 3904 1170 3961 visitaturus
1198 3907 1304 3976 intrat;
1331 3908 1355 3962 61
1383 3906 1497 3975 femina,
1526 3915 1580 3963 stat
1608 3909 1645 3964 ad
1674 3911 1798 3979 ostium,
1831 3920 1857 3967 et

1000 3992 1141 4049 lamulum
1163 4008 1248 4050 suum
1265 3995 1351 4050 mittit
1374 3995 1409 4050 ad
1426 4011 1500 4051 eam.
1519 3998 1553 4052 111
1567 3997 1634 4053 161ο
1650 3999 1764 4056 6161661
1778 4000 1857 4072 6661

999 4079 1102 4135 1661166
1125 4087 1224 4150 661661,
1247 4080 1411 4137 consolatur
1437 4082 1521 4152 ipsos,
1547 4090 1574 4138 et
1596 4083 1619 4138 si
1636 4083 1786 4153 quidlibet
1808 4087 1857 4144 16-

999 4167 1126 4224 61166661
1155 4176 1258 4238 praeter
1287 4169 1364 4239 quod
1390 4169 1499 4226 dederit
1524 4172 1582 4238 eis,
1610 4172 1633 4226 si
1666 4175 1857 4232 commodum

97 4260 132 4315 de
148 4259 269 4329 pitantia
293 4255 489 4325 medietatem3
513 4255 603 4310 altera
625 4253 775 4309 medietate
790 4251 872 4307 caecis
894 4265 942 4320 po·
962 4263 984 4318 u
1001 4255 1060 4311 ullu
1080 4257 1271 4323 6161661661,
1292 4257 1424 4327 inquirit,
1448 4265 1475 4314 et
1497 4259 1677 4328 postmodum
1701 4262 1793 4319 mittit
1808 4278 1858 4334 per

97 4348 249 4420 pularibus
270 4348 417 4416 deputata.
442 4343 577 4400 Similiter
596 4342 630 4398 16
653 4341 728 4398 161116
752 4340 941 4406 medietatem,

97 4435 231 4499 bubulcis
253 4434 344 4506 ipsius
369 4433 480 4500 decani,
497 4432 547 4503 qui
572 4430 648 4486 villae
671 4438 782 4500 praeest,
805 4429 942 4499 deputata

96 4523 186 4580 altera
202 4522 361 4580 medietate.

135 4614 203 4668 «Ι)6
224 4611 350 4667 oleribus
377 4616 405 4666 et
432 4609 466 4664 de
493 4607 593 4678 pomis,
619 4614 647 4663 et
669 4607 703 4663 de
736 4605 782 4662 bis
800 4606 942 4662 similibus

95 4707 197 4757 totum.
221 4700 260 4756 Ι)6
282 4700 336 4755 bac
360 4696 510 4753 medietate
532 4709 599 4766 quae
613 4694 666 4751 sibi
688 4695 722 4751 16
746 4693 941 4766 generalibus,

95 4796 123 4847 et
135 4789 170 4844 de
192 4787 322 4859 pitantiis
337 4784 485 4855 contingit,
511 4784 580 4840 solet
605 4783 812 4854 prebendariis
835 4797 884 4852 per
903 4783 943 4837 vi·

95 4892 141 4933 ces
167 4877 317 4947 pitantiam
345 4873 491 4936 6111111666,
529 4873 597 4928 solet
622 4873 707 4928 etiam
738 4870 853 4928 lamulis
882 4871 943 4927 6616

95 4965 172 5022 dare.
200 4964 310 5034 Accipit
334 4969 429 5017 autem
459 4959 585 5016 lamulus
608 4961 671 5031 ejus
696 4961 787 5030 maj0r
813 4960 941 5029 quotidie

94 5054 200 5111 libram
216 5065 302 5108 unam
318 5051 352 5106 de
365 5049 513 5110 Granario,
531 5049 592 5104 ideo
607 5048 683 5119 quod
701 5047 820 5118 recipiat
836 5060 939 5116 panem

93 5150 121 5199 et
144 5142 257 5207 vinum,
287 5138 364 5211 quod
390 5137 476 5193 datur
498 5136 713 5207 prebendariis,
739 5144 767 5191 et
791 5135 940 5191 dimidiam

93 5230 131 5287 ab
145 5230 206 5299 ipso
229 5226 462 5297 eleemosynario.
485 5225 539 5280 nui
563 5239 680 5296 quoque
703 5222 811 5294 singuli
833 5223 940 5280 habeut

92 5319 130 5375 ab
144 5313 367 5385 eleemosynario
387 5313 491 5368 libram
506 5319 533 5368 61
555 5311 715 5380 dimidiam,
738 5312 798 5367 6166
813 5310 848 5366 16
871 5326 941 5383 quo·

92 5402 221 5469 tidianis,
237 5401 298 5458 sive
313 5401 348 5457 de
362 5399 418 5457 alio
433 5413 518 5470 pane,
534 5400 558 5456 si
569 5401 595 5456 61
610 5400 703 5470 magis
717 5399 866 5469 placuerit.

130 5492 272 5548 «Dantur
297 5501 425 5558 namque
449 5494 552 5557 prater
574 5501 607 5544 ea
634 5502 699 5559 quae
719 5487 795 5544 dicta
821 5495 890 5545 suut
905 5488 939 5545 de

998 4342 1121 4400 lamulos
1143 4359 1220 4401 suos.
1237 4345 1287 4401 Est
1309 4352 1405 4401 autem
1428 4346 1607 4402 cousuetudo
1623 4355 1779 4418 quatenus
1796 4367 1857 4409 rnu-

996 4430 1090 4499 lieres,
1107 4446 1173 4502 quae
1191 4433 1219 4486 16
1242 4432 1375 4489 domibus
1389 4441 1457 4489 sunt
1472 4433 1520 4490 ubi
1535 4434 1642 4490 insumi
1656 4436 1771 4508 jacent,
1788 4454 1856 4496 mox

995 4527 1029 4577 ut
1053 4519 1179 4576 viderint
1200 4534 1266 4577 eum
1292 4522 1463 4589 venientem,
1490 4536 1588 4578 omnes
1612 4534 1724 4582 exeant
1747 4528 1853 4585 :Nun-

996 4621 1086 4679 quam
1107 4608 1272 4665 56566166
1291 4610 1694 4681 66661166661111616161161·
1710 4616 1792 4674 intra
1805 4617 1854 4674 do·

996 4709 1076 4751 mum
1091 4695 1186 4764 luerit,
1201 4696 1391 4767 ingredietur.

1032 4784 1214 4841 «Sciendum
1242 4800 1308 4841 vero
1324 4786 1462 4856 quoniam
1486 4787 1656 4858 peregrinis,
1686 4792 1853 4864 dequibus

994 4874 1129 4944 superius
1152 4872 1238 4931 locuti
1263 4889 1372 4941 sumus,
1402 4890 1468 4932 cum
1493 4875 1567 4933 libra
1581 4885 1608 4932 et
1632 4878 1716 4950 vino,
1746 4882 1777 4938 in
1794 4884 1853 4956 ipsa

995 4970 1161 5032 66616666
1187 4961 1320 5031 veniunt,
1348 4955 1513 5035 de'quovis
1541 4964 1595 5020 alio
1620 4967 1724 5028 edulio
1754 4971 1849 5041 dabit;

994 5047 1100 5105 scilicet
1126 5050 1160 5105 de
1177 5050 1304 5120 piscibus
1319 5050 1363 5106 vel
1394 5050 1562 5123 hujusmodi
1583 5061 1611 5109 61
1626 5053 1800 5128 aliquoties,
1821 5065 1850 5115 ut

995 5137 1163 5207 praedictum
1185 5145 1237 5205 est,
1263 5139 1409 5195 decarne.
1432 5140 1495 5196 Non
1515 5141 1569 5196 nisi
1585 5156 1655 5198 vero
1685 5147 1724 5202 ad
1741 5156 1848 5217 portam

993 5225 1146 5282 curtisdat
1160 5226 1297 5297 66166661
1310 5226 1419 5298 justam
1432 5228 1491 5284 viui
1507 5236 1535 5285 et
1550 5228 1655 5286 libram
1674 5235 1780 5302 panis:
1796 5245 1848 5290 non

993 5313 1069 5369 euim
1086 5314 1291 5385 ingrediuntur
1303 5324 1424 5373 6661661.

1031 5401 1095 5458 «Si
1125 5410 1220 5459 autem
1255 5403 1361 5474 aliquis
1388 5405 1607 5476 peregrinorum
1642 5408 1785 5470 babuerit
1813 5408 1846 5468 ad

994 5489 1148 5560 hospitium
1178 5505 1264 5548 suurn
1287 5493 1441 5565 conjugem
1464 5493 1607 5564 debilem,
1633 5497 1683 5555 vel
1714 5500 1844 5558 lassatam
