3818 6008
73 212 124 268 481
449 209 676 269 recedentia
694 214 728 269 lli
746 212 846 283 ostiti,
865 214 958 272 MOS
976 218 1021 275 tet
1038 218 1112 276 thir.
1127 249 1156 261 -
1171 219 1239 276 urb.
1263 222 1294 278 ll.
1316 221 1351 278 ΙΝ
1371 220 1446 278 JER.
1772 231 1825 287 482

73 359 151 416 qnae,
168 345 242 402 sicut
256 345 368 402 viscera
386 346 416 402 in
432 360 560 417 corpore,
577 348 615 404 ita
630 348 686 405 snb
700 349 923 420 cogitationibus
941 352 1117 410 hrelerunt.
1146 355 1182 411 Et
1205 357 1275 425 qnia
1298 370 1334 413 ex
1358 355 1563 415 deliberatione
1586 358 1627 415 sic
1652 361 1687 417 ad
1712 369 1828 432 peccata

75 435 144 491 latet
168 434 198 489 iu
224 434 341 491 mente?
365 435 444 490 Unde
463 443 491 491 et
513 436 666 506 Apostolus
688 446 822 494 sanctum
842 437 928 508 Spiri·
982 437 1125 504 lernntur‚
1151 455 1336 512 nequaquam
1354 442 1433 499 addit
1456 444 1531 501 Deus
1551 451 1583 500 ιιι
1599 460 1648 515 per
1670 445 1827 505 illationem

76 528 140 578 tum
164 521 468 586 vocatcogitationum
489 524 670 580 discretorem
690 531 717 581 et
735 525 926 582 intentionum
982 528 1168 596 penitudinis
1200 538 1405 600 respectentur.
1445 533 1539 588 Foetes
1572 534 1742 592 sacedotum
1774 551 1828 592 uon

73 607 169 679 (Hebe.
187 625 226 676 xv,
251 611 306 678 lt).
331 610 425 667 Poenae
448 624 516 681 ergo
543 611 688 668 interioris
712 612 841 676 intentio.
862 629 927 683 pec-

74 704 140 754 cota
167 706 236 754 sunt
266 700 472 769 prophetorum,
500 704 526 754 et
547 702 709 769 iniquitates
744 703 924 757 anecdotum.

75 786 265 854 Sacerdotem,
292 787 320 843 id
343 795 385 843 est
408 787 594 844 rationalium
623 797 766 856 motuum,
791 790 844 861 qni
872 806 925 847 nos

75 874 231 932 salubriter
251 875 393 932 ductitare
418 875 588 944 debuerant,
614 877 753 947 iniqnitas
773 885 826 946 est,
848 880 926 949 qnod

77 965 154 1021 inter
172 963 310 1033 impetum
326 963 421 1019 carnis
438 971 465 1020 et
480 963 598 1032 spiritus
612 980 670 1021 nou
684 980 768 1037 aeque
780 967 923 1038 judicant.

77 1055 276 1125 Prophetarum
303 1067 380 1121 vero,
406 1053 434 1109 id
461 1061 502 1110 est
528 1054 785 1125 providentiarum,
816 1063 927 1127 peccota

77 1150 158 1208 snut,
173 1141 251 1213 qnod
265 1141 389 1197 sibinen
404 1141 496 1198 luturi
510 1143 607 1199 seculi
623 1157 723 1214 poenas
737 1152 789 1201 aut
808 1145 927 1216 praemia

77 1231 269 1302 prospiciunt,
299 1229 346 1286 sed
374 1230 518 1300 quelibet,
550 1245 616 1301 qua
642 1231 764 1290 fortuitu
800 1235 925 1291 suboriri

76 1326 197 1393 queant,
222 1318 277 1375 sihi
306 1318 336 1374 in
362 1320 497 1388 prasenti
524 1319 651 1376 fastuosa
678 1322 861 1391 promittunt.
890 1323 925 1380 Hi

75 1410 237 1478 sanquinem
260 1408 398 1475 justorum
425 1410 455 1461 iu
476 1407 562 1462 medio
590 1406 648 1478 ejus
669 1407 833 1478 effundunt,
859 1425 925 1469 curn

979 617 1154 686 erubueruut,
1170 632 1237 674 cum
1253 618 1356 675 rationi
1374 633 1440 676 cnm
1457 621 1514 677 ileo
1533 636 1563 678 se
1585 624 1712 680 monenti
1723 618 1826 695 'impu-

981 704 1081 761 denter
1109 708 1284 763 restiternnt.
1308 709 1400 776 Neque
1424 724 1518 764 senum
1540 713 1646 766 misuti
1660 717 1735 782 suut,
1758 728 1825 771 cnm

980 800 1095 850 maturo
1114 795 1264 865 aliquoties
1282 797 1380 864 statui,
1404 804 1433 852 ct
1456 806 1571 867 peccata
1595 799 1751 859 lastidienti
1775 803 1823 861 in-

980 882 1095 938 centiva
1107 885 1193 940 etiam
1208 884 1343 953 peccandi
1358 883 1535 942 obtulerunt.

1371 1041 1438 1080 nia.

1015 1142 1100 1198 Vnus.
1121 1145 1163 1195 ll.
1184 1163 1243 1189 -ι
1262 1143 1332 1198 Cum
1347 1143 1443 1200 adhuc
1457 1145 1687 1217 subsisteremus,
1711 1148 1824 1207 deiece-

982 1238 1080 1287 ›ruut
1102 1230 1177 1286 oculi
1207 1232 1296 1287 nostri
1323 1231 1358 1287 ad
1386 1233 1528 1290 auxilium
1554 1243 1685 1292 nestrum
1703 1251 1824 1307 vanum,

983 1340 993 1367 ι
1010 1333 1078 1375 cum
1091 1318 1298 1389 respiceremus
1318 1321 1416 1376 attenti
1435 1322 1471 1378 ad
1486 1329 1610 1393 gentem,
1625 1339 1691 1395 quae
1713 1325 1826 1383 salvare

982 1421 1063 1462 »uos
1084 1421 1141 1463 non
1162 1414 1280 1477 poterat.
1305 1430 1318 1456 ι
1343 1410 1405 1470 hin,
1431 1409 1537 1466 dicitur
1560 1413 1633 1478 scas,
1655 1412 1700 1468 vel
1722 1416 1825 1470 mutue

74 1511 110 1554 ea
132 1510 198 1568 qnae
221 1495 298 1552 intra
319 1509 349 1551 se
365 1495 537 1552 naturaliter
553 1495 673 1567 justitiae
696 1499 852 1555 convenire
876 1515 925 1571 po-
979 1495 1012 1550 ln
1037 1495 1113 1551 iente
1133 1495 1176 1551 vel
1192 1496 1286 1564 oculo,
1302 1495 1399 1551 itidem
1414 1497 1533 1552 intentio
1548 1499 1700 1568 accipitur,
1717 1501 1752 1558 de
1766 1516 1827 1573 qua

75 1591 204 1653 tuerent,
221 1585 249 1640 in
264 1592 381 1655 peccata
397 1593 580 1641 convertunt.
979 1592 1132 1654 emergunt
1147 1591 1332 1654 cunctaque
1348 1592 1442 1640 mente
1457 1585 1644 1656 concipimus.
1666 1588 1748 1646 Unde
1766 1607 1827 1647 cum

465 1688 540 1728 nun.
979 1672 1068 1726 adhuc
1090 1672 1283 1739 subsistimus,
1301 1671 1327 1726 id
1349 1680 1390 1727 est
1407 1680 1469 1742 post
1482 1673 1531 1729 Dei
1554 1675 1743 1732 desertionem
1758 1692 1826 1734 cum

112 1760 200 1818 Vnus.
218 1761 261 1816 tt.
282 1790 318 1800 -
334 1782 346 1810 ι
364 1761 546 1818 [erraverunt
560 1763 626 1817 eaeci
649 1763 679 1818 in
696 1761 807 1833 plateis,
823 1763 925 1835 polluti
979 1774 1031 1831 pro
1054 1760 1113 1816 sola
1138 1760 1234 1815 seculi
1261 1760 1409 1817 honestate
1433 1775 1449 1815 a
1471 1762 1643 1820 criminibus
1666 1779 1720 1820 nos
1740 1766 1827 1822 contl-

80 1855 177 1906 tsnnt
190 1849 344 1921 sanguine.
360 1879 395 1889 -
409 1849 541 1920 Cumque
555 1864 611 1906 ncn
630 1858 752 1920 possent,
769 1858 926 1910 tenuerunt
979 1863 1047 1905 nere
1070 1848 1258 1918 disponimus,
1276 1851 1347 1904 ocuti
1369 1854 1458 1905 uestri
1480 1851 1517 1905 ed
1539 1853 1676 1908 currilium
1700 1858 1827 1911 nostrum

79 1937 229 1994 »lacinias
253 1951 367 1993 suas.»
400 1937 477 2004 Nun,
494 1938 830 2008 diciturposcuoeorum.
858 1942 926 1997 Poe·
978 1953 1079 1993 conum
1115 1936 1262 2004 deliciunt,
1295 1950 1360 1992 curn
1391 1938 1563 1995 intentiones
1591 1948 1695 1998 nostrae
1731 1942 1826 2014 fragili

77 2042 130 2082 cun
144 2041 236 2081 eorum
249 2033 318 2082 sunt
333 2025 475 2096 quidquid
498 2027 527 2081 in
550 2027 660 2083 mundo
678 2029 719 2083 eis
736 2030 863 2099 suppetit
878 2045 927 2086 cu·
978 2024 1107 2081 subsidio
1126 2023 1227 2079 innisae
1242 2023 1337 2080 subito
1359 2033 1568 2082 emarcescunt.
1586 2026 1669 2083 Brevi
1694 2029 1771 2086 enim
1796 2044 1826 2087 se

77 2127 190 2170 rarum.
206 2113 287 2170 Unde
306 2120 405 2170 errant
419 2116 481 2168 cccl
500 2116 529 2168 tu
552 2116 663 2184 plateis,
679 2116 749 2186 quia
768 2117 822 2173 sub
845 2118 925 2174 nullo
978 2113 1113 2179 continet,
1136 2126 1192 2168 nou
1209 2113 1293 2180 bens,
1317 2113 1366 2168 sed
1386 2113 1528 2184 AEgyptus
1542 2115 1686 2172 auxilium
1706 2118 1825 2190 praebet,

77 2201 259 2260 discretionis
283 2202 393 2258 lumine
409 2200 599 2259 saecularibus
615 2217 644 2259 se
667 2203 826 2275 inspersere
842 2220 926 2277 nego
979 2201 1036 2257 imo
1052 2214 1171 2256 manum
1189 2200 1337 2256 innitentis
1350 2201 1403 2257 sibi
1420 2201 1637 2273 perieratque
1652 2219 1710 2262 non
1731 2205 1825 2263 solnm

77 2291 135 2348 tiis.
159 2290 300 2358 Soliquiue
325 2289 508 2360 polluuntur,
529 2304 596 2346 cum
620 2291 747 2347 interea
767 2293 924 2350 nullanon
978 2290 1091 2346 salvare
1117 2302 1176 2345 non
1201 2295 1301 2358 potest.
1327 2290 1375 2345 scd
1400 2289 1494 2360 ipsum
1520 2304 1607 2346 suum
1629 2306 1703 2362 opus
1727 2307 1825 2351 coram

77 2377 250 2448 contagione
267 2375 395 2432 criminis
411 2375 590 2432 inficiuntur.
615 2379 735 2447 Cumque
752 2378 793 2434 eis
808 2393 925 2449 peccare
979 2379 1036 2435 heo
1057 2377 1254 2447 imprudenter
1277 2378 1438 2435 addemnat.
1463 2378 1517 2435 Sed
1537 2379 1705 2450 videndum,
1728 2383 1758 2438 iu
1780 2383 1826 2439 his

77 2480 137 2523 non
164 2465 297 2535 suppetit,
323 2466 438 2520 taetrior
465 2480 530 2520 suns
552 2472 657 2534 tenent,
679 2466 749 2537 quia
772 2481 925 2538 nunquam
979 2466 1094 2524 duobus
1129 2465 1334 2536 posterioribus
1367 2472 1445 2521 tot)
1478 2467 1648 2537 alphabetis,
1684 2471 1825 2540 quiddam

77 2569 140 2612 esse
153 2555 263 2624 absque
286 2553 424 2624 peccandi
446 2553 654 2610 intentionibus
675 2555 826 2612 sustinent.
847 2556 927 2614 Sicut
980 2555 1091 2626 quoda
1116 2554 1259 2625 prioribus
1278 2553 1429 2624 discrepat,
1451 2563 1602 2612 etcertum
1625 2558 1727 2628 utique
1747 2558 1825 2630 quod

77 2643 154 2700 enim
176 2643 293 2698 lacerna
314 2640 434 2710 laciniis,
456 2641 497 2698 sic
517 2655 589 2698 cura
613 2642 747 2699 forastica
771 2643 926 2702 innectitur
980 2657 1037 2699 uon
1059 2641 1110 2698 abs
1129 2656 1159 2698 re
1175 2642 1233 2698 liat.
1251 2642 1313 2697 huc
1326 2656 1427 2712 nempe
1442 2643 1621 2700 characteres
1636 2644 1665 2701 in
1690 2646 1735 2702 his
1749 2646 1827 2704 ulte-

34 2752 38 2757 ·
77 2729 288 2788 intentionibus
301 2729 410 2800 pravis.
980 2731 1106 2787 rioribus
1135 2731 1188 2785 Phe
1214 2729 1330 2796 scilicet,
1357 2739 1385 2786 et
1400 2733 1458 2785 Ata
1480 2741 1735 2803 praeposterantur,
1759 2749 1826 2806 qua

433 2832 570 2874 sannen.
981 2819 1011 2875 in
1035 2818 1181 2889 prioribus
1203 2819 1260 2873 Aia
1281 2817 1411 2877 videlicet
1425 2827 1491 2876 ante
1512 2821 1565 2874 Pte
1588 2822 1718 2879 ordinate
1733 2823 1825 2879 locan-

114 2907 200 2965 Vnns.
219 2909 262 2961 lt.
281 2934 312 2946 -
330 2926 341 2954 ι
358 2905 500 2974 Recedite,
518 2904 629 2975 polluti,
646 2904 847 2964 clamaverunt
860 2909 901 2964 eis
918 2922 924 2964 :
945 2899 1038 2965 Ctur.
1064 2909 1101 2964 Et
1114 2907 1221 2964 dixisse
1242 2921 1287 2963 me
1307 2907 1400 2963 recolo
1415 2908 1494 2978 quod
1510 2909 1538 2964 in
1555 2909 1609 2966 hac
1625 2910 1828 2970 lamentatione

81 3018 93 3046 ι
122 2995 264 3061 Recedite,
293 2994 379 3061 abite,
404 2993 491 3050 nolite
520 3001 647 3066 tangere.
681 2995 792 3067 turgati
819 2997 928 3068 quippe
981 3004 1124 3068 quaterna
1150 3003 1277 3065 quatuor
1305 2996 1442 3065 peccandi
1471 2998 1683 3067 portendantur
1710 3014 1827 3072 genera.

81 3106 92 3133 ι
123 3083 253 3151 suntet
283 3083 418 3139 commoti
446 3082 584 3139 dixerunt
614 3083 688 3140 inter
715 3091 834 3154 gentes:
863 3084 927 3141 Non
982 3087 1070 3142 Porro
1094 3084 1260 3149 indnobus,
1282 3084 1440 3153 penultimo
1455 3085 1556 3156 utique
1579 3094 1606 3143 et
1621 3087 1732 3155 ultimo,
1760 3103 1827 3145 ecn-

82 3193 93 3221 »
116 3171 200 3228 addet
221 3171 298 3228 ultra
313 3177 345 3226 ut
363 3169 505 3226 inhabitet
519 3171 548 3226 iu
563 3171 614 3228 eis.
630 3193 640 3219 ι
669 3171 799 3238 samech,
822 3172 929 3231 dicitur
981 3188 1083 3231 sensus
1097 3173 1268 3244 intelligitur
1280 3186 1314 3229 ac
1326 3174 1465 3244 operatio,
1481 3175 1556 3232 sicut
1572 3176 1602 3231 in
1617 3177 1732 3234 dnobus
1746 3178 1827 3248 prio-

79 3260 158 3315 auct.
182 3259 269 3317 Plane
295 3266 434 3330 petuntur
454 3267 487 3316 ut
504 3259 633 3328 audiant,
654 3260 764 3330 quibus
785 3263 928 3333 sangnine
982 3262 1063 3320 ribus
1077 3262 1224 3333 suggestio
1235 3269 1262 3318 et
1278 3262 1437 3318 delectatio.

78 3349 198 3420 pollutis
211 3349 355 3405 clamatur
370 3355 401 3405 ut
416 3361 433 3403 a
448 3362 501 3404 sna
518 3347 678 3420 pollutione
693 3349 836 3405 recedant.
856 3349 929 3406 Sunt
1017 3352 1050 3407 ln
1067 3351 1168 3421 primis
1186 3351 1276 3421 igitur
1296 3350 1354 3405 Ata
1370 3359 1436 3407 ante
1451 3353 1506 3407 Phe
1518 3352 1645 3422 ponitur,
1662 3362 1694 3410 nt
1708 3368 1759 3425 per
1774 3355 1829 3412 hoe
1851 3358 1854 3362 '

77 3444 176 3494 auum
196 3435 680 3508 quiclamantautdivlnaverba,
697 3451 763 3507 quae
782 3438 926 3507 intonant,
982 3437 1086 3494 innuat
1108 3437 1179 3507 quia
1202 3439 1231 3492 in
1260 3437 1442 3508 suggestione
1467 3446 1494 3494 et
1524 3441 1709 3498 delectatione
1748 3456 1830 3500 mena

76 3533 130 3582 aut
155 3524 420 3591 intellectualitates,
448 3537 514 3594 quae
536 3525 613 3593 quod
632 3524 761 3595 improbe
785 3525 816 3581 llt
838 3532 928 3582 natu·
982 3537 1068 3579 suum
1093 3523 1222 3580 ordinem
1250 3536 1307 3577 non
1336 3523 1465 3587 excedat,
1493 3525 1562 3580 dum
1588 3525 1708 3583 intentio
1731 3529 1830 3598 quale

78 3613 180 3669 raliter
194 3609 519 3682 objurgantllecedunt
533 3611 733 3681 siaperversa
746 3612 929 3669 exsecutione
981 3624 1099 3680 cunque
1121 3624 1194 3680 opus
1219 3610 1308 3679 ipsius
1329 3609 1576 3668 delectatiuncula
1598 3614 1757 3682 praecedere
1781 3615 1829 3671 vi-

77 3715 109 3757 se
123 3700 311 3767 subtrahunt,
336 3699 444 3755 abeunt
458 3698 480 3754 si
496 3698 532 3755 ab
546 3698 736 3755 intentionum
752 3699 929 3756 vanitatibus
982 3699 1094 3755 deatur.
1111 3698 1147 3754 ht
1161 3704 1314 3768 postquam
1328 3711 1484 3754 consensus
1504 3707 1532 3755 et
1545 3702 1672 3769 operatio
1688 3701 1718 3757 in
1734 3709 1830 3762 mente

77 3788 260 3859 resipiscunt.
292 3788 421 3858 Tangere
452 3793 597 3854 vetantur,
625 3800 690 3842 cum
719 3784 853 3843 allectum
881 3786 928 3843 illo
982 3784 1180 3851 successerint,
1207 3784 1247 3840 ihi
1270 3785 1372 3841 oculus
1395 3799 1491 3855 pravae
1518 3787 1705 3857 providentie
1728 3791 1830 3849 cessim

78 3893 138 3936 nou
158 3877 323 3947 intorquere
339 3875 490 3947 jubentur.
504 3877 615 3946 turpati
626 3879 698 3942 suut,
719 3874 822 3945 quiex
838 3872 928 3930 divini
982 3874 1072 3942 vadit,
1089 3872 1160 3944 quia
1179 3887 1260 3929 meus
1275 3874 1411 3929 universa
1432 3874 1460 3930 in
1474 3882 1609 3932 externos
1624 3875 1745 3936 allectus
1763 3893 1830 3937 eva·

78 3965 260 4036 perceptione
283 3963 390 4035 eloquii
414 3970 514 4020 contra
544 3976 627 4020 suam
655 3962 818 4019 vecordiam
850 3963 929 4020 rixas
983 3963 1033 4019 dit.
1048 3960 1120 4029 Quid
1136 3961 1212 4017 enim
1228 3961 1266 4017 ibi
1292 3961 1358 4018 lacit
1380 3961 1510 4030 intentio,
1528 3963 1577 4020 ubi
1593 3965 1653 4035 ipsa
1672 3968 1829 4039 postposita

80 4055 111 4111 in
135 4053 232 4110 animo
247 4059 450 4122 conceperunt.
475 4052 708 4115 commoventur,
726 4065 792 4107 curn
812 4051 842 4106 in
866 4051 929 4121 ipsa
980 4052 1040 4122 jam
1065 4051 1148 4106 saevit
1168 4049 1259 4106 actio?
1275 4050 1437 4107 llonsensns
1463 4051 1547 4122 plane
1563 4054 1697 4123 quedam
1720 4057 1830 4115 exhibi-

80 4156 136 4200 sna
158 4141 360 4211 disceptatione
386 4141 552 4197 turbantur.
583 4140 663 4196 Unde
685 4141 722 4196 ad
745 4139 842 4195 studia
876 4153 925 4196 ve·
948 4138 1068 4224 „tionis
1082 4146 1124 4196 est
1137 4139 1237 4218 portic,
1255 4137 1335 4209 quod
1350 4139 1439 4197 habes
1453 4155 1489 4197 ex
1504 4141 1663 4214 Evangelio
1677 4144 1830 4216 deiuvene

82 4238 166 4288 terna
180 4244 248 4286 mcx
264 4228 363 4286 rellexi
382 4228 529 4295 dicuntur,
547 4227 574 4283 id
594 4235 636 4284 est
657 4234 832 4298 proponunt,
850 4227 928 4298 quud
983 4235 1066 4284 extra
1081 4235 1192 4297 portam
1207 4227 1281 4283 clato
1304 4228 1381 4299 (Luc.
1394 4244 1443 4294 vn,
1462 4231 1516 4300 lt).
1539 4231 1589 4286 Est
1610 4246 1679 4302 erge
1698 4233 1728 4289 iu
1758 4249 1830 4291 con-

80 4321 156 4374 inter
182 4323 273 4389 pentes
302 4332 349 4374 eos
369 4332 427 4372 non
455 4316 601 4383 inhabitet,
629 4329 773 4386 possessas
797 4315 929 4372 videlicet
983 4322 1110 4372 sensnet
1128 4329 1212 4384 opere
1236 4316 1316 4386 justa
1329 4316 1439 4372 ordinis
1461 4318 1624 4375 litterarum
1639 4321 1772 4391 mutatio,
1797 4329 1831 4379 ut

81 4406 169 4464 semel
192 4414 268 4463 atet
288 4406 460 4463 criminibus
474 4414 781 4474 mentesnequaquam
796 4403 873 4460 Deus
887 4402 929 4460 nl·
982 4404 1020 4460 ibi
1048 4402 1185 4460 nimirum
1213 4403 1343 4460 subsidat
1369 4405 1497 4472 intentio,
1529 4422 1588 4478 quo
1617 4408 1712 4477 operis
1746 4424 1828 4467 mens

81 4496 174 4553 terius
188 4509 345 4551 mansurus
362 4493 458 4550 intret.

467 4597 540 4636 nnn.

983 4492 1120 4549 universa
1147 4505 1177 4547 se
1212 4491 1348 4561 premisit
1374 4493 1404 4548 iu
1426 4495 1531 4550 studio.
1561 4484 1648 4551 Po'rrc
1678 4495 1829 4567 triplicitas

982 4595 1049 4653 qnae
1070 4581 1100 4635 in
1124 4579 1207 4636 tertio
1235 4579 1387 4650 alphabeto
1413 4583 1593 4652 preponitur
1616 4582 1827 4654 characterum,

115 4672 203 4730 Vens.
213 4674 255 4726 tc.
266 4691 320 4721 -ι
334 4670 432 4726 Facies
440 4668 552 4725 homini
560 4667 658 4725 divisit
667 4681 722 4733 eos,
733 4682 792 4724 non
803 4666 928 4725 addetnt

80 4759 243 4830 »respiciat
262 4772 320 4827 eos,
346 4758 432 4814 iacies
453 4758 634 4814 sacerdotum
657 4771 715 4812 non
734 4757 926 4825 erubuerunt,

80 4860 204 4920 »neque
228 4860 330 4904 senum
352 4845 463 4903 miserti
489 4853 567 4903 sunt.
593 4866 604 4893 ι
630 4845 698 4912 Phe,
724 4844 928 4914 interpretatur

76 4952 117 4993 cs.
132 4936 171 4993 0s
193 4942 290 4992 antem
304 4934 344 4990 nil
363 4933 442 4991 alind
456 4941 499 4991 est
514 4947 603 5005 qnam
619 4933 680 5004 ipsa
696 4947 761 5003 qnae
780 4932 834 4989 sibi
854 4932 928 5004 jun-

76 5024 159 5097 gitur
183 5025 235 5078 Der‘
253 5025 348 5087 tacut.
377 5024 477 5088 Foetes,
497 5021 593 5092 inquit
614 5022 726 5077 Domini
752 5020 850 5076 diuisit
873 5034 925 5087 eos,

77 5112 150 5184 qnia
174 5110 246 5167 dum
270 5110 299 5166 in
320 5110 369 5166 illa
390 5109 520 5167 interiori
534 5113 714 5165 conunttcne
738 5108 822 5165 istinc
839 5108 928 5178 poeni-

77 5200 177 5258 tentioe
196 5199 348 5269 lacrymas,
372 5198 451 5254 illinc
473 5197 637 5254 mundiales
651 5196 785 5253 lascivias
805 5209 859 5253 sua
873 5195 927 5253 sibi

78 5289 109 5345 iu
123 5293 220 5343 mente
231 5285 439 5357 prascnlpunt,
456 5285 540 5356 quasi
555 5292 622 5341 ante
637 5282 755 5356 superni
772 5283 882 5341 tuditis
897 5297 927 5340 se

77 5390 131 5434 ora
143 5374 336 5443 constituunt,
351 5381 380 5431 et
392 5382 500 5431 sancte
514 5372 742 5431 conversationis
759 5371 927 5429 dillicnltate

78 5470 239 5535 perspecta,
256 5463 342 5535 quasi
362 5462 400 5521 ab
414 5475 464 5521 ore
482 5460 531 5519 nei
546 5461 583 5518 ad
602 5461 750 5533 proposita
764 5459 877 5518 laxiora
895 5473 927 5517 se

982 4668 1023 4723 nil
1044 4667 1123 4723 aliud
1138 4674 1179 4723 est
1203 4681 1291 4737 quam
1316 4667 1465 4725 instructio
1488 4670 1562 4726 sacri
1585 4669 1691 4741 eloquii
1707 4672 1744 4730 ad
1766 4688 1829 4733 mu·

982 4756 1080 4812 himen
1119 4755 1309 4826 cogitationis,
1347 4756 1498 4814 locutionis
1534 4765 1562 4814 et
1590 4773 1725 4832 operum3
1766 4762 1829 4819 haec

981 4844 1056 4901 enim
1093 4844 1254 4900 necessaria
1280 4853 1322 4902 est
1359 4846 1524 4903 triformiter
1550 4848 1587 4904 ad
1620 4850 1828 4909 restrictionem

981 4933 1126 5004 lapsuum.
1151 4932 1230 4990 Sicut
1254 4934 1330 4990 enim
1350 4935 1525 4993 verecundia
1544 4944 1610 4993 ante
1624 4952 1722 4994 casum
1748 4940 1829 4999 utilis

981 5030 1033 5090 est,
1058 5030 1122 5094 post
1140 5037 1240 5079 casnm
1255 5037 1323 5079 vere
1346 5031 1452 5080 sanctae
1474 5024 1658 5085 confessionis
1683 5029 1828 5090 obstrusio

980 5117 1032 5177 est,
1060 5109 1101 5164 sic
1122 5108 1242 5166 intentio
1263 5117 1329 5166 ante
1351 5117 1498 5179 peccalum
1518 5112 1611 5170 multa
1633 5114 1829 5189 circumspec-

981 5196 1094 5253 tionum
1120 5209 1191 5254 cura
1215 5196 1333 5267 indiget,
1351 5204 1504 5268 postquam
1524 5201 1636 5258 veroin
1659 5217 1829 5273 perversum

982 5285 1084 5341 transit
1097 5270 1277 5355 opus‚‘deses
1298 5291 1325 5341 et
1345 5299 1417 5356 pene
1429 5287 1511 5343 nulla
1525 5297 1663 5358 remanet,
1677 5291 1748 5362 qnia
1768 5307 1830 5364 quo

980 5370 1120 5517 {lntggdat
1141 5379 1294 5443 postquam
1314 5373 1384 5430 satis
1405 5387 1465 5431 sun
1479 5374 1579 5435 iecerit
1593 5377 1744 5448 voluntati,
1768 5394 1830 5438 non

1002 5472 1019 5516 a
1056 5467 1077 5516 t.
