3818 6008
606 234 652 290 bu
673 233 838 290 111115.
861 233 990 290 baulei.
1626 235 1678 290 570

63 384 70 425 :
97 383 150 425 nec
174 369 201 425 id
220 369 305 439 plane
326 368 445 440 injuria,
474 378 507 427 ut
528 368 614 440 cujus
637 375 774 425 temerata
792 367 999 424 aestuabant.
1014 366 1141 423 Tandem
1164 364 1332 423 dilliciilime
1350 365 1502 429 excitatus,
1533 367 1598 438 quis
1625 367 1678 423 sibi

56 472 65 514 s
80 456 193 515 occasio
212 456 371 528 punitionis
384 457 541 523 exstiterat,
558 458 582 514 si
597 457 652 514 sibi
668 457 775 527 placeat
829 455 998 512 restituisset
1026 455 1175 523 amissae
1202 454 1315 511 leminis
1338 461 1520 526 perrogatur.
1549 455 1677 522 Dixerat,

56 560 84 603 ra
96 546 211 602 tandem
231 545 349 602 remedii
369 560 459 602 causa
477 560 580 625 rursus
593 548 706 603 existat.
723 546 776 603 Cui
830 551 935 621 inquit,
952 550 1021 607 mibi
1038 552 1149 607 lunesto
1165 550 1269 607 mulier
1291 550 1360 621 quia
1387 564 1542 620 nunquam
1565 565 1677 617 coxam,

56 634 168 691 unatior
182 647 272 704 quam
285 635 456 704 sperabatur
472 649 490 690 a
503 635 635 705 plurimis
654 641 776 691 eventus
831 639 929 697 libiam
940 647 990 696 aut
1005 639 1104 709 pedem
1120 653 1209 695 essem
1226 638 1390 694 habiturus.
1406 638 1537 709 Cumque
1552 637 1680 707 aperuis-

56 768 57 780 .
86 734 156 776 111111
182 719 344 787 1111111111,
371 721 538 791 (11111111θὸ
566 720 626 792 1²¹⁰
649 721 776 791 ⁰⁰sll⁰lis
830 726 979 783 setocnlos
997 728 1172 784 benedictam
1195 742 1261 783 curn
1276 735 1401 796 martyre
1415 726 1563 797 Virginem
1583 725 1680 781 adime

56 808 326 879 asatligeratignis‚
345 809 447 865 merito
468 809 546 865 illins
566 807 774 880 exstinguitur,
829 812 933 870 lectulo
952 815 1112 872 aestimabat
1133 820 1269 884 astantes,
1294 815 1402 886 quibus
1419 814 1603 870 invisibiliter
1626 814 1679 869 ab-

57 897 141 968 pedes
155 897 223 953 lesu
237 897 536 967 concupiscentiarum
550 895 646 969 ignem
669 897 777 954 exstin-
829 902 957 965 scutatis,
983 915 1044 958 rem
1068 903 1164 960 relert.
1187 904 1298 959 interea
1319 903 1354 958 ad
1378 902 1527 959 dominnm
1550 900 1679 957 curritur

56 986 96 1041 uit
119 984 262 1055 lacrymis.
279 984 391 1041 Interea
405 984 493 1041 unius
515 984 693 1055 experientia
716 985 775 1055 pie·
829 989 942 1059 domus,
968 989 1053 1060 eique
1075 990 1287 1061 insuspicabilis
1310 990 1355 1046 ille
1384 997 1521 1044 narratur
1542 993 1677 1057 eventus;

56 1072 603 1144 11111111111111111111111,1111
622 1073 659 1129 ab
678 1081 775 1130 extre·
829 1085 982 1135 cunctatur
1007 1078 1067 1134 diu.
1093 1079 1206 1134 Naenias
1232 1092 1297 1149 quae
1329 1076 1497 1133 lerebantur
1522 1074 1677 1141 existimat,

59 1161 125 1217 ibus
144 1174 262 1230 prorsus
282 1169 353 1217 esset
368 1161 488 1224 inutilis,
512 1161 649 1232 comperit
668 1176 775 1232 quam·
829 1166 866 1223 ab
876 1167 1070 1223 asserentibus
1081 1167 1195 1222 tandem
1212 1167 1307 1222 victus
1330 1165 1391 1222 suis
1407 1180 1436 1221 se
1448 1164 1559 1220 aedibus
1581 1162 1676 1231 inlert,

56 1248 170 1306 cleslam
198 1249 248 1305 Dei
273 1249 430 1320 genitricis,
455 1250 617 1306 communis
640 1250 773 1318 dominae,
828 1256 916 1322 videt,
936 1254 987 1311 vix
1003 1268 1061 1325 prae
1089 1261 1206 1325 stupore
1233 1255 1268 1310 ad
1297 1254 1379 1310 fidem
1404 1267 1433 1308 se
1457 1252 1579 1308 cobibet.
1599 1251 1679 1307 Intra

56 1351 88 1394 us
102 1336 211 1408 ubique
226 1337 282 1392 dici
308 1337 456 1393 miraculis
472 1337 630 1409 insignem;
653 1338 776 1395 babebat
829 1341 903 1398 idem
923 1341 1059 1413 oppidum
1087 1341 1204 1397 tratrem
1221 1341 1302 1397 miles
1327 1340 1451 1396 habebat
1475 1341 1603 1405 unicum,
1632 1339 1679 1394 cni

56 1425 119 1496 ›lyti
141 1425 277 1496 martyris
291 1425 469 1492 memoriam,
490 1427 526 1482 ad
542 1440 630 1497 qnam
650 1440 717 1482 cum
746 1441 775 1482 se
829 1442 915 1499 super
941 1429 1003 1501 ipsa
1024 1428 1141 1485 lorluna
1163 1429 1258 1486 statim
1285 1428 1390 1484 direxit
1412 1427 1560 1493 nuntium,
1591 1439 1679 1495 quem

58 1521 235 1585 mpetrasset,
262 1513 425 1584 ingreditur
448 1528 562 1582 navem,
586 1528 675 1587 quam
705 1516 774 1571 dum
829 1517 875 1574 ille
886 1532 923 1575 en
937 1516 1076 1588 pridianis
1085 1515 1184 1572 uxoris
1199 1515 1262 1572 letae
1274 1514 1367 1585 epulis
1377 1513 1532 1584 appellavit
1550 1512 1661 1567 ebrium
1669 1524 1677 1580 ;

68 1602 230 1669 ascendere,
266 1615 298 1658 os
332 1601 403 1658 illud
435 1602 512 1673 quod
550 1603 774 1673 protendebatur
829 1613 936 1663 atvero
948 1605 1082 1676 postridie
1097 1603 1250 1674 oppidanis
1262 1603 1325 1675 y'am
1344 1602 1393 1659 illo
1415 1600 1568 1658 ruentibus
1590 1599 1680 1654 irater

57 1791 127 1850 page
142 1777 305 1834 resolvitur.
321 1778 402 1842 Quod
419 1777 466 1835 ille
482 1785 632 1849 sumptum
646 1794 714 1836 cum
737 1780 774 1837 ad
862 1782 987 1839 Additur
1001 1795 1070 1852 ergo
1086 1781 1125 1836 illl
1145 1779 1286 1837 miraculo
1311 1779 1418 1834 mirum
1433 1776 1583 1848 quiddam,
1600 1773 1679 1845 quod

56 1880 72 1922 n
92 1866 259 1936 appulisset,
284 1865 359 1922 intra
377 1866 493 1936 parietis
506 1867 632 1924 ecclesiae
646 1868 774 1925 loramen
828 1885 938 1927 novum
961 1870 1032 1926 illud
1050 1868 1098 1925 Dei
1118 1867 1276 1938 opificium,
1289 1874 1317 1923 et
1341 1864 1464 1922 inlantiii
1490 1862 1680 1921 leneritudine

55 1954 85 2012 lt.
829 1958 932 2028 impari
955 1970 1073 2029 prorsus
1098 1956 1209 2018 robore,
1238 1967 1266 2011 et
1293 1954 1390 2010 minus
1418 1953 1555 2024 congrua!
1582 1951 1681 2007 iuveni

73 2041 162 2114 igitur
181 2041 251 2098 inibi
276 2042 384 2099 crebris
403 2043 650 2101 obsecrationibus
673 2045 775 2102 mnndi
829 2046 985 2118 majestate.
1002 2045 1081 2101 coxa
1098 2043 1223 2099 distabat
1242 2056 1259 2097 a
1284 2043 1374 2099 veteri
1396 2041 1426 2097 in
1449 2054 1508 2112 qua
1525 2054 1561 2096 cx
1587 2037 1681 2095 cruris

58 2144 108 2187 are
131 2129 271 2203 reginam,
288 2138 321 2186 ut
339 2130 417 2201 quod
439 2131 501 2188 aliis
526 2133 707 2204 impendebat
724 2148 776 2198 va·
828 2134 947 2191 alterius
963 2131 1117 2203 asperitate
1137 2139 1224 2202 atque
1247 2130 1377 2203 grossitie
1400 2127 1566 2200 compositio
1597 2126 1680 2184 valde

56 2233 105 2288 ins,
122 2218 175 2275 sibi
191 2233 308 2289 prorsus
324 2219 421 2290 impoli
446 2235 503 2276 non
526 2230 655 2293 negaret.
679 2222 776 2280 Conli—
828 2223 943 2280 diversa
962 2221 1115 2277 videbatur
1130 2219 1243 2289 baberi;
1267 2226 1294 2275 et
1318 2220 1372 2274 boc
1396 2225 1458 2274 erat
1476 2216 1554 2286 quod
1579 2228 1680 2271 eorum

56 2314 128 2364 terat
151 2307 252 2364 Nalale
268 2307 458 2371 Dominieum,
475 2316 504 2365 et
523 2310 603 2366 miles
632 2311 776 2382 quispiam
828 2311 880 2383 qui
892 2324 959 2367 eum
978 2317 1044 2366 ante
1059 2323 1117 2365 non
1142 2314 1282 2364 noverant
1301 2306 1385 2362 valde
1403 2305 1588 2361 adnitebatur
1603 2302 1678 2359 lldei.

55 2409 82 2450 m
102 2395 219 2450 intuens
239 2394 387 2451 basilicam
407 2396 544 2466 reptando
568 2397 675 2466 subire,
703 2399 776 2455 elec·
829 2400 891 2458 Non
906 2406 1002 2455 tamen
1016 2404 1126 2468 poterat
1150 2398 1227 2453 cruri
1247 2402 1361 2453 vetusto
1382 2394 1418 2451 ad
1440 2393 1568 2463 corporis
1594 2391 1680 2447 susti-

68 2496 155 2539 causa
171 2482 201 2537 in
216 2483 333 2538 domurn
349 2485 495 2554 propriam
508 2484 651 2543 declinare
673 2488 775 2544 suasit.
829 2489 957 2546 nentiam
995 2486 1139 2544 ullatenus
1167 2483 1333 2557 enaequari3
1372 2486 1498 2538 attamen
1529 2492 1682 2551 quorsum·

56 2585 91 2642 go
115 2569 173 2625 illic
202 2570 374 2640 aliquandiu
394 2571 555 2634 desedisset,
578 2573 623 2629 die
650 2575 777 2644 quadam
829 2589 947 2647 cunque
968 2573 1121 2645 migrabat,
1149 2586 1326 2644 quoeunque
1355 2570 1509 2627 videbatur
1537 2569 1567 2623 in
1607 2567 1680 2633 loeo,

56 2672 109 2716 um
124 2658 256 2729 proxime
275 2658 448 2716 defluentem
469 2674 529 2716 sese
539 2669 732 2726 contraxerat,
750 2671 778 2721 et
829 2671 922 2721 totum
948 2662 1053 2719 divinae
1087 2659 1293 2717 commilitabat
1327 2657 1416 2725 laudi,
1444 2656 1522 2728 quod
1549 2656 1578 2711 in
1618 2655 1682 2725 eius

56 2764 77 2816 r,—
103 2747 155 2817 qui
174 2747 278 2803 veteris
300 2748 430 2804 vulneris
453 2748 579 2805 stillabat
602 2764 638 2806 ex
658 2753 775 2820 venula,
830 2766 917 2808 carne
940 2758 999 2808 tam
1025 2749 1195 2806 mirabiliter
1222 2747 1389 2804 constiterat
1420 2745 1568 2802 celebrari.
1598 2743 1682 2799 Anno

56 2849 139 2891 nanu
158 2835 292 2892 laticibus
310 2835 433 2892 eluebat.
455 2836 536 2900 Quod
553 2850 660 2907 procax
679 2839 778 2910 aliqua
830 2839 928 2909 itaque
970 2838 1081 2908 integro
1124 2835 1337 2907 magnificentia
1375 2832 1508 2889 miraculi
1555 2832 1584 2887 in
1627 2831 1681 2886 bo-

56 2923 197 2980 tttendens
215 2923 321 2980 intulit.
338 2924 459 2980 Frustra
473 2923 582 2987 niteris,
602 2926 691 2995 Petre,
708 2927 778 3000 quia
797 2926 908 3012 emine
923 2923 1105 2982 claudicavit.
1127 2925 1188 2989 Quo
1203 2923 1336 2990 obducto,
1364 2934 1452 2992 super
1475 2934 1574 2976 omnes
1602 2932 1682 2975 crea-

56 3018 266 3081 mautcoxam,
283 3012 453 3080 11111111111,
475 3012 630 3072 habiturus
652 3028 683 3072 es
701 3015 778 3073 dein·
832 3021 913 3071 turae
941 3020 1002 3084 post
1030 3011 1143 3073 Filium,
1173 3019 1202 3067 et
1228 3025 1280 3081 per
1309 3010 1415 3067 Filium
1439 3008 1587 3066 benedicta
1614 3022 1682 3065 cum

56 3113 103 3156 inc
117 3100 219 3157 Petrus
233 3115 330 3156 vocem
345 3102 495 3171 aegerrimo
510 3103 639 3174 concepit
662 3103 776 3162 ellectu.
832 3117 884 3160 suo
911 3101 1071 3173 Hippolyto,
1096 3101 1150 3156 sub
1177 3101 1277 3157 eadem
1306 3115 1371 3170 quae
1403 3099 1483 3170 prius
1510 3104 1628 3154 venerat
1655 3104 1683 3154 et

56 3195 149 3245 estate
175 3188 284 3257 praelati
305 3202 379 3244 uxor
402 3189 500 3246 militis
521 3199 607 3261 pario
633 3193 709 3249 edito
733 3193 780 3250 de·
831 3199 923 3260 nocte,
939 3199 967 3247 et
983 3188 1474 3262 111111111111111.1111111111
1491 3188 1601 3258 plasma
1615 3199 1681 3242 cum

56 3283 92 3343 at,
113 3276 195 3333 miles
209 3290 285 3341 vero,
302 3284 335 3332 ut
356 3276 530 3335 lamiliarius
550 3277 598 3334 iila
618 3294 678 3336 rem
694 3294 778 3352 gere·
830 3280 949 3353 jubente
978 3279 1107 3351 piissima
1136 3286 1247 3348 martyr
1286 3277 1469 3333 beatissimus
1504 3281 1682 3331 contrectare

67 3363 187 3421 alteram
219 3364 336 3420 domurn
372 3373 560 3422 concesserat.
598 3366 778 3439 pedissequae
832 3366 1126 3439 coepisset,quidquid
1151 3366 1351 3422 illiannotinae
1379 3364 1515 3421 creationi
1541 3362 1681 3431 defuerat,

56 3453 128 3509 escio
150 3451 219 3522 quid
236 3459 354 3519 acturae,
374 3466 392 3507 a
410 3466 525 3509 camera
547 3454 576 3510 in
592 3455 708 3512 domurn
730 3470 780 3513 ex·
831 3465 951 3527 excepta
965 3455 1155 3513 teneritudine
1172 3455 1255 3521 culis,
1278 3462 1306 3510 et
1326 3453 1417 3523 specie
1443 3452 1579 3509 novitatis
1603 3459 1681 3507 vete·

56 3555 63 3596 ι
84 3540 269 3602 1111111111,
296 3548 323 3597 et
354 3541 470 3597 Petrum
498 3542 677 3599 subaudiunt
704 3549 779 3599 11115
832 3542 1160 3601 ranolenorisimillime
1179 3541 1386 3598 conlormatur.
1408 3541 1602 3611 Experrectns
1622 3538 1682 3609 {igi-

62 3627 226 3699 planctibns
246 3627 448 3699 ingementem,
474 3643 600 3701 qnorum
619 3632 779 3702 gemituum
833 3637 888 3693 tur,
903 3638 930 3687 et
945 3629 1063 3688 visionis
1088 3629 1236 3686 veritatem
1257 3641 1293 3683 ex
1309 3627 1425 3683 babitus
1449 3626 1561 3696 pristini
1583 3625 1681 3681 melio·

56 3728 95 3773 eac
108 3716 222 3772 luerat:
239 3716 328 3788 Virgo
347 3724 374 3773 et
389 3725 480 3772 mater
501 3719 705 3788 superomnia
727 3719 779 3776 be-
832 3718 943 3775 ratione
962 3717 1147 3789 persentiens,
1176 3717 1245 3772 dnm
1272 3715 1390 3786 superni
1419 3712 1575 3784 spectaculi
1600 3713 1682 3768 itera-

80 3817 146 3862 cnm
175 3805 258 3861 beato
284 3812 411 3875 martyre
439 3804 590 3876 Hippolyto
616 3806 645 3862 in
671 3807 780 3866 visione
832 3807 938 3864 tionem
967 3814 1049 3878 gestu
1077 3820 1130 3862 suo
1155 3804 1267 3862 cunctis
1288 3803 1429 3871 enuntiat,
1454 3807 1481 3858 et
1507 3800 1591 3858 fldem
1615 3800 1681 3857 lacli

56 3891 355 3964 quaesitoresque
378 3893 509 3963 martyri,
528 3894 678 3965 utjacenti
696 3897 780 3953 vide·
833 3895 958 3963 roborat,
988 3895 1065 3965 apud
1092 3896 1194 3961 Deum,
1218 3901 1246 3950 et
1277 3891 1326 3948 bei
1354 3905 1451 3962 opera,
1488 3889 1529 3946 nil
1561 3888 1683 3947 existere

57 3979 223 4049 imperabat.
251 3981 386 4048 Restitue,
415 3980 520 4052 inquit,
556 3996 622 4038 eum
660 3983 780 4055 antiquo
833 3982 1054 4054 imperleetionis
1069 3982 1219 4039 acclamat.

59 4068 168 4139 blartyr
190 4083 257 4124 vero
287 4069 442 4139 imperanti
467 4070 615 4126 humiliter
637 4073 780 4129 1111111-
869 4069 1060 4143 andegarius
1074 4069 1256 4125 Vinarieocir
1269 4066 1418 4142 episcopas
1431 4065 1684 4123 diecclilmirocu-

58 4170 102 4219 us,
130 4156 241 4221 tibiam,
267 4157 426 4228 pedemque
452 4172 689 4229 quaquaversum
712 4160 779 4216 olim
833 4159 903 4218 11111.
920 4189 955 4200 -
979 4161 1119 4216 Praeterea
1136 4173 1203 4215 cum
1227 4157 1336 4228 ubique
1359 4156 1414 4213 loci
1431 4157 1473 4213 rei
1493 4156 1564 4212 adeo
1589 4155 1684 4213 inusi-

59 4243 198 4301 divinitus
220 4245 255 4301 ad
272 4247 362 4301 instar
374 4246 480 4303 1111111
496 4248 713 4304 resurrectionis
750 4249 780 4305 in
799 4247 899 4305 11111
927 4247 1050 4305 11111111
1064 4247 1161 4318 opinio
1183 4247 1218 4303 ad
1244 4245 1450 4317 Leodegarium
1474 4244 1682 4312 vivariensem,

65 4341 222 4403 compacta,
256 4333 434 4405 recolligens,
459 4335 571 4405 corpori
597 4336 661 4407 ejus
690 4350 724 4391 ac
756 4337 778 4393 si
833 4337 970 4408 qninunc
980 4335 1100 4404 advivit,
1111 4334 1278 4405 episcopum
1288 4334 1418 4404 pervenit
1428 4333 1538 4400 relatio,
1557 4333 1683 4403 idipsum

56 4435 81 4477 m
107 4416 202 4478 arbori
229 4423 314 4492 coepit
337 4423 524 4492 subjungere.
552 4424 585 4478 ln
602 4437 662 4494 qua
687 4425 780 4482 inser·
833 4425 917 4497 plane
929 4425 959 4480 in
973 4423 1236 4494 Gratianopolitano
1251 4422 1411 4492 territorio,
1428 4422 1504 4478 unde
1520 4421 1605 4477 bomo
1622 4427 1684 4477 erat

56 4509 106 4566 ntis
134 4510 326 4580 torquebatur
339 4510 497 4580 angoribus
518 4518 551 4566 ut
570 4511 696 4569 vicissim
721 4527 779 4570 non
833 4513 984 4576 oriundus,
1009 4511 1070 4568 fieri
1096 4518 1229 4582 coeperat,
1255 4511 1303 4567 sed
1327 4511 1357 4567 in
1381 4509 1495 4566 dioecesi
1520 4507 1682 4564 Vivarlensi

56 4596 190 4654 moribus
220 4597 434 4665 substridendo,
459 4605 486 4654 11
516 4599 624 4656 crebris
649 4601 778 4671 rictibus,
834 4600 900 4658 linis
915 4601 1080 4657 obvenerat.
1105 4599 1266 4670 Episcopus
1283 4612 1353 4669 ergo
1377 4597 1491 4654 insolito
1512 4595 1684 4652 omnimodis

56 4699 185 4757 >rumque
208 4686 333 4743 motibus
357 4686 427 4757 quid
451 4695 597 4758 pateretur
616 4688 778 4759 indicando,
833 4704 950 4747 rumore
970 4690 1105 4760 percitus,
1129 4703 1195 4745 curn
1216 4687 1261 4743 die
1279 4687 1406 4757 quadam
1437 4685 1562 4755 plurima
1590 4697 1684 4756 proce

56 4787 82 4831 as
103 4774 253 4831 ancillulas
287 4790 353 4846 quaa
379 4789 429 4846 per
458 4776 565 4834 donum
596 4779 780 4850 vagabantur
833 4792 900 4835 rum
920 4777 1079 4847 irequentia
1102 4791 1206 4833 causas
1226 4775 1319 4831 acturi
1340 4787 1437 4830 coram
1463 4787 1495 4829 eo
1527 4773 1681 4835 venissent,

834 4865 927 4923 adluit
941 4873 968 4922 et
992 4864 1016 4921 is
1038 4866 1123 4936 cujus
1145 4865 1230 4921 domo
1254 4871 1318 4919 acta
1337 4876 1382 4919 res
1400 4863 1492 4918 luerat
1507 4875 1574 4918 cum
1596 4861 1684 4918 lratre

56 4950 194 5023 utigitur,
209 4959 236 5008 et
252 4951 330 5008 illato
346 4952 503 5023 adjacentis
518 4953 606 5009 cubili
622 4953 693 5024 laro,
708 4956 778 5013 dum
833 4953 959 5024 proprio.
977 4952 1021 5008 ad
1041 4966 1113 5023 quos
1127 4952 1168 5008 sic
1187 4950 1280 5007 oravit
1306 4949 1457 5021 episcopus
1472 4964 1504 5004 z«
1536 4949 1608 5006 Cum
1632 4962 1684 5005 vos

56 5035 404 5111 11111111111111,1111
427 5041 512 5111 pedes
536 5043 653 5099 Petrum
677 5044 780 5100 11111
834 5041 908 5098 inter
931 5056 1029 5098 omnes
1052 5041 1204 5098 dioeceseos
1230 5037 1397 5096 meaelviros
1420 5052 1536 5094 veraces
1559 5051 1593 5094 ac
1615 5051 1682 5093 con·

56 5140 136 5183 crura
154 5127 310 5198 reperiunt.
332 5129 442 5186 'dantus
458 5129 532 5186 illico
544 5144 580 5186 ex
603 5130 657 5187 boc
673 5131 779 5189 intuitu
832 5129 1003 5188 versationis
1018 5129 1151 5200 legitima
1176 5127 1280 5196 norim,
1296 5127 1421 5183 obtestor
1439 5141 1492 5182 vos
1509 5139 1605 5182 coram
1622 5125 1684 5182 bace

56 5229 67 5271 s
92 5222 194 5286 stupor
206 5216 354 5274 exanimat
369 5226 401 5274 nt
425 5232 590 5276 senonens
609 5233 779 5290 11111111-
832 5217 1025 5292 probabilium
1050 5217 1203 5288 praesentia
1226 5228 1426 5287 personarum,
1447 5224 1480 5272 ut
1502 5229 1567 5286 quae
1590 5213 1683 5272 since·

56 5300 73 5357 d
88 5302 195 5358 mutari
218 5302 248 5358 in
273 5303 378 5360 alteras
401 5306 586 5362 estimarent.
612 5306 780 5364 Contrecta—
832 5305 1323 5377 111111111111111111111111
1338 5304 1422 5374 signo
1440 5303 1496 5373 illo,
1512 5302 1589 5375 quod
1605 5303 1683 5373 apud

56 5403 143 5446 ;vera
166 5390 297 5447 membra
325 5405 391 5462 quae
419 5393 582 5463 tetigerant,
607 5396 777 5453 sentiebant.
832 5409 884 5451 vos
906 5403 1018 5466 gestum
1047 5395 1232 5464 praedicatur,
1257 5391 1387 5449 relocatis
1414 5392 1443 5448 in
1467 5394 1601 5450 ¹omnium
1631 5391 1682 5460 qui

56 5492 88 5534 ra
116 5478 182 5535 inde
211 5478 237 5535 id
262 5486 320 5537 tam
349 5479 494 5538 insolitum
520 5481 574 5540 sibi
608 5493 778 5553 provenerat
833 5482 1225 5559 11111111111111111111.ι
1251 5468 1505 5559 Qui'assurgentes
1524 5480 1566 5540 uti
1593 5477 1684 5538 relata
