3818 6008
549 109 733 167 contituti
751 111 786 168 ΙΝ
805 112 953 169 budusin
974 113 1038 171 lle.
1055 115 1089 170 tt.
1652 123 1703 176 aab

56 241 169 312 aseivit,
186 242 237 314 qui
253 243 462 301 consuetudine
481 258 540 314 qna
558 244 626 300 olim
651 247 802 302 tenebatur
820 247 892 303 aad
905 248 983 304 omni
996 248 1176 306 sensibilium
1192 247 1318 321 imagine
1344 251 1471 309 mundus
1486 259 1519 308 ut
1541 253 1577 310 sit
1591 268 1704 312 necesse

60 337 109 387 tus
139 330 243 387 obruta
268 329 356 386 libere
377 331 437 401 jam
466 333 611 402 proposita
639 339 666 388 et
692 334 802 390 lortiter
854 343 905 391 esi.

56 418 344 488 laeotncnuspotentis
363 418 446 473 Jacob
470 419 609 486 albolum,
635 420 704 476 tium
729 435 802 491 sup·
890 424 976 481 Vane.
1002 429 1046 480 at.
1063 457 1088 466 -
1119 425 1266 496 Bcnjamin
1289 428 1369 496 lapus
1402 445 1503 498 rapace,
1528 446 1607 486 moue
1634 447 1703 486 cont-

56 507 120 562 oris
135 508 270 562 vitiorum
285 507 404 576 spiritns
423 508 499 563 vires
515 515 601 565 tantae
625 509 802 567 auctoritatis
855 511 914 565 edet
940 513 1072 582 praedam,
1103 520 1128 569 et
1157 531 1265 585 vespere
1294 516 1399 571 diuidet
1423 518 1523 587 spolio.
1553 519 1704 589 Beniamin

56 610 61 649 t
81 603 159 651 sunt.
175 594 244 651 lndc
257 601 353 664 postor
368 597 439 665 lapis
459 598 544 650 lsrael
558 596 714 667 egreditur,
734 612 801 653 cum
856 599 1046 670 diciturfitius
1066 603 1193 658 dexterae.
1211 604 1316 660 Filium
1340 605 1465 661 dexterae
1486 620 1564 676 spem
1588 608 1704 664 electio-

56 696 99 738 em
110 681 212 752 spiritu
228 683 397 751 intellectus,
412 684 461 754 qui
476 685 608 754 spiritum
621 685 717 755 ipsum
730 700 802 755 pune
856 688 902 742 nis
920 703 1116 758 saepenumero
1142 691 1278 758 diximus,
1301 700 1329 748 et
1355 693 1479 749 rationes
1504 694 1648 751 multoties
1670 697 1705 753 de

56 770 147 838 eliciat,
168 778 195 827 et
215 771 250 826 ad
274 787 341 827 cum
369 774 425 828 lieo
453 773 687 843 principandum,
723 773 802 844 quod
856 775 914 832 tilio
927 785 953 834 et
967 778 1086 834 dextera
1101 779 1287 837 reddidimus.
1305 781 1355 836 Est
1369 795 1438 852 ergo
1451 782 1485 838 de
1508 782 1562 838 boc
1587 783 1705 840 rationis

56 859 121 926 rael,
146 860 174 913 in
199 859 316 914 modum
347 860 450 929 lapidis
477 860 570 916 lirmct
602 869 630 917 et
664 862 800 930 stabiliat,
855 866 1116 922 sententiamque
1136 868 1262 936 desiere,
1281 868 1405 940 quisque
1428 869 1561 927 videlicet
1585 871 1702 936 electus,

56 954 174 1003 ertatem
197 949 444 1017 contemplationis
477 949 630 1018 procedere
658 959 800 1006 monetur.
856 953 903 1008 cui
920 953 977 1010 lida
1000 955 1150 1024 posteritas
1177 956 1206 1010 in
1234 956 1381 1013 beatorum
1406 965 1481 1014 sorto
1506 959 1620 1026 resedit,
1648 973 1705 1015 non

56 1049 74 1090 s.
96 1038 141 1103 25,
161 1038 205 1090 io.
230 1066 264 1075 -
280 1039 348 1091 Deus
368 1039 459 1105 patris
479 1040 520 1091 tui
538 1036 800 1106 mendicitatem,
855 1055 967 1111 semper
981 1042 1016 1098 de
1032 1043 1076 1098 bis
1091 1043 1141 1113 qui
1161 1043 1328 1100 innocenter
1350 1046 1470 1116 egerint,
1496 1046 1544 1103 sed
1567 1055 1595 1103 et
1610 1047 1645 1103 de
1662 1047 1706 1104 bis

56 1125 164 1192 iipotens
193 1124 328 1179 benedicet
349 1126 401 1179 tibi
425 1126 653 1180 benedictionibus
674 1127 732 1180 cccii
752 1126 802 1180 de·
856 1129 1022 1201 quilupina
1045 1131 1212 1188 crudelitate
1240 1134 1399 1202 nocuerint,
1426 1135 1594 1191 assumitur.
1627 1135 1704 1192 Talis

58 1212 288 1267 benedictionibus
309 1214 404 1284 abyssi
419 1214 555 1282 deorsum,
575 1215 802 1269 benedictionibus
856 1219 954 1290 itaque
968 1219 1004 1276 ad
1018 1234 1066 1276 eas
1084 1229 1111 1277 et
1126 1235 1199 1291 quas
1214 1221 1350 1291 praemisi,
1366 1229 1393 1278 et
1408 1237 1482 1292 quas
1496 1225 1616 1280 rationis
1638 1223 1705 1295 iure

56 1305 105 1356 tei
128 1303 224 1355 vulvae·
249 1301 449 1356 Bettedt'ciiouts
468 1304 557 1371 patris
579 1307 620 1356 iai
644 1305 803 1370 confortata
856 1308 987 1365 contineo
1006 1309 1127 1365 virtutes
1143 1317 1295 1377 venturus,
1322 1317 1475 1381 postquam
1498 1328 1576 1366 mane
1600 1311 1705 1369 divinat

56 1389 258 1444 immitibus
278 1394 390 1459 poti-um
408 1391 478 1460 ejus,
503 1392 584 1444 d⁰²l2⁶
602 1392 704 1444 veniret
730 1390 801 1444 desi·
856 1396 1055 1452 illustrationis
1076 1397 1226 1467 acceperit,
1243 1397 1271 1454 id
1292 1397 1369 1468 quod
1390 1398 1465 1455 inse
1484 1414 1533 1469 per
1557 1400 1625 1455 vitia
1643 1400 1703 1456 dia·

56 1480 182 1532 cecilium
200 1484 376 1544 aeternorum3
401 1483 469 1549 pant
489 1481 519 1534 ia
542 1481 629 1548 capite
652 1480 802 1548 iosepb,et
857 1483 941 1539 bolus
961 1483 1143 1552 depraedatus
1174 1484 1277 1550 luerat,
1304 1484 1436 1548 comedit,
1475 1486 1512 1540 ad
1546 1486 1706 1543 relectionis

57 1568 98 1621 ico
119 1570 246 1623 Nazarcei
260 1570 331 1622 inter·
349 1570 452 1634 tratres
474 1583 549 1622 suos.
577 1568 664 1633 DeuS,
694 1567 799 1637 inquit,
821 1543 962 1627 Bscilicet
981 1572 1071 1628 robur
1097 1570 1192 1639 vertit,
1206 1574 1235 1627 et
1257 1586 1293 1627 cx
1320 1586 1389 1628 casu
1408 1573 1531 1630 alacrior
1553 1574 1656 1645 surgit,
1681 1581 1706 1630 et

56 1654 102 1710 ,asi
116 1663 226 1725 patrem
243 1669 287 1711 me
301 1663 329 1711 et
345 1663 483 1711 rectorem
497 1655 630 1725 spiritum
646 1655 674 1710 in
687 1655 803 1711 bonriue
856 1660 1030 1731 uespercjam
1053 1659 1164 1715 fervore
1190 1660 1354 1716 tentationis
1373 1661 1523 1730 exstincto,
1550 1671 1706 1719 armaturae

58 1742 111 1808 uit,
139 1750 167 1798 ct
189 1751 217 1800 te
245 1744 309 1800 licet
341 1752 446 1801 natura
469 1759 579 1812 meum,
605 1751 699 1799 minen
733 1743 802 1798 mibi
856 1747 981 1804 salubris
1002 1749 1103 1817 spolia,
1133 1763 1199 1818 qum
1225 1747 1383 1818 aliqnando
1407 1750 1569 1820 possederat
1604 1750 1704 1819 bostis,

56 1837 93 1887 tte
116 1845 295 1900 supremum,
317 1846 353 1888 ex
369 1846 413 1888 me
440 1832 530 1888 creari
548 1831 721 1901 voluit,ipse
746 1831 803 1888 tuis
857 1851 906 1906 per
926 1836 1057 1907 singulas
1080 1850 1196 1893 morum
1228 1836 1414 1893 habitudines
1436 1838 1547 1894 dividit.
1579 1840 1706 1896 Virtutes

56 1918 213 1975 talionibus
226 1928 393 1990 cooperator
406 1922 470 1989 erit,
486 1929 513 1978 et
537 1935 603 1977 cum
620 1921 717 1977 omnia
735 1934 803 1991 pos·
854 1925 932 1980 enim
956 1933 1098 1994 eorruptae
1127 1924 1201 1981 bunt
1229 1925 1314 1991 vitla;
1341 1934 1489 1996 reparata,
1519 1934 1588 1983 sunt
1615 1927 1705 1998 spolia

61 2008 183 2064 rationis
198 2017 224 2064 te
236 2008 439 2078 multiplicabit
452 2024 485 2065 ac
502 2010 525 2065 si
549 2009 613 2066 coeli
635 2009 800 2076 eminentia,
856 2013 1021 2084 quibusque
1044 2012 1146 2068 mentis
1168 2012 1291 2069 statibus
1314 2013 1466 2070 victoriose
1500 2013 1703 2084 dispertienda.

56 2096 241 2164 mediationis,
268 2096 353 2153 idest
373 2097 559 2167 plenitudinis
582 2098 611 2153 in
636 2098 802 2169 subjacente
856 2101 906 2157 His
918 2101 1055 2158 extremis
1070 2100 1190 2157 rationis
1208 2100 1304 2156 verbis
1324 2101 1359 2155 ad
1376 2100 1518 2158 virtutum
1540 2101 1704 2172 praelibata-

56 2182 186 2240 affectu
212 2186 306 2241 minor
335 2185 390 2241 erit
415 2185 572 2242 obediendo
600 2187 800 2242 exuberantia.
856 2188 1086 2246 rumelticaciam
1099 2188 1316 2245 commendatur
1334 2188 1436 2260 gratia.
1459 2189 1599 2247 Ubienim
1617 2191 1706 2246 abun·

58 2273 163 2329 renim
182 2289 188 2328 :
205 2274 316 2343 Audite,
329 2276 398 2341 eceli,
416 2290 475 2344 qua
489 2276 592 2344 loquar,
609 2274 707 2329 audiat
728 2279 802 2329 terra
855 2278 934 2334 davit
962 2287 1109 2348 peccatum
1133 2277 1381 2347 superabundavit
1398 2276 1593 2335 misericordia
1611 2280 1702 2347 (Rom.

56 2363 104 2416 tris
118 2364 171 2416 mei
185 2365 273 2432 (Dent.
288 2377 377 2431 xxxii,
399 2367 434 2431 l).
451 2363 495 2418 Nil
508 2364 586 2419 enirn
609 2371 652 2419 est
672 2363 800 2432 spiritus,
855 2383 883 2437 v,
898 2367 954 2438 20).
971 2367 1086 2422 Etcum
1101 2365 1325 2437 cogitaverimus
1339 2372 1449 2435 quanta
1465 2366 1500 2422 de
1514 2381 1603 2436 quarn
1623 2367 1705 2424 nulla

63 2449 239 2520 obtemperet
254 2450 383 2519 allectus,
404 2451 482 2523 quod
498 2459 540 2508 est
562 2459 639 2508 terra
662 2451 698 2506 ob
720 2450 801 2506 inllr-
855 2469 935 2510 mens
952 2462 1050 2510 nostra
1073 2453 1147 2510 iacta
1166 2453 1262 2522 luerit,
1283 2459 1414 2524 patenter
1429 2454 1608 2511 advertimus
1634 2457 1705 2526 quia

56 2552 81 2594 m
95 2538 140 2594 vel
156 2540 288 2609 abyssus.
304 2540 400 2596 Vulva
412 2549 509 2597 autem
522 2547 548 2596 et
561 2540 699 2597 uberibus
716 2539 800 2596 bene·
854 2542 927 2599 nibil
941 2543 1027 2600 babet
1037 2542 1114 2612 quod
1125 2556 1182 2597 non
1197 2542 1348 2612 acceperit.

56 2640 69 2694 ¹,
87 2626 157 2683 dum
183 2627 211 2682 in
241 2628 303 2698 ipsa
326 2628 365 2698 pii
393 2628 526 2685 desiderii
553 2628 748 2698 conceptione,
774 2634 801 2684 ct
889 2633 971 2688 Vnss.
994 2634 1038 2687 itt.
1060 2662 1093 2672 —
1116 2631 1155 2685 Et
1179 2645 1268 2686 omnes
1287 2632 1317 2684 ai
1338 2632 1368 2685 ia
1392 2631 1581 2687 tribusisraei
1603 2628 1703 2686 duode-

56 2714 141 2772 ttione
166 2716 313 2786 propositi,
338 2724 365 2773 et
391 2717 513 2787 gentina
538 2716 697 2773 dilectionis
716 2715 801 2772 rudi·
854 2724 915 2776 cim.
943 2719 1047 2776 Tribus
1074 2719 1110 2775 ad
1138 2718 1203 2774 lldei
1227 2717 1285 2788 spei
1312 2724 1340 2774 et
1373 2718 1521 2774 charitatis
1546 2718 1704 2774 ternionem

56 2802 183 2873 ‚quibus
193 2805 301 2876 gremio
312 2805 459 2875 praesentis
471 2805 602 2862 Ecclesia
615 2805 650 2860 ad
668 2805 799 2861 futurum
819 2839 838 2894 C
853 2808 1014 2877 referimus,
1034 2816 1062 2864 et
1087 2807 1236 2863 duodecim
1256 2813 1388 2863 constant
1406 2820 1442 2863 ex
1458 2813 1586 2877 quatuor
1600 2806 1702 2862 tribus.

56 2891 195 2948 irilemac
212 2893 235 2949 si
253 2894 392 2951 uberibus
418 2895 565 2952 enutritur
589 2902 706 2962 statum,
732 2907 800 2964 pro·
854 2894 943 2960 Quem
965 2894 1185 2964 quaternarium
1217 2893 1253 2949 ad
1286 2893 1487 2965 Evangelium
1514 2893 1560 2949 vel
1578 2901 1705 2964 quatuor

56 2989 241 3038 tromovetur.
855 2981 1026 3052 principales
1045 2982 1167 3038 virtutes
1189 2980 1365 3048 reducimus,
1391 2995 1466 3052 quas
1489 2995 1540 3051 per
1557 2980 1705 3038 Trinitatis

56 3068 239 3126 edictionibus
259 3075 373 3140 patrum
392 3074 485 3141 putris
513 3071 707 3126 benedictiones
732 3084 799 3126 con·
855 3084 991 3139 amorem,
1032 3078 1060 3127 et
1092 3071 1180 3127 trium
1209 3071 1425 3140 premissorum
1460 3069 1704 3126 necessitudinum

56 3171 106 3226 ur,
122 3158 193 3214 dum
207 3172 258 3228 per
273 3159 458 3229 antiquorum
475 3159 637 3226 memorias,
650 3158 801 3230 quiabun-
854 3158 1066 3216 exsecutionem
1093 3159 1236 3228 pertinere
1259 3157 1391 3225 iacimus,
1411 3172 1479 3214 cum
1507 3156 1564 3213 illis
1587 3155 1704 3213 benedi-

56 3246 237 3314 virtutibus,
252 3246 374 3303 virtutes
385 3248 459 3319 eJ'us,
475 3249 525 3319 qui
549 3247 802 3304 intellectualitatis
855 3248 982 3304 ctionum
1007 3247 1096 3316 copiis
1124 3246 1161 3302 ad
1184 3246 1223 3314 id,
1252 3247 1330 3317 quod
1357 3254 1399 3302 cst
1422 3245 1520 3314 Israel,
1550 3260 1617 3301 cum
1647 3246 1704 3302 lico

56 3340 100 3403 ist,
116 3334 348 3405 multiplicantur
364 3336 492 3406 spiritus.
517 3337 553 3392 Et
573 3336 628 3392 hoc
648 3337 731 3391 donec
752 3350 802 3392 ve·
855 3335 961 3392 scillcet
974 3335 1165 3392 dilectionem.
1190 3335 1260 3390 Haec
1276 3336 1378 3389 locutus
1392 3340 1431 3388 est
1456 3336 1494 3389 eis
1518 3340 1599 3404 pater
1627 3348 1703 3399 suus,

56 3422 204 3478 'eciderium
234 3424 342 3479 collium
367 3429 537 3493 eternorum,
575 3424 603 3479 id
636 3431 678 3481 est
711 3425 803 3481 donec
856 3424 1045 3494 benedicitque
1084 3424 1201 3492 singuiis
1238 3421 1467 3478 benedictionibus
1508 3424 1639 3492 propriis.
1669 3423 1706 3477 nt

56 3518 108 3568 tur
117 3511 215 3583 gloriae
241 3527 374 3583 superna
394 3513 522 3585 largitas,
541 3527 631 3584 quam
657 3513 803 3583 suspirant
853 3514 983 3584 precepit
1003 3515 1041 3567 eis
1068 3511 1169 3567 dicans.
1203 3511 1277 3567 Dum
1310 3510 1477 3580 quibusque
1496 3511 1705 3582 cogitationum

56 3613 83 3655 m
110 3598 274 3657 devotiones
304 3609 418 3657 aeternae
441 3600 618 3657 excellentia
649 3599 801 3656 destinato·
855 3599 1070 3671 affectuumque
1086 3599 1285 3670 qualitatibus,
1304 3598 1387 3654 utilia
1402 3599 1531 3668 spiritns,
1559 3598 1706 3654 interiori-

56 3687 147 3743 lontes
159 3695 186 3745 et
201 3688 287 3744 colles
301 3688 372 3758 quid
388 3687 550 3760 significent
567 3688 692 3757 psalmos
706 3687 800 3744 inter·
855 3697 948 3746 tatum
963 3688 1093 3758 specialis
1114 3695 1278 3744 nostrarum
1296 3695 1385 3758 pater,
1405 3685 1524 3743 consilia
1548 3685 1704 3756 distribuit,

56 3775 197 3833 Montium
220 3790 299 3844 vero,
327 3776 372 3833 vel
400 3776 516 3833 collium
543 3774 802 3848 significativorum
856 3776 941 3847 quasi
956 3776 1078 3847 singulis
1092 3775 1216 3846 propriis
1230 3774 1477 3831 benedictionibus
1492 3773 1633 3830 valedicit.

56 3873 142 3923 tatem
165 3866 271 3938 Sibylla
290 3867 421 3923 destruit.
449 3887 464 3918 a
487 3867 551 3924 iam
574 3873 740 3937 aquantur,
755 3865 803 3920 in·
892 3865 978 3922 Vnus.
992 3867 1048 3933 ,29,
1075 3866 1118 3918 30.
1142 3894 1176 3904 -
1199 3866 1364 3932 conponor,
1390 3862 1495 3932 inquit,
1515 3861 1553 3917 ad
1576 3863 1707 3932 populum

56 3962 154 4011 nonies
166 3955 285 4027 campis.
303 3975 317 4008 u
334 3956 428 4026 Caput
446 3955 560 4024 ioseph,
583 3956 642 4025 ipse
662 3955 801 4021 deusest,
856 3968 957 4022 meum
972 3957 998 4008 et
1008 3954 1117 4022 sepelite
1143 3968 1184 4007 ine
1198 3967 1257 4006 cum
1277 3951 1404 4022 patribus
1432 3953 1499 4005 meis
1525 3953 1555 4004 in
1578 3952 1707 4020 spetunca

58 4043 295 4113 ntellectualitati,
320 4044 371 4115 qui
395 4044 515 4100 intimus
536 4057 630 4113 sapor,
652 4051 680 4100 et
702 4043 803 4099 notitia
855 4043 971 4112 duplici,
1010 4057 1069 4110 que
1101 4046 1141 4096 est
1172 4044 1201 4096 in
1234 4055 1301 4108 apro
1329 4040 1442 4109 Epiiron
1467 4039 1589 4111 Hctbaei,
1614 4045 1709 4095 contra

56 4136 73 4198 t,
87 4131 199 4187 cunctis
213 4146 279 4202 quae
304 4139 479 4202 praetereunt
502 4130 719 4202 subjacentibus
746 4131 807 4187 sola
825 4134 847 4189 D
859 4131 980 4186 Mambre
993 4132 1022 4184 io
1041 4135 1114 4184 terra
1128 4130 1269 4197 Cleonaeo,
1286 4144 1369 4198 quom
1383 4127 1449 4183 emit
1479 4128 1621 4183 Abrabam
1648 4144 1709 4183 curn

56 4218 153 4289 pallias
179 4221 353 4290 praeminens
390 4220 466 4277 Deus
502 4229 553 4276 est.
592 4219 805 4276 Benedictlones
858 4233 925 4286 uara
947 4218 981 4272 ab
1008 4218 1126 4288 Epticon
1158 4219 1265 4272 lietbao
1290 4218 1320 4271 in
1351 4217 1545 4286 possessionem
1579 4217 1707 4286 sepulcri.

56 4309 290 4378 ecapitedosepi
313 4309 542 4375 constituuntur,
566 4323 633 4364 curn
658 4307 805 4377 sapientiae
857 4306 1139 4376 Adpopulumsuum
1168 4312 1372 4377 congregatur,
1396 4319 1462 4361 cum
1487 4304 1523 4360 ad
1551 4318 1654 4373 mores,
1682 4312 1710 4361 ot

56 4403 113 4452 tnta
126 4397 191 4465 Deo,
209 4411 267 4453 non
281 4404 385 4453 nostrae
397 4396 529 4464 solertiae,
546 4396 742 4452 ascribuntur.
859 4402 941 4451 actus
960 4393 1071 4452 ratione
1097 4393 1200 4465 dignos
1232 4394 1352 4465 spiritus
1375 4394 1491 4450 omnino
1513 4393 1708 4464 restringitur.

56 4491 85 4540 st
111 4491 138 4541 et
166 4499 217 4556 per
250 4493 338 4555 caput
372 4486 484 4543 caeleste
517 4486 668 4556 premium
702 4484 804 4555 accipi,
859 4483 1030 4552 Inspeiunco
1047 4483 1152 4551 duplici
1164 4497 1224 4536 cum
1236 4483 1364 4552 patribus
1388 4481 1449 4537 suis
1472 4480 1618 4550 sepelitur,
1642 4493 1710 4536 curn

56 4586 196 4629 summum
206 4580 234 4630 et
243 4574 364 4644 capitale
382 4582 424 4630 est
439 4573 610 4644 intellectui;
627 4588 686 4644 quo
705 4581 806 4630 contra
858 4579 886 4628 et
896 4571 933 4627 ab
954 4570 1123 4628 extrinsecis
1147 4569 1396 4637 delectationibus,
1424 4575 1452 4625 et
1479 4568 1711 4625 exterioritatum

56 4660 167 4732 probis:
192 4662 291 4731 caput,
322 4662 418 4732 inquit
446 4665 576 4718 circuitus
602 4678 693 4717 eorum
722 4662 805 4733 (Psoi.
858 4658 1027 4718 earumdem
1042 4658 1309 4730 imaginationibus,
1325 4671 1391 4714 cum
1417 4656 1601 4726 praematuris
1624 4656 1712 4726 spirl-

56 4751 146 4819 alb).
163 4749 243 4805 Unde
256 4756 283 4806 et
298 4757 398 4806 vertex
423 4750 605 4820 postmodum
622 4750 750 4820 ponitur,
776 4749 806 4804 in
860 4748 984 4805 tualinm
1020 4747 1167 4803 rationum
1204 4747 1340 4815 motibus,
1380 4744 1439 4801 acsi
1473 4758 1541 4800 cum
1578 4743 1711 4814 patribus

56 4837 99 4894 aia
124 4838 209 4908 capiti
227 4839 376 4907 praeminet
398 4839 484 4903 Deus,
510 4838 562 4909 qul
586 4838 663 4894 omni
688 4851 808 4894 munere
860 4833 1056 4894 absconditur.
1088 4835 1181 4892 Potest
1209 4834 1388 4904 etspelunca
1416 4832 1536 4902 duplex,
1577 4831 1712 4903 geminus

57 4935 137 4994 rest,
153 4926 332 4998 intelligitur.
346 4927 498 4984 Nazaraeus
512 4934 610 4983 autem
624 4926 677 4982 ilos
691 4926 807 4994 dicitur,
861 4925 948 4981 timor
971 4922 1102 4995 intelligi,
1133 4937 1192 4994 quo
1216 4929 1243 4979 ct
1267 4936 1353 4993 paena
1380 4922 1529 4987 metuitur,
1562 4919 1608 4975 vel
1631 4919 1713 4990 regni

56 5014 189 5072 mnditia.
208 5015 314 5071 Vertex
339 5016 437 5086 itaque
458 5014 639 5071 benedicitur
668 5014 807 5081 Nazaraei,
862 5012 976 5069 amissio
987 5010 1167 5083 proponitur.
1184 5011 1234 5067 ilis
1258 5024 1326 5082 ergo
1350 5009 1465 5066 duobus
1486 5023 1544 5065 non
1572 5007 1714 5064 immerito

56 5102 281 5160 teoattribuitur
295 5103 462 5159 fructuosus
477 5103 523 5159 iile
533 5103 609 5159 nitor
619 5110 707 5174 atque
727 5116 809 5159 mun-
862 5113 970 5171 pavore
999 5106 1164 5156 contractus
1189 5106 1347 5166 coercetur,
1381 5105 1408 5155 et
1441 5096 1581 5168 exemplis
1613 5109 1714 5153 eorum

56 5203 112 5262 qua
126 5191 204 5247 Deus
218 5191 406 5261 eonsipicitur
419 5190 517 5247 animi.
536 5196 604 5246 m
616 5192 692 5248 lntar
705 5190 809 5247 tratres
863 5202 990 5262 quorum
1003 5188 1188 5259 paternitates
1202 5187 1263 5259 (sic)
1279 5185 1399 5244 allectus
1415 5194 1601 5260 aggregatus,
1623 5198 1641 5242 a
1659 5199 1715 5241 sa-

77 5278 234 5337 Nazaraeus
254 5286 306 5347 est,
329 5279 401 5351 quia
424 5278 673 5350 contemplationis
694 5279 811 5335 habitus
864 5278 922 5334 culi
938 5277 1056 5334 turbore
1071 5276 1192 5346 sopitur.

56 5374 162 5425 eteros
183 5367 288 5424 mentis
309 5375 401 5424 status
422 5382 480 5424 non
503 5367 595 5425 solum
620 5367 738 5434 avitia,
761 5366 810 5422 sed
901 5365 982 5421 lianc
1005 5364 1173 5435 speluncam
1197 5363 1357 5433 ablipiron
1380 5363 1489 5422 iletbaeo
1509 5364 1539 5418 ia
1565 5364 1715 5432 possessio-

139 5465 279 5531 Parnon.
306 5465 408 5531 ubil.
1500 5465 1536 5523 ll
