3818 6008
75 226 109 282 nt
676 223 859 284 nouenos
878 182 912 282 m
928 222 1079 284 ennnsm
1094 225 1161 282 nvn.
1182 224 1230 281 ιιι.
1774 226 1827 282 rt
1847 224 1853 229 ·

403 355 518 415 dordr
537 356 599 415 Vll.
947 357 1168 415 aversitatibus
1196 365 1315 426 constat,
1344 371 1404 429 quo
1431 357 1530 412 anima
1553 358 1608 414 sub
1633 357 1682 416 bel
1710 358 1773 431 lege
1796 370 1826 414 aa

111 447 232 504 vemt.
248 475 284 488 -
300 447 435 516 emitque
459 447 497 501 od
519 462 579 502 eum
602 448 755 504 Dominus:
781 448 925 515 ingredere
977 453 1100 514 exercet,
1125 447 1290 518 signilieat;
1310 447 1372 516 ipsa
1389 445 1466 501 enim
1485 445 1522 501 ob
1541 445 1636 503 decem
1658 446 1827 519 principalia

76 541 115 603 tu,
134 541 160 590 et
182 537 271 590 omnis
294 535 388 591 domur
415 539 505 591 lucin
525 551 637 604 ercum3
660 543 684 592 te
706 538 776 591 enirn
797 537 857 592 cidi
873 539 923 606 ju·
978 536 1115 591 mandata
1135 536 1292 607 Decalogns
1310 534 1482 606 appellatur.
1504 534 1569 590 Post
1588 535 1752 606 praelibatas
1770 536 1825 592 ita·

75 628 148 677 ntum
163 639 253 678 eornm
275 627 360 679 mein
384 629 556 691 generatione
575 627 634 680 icc.
653 626 809 697 Postquam
834 624 924 683 multo
978 640 1036 695 que
1056 624 1197 682 virtutum
1216 626 1354 691 dationes,
1376 625 1471 680 adbuc
1494 638 1524 679 se
1544 624 1619 681 Deus
1638 633 1701 695 post
1720 632 1826 696 sepiem

75 711 182 767 sudore
196 711 365 768 thesaurum
379 712 574 774 nlicdcrimus.
588 715 673 786 juxta
694 715 763 771 illud
789 715 852 776 iob.
877 729 924 771 se·
979 714 1090 780 dissid
1112 721 1154 770 est
1180 722 1242 785 post
1269 716 1464 785 spiritualium
1494 714 1700 789 plenitudinem
1717 713 1827 786 gratia·

76 799 211 870 pulcrum
231 815 284 856 nos
299 800 428 857 invenire
452 803 612 873 gaudemus
636 803 702 872 (Job
721 819 761 867 nr,
774 804 832 873 ti),
854 803 925 874 quia
979 816 1056 869 rum,
1076 803 1272 874 quadraginta
1286 806 1388 863 diebus
1412 815 1441 863 et
1465 807 1597 864 noctibus
1609 803 1730 874 spondet
1755 802 1829 874 plui·

75 903 143 944 eum
168 904 288 959 corpora
310 890 475 947 omnimodo
494 892 636 948 cruciatui
652 892 689 949 ob
710 893 760 949 Dei
774 893 925 950 servitium
979 899 1079 947 turum
1104 906 1192 962 super
1206 900 1322 960 terram,
1348 894 1376 948 in
1394 894 1447 951 bae
1471 896 1578 952 seilicet
1600 894 1670 960 vite,
1699 889 1828 961 quatiet

73 978 304 1047 exposuerimus.
326 979 365 1035 nil
387 981 481 1050 majus
503 994 520 1035 a
544 980 601 1036 ileo
625 981 656 1036 ln
670 981 725 1037 boc
751 981 855 1039 seculo
873 998 925 1039 nos
981 981 1129 1050 prroceptis
1156 980 1289 1038 obeditur
1310 984 1382 1040 inter
1405 984 1526 1041 adversa
1544 992 1571 1039 et
1596 994 1741 1053 prospera,
1761 992 1829 1050 qum

76 1065 206 1122 obtinere
221 1081 302 1136 posse
317 1075 454 1138 putamus
469 1083 559 1140 quam
578 1076 611 1126 ut
625 1070 660 1126 ad
680 1070 809 1142 aliquam
823 1072 927 1128 mentis
980 1068 1080 1126 diebus
1094 1084 1128 1126 ac
1154 1070 1284 1127 noctibus
1309 1072 1483 1142 ligurantur,
1505 1073 1592 1128 nostri
1608 1069 1733 1127 carnalis
1755 1067 1828 1124 alie-

75 1152 559 1227 impassibilitatempertingamus,
578 1166 609 1214 ut
631 1158 737 1215 scilicet
765 1174 831 1230 quse
850 1159 927 1216 Deus
980 1165 1044 1214 elus
1058 1158 1158 1214 divina
1172 1159 1315 1216 inlusione
1330 1175 1359 1216 se
1383 1161 1561 1217 molliturum
1584 1158 1720 1215 duritiam
1733 1172 1741 1226 ;
1756 1162 1784 1213 el
1798 1155 1828 1211 iu

77 1242 139 1298 lieri
156 1243 249 1314 jubet,
266 1259 333 1300 cum
346 1245 568 1314 expleverimus,
584 1247 783 1316 intralmentis
797 1248 926 1318 requiem
980 1246 1040 1315 ipsa
1073 1247 1146 1303 delet
1175 1261 1289 1304 omnem
1322 1250 1525 1316 substantiam,
1559 1261 1649 1319 quam
1684 1245 1760 1308 lecit,
1794 1242 1829 1299 de

76 1345 94 1387 a
122 1331 226 1387 lorensi
252 1346 349 1403 pugna
377 1333 457 1389 liberi
482 1348 547 1390 cum
571 1336 648 1391 omni
671 1343 769 1392 nostro
783 1336 926 1406 spirituaii
980 1335 1132 1405 superlicie
1151 1342 1246 1405 terne,
1262 1337 1330 1393 dum
1344 1338 1447 1394 animae
1462 1337 1637 1393 voluntatem
1662 1331 1830 1391 ramalibus

76 1420 190 1490 peculio
220 1421 441 1478 abscondamur.
476 1423 509 1479 ln
539 1423 592 1480 bae
622 1425 700 1481 enim
730 1425 927 1495 spiritualium
981 1424 1136 1491 desideriis,
1166 1426 1250 1496 quasi
1277 1426 1451 1495 quibusdam
1475 1425 1670 1482 accidentibus
1690 1422 1829 1479 substan-

77 1509 263 1579 generatione
290 1509 426 1580 liliorum,
453 1518 552 1582 quaet
575 1513 724 1570 mulierem
752 1514 856 1570 salvari
883 1514 927 1569 dl·
982 1520 1048 1580 mm,
1066 1512 1094 1568 in
1108 1521 1251 1584 quantum
1270 1513 1370 1582 iluida,
1385 1522 1413 1570 et
1436 1514 1536 1571 talium
1550 1526 1642 1584 capax
1657 1518 1709 1578 est,
1728 1509 1830 1577 eterit

77 1595 283 1666 citltpostolus
307 1601 412 1665 (lTim.
430 1615 458 1662 n,
481 1601 534 1668 ti),
556 1615 612 1657 non
633 1601 694 1658 sola
717 1601 844 1673 corporis
863 1617 927 1658 ma·
983 1603 1069 1668 terra,
1102 1614 1119 1656 a
1145 1601 1315 1673 cogitatione
1344 1600 1477 1658 videlicet
1508 1601 1611 1657 mentis
1641 1599 1701 1670 jam
1733 1593 1830 1652 solidae

76 1685 222 1742 ceratinae
235 1686 322 1754 videt,
347 1688 433 1745 idest
458 1689 598 1759 approbat
620 1690 696 1746 Deus
717 1690 859 1762 justitiam
875 1705 926 1748 uo·
947 1655 1123 1745 ”obliterat
1148 1690 1228 1746 Hanc
1242 1698 1338 1747 autem
1356 1689 1546 1746 substantiam
1571 1686 1647 1756 lecit,
1671 1682 1830 1758 quiamalo

75 1779 178 1829 stram.
983 1784 1079 1833 nostro
1094 1777 1194 1834 merito
1212 1778 1272 1835 lieri
1288 1777 1426 1849 permisit.
1679 1774 1682 1779 ’

113 1859 199 1916 Vsus.
215 1864 243 1915 2.
261 1891 291 1903 -
312 1865 357 1919 lic
379 1866 503 1920 omnibus
521 1866 710 1921 animantibus
734 1866 843 1922 mundis
867 1869 928 1924 tolle
1018 1866 1104 1923 Vsus.
1129 1871 1155 1935 5,
1177 1870 1203 1933 b,
1218 1872 1243 1921 7.
1262 1897 1293 1908 -
1316 1869 1390 1922 Fecit
1404 1882 1466 1935 erqo
1489 1868 1543 1922 Noe
1556 1866 1649 1921 eminio
1667 1873 1831 1933 quascunque

76 1953 188 2018 neptunu
210 1955 236 2004 el
262 1956 380 2020 septeno,
408 1956 558 2008 masculum
581 1960 606 2009 et
629 1957 776 2023 seminium
807 1956 840 2010 de
866 1961 927 2012 uni·
982 1954 1200 2010 murrduneratei
1214 1957 1292 2010 Deua.
1310 1955 1465 2026 Postquam
1491 1967 1615 2026 praesens
1639 1950 1777 2008 saeculum
1792 1947 1832 2003 ita

76 2037 217 2092 montibus
237 2053 299 2092 nero
313 2041 570 2109 connominatur
593 2047 619 2098 et
642 2042 705 2110 duo,
729 2045 879 2099 musculum
903 2049 929 2100 et
984 2043 1107 2111 viluerit,
1142 2052 1174 2099 ut
1206 2045 1276 2099 sicut
1296 2044 1409 2099 tenebra
1433 2045 1503 2112 ejus,
1533 2047 1576 2099 itu
1607 2045 1633 2096 et
1663 2042 1752 2096 lumen
1772 2034 1832 2108 ejus

77 2127 219 2190 seminem.
246 2126 367 2196 septena
383 2135 411 2185 et
430 2137 547 2199 septena
563 2131 780 2200 quatuordeeim
795 2132 927 2202 iaciunt;
982 2133 1220 2202 (Psui.exxxv1u,
1254 2134 1297 2201 tt)
1329 2132 1377 2197 sit,
1398 2139 1468 2188 tunc
1487 2131 1545 2187 Noe
1569 2135 1665 2185 noster
1684 2127 1767 2198 plene
1784 2132 1831 2182 at-

78 2219 185 2282 septem
206 2222 302 2271 numm
330 2230 381 2286 pro
400 2217 543 2288 spirituali
571 2219 674 2290 gratia.
704 2227 755 2276 aut
781 2235 833 2290 pro
860 2227 926 2288 toto,
982 2220 1093 2290 tingere
1117 2219 1217 2290 incipit
1245 2234 1311 2290 quae
1337 2219 1413 2276 Deus
1444 2217 1610 2287 mandavit3
1637 2215 1831 2287 quadraginta

81 2301 210 2359 interiori
247 2303 409 2362 scillcet-et
439 2307 584 2373 exteriori,
611 2308 726 2364 bomine
750 2309 816 2378 poni
840 2309 928 2376 solet;
982 2307 1059 2363 enim
1080 2307 1182 2364 diebus
1198 2316 1226 2374 et
1248 2308 1381 2365 noctibus
1396 2307 1478 2378 pluit,
1502 2309 1624 2375 Eratque
1647 2310 1832 2360 eremitarum

79 2402 166 2460 opera
184 2404 254 2463 ergo
268 2400 366 2450 nostra
380 2394 495 2451 subdito
518 2410 646 2467 corpore,
670 2404 697 2453 et
720 2397 816 2453 anima
831 2398 929 2454 divino
983 2410 1125 2462 annorum,
1153 2397 1262 2465 qnando
1285 2397 1386 2452 diluuii
1418 2411 1497 2466 aqua
1523 2394 1726 2450 intenderes-unt
1750 2406 1832 2462 super

79 2477 197 2546 spiritui
219 2492 270 2548 per
293 2481 425 2553 Deealogi
440 2482 665 2551 observantiam,
693 2485 859 2557 evangelica
887 2493 929 2542 at·
984 2489 1094 2540 terrum,
1110 2484 1373 2542 Concinitstatibus
1386 2485 1491 2541 nostris
1513 2497 1595 2539 saera
1610 2482 1738 2554 historia,
1761 2480 1831 2536 dum

80 2568 200 2639 tingunt
215 2567 338 2640 lastigie,
355 2577 383 2626 et
398 2571 535 2628 animalia
550 2572 624 2629 fiunt
636 2573 755 2639 munda,
770 2575 818 2631 sed
835 2581 928 2630 tamen
984 2587 1057 2643 quos
1073 2575 1262 2630 tentationum
1277 2581 1365 2631 aestus
1388 2581 1450 2644 post
1472 2572 1645 2644 quingentos
1669 2583 1761 2626 annos
1773 2567 1832 2625 Noe

81 2670 196 2714 neeesse
217 2663 260 2713 est
288 2665 319 2715 ut
342 2658 399 2714 sint
419 2661 565 2717 masculus
579 2668 607 2717 et
636 2661 751 2731 demina,
775 2670 928 2733 quatenus,
984 2661 1037 2718 iste
1056 2676 1158 2733 passus
1182 2663 1218 2718 sit
1233 2669 1395 2731 enumerat,
1417 2669 1445 2718 et
1469 2661 1578 2732 quibus
1597 2657 1726 2716 lloruerit
1749 2656 1833 2714 bonis

80 2745 110 2802 in
124 2752 269 2816 quantum
297 2746 456 2803 animantia
484 2755 512 2805 et
540 2749 684 2807 lerninine
714 2750 840 2807 mollitiei
863 2758 931 2807 sunt
981 2752 1041 2821 jam
1058 2751 1227 2807 nonminus
1242 2749 1398 2807 introrsum
1423 2764 1512 2821 quarn
1528 2749 1642 2805 videtur
1653 2747 1833 2804 extrinsecus

81 2833 118 2889 ad
147 2833 300 2890 ambienda
321 2837 497 2907 temporalia,
522 2838 596 2896 adsit
627 2846 730 2910 praesto
749 2840 832 2910 quasi
848 2853 930 2910 quae-
985 2839 1097 2911 integra
1122 2838 1223 2910 requie
1250 2839 1403 2909 perlectus,
1422 2839 1501 2909 quod
1520 2836 1663 2909 signilieat
1683 2840 1833 2892 serdente·

80 2922 147 2979 dam
173 2923 295 2980 rationis
313 2925 477 2994 auotoritas,
504 2941 571 2997 qum
596 2927 735 2998 reprimat
759 2926 929 2984 masculina.
949 2927 1075 3009 csimus
1104 2934 1200 2997 nctat3
1233 2925 1285 2983 etsi
1312 2926 1389 2983 enim
1421 2924 1598 2998 quiescimus
1628 2921 1786 2995 aliquando
1815 2935 1833 2977 a

82 3010 162 3067 Bona
180 3010 392 3084 itaquenostra
418 3014 547 3084 quolibet
576 3015 659 3071 modo
682 3024 755 3084 acta,
782 3016 832 3072 vix
858 3017 929 3073 inte·
986 3030 1184 3088 pravoopere,
1211 3015 1286 3072 bella
1313 3020 1474 3073 tamenn
1496 3013 1598 3086 gravia
1624 3011 1780 3070 toleramus
1802 3009 1832 3066 iu

82 3113 136 3170 gra
166 3099 291 3169 puritate
315 3100 425 3170 nitent;
449 3109 477 3158 et
498 3102 570 3172 quid
593 3103 711 3171 mirum,
732 3103 754 3159 si
782 3103 931 3160 immunda
984 3104 1166 3174 mente3sed
1195 3103 1337 3174 perlectus
1368 3102 1420 3174 oui
1452 3101 1575 3168 senario,
1608 3107 1635 3156 et
1668 3097 1833 3156 cenmnario

82 3187 243 3243 animantia
257 3188 349 3246 multo
365 3189 457 3261 magis
469 3190 522 3247 hoc
534 3190 655 3247 masculi
671 3191 812 3262 regimine
825 3192 929 3262 egenti
984 3193 1053 3250 satis
1076 3192 1219 3248 astruitur
1233 3192 1336 3262 plenus
1353 3191 1507 3254 virtutum,
1524 3203 1590 3260 qum
1613 3201 1756 3244 annorum
1775 3185 1832 3243 col·

82 3289 150 3346 quae
165 3276 223 3333 duo
237 3283 316 3343 suut,
332 3278 482 3349 quiaque
504 3279 533 3334 in
550 3279 603 3336 boc
620 3280 730 3336 mundo
743 3280 878 3350 cupimus
894 3281 930 3336 ab
985 3281 1105 3338 lectione
1120 3286 1336 3348 monstrantur;
1352 3278 1455 3335 diluvii
1471 3277 1635 3334 illustratur
1653 3275 1748 3347 aquis,
1763 3274 1835 3346 quia

83 3365 195 3421 unitate
208 3364 268 3434 Dei,
299 3373 327 3422 et
342 3366 493 3424 bominum
517 3381 569 3424 nos
590 3367 733 3430 dividunt.
759 3377 810 3426 aut
832 3370 889 3426 duo
904 3376 932 3426 et
985 3370 1015 3423 in
1037 3368 1196 3423 mobnolam
1221 3370 1344 3422 unimam
1370 3383 1424 3421 nort
1451 3366 1577 3421 introibit
1604 3365 1760 3435 supientio3
1786 3377 1834 3418 nec

83 3452 151 3517 duo,
172 3452 200 3509 id
217 3460 260 3510 est
278 3463 415 3526 quatuor,
437 3456 507 3526 quia
529 3457 729 3526 temporalium
749 3471 846 3514 amore
861 3457 932 3514 desi·
984 3456 1093 3512 dubitat
1120 3458 1149 3510 in
1173 3470 1284 3527 comere
1312 3455 1421 3510 subdito
1438 3456 1556 3525 peccetis
1582 3454 1658 3522 (sup.
1683 3467 1703 3519 t,
1724 3451 1750 3520 t)
1762 3467 1771 3521 ;
1794 3451 1835 3507 ait

84 3541 164 3598 deria
187 3549 285 3600 nostra
307 3543 436 3600 earnalia
470 3545 629 3601 animantia
658 3560 714 3602 non
745 3546 856 3603 munda
881 3547 932 3603 de·
984 3544 1082 3602 enirn:
1112 3544 1277 3615 concupisti
1303 3544 1473 3615 sapientiam
1498 3543 1591 3613 (Ereti.
1616 3556 1634 3609 ι,
1656 3539 1710 3606 33),
1739 3539 1836 3595 idest

85 3629 191 3697 buum,
222 3631 277 3687 nisi
292 3645 327 3687 ea
349 3632 384 3688 ad
402 3632 506 3689 lineam
522 3634 682 3701 munditiae,
710 3634 815 3692 scilieet
840 3636 931 3692 Deum
985 3632 1233 3702 contemplationis
1273 3631 1495 3688 excellentiam?
1542 3630 1631 3686 &rra
1675 3627 1834 3696 mandata3

84 3717 281 3789 intelligentiae
293 3719 376 3776 irena
386 3720 546 3777 relleetunt.
986 3719 1077 3777 bestia
1088 3733 1215 3790 namque
1229 3727 1350 3791 tangens
1364 3726 1489 3776 montem
1501 3718 1585 3775 obrui
1598 3717 1718 3788 jubetur
1732 3713 1833 3786 (licei.

119 3805 208 3863 Vnns.
222 3809 248 3862 3.
278 3809 381 3864 -Sed
397 3814 424 3863 el
451 3811 485 3864 de
508 3810 666 3866 subtilibus
691 3814 756 3866 coeii
775 3818 885 3881 septeno
908 3818 933 3867 et
986 3823 1045 3869 xix.
1066 3808 1127 3878 li);
1149 3817 1182 3865 ut
1206 3823 1276 3880 ergo
1298 3808 1475 3878 J'ustillcetur
1502 3806 1598 3863 adbuc
1627 3805 1734 3876 iustus,
1758 3815 1837 3874 aqua

83 3900 205 3964 septena,
229 3897 378 3951 musculum
415 3902 441 3952 et
467 3899 604 3968 seminem.
635 3904 667 3954 ut
693 3901 815 3956 soluetur
845 3917 932 3956 semen
986 3898 1152 3955 inlunditur
1171 3896 1360 3965 lustrationis,
1387 3903 1419 3953 ut
1446 3895 1632 3967 aliquatenus
1654 3891 1835 3950 altitudinem

82 3985 279 4053 mpnsnoem
303 3988 436 4042 comesa
460 3991 546 4042 terra.
577 3987 604 4044 st
635 4002 685 4058 per
707 3990 868 4046 animantia
882 4004 932 4046 nc·
985 3985 1091 4042 divina
1115 3986 1238 4057 attingat
1265 3984 1393 4050 visionis,
1423 3992 1450 4040 et
1475 3983 1605 4040 subsidat
1628 3980 1742 4053 spiritui
1760 3987 1836 4038 terra

82 4071 172 4127 tuaiis
196 4071 263 4128 vitm
292 4072 377 4139 bona,
406 4087 456 4144 per
471 4074 621 4130 immunda
641 4088 707 4132 vero
723 4084 816 4134 motus
831 4076 930 4146 illiciti,
987 4074 1113 4131 carnalis
1143 4073 1311 4131 affectionis.
1349 4077 1385 4130 iit
1414 4076 1552 4142 telmessus
1583 4077 1623 4127 ert
1650 4072 1714 4136 Noe,
1737 4074 1763 4125 et
1784 4069 1837 4138 diii

82 4159 132 4215 sed
156 4159 312 4217 salubriter
337 4161 448 4218 ratione
466 4162 605 4233 correcti;
637 4177 687 4233 per
714 4164 842 4221 volatilia
869 4166 930 4222 coeli
985 4165 1056 4232 ejus,
1079 4179 1151 4218 naor
1178 4163 1247 4232 ejus,
1271 4167 1296 4217 et
1321 4178 1420 4218 scores
1447 4161 1569 4229 fitiorum
1593 4160 1652 4229 eius
1677 4174 1737 4214 eunt
1754 4173 1785 4212 eo
1806 4159 1837 4210 in

83 4260 142 4303 non
158 4247 316 4320 incongrue
343 4250 564 4320 mntemplativa
588 4251 723 4322 signatur
739 4253 931 4323 excellentia;
953 4248 1080 4307 Dareum
1104 4257 1216 4321 propter
1234 4266 1321 4319 equos
1348 4251 1455 4306 delnoti.
1478 4249 1504 4306 Si
1534 4248 1616 4314 lilius,
1642 4246 1670 4303 id
1696 4253 1738 4303 ⁰⁸⁸
1760 4245 1837 4303 ll⁰l¹⁸

83 4350 152 4406 quae
173 4349 224 4405 per
248 4336 371 4406 gratiam
384 4338 479 4395 evicta
502 4341 630 4408 corporis
658 4339 777 4396 lascivia
801 4343 858 4399 Deo
883 4342 931 4399 de·
986 4353 1073 4410 opera
1092 4352 1287 4409 procreamus,
1316 4339 1474 4395 videndum
1491 4337 1573 4394 nobis
1600 4343 1643 4392 est
1671 4343 1703 4392 ut
1730 4346 1836 4391 uxores

84 4423 230 4494 gustando
254 4423 379 4481 libratur
404 4438 492 4494 super
514 4425 631 4481 retbere.
662 4431 696 4482 llt
718 4442 778 4498 qua
796 4429 831 4485 de
845 4443 933 4485 causa
988 4429 1154 4495 babeamus,
1172 4427 1258 4484 idest
1282 4428 1430 4484 voluntate
1443 4428 1514 4484 bene
1529 4425 1632 4498 agendi
1655 4439 1724 4481 nouv
1737 4432 1836 4480 carea-

85 4512 147 4567 baec
161 4511 347 4568 intellectuali
360 4512 485 4569 dominio
509 4514 727 4584 submittantur,
756 4517 882 4586 additur,
903 4525 934 4574 ut
987 4530 1197 4585 muscarum
1224 4517 1349 4573 multum
1364 4515 1612 4576 seminaverimus.
1638 4525 1741 4583 parum
1761 4509 1836 4568 inie-

83 4601 206 4655 selnetur
222 4613 310 4655 tenen
330 4614 416 4672 anper
442 4602 542 4668 siecum
563 4604 650 4657 omnis
671 4608 758 4670 terra,
784 4605 854 4675 quia
878 4605 931 4661 nisi
987 4618 1096 4670 ramus,
1114 4605 1167 4660 boc
1181 4611 1223 4660 est
1236 4617 1303 4660 cum
1318 4618 1369 4674 pru
1391 4605 1448 4660 Deo
1475 4602 1633 4674 plurimum
1658 4600 1836 4658 laboraveri-

84 4687 132 4744 ille
155 4688 275 4758 imperet
289 4688 434 4750 voluntas.
460 4703 527 4760 quae
541 4704 638 4746 semen
658 4698 686 4747 et
703 4691 932 4763 origuestboni
987 4706 1063 4759 mus,
1089 4706 1193 4763 parum
1224 4693 1362 4750 mercedis
1391 4693 1583 4752 obtineamus.
1609 4689 1679 4761 quia
1712 4701 1770 4746 nou
1798 4700 1836 4744 ex

82 4776 186 4846 operis,
218 4775 292 4832 illico
315 4776 465 4847 deperiens
483 4777 598 4834 nullum
623 4777 797 4848 pnbabilem
826 4780 934 4850 prolert
987 4794 1094 4848 amore,
1110 4782 1158 4838 sed
1173 4781 1316 4838 serviliter
1329 4782 1456 4839 timendo
1475 4781 1503 4838 id
1522 4780 1644 4852 egimus.
1666 4778 1701 4834 lit
1714 4777 1836 4834 volendo

83 4864 253 4923 irnctumin
267 4864 418 4935 superlicio
447 4873 539 4932 terrae,
558 4865 585 4922 id
601 4873 644 4923 est
666 4867 818 4925 exterioris
837 4868 933 4926 borni·
986 4882 1056 4940 ergo
1083 4878 1242 4940 operantes,
1268 4879 1296 4928 et
1324 4871 1470 4941 operando
1502 4867 1630 4925 volentes
1658 4866 1736 4924 intra
1763 4879 1836 4922 oon-

83 4954 148 5023 nis;
167 4951 364 5023 seminisergo
377 4952 456 5009 salus
469 4966 506 5010 ex
523 4953 643 5024 imperio
657 4955 786 5013 rationis.
987 4957 1136 5015 scientiam
1147 4974 1198 5016 nos
1213 4967 1352 5030 tegamus,
1365 4958 1415 5015 ubi
1430 4957 1579 5027 astrepitu
1595 4954 1690 5012 inutili
1705 4954 1835 5026 quiesea-

118 5041 249 5101 Vmsl.
266 5071 300 5081 -
324 5041 421 5097 Adire
446 5045 518 5096 enim
543 5047 570 5096 et
592 5047 653 5113 post
673 5043 731 5098 dies
759 5049 860 5114 septem
887 5061 933 5114 eqo
988 5060 1064 5112 mus,
1080 5047 1207 5118 elaquis
1226 5046 1374 5118 sapientiae
1399 5053 1541 5117 potemus,
1558 5044 1667 5116 quibus
1684 5050 1713 5099 et
1737 5041 1836 5098 dilua-

82 5132 178 5203 piaonr
196 5145 281 5200 super
302 5135 402 5186 unum
427 5131 614 5201 quadreqinio
640 5131 735 5186 dnum
758 5137 785 5188 et
811 5134 933 5203 quadru-
987 5149 1064 5194 mur.

84 5223 162 5289 pinta
187 5220 323 5284 noctibas,
349 5224 376 5274 et
398 5220 488 5276 delebo
509 5235 613 5275 omium
637 5221 818 5278 substantium
852 5239 934 5292 quum
1023 5223 1110 5280 Vnus.
1127 5227 1153 5292 8,
1169 5227 1195 5292 b,
1225 5227 1266 5279 tu.
1282 5252 1319 5266 -
1332 5226 1369 5279 lle
1389 5222 1574 5277 animantibus
1597 5233 1704 5290 qnoque
1724 5216 1835 5274 mandit

85 5310 139 5376 seen·
162 5324 181 5362 ιι
194 5309 270 5373 {urie
291 5312 379 5362 terre.
407 5308 591 5379 septenarius
612 5322 663 5378 pro
690 5309 868 5379 plenitudine
884 5325 934 5367 no-
964 5317 1013 5368 ·et
1027 5314 1186 5378 immtmdis,
1211 5317 1238 5366 et
1263 5313 1297 5369 dr
1321 5311 1474 5366 colonibus
1501 5315 1527 5365 et
1546 5325 1581 5364 ea
1602 5309 1676 5364 omni
1691 5305 1836 5376 quodmo-

86 5396 211 5468 cipitnr3
229 5393 489 5466 quadragenarius,
507 5393 767 5468 qniaexquntucr
784 5406 812 5456 et
837 5399 933 5456 decem
987 5405 1160 5473 uetnrsuper
1172 5405 1284 5470 terrem
1302 5399 1367 5468 duo,
1386 5404 1412 5454 et
1437 5393 1756 5463 duninqrenceuntnd
1780 5394 1836 5451 live

86 5482 249 5552 conficitur,
279 5482 463 5553 temporalem
486 5496 654 5553 excursum,
679 5485 730 5557 qui
746 5493 872 5557 quatuor
890 5487 934 5544 di·
988 5491 1018 5544 in
1032 5504 1134 5557 areum,
1154 5491 1291 5545 mmeulnr
1310 5494 1336 5545 et
1353 5490 1468 5555 semina,
1492 5488 1563 5543 sicut
1586 5485 1750 5555 maeepnm
1774 5480 1836 5538 De·
