3818 6008
95 252 148 305 933
627 252 672 306 be
692 253 771 308 VITA
796 253 864 307 SUA
884 251 979 310 ttBttt
998 252 1097 309 TRES.
1118 282 1152 292 -
1174 253 1240 309 tra.
1261 253 1310 310 tlt.
1792 262 1845 317 934

93 380 313 437 adorninornm
336 381 402 452 jure
426 395 455 436 se
478 381 665 438 subtrabunt.
688 404 699 433 ι
725 381 816 450 Servi,
846 380 940 454 inquit
957 381 1109 453 respondit
1123 398 1153 440 se
1178 397 1237 440 non
1264 398 1355 454 posse.
1383 384 1441 453 Sta,
1472 385 1577 457 inquit,
1600 402 1654 460 ego
1680 388 1782 446 laeiam
1811 400 1844 449 ut

93 470 248 539 apostolus,
277 469 386 525 subditi
418 477 507 526 estote
535 470 564 525 in
592 470 670 526 omni
697 470 799 527 timore
818 471 941 528 dominis
993 484 1069 542 aegre
1101 485 1245 543 properes.
1260 473 1404 544 Equoque
1424 473 1568 544 desiliens,
1583 475 1715 546 gladioei
1732 486 1844 537 utrum-

92 560 120 628 (1
134 559 211 612 Pelr.
225 571 277 625 xri,
288 560 341 624 l8).
359 580 374 607 »
387 558 423 614 iit
436 572 472 615 ne
485 558 563 615 servi
575 567 732 616 causentur
742 559 880 617 duritiem
895 559 941 618 rel
993 573 1051 629 qne
1065 560 1186 617 succidit
1206 561 1317 632 pedem,
1344 563 1462 619 undeet
1477 571 1620 625 ¹mortuus
1643 573 1696 623 est.
1722 567 1843 625 Frustra

91 647 246 703 avaritiam
274 646 468 713 dominorum,
493 646 589 703 adhrm
623 648 763 703 audiant:
781 669 796 697 «
823 648 856 704 Et
882 661 940 706 non
992 656 1145 704 contexam
1160 649 1328 719 hujusmodi
1355 659 1455 721 pestes,
1471 666 1539 709 cnm
1559 653 1631 711 alias
1653 668 1705 711 nos
1727 664 1843 715 manect

91 743 206 793 mntem
221 736 304 793 bonis
330 743 358 792 et
381 736 526 803 modestis,
553 736 601 792 sed
623 744 652 793 et
671 736 785 793 discolis
805 736 906 806 (serm.
925 759 936 788 ι
993 749 1051 791 non
1067 736 1162 794 minor
1174 737 1284 794 occasio
1297 738 1449 795 relerendi.
1465 739 1506 795 hd
1522 754 1582 797 reni
1598 741 1723 801 veniam.

91 824 179 882 Plane
192 826 223 882 in
247 823 421 882 authenticis
434 824 596 880 canonibus
618 826 795 882 damnantur
820 826 940 883 anathe-
1028 824 1173 896 Puqenres
1194 842 1245 881 reu
1267 826 1371 882 mutiet
1389 828 1489 883 urbem
1515 829 1738 887 hanaucensem
1765 831 1840 889 diri-

91 918 177 982 mato,
193 913 245 985 qni
259 927 357 970 servos
385 912 510 969 dominis
523 913 669 984 religionis
683 926 774 970 causa
788 914 941 972 docuerint
989 911 1084 982 pient.
1099 944 1133 954 -
1148 915 1212 986 lpse
1224 914 1342 972 Gerardi
1369 917 1562 975 interlectores
1575 918 1627 976 diu
1648 920 1703 977 suh
1723 935 1840 979 excom·

90 1000 246 1071 inobedire,
272 1010 324 1059 aut
350 1001 454 1073 quovis
488 1000 697 1073 subterfugere,
731 1002 837 1059 nedum
865 995 940 1059 resi-
993 1002 1331 1070 municationeretinuit,
1347 1006 1398 1062 diu
1418 1006 1497 1075 levit,
1522 1009 1664 1065 neminem
1694 1025 1751 1067 non
1776 1026 1841 1070 sce-

89 1098 163 1148 stere
179 1091 297 1162 (concil.
323 1093 417 1163 Gnnq.
441 1104 508 1147 ean.
534 1091 571 1162 3).
589 1091 669 1148 llnde
694 1098 722 1148 et
748 1091 821 1149 illud
849 1106 940 1165 argu·
992 1089 1197 1148 leratissimnm
1224 1092 1321 1161 coluit,
1342 1094 1388 1150 eui
1414 1093 1485 1151 illud
1510 1094 1718 1155 Sallustianum
1746 1100 1841 1169 potius

90 1186 253 1248 mentoest,
270 1179 347 1250 qnod
363 1179 510 1249 nequead
530 1179 647 1246 elerum,
668 1194 764 1251 nsque
784 1181 820 1237 ad
843 1194 940 1238 sacrm
992 1191 1081 1249 qnam
1106 1177 1234 1236 Catilinae
1257 1182 1402 1253 congruit.
1427 1182 1501 1250 Quia
1523 1185 1614 1257 gratis
1636 1188 1730 1244 malus
1752 1196 1841 1261 atque

89 1268 215 1334 ordines,
243 1282 302 1324 non
336 1267 371 1324 ad
399 1268 602 1325 monachatum
631 1269 775 1339 quispiam
790 1269 938 1341 recipitur,
991 1267 1117 1325 crudelis
1133 1277 1205 1325 erat.
1229 1268 1272 1324 hd
1296 1269 1375 1327 hunc
1392 1284 1461 1343 ergo
1485 1286 1536 1344 pro
1563 1274 1680 1331 cumulo
1697 1275 1840 1337 malorum

88 1356 145 1413 nisi
161 1355 212 1428 qui
227 1369 327 1412 exsors
338 1370 356 1411 a
368 1356 483 1411 servitio
508 1356 664 1427 habeatur3
681 1365 812 1427 receptus
828 1365 939 1429 autem,
991 1356 1148 1428 dirigentes
1165 1364 1194 1414 et
1213 1364 1245 1415 ut
1259 1357 1295 1414 ad
1311 1372 1341 1415 se
1367 1360 1488 1427 veniret,
1504 1374 1593 1431 seque
1615 1371 1716 1420 contra
1744 1379 1841 1438 regem

88 1444 261 1515 neutiquam
286 1452 387 1500 contra
405 1443 554 1515 exigentes
581 1445 712 1502 dominos
741 1448 938 1505 terraturiis
991 1452 1121 1503 tueretur
1142 1454 1267 1514 orantes,
1291 1445 1408 1503 tandem
1424 1447 1584 1504 venientem
1614 1449 1643 1505 in
1669 1451 1742 1508 urbe
1765 1452 1839 1509 reci-

87 1546 149 1604 qua
163 1548 194 1589 re
208 1533 295 1590 etiarn
310 1533 456 1591 multoties
485 1534 514 1590 in
528 1534 608 1606 regia
629 1535 711 1591 curia
733 1535 849 1606 sepius,
866 1537 938 1594 alias
992 1532 1086 1603 piunt.
1101 1532 1173 1590 Cum
1193 1532 1242 1588 ille
1257 1532 1364 1589 auditis
1373 1547 1473 1589 eornm
1503 1533 1637 1604 precibus
1650 1535 1841 1594 consuluisset

87 1621 118 1677 in
133 1621 254 1679 dirersis
268 1622 458 1679 conventibus
485 1621 654 1693 disputavit.
673 1623 739 1680 liceo
761 1637 813 1695 per
826 1639 937 1696 praeoe-
990 1633 1069 1690 suos,
1085 1621 1156 1691 quid
1175 1621 1229 1677 sibi
1258 1621 1331 1678 laeto
1346 1636 1420 1692 opus
1437 1630 1518 1687 esset,
1535 1622 1746 1692 responderunt
1766 1638 1839 1681 una·

86 1711 273 1780 cupatienem
284 1710 423 1779 diximus,
436 1711 497 1782 jam
514 1725 593 1768 nunc
615 1713 780 1784 retrograde
803 1713 839 1768 ad
858 1711 935 1770 ordi·
992 1709 1083 1766 nimes
1113 1709 1143 1767 in
1172 1717 1251 1766 tanta
1276 1710 1432 1767 retentione
1459 1709 1541 1767 urbis
1566 1724 1634 1767 suas
1657 1710 1712 1767 sibi
1739 1721 1840 1770 contra

84 1810 154 1854 nem
166 1799 327 1857 redeamus.
991 1811 1086 1869 regem
1099 1813 1156 1855 non
1179 1797 1311 1855 sulllcere
1334 1799 1410 1855 vires
1432 1798 1525 1870 (quod
1552 1797 1704 1856 oraculum
1730 1799 1840 1859 insanis

989 1885 1838 2048 siluisset},clusensitttttu

124 2067 237 2121 Thema
250 2063 465 2121 codiciasensis
482 2064 681 2138 yrmenricum
700 2081 737 2120 ee
749 2065 857 2122 rubida
869 2082 936 2122 mu·
992 2062 1064 2119 inibi
1088 2071 1250 2121 retecturus
1276 2062 1440 2132 consilinm.
1465 2062 1577 2130 Quibus
1600 2063 1690 2121 lerme
1704 2063 1838 2124 milliario

83 2152 232 2209 delecter.
248 2154 438 2224 -Perpensa
452 2153 541 2226 igitur
559 2154 749 2211 scelestissimi
770 2156 846 2212 cives
870 2170 938 2227 per·
989 2150 1026 2207 ab
1055 2151 1126 2208 urbe
1148 2148 1285 2224 digressis
1312 2150 1406 2208 inlert.
1432 2151 1539 2208 Civitas
1562 2151 1622 2208 haec
1651 2166 1718 2210 curn
1751 2162 1838 2225 caput

84 2242 190 2313 petrati
203 2242 366 2313 quantitate
383 2242 518 2298 laeinoris
533 2255 649 2313 magno,
665 2242 822 2300 extabuere
846 2251 937 2314 metu,
989 2239 1072 2311 regni
1103 2239 1150 2305 sit,
1178 2254 1237 2297 non
1262 2247 1352 2311 potest
1383 2247 1485 2297 contra
1509 2254 1605 2313 regem
1629 2254 1708 2299 arne
1735 2243 1835 2301 teneri.

84 2332 201 2403 regium
218 2330 448 2403 pertimescentes
470 2329 624 2402 judicium,
639 2330 718 2387 unde
744 2331 796 2402 qni
820 2331 936 2388 medici·
988 2327 1110 2392 Quodsi
1128 2328 1208 2401 regia
1232 2343 1314 2386 arma
1340 2329 1491 2394 veremini,
1513 2329 1663 2387 interram
1679 2344 1772 2389 meam
1791 2346 1837 2389 me

86 2433 158 2477 nam
171 2433 302 2491 querere
313 2420 487 2485 debuerunt,
506 2432 558 2475 sno
571 2418 682 2475 vulnus
692 2419 807 2476 vulneri
823 2420 937 2478 addide-
988 2425 1150 2488 sequentes,
1178 2432 1223 2475 me
1237 2426 1358 2489 patrono
1373 2426 1402 2475 et
1415 2418 1509 2475 amico
1531 2419 1656 2475 utimini.
1676 2417 1739 2487 Quo
1757 2419 1837 2478 dictu

84 2515 166 2566 runt.
181 2510 237 2580 (Μ)
252 2509 389 2565 Thomam
412 2507 489 2564 enim
518 2507 734 2576 codiciasensis,
764 2516 797 2565 ut
819 2509 935 2578 dicitur,
988 2506 1264 2563 consternatissimos
1284 2506 1417 2565 reddidit.
1448 2507 1513 2563 llox
1537 2521 1606 2579 ergo
1628 2516 1707 2565 metu
1733 2522 1836 2580 perpe-

86 2595 190 2664 lilium,
208 2595 257 2652 eni
280 2602 342 2652 erat
372 2594 522 2652 castellum
547 2595 650 2652 hierna
677 2595 813 2666 (dimne),
840 2597 938 2668 praesi·
987 2595 1054 2651 trati
1082 2594 1217 2652 lacinoris
1238 2601 1374 2664 amentes,
1407 2602 1435 2652 et
1462 2609 1560 2667 regem
1585 2595 1647 2652 suis
1672 2596 1836 2654 cervicibus

84 2683 167 2741 dium
193 2683 231 2739 ad
264 2684 310 2740 sui
339 2691 440 2741 contra
472 2683 566 2754 regios
590 2683 714 2754 impetus
741 2684 935 2742 defensionem
988 2682 1138 2740 imminere
1163 2690 1307 2755 putantes,
1341 2683 1551 2741 innumerabile
1577 2698 1643 2740 cnm
1668 2699 1701 2741 eo
1729 2684 1836 2758 tulgus

84 2772 226 2828 accersire
254 2772 423 2843 disponunt.
461 2772 488 2827 ls
519 2770 556 2826 ab
595 2771 712 2828 ineunte
745 2771 934 2829 adolescentia
988 2772 1154 2844 aulugiunt.
1172 2773 1207 2828 Et
1230 2772 1432 2844 teudegaldus
1458 2771 1505 2829 ille
1520 2780 1684 2843 peremptor
1697 2773 1834 2844 epis'copi,

83 2861 198 2930 praedas
223 2860 258 2917 de
282 2861 471 2932 pauperibus,
485 2867 513 2917 et
527 2859 791 2931 hierosolymitanis
809 2861 935 2932 peregri·
987 2862 1039 2931 qui
1064 2861 1224 2929 lacunaria,
1253 2869 1281 2917 et
1306 2861 1429 2918 lornices
1455 2860 1582 2918 ecclesiae
1620 2862 1648 2915 Β.
1680 2860 1835 2932 vincentii,

83 2948 131 3006 nis
153 2949 271 3017 iaciens,
295 2955 324 3004 et
349 2949 518 3006 incestuosis
542 2949 733 3006 matrimoniis
760 2949 932 3017 coalescens,
952 2949 1211 3036 cclaustralesqne
1236 2963 1375 3017 recessus,
1412 2946 1550 3021 lugitiros
1584 2964 1658 3020 quos
1694 2949 1835 3008 occideret

83 3036 121 3092 ad
158 3035 417 3094 innumerabilium
448 3036 599 3093 hominum
632 3037 753 3094 exitium
777 3037 933 3107 plurimam
987 3036 1153 3108 querendo,
1168 3044 1266 3094 exerto
1282 3035 1377 3108 gladio
1392 3037 1563 3105 rimabatur,
1575 3038 1628 3109 qui
1643 3037 1835 3110 episcopalem

82 3128 161 3178 tm
184 3123 264 3180 visus
277 3129 319 3179 est
344 3123 472 3195 attigisse
487 3123 653 3194 potentiam.
668 3124 759 3194 Cujus
779 3124 934 3181 erudelitas
987 3125 1130 3183 annulum
1145 3125 1236 3197 digito
1246 3124 1410 3196 praeierens,
1439 3126 1632 3197 sepraesnlem
1660 3127 1830 3185 testabatur.

82 3212 189 3269 nostris
202 3212 288 3269 estin
304 3218 417 3269 tantum
429 3212 543 3269 saeculis
558 3212 690 3269 inaudita
713 3221 745 3270 nt
766 3211 859 3284 aliqui
881 3213 933 3284 qui
987 3214 1015 3269 ls
1047 3229 1114 3270 cum
1139 3214 1200 3271 suis
1226 3214 1415 3286 complicibus
1441 3230 1498 3271 non
1513 3229 1605 3272 ansus
1630 3215 1734 3274 urbem
1753 3230 1834 3288 repe·

82 3301 169 3358 etiarn
184 3300 315 3358 crudeles
331 3307 480 3371 putantur,
505 3300 632 3357 mitiores
646 3301 801 3359 videantur
818 3301 849 3358 in
863 3316 934 3360 nece
988 3309 1056 3371 tere,
1079 3302 1217 3360 Thomam
1244 3318 1316 3374 pene
1351 3289 1462 3361 vacuus
1495 3305 1683 3376 sequebatur.
1711 3305 1837 3364 Thomas

81 3389 241 3459 pecudum,
256 3403 346 3460 qnam
362 3389 412 3446 iste
425 3389 455 3444 in
486 3389 648 3445 hominnm.
671 3389 744 3446 Nam
764 3404 822 3446 non
847 3391 932 3448 modo
986 3399 1081 3448 autem
1110 3390 1295 3449 duillelmum
1318 3392 1409 3449 lilium
1438 3392 1576 3459 lladuini,
1595 3401 1623 3449 et
1644 3393 1715 3451 alios
1737 3402 1836 3466 captos

81 3475 237 3548 eosgladio
259 3476 436 3547 simpliciter,
464 3486 493 3533 et
515 3491 565 3547 pro
593 3485 679 3544 cerlo,
701 3484 734 3534 ut
760 3477 822 3535 lieri
851 3478 930 3547 solet,
984 3478 1123 3536 liberarat
1140 3480 1171 3537 in
1193 3481 1318 3536 urbeis
1345 3479 1422 3537 enim
1442 3494 1546 3550 expers
1556 3480 1675 3537 Gerardi
1696 3482 1836 3552 proditio·

81 3571 166 3621 reatu
180 3563 328 3632 interimit,
354 3564 403 3621 sed
427 3563 580 3621 horrendis
599 3564 832 3622 excarnillcendo
857 3579 931 3637 sup·
985 3565 1199 3623 nisexstiterat.
1220 3566 1258 3622 At
1282 3565 1360 3621 larna
1377 3579 1499 3637 pegasea
1518 3565 1662 3624 celeritate
1687 3569 1834 3626 translnsa

81 3651 185 3724 pliciis.
210 3654 283 3710 cum
298 3653 374 3709 enim
400 3660 500 3723 captos
527 3653 564 3709 ad
591 3653 814 3724 redemptionem
841 3668 932 3726 quos-
985 3651 1148 3709 vieinorum
1164 3665 1268 3708 rurum
1285 3651 1415 3708 homines
1433 3664 1467 3707 ac
1488 3652 1647 3722 oppidanos
1665 3654 1833 3724 exsuscitat,

80 3742 150 3799 libet
165 3749 288 3813 cogeret,
305 3742 357 3798 hos
375 3741 515 3799 testiculis
541 3742 719 3813 appendebat
747 3745 863 3814 propria
881 3745 932 3802 ali·
984 3753 1109 3797 vacuam
1141 3740 1353 3797 habitatoribus
1365 3738 1459 3797 lenens
1478 3741 1593 3797 urbem.
1623 3741 1706 3799 Tune
1724 3743 1835 3815 quique

81 3828 197 3901 quoties
213 3840 314 3895 mann,
331 3828 439 3900 quibus
458 3842 534 3900 sepe
547 3842 686 3900 corporea
700 3829 774 3887 mole
788 3829 929 3903 abruptis,
986 3842 1124 3900 pagenses
1142 3828 1179 3884 ad
1202 3828 1362 3886 solitariam
1379 3837 1525 3900 proruunt
1546 3829 1704 3898 civitatem,
1724 3830 1835 3890 domos-

77 3915 193 3987 eruptio
209 3917 316 3986 pariter
334 3915 467 3973 vitalium
491 3930 550 3973 non
574 3917 716 3975 tardabat.
746 3916 836 3974 Alteri
863 3933 931 3976 sus-
985 3932 1042 3988 qne
1059 3917 1168 3988 plenas,
1191 3917 1306 3975 nemine
1327 3917 1501 3988 defensante,
1523 3927 1734 3990 preoccupant.
1752 3919 1835 3980 Cives

79 4018 186 4075 pensos
200 4003 376 4076 perpolliees
390 4011 442 4061 aut
456 4018 508 4075 per
522 4004 585 4075 ipsa
600 4005 743 4076 pudenda,
763 4019 833 4065 saxo
843 4008 930 4065 etiam
984 4006 1069 4079 plane
1082 4020 1149 4063 cum
1172 4014 1267 4064 essent
1283 4006 1421 4079 opulenti,
1449 4008 1550 4065 habitu
1578 4022 1608 4066 se
1629 4022 1771 4080 pauperes
1783 4025 1830 4068 os-

77 4093 259 4164 superposito
290 4093 426 4151 humeros
450 4093 666 4164 comprimebat,
691 4102 719 4152 et
743 4095 803 4165 ipse
830 4096 930 4154 subter
985 4095 1147 4153 tendebant.
1169 4094 1273 4153 Oculos
1296 4096 1374 4153 enim
1402 4110 1554 4167 procerum
1569 4096 1724 4156 adversum
1745 4112 1775 4157 se
1798 4099 1834 4158 ir·

78 4181 295 4251 obambulans,
320 4196 387 4239 eum
399 4181 478 4252 quod
508 4182 613 4239 hahere
632 4196 690 4239 non
707 4191 818 4254 poterat
839 4185 930 4242 abeis
983 4184 1071 4241 ritare
1088 4183 1233 4242 nolebant.

77 4277 253 4342 extorquere
266 4285 325 4327 non
339 4277 441 4341 posset,
467 4269 593 4329 lustihus
620 4285 708 4342 super
731 4287 833 4330 eornm
861 4262 968 4331 cor·D
1019 4275 1061 4330 Eo
1076 4280 1202 4344 temporo
1221 4272 1269 4329 illa
1295 4271 1442 4345 illegitima
1465 4272 1634 4345 ingelranni
1659 4273 1834 4345 premetter

77 4359 264 4429 poratandin
290 4358 496 4426 bacchabatur,
523 4360 614 4416 donec
631 4360 657 4416 ei
683 4360 825 4431 placentia
837 4376 928 4433 spon-
982 4361 1144 4419 incestuosa
1166 4375 1252 4430 uxor,
1276 4375 1343 4418 enm
1367 4361 1429 4433 iam
1457 4362 1511 4418 snb
1541 4362 1635 4433 specie
1649 4362 1832 4420 continentie

78 4447 190 4515 dorent,
205 4455 257 4504 ant
271 4447 302 4503 in
316 4448 409 4518 poenis
428 4455 619 4505 morerentur.
984 4464 1037 4521 pro
1065 4450 1145 4507 senio
1158 4457 1186 4507 et
1200 4449 1328 4520 corporis
1350 4449 1423 4506 mole
1445 4457 1652 4521 aspernaretur
1679 4448 1832 4522 ingelran-

114 4532 175 4588 ilici
188 4533 225 4590 ab
245 4533 304 4590 ullo
325 4546 385 4590 non
414 4540 502 4604 potest
530 4534 645 4605 quotin
668 4535 733 4606 ejus
759 4536 926 4594 carceribus
981 4550 1062 4605 num,
1087 4537 1177 4615 reteri
1209 4545 1306 4593 tamen
1335 4537 1511 4594 amasiorum
1552 4552 1609 4594 nsu
1640 4551 1738 4595 cerem
1773 4550 1832 4595 non

79 4620 166 4689 lame,
181 4621 258 4690 tabu
283 4622 470 4691 cruciatibus,
491 4627 519 4679 et
537 4622 565 4678 in
583 4623 646 4694 eius
669 4623 794 4681 vinculs
808 4625 926 4696 expira-
981 4632 1102 4694 poterat.
1134 4624 1215 4682 Unde
1236 4632 1265 4681 et
1288 4624 1424 4696 iuvenem
1453 4625 1588 4683 idoneum
1615 4639 1683 4682 cum
1708 4633 1829 4696 amaret,

76 4716 158 4766 runt.
178 4707 261 4766 Certe
274 4717 341 4767 ante
367 4711 420 4767 hos
439 4711 513 4768 dnos
533 4724 624 4767 annos
652 4725 718 4768 enm
744 4712 775 4767 in
803 4720 927 4771 montem
980 4720 1008 4769 et
1031 4726 1094 4769 eam
1112 4712 1306 4785 ingelrannus
1320 4714 1357 4771 ab
1371 4715 1435 4784 ejus
1456 4713 1575 4771 omnino
1599 4713 1830 4773 contabulatione

76 4795 280 4854 suessonicum
305 4804 406 4854 contra
433 4799 575 4870 quosdam
604 4799 726 4856 rusticos
753 4802 925 4870 opemrcni·
980 4807 1101 4866 arceret,
1118 4800 1205 4855 tantis
1228 4808 1345 4872 repente
1368 4799 1512 4857 bominem
1538 4800 1686 4859 lenociniis
1709 4802 1828 4860 demen-

75 4883 145 4940 dam
155 4883 270 4941 laturus
295 4885 411 4953 abisset,
423 4893 480 4943 tres
500 4900 537 4943 ex
565 4885 620 4942 illis
642 4887 671 4942 in
687 4886 815 4957 quadam
831 4901 861 4944 se
875 4902 926 4945 oc-
981 4889 1052 4944 tavit
1068 4895 1100 4944 nt
1114 4902 1181 4945 enm
1206 4888 1242 4944 ad
1258 4905 1289 4945 se
1305 4889 1465 4957 accersiret,
1493 4890 1522 4946 in
1545 4890 1630 4948 domo
1645 4905 1699 4949 sua
1718 4899 1828 4949 statue-

75 4972 197 5029 euluere
209 4985 308 5029 casea.
331 4972 464 5044 cumque
490 4974 527 5030 ad
552 4987 605 5031 ora
629 4973 715 5044 spelei
729 4988 796 5031 cnm
826 4975 926 5032 lancea
979 4984 1033 5043 ret,
1062 4974 1149 5032 liliam
1176 4990 1259 5033 suam
1288 4976 1441 5047 parvulam
1466 4977 1501 5034 ad
1530 4977 1690 5049 palliandos
1717 4993 1829 5038 amores

75 5060 252 5131 devenisset,
280 5060 370 5120 nnius
393 5076 429 5118 ex
458 5062 500 5119 eis
527 5062 570 5119 ori
594 5061 684 5119 telum
711 5063 870 5133 appodians
885 5065 927 5121 sic
979 5064 1104 5122 nelarios
1138 5064 1227 5135 pactis
1254 5064 1439 5136 sponsalibus
1471 5066 1562 5130 daret.
1593 5065 1828 5140 defensoremque

76 5147 207 5219 impegit,
228 5157 260 5205 nt
272 5149 430 5206 interaneis
441 5149 590 5207 terebratis
602 5165 653 5221 per
664 5150 792 5222 podicem
817 5151 925 5209 lerrum
979 5159 1063 5210 terre
1083 5166 1144 5210 sure
1162 5160 1262 5209 contra
1290 5152 1439 5222 thomam,
1465 5167 1552 5225 quem
1580 5153 1829 5213 irremediabiliter

75 5234 185 5293 lancem
215 5237 393 5296 redderetur.
425 5237 499 5305 Quid
523 5253 683 5312 prosequor
711 5240 845 5297 inllnita‘l
872 5242 925 5298 Per
980 5241 1050 5312 ipse,
1067 5241 1278 5312 quidicehatur
1303 5248 1393 5312 pater,
1421 5241 1531 5310 oderat,
1559 5248 1587 5299 et
1604 5257 1691 5314 quem
1707 5257 1827 5314 prorsus

76 5323 173 5394 ipsum
201 5325 261 5383 duo
274 5325 345 5383 inibi
366 5325 473 5383 residui
500 5326 620 5398 periere.
640 5326 762 5396 Quidam
787 5329 872 5385 etiam
889 5329 924 5386 de
978 5329 1162 5387 exheredare
1178 5329 1298 5397 volebat,
1313 5328 1427 5386 laceret.
1455 5329 1509 5386 iste
1531 5344 1598 5387 eum
1611 5344 1645 5388 ea
1660 5339 1827 5404 tempestate

73 5412 200 5483 captivis
226 5415 345 5473 sancius
365 5414 505 5486 prodcisei
533 5429 591 5474 non
614 5423 735 5486 poterat.
762 5416 925 5489 interrogat
979 5416 1119 5474 codiciaci
1133 5424 1215 5482 esset,
1241 5427 1270 5476 et
1297 5417 1406 5475 hostem
1427 5432 1457 5476 se
1470 5417 1586 5477 l'boroe
1617 5418 1752 5479 loturum
1767 5436 1827 5479 orn·

74 5500 289 5559 bominemcur
304 5515 364 5560 non
383 5503 468 5562 eelerl
493 5504 587 5574 gradu
610 5504 790 5576 graderetur.
813 5504 862 5561 ille
875 5517 925 5561 re-
979 5503 1065 5562 nibus
1082 5505 1174 5562 medis
1190 5505 1359 5574 declararet,
1371 5521 1477 5565 censos
1504 5515 1599 5566 tamen
1624 5508 1732 5568 deesset
1749 5510 1827 5569 unde
