3794 6008
113 181 166 235 tire
560 179 591 232 V.
613 176 781 237 culicum
799 176 993 233 abbatiss.
1015 178 1135 235 binim
1155 178 1201 236 DE
1223 177 1423 238 Novtdbttro
1813 182 1863 235 did

111 311 273 369 secundum
286 310 402 367 beatum
420 322 523 380 papam
537 309 656 380 spiritus
679 308 775 377 babet,
802 308 878 365 uude
899 322 963 366 cru·
980 308 1119 379 lidorii.
1136 325 1175 377 xx,
1200 311 1252 381 lli),
1284 325 1370 382 quem
1394 311 1501 368 scilicet
1527 310 1674 368 diabolica
1700 309 1864 367 intentionis

112 398 213 454 cietur.
1016 398 1098 455 iurcr
1114 402 1227 470 agebat,
1249 413 1342 470 quare
1365 414 1417 471 pro
1441 400 1581 457 iratribus
1596 413 1633 456 ne
1652 407 1681 456 et
1701 398 1755 469 ipsi
1778 398 1865 469 perdi·

146 485 227 552 Quod
250 485 274 540 si
302 483 400 540 divitis
427 496 511 554 puina
535 481 609 554 ignis
632 481 788 553 corporalis
813 481 960 553 objicitur,
1016 493 1076 545 tum
1093 487 1168 544 irent
1183 495 1240 546 tam
1261 488 1399 545 benevole
1421 487 1596 559 postulabat.
1619 486 1702 554 Quod
1727 485 1752 543 si
1776 485 1864 543 bene-

110 573 296 631 libentissime
325 586 427 643 papam
453 579 595 639 sanctum,
621 571 643 627 si
671 584 798 642 praeseus
820 580 902 639 esset,
921 573 962 627 in·
1014 575 1140 632 volentia
1161 577 1270 633 bonum
1286 584 1338 644 est,
1362 584 1391 633 et
1420 576 1481 633 baec
1502 576 1563 646 ipsa
1589 574 1730 646 supplicio
1754 573 1861 642 subest,

110 662 265 734 (1111181611),
278 662 301 718 Si
317 661 393 733 ¹8¹1ss
410 660 456 717 ¹¹¹⁰
475 674 645 731 0011011111,
663 667 694 716 ¹1¹
717 660 795 729 dicit,
825 660 959 727 babetur,
1015 665 1138 735 proiecto
1150 673 1178 722 et
1191 666 1343 737 sapientia,
1360 673 1389 723 et
1408 666 1535 732 scientia,
1556 673 1646 736 atquc
1670 662 1743 720 ratio
1764 670 1863 719 contra

109 758 139 808 et
152 757 265 822 gustus,
280 757 307 807 et
321 750 439 822 digitus,
455 757 483 806 ct
497 750 607 821 lingua,
632 749 696 820 pari
712 749 799 809 modo
823 760 961 819 corporea
1015 751 1122 822 praelati
1139 753 1276 823 sapientis
1288 753 1396 810 dictum
1411 752 1482 810 inibi
1495 760 1546 809 est.
1567 752 1641 818 Quia
1656 765 1726 809 vero
1744 758 1863 807 sanctus

111 839 297 895 tenebuntur.
314 837 386 904 Quia
400 852 469 910 ergo
489 852 546 894 nou
573 838 710 894 assentire
729 843 807 893 tanto
824 837 961 907 magistro
1013 838 1044 896 in
1059 856 1092 897 eo
1114 841 1237 912 Spiritus
1250 841 1364 898 mentiri
1385 857 1443 898 non
1471 848 1570 912 potest,
1596 853 1685 913 quam
1707 841 1743 897 sit
1773 838 1864 897 lutilis

109 927 252 985 nelarium
279 927 424 995 ducimus,
452 934 481 984 et
505 925 705 996 spiritualibus
730 924 890 996 corporalia
929 923 959 979 iu
1012 927 1067 986 ista
1083 930 1178 999 petitio
1192 930 1287 986 videre
1301 930 1331 986 in
1346 937 1545 1001 promptuest.

109 1017 275 1073 omnimoda
297 1016 346 1071 illa
368 1014 556 1071 interioritate
574 1014 693 1071 miscere
711 1015 866 1081 nescimus,
891 1013 958 1079 lieo,
1049 1018 1186 1088 superius
1199 1018 1306 1075 dictum
1322 1027 1365 1074 est
1388 1017 1525 1088 reprobos
1552 1019 1581 1073 in
1601 1016 1714 1074 inlorno
1735 1030 1795 1073 nou
1817 1029 1861 1072 so·

110 1118 176 1176 quae
192 1105 314 1162 necdum
332 1104 414 1161 nobis
436 1103 562 1174 experiri
578 1103 707 1175 contigit,
732 1102 956 1160 committamus.
1011 1104 1072 1162 lum
1083 1107 1249 1163 carnalibus
1264 1105 1416 1163 affectibus
1433 1120 1492 1162 nou
1507 1104 1658 1174 carituros,
1674 1104 1724 1162 sed
1745 1118 1860 1176 perver-

109 1193 223 1251 Nemini
235 1192 312 1250 enim
326 1193 495 1261 obnitimur,
516 1192 564 1249 sed
581 1206 634 1262 pro
656 1201 742 1262 captu
757 1201 856 1249 nostro
874 1203 959 1247 seusa
1012 1194 1052 1250 sis
1078 1195 1164 1252 etiam
1202 1194 1350 1252 amoribus
1391 1208 1554 1251 coarsuros.
1591 1194 1657 1250 llaec
1692 1193 1774 1250 dives
1815 1193 1861 1249 ille

109 1282 233 1354 simplici
249 1283 406 1340 intentione
421 1281 601 1352 proterimus.
1012 1283 1171 1354 perpendit,
1182 1284 1252 1340 dum
1268 1283 1369 1339 iratres
1384 1283 1540 1339 adventare
1557 1280 1673 1349 metuit;
1697 1282 1750 1338 scit
1782 1282 1859 1338 enim

448 1369 564 1427 CAPUT
587 1370 620 1427 V.
1011 1371 1043 1429 in
1066 1386 1241 1443 quocunque
1263 1372 1386 1429 fratrum
1402 1371 1542 1443 geminari
1561 1371 1615 1428 sibi
1629 1370 1815 1441 supplicium,
1833 1376 1860 1426 et

145 1460 181 1527 51.
210 1458 282 1526 Quid
307 1461 477 1515 sanctorum
504 1456 634 1514 exercitii
660 1456 693 1514 in
713 1455 822 1513 celesti
846 1455 958 1529 pluria:
1012 1461 1042 1518 in
1056 1475 1182 1532 quorum
1201 1460 1283 1519 cultu
1298 1476 1333 1518 ac
1346 1460 1516 1518 desiderioa
1539 1460 1638 1517 divino
1652 1473 1749 1517 amore
1774 1459 1860 1515 desei

109 1548 179 1621 quid
203 1547 358 1620 impiorum
381 1548 412 1604 in
436 1547 607 1605 eruciatibus
632 1546 754 1602 atonis.
777 1576 812 1588 -
842 1544 958 1602 Diaboli
1012 1551 1063 1612 vit.
1078 1551 1106 1605 in
1121 1565 1222 1606 eorum
1236 1564 1326 1621 quam
1352 1551 1523 1621 propositam
1549 1549 1603 1607 sibi
1628 1549 1714 1605 babet
1742 1548 1860 1604 damna·

109 1638 189 1695 cibus
202 1639 323 1708 peecata
347 1653 507 1709 supperere.
531 1636 657 1695 Constat.
671 1635 768 1706 itaque
790 1636 860 1706 quia
885 1634 960 1690 sicut
977 1609 999 1665 Β
1015 1639 1090 1696 tione
1102 1637 1268 1695 incenditur
1281 1639 1389 1710 pariter
1408 1653 1443 1695 ac
1475 1638 1590 1695 insanit.
1616 1638 1691 1695 lium
1712 1651 1782 1709 ergo
1809 1635 1860 1703 sbi

109 1735 275 1785 sauctorum
293 1725 506 1793 benevolentiae,
523 1740 588 1781 cum
607 1725 643 1780 ad
666 1724 716 1779 liei
732 1725 869 1780 visionem
895 1737 960 1794 per·
1014 1728 1185 1798 gebennam,
1204 1735 1235 1783 ut
1249 1727 1291 1784 sic
1304 1727 1439 1795 dixerim,
1461 1725 1674 1798 quincuplicari
1697 1732 1825 1794 veretur,
1844 1738 1860 1780 a

110 1815 242 1882 veniunt,
259 1812 452 1870 inestimabili
464 1827 572 1882 semper
587 1811 738 1869 dulcedine
756 1817 899 1877 crescunt,
922 1812 961 1867 ita
1015 1830 1068 1874 suo
1092 1824 1237 1873 conventu
1256 1815 1359 1873 tratres
1381 1816 1487 1873 lazaro
1512 1815 1632 1873 docente
1659 1814 1772 1871 amoliri
1796 1829 1861 1886 pne-

110 1902 299 1972 reproborum
318 1902 422 1957 animae
450 1899 537 1970 capiti
560 1914 612 1955 suo
633 1899 749 1955 diabolo
763 1900 864 1964 unitae,
881 1907 960 1955 tauto
1013 1913 1091 1962 patu,

110 1990 310 2047 vehementius
331 1989 467 2059 peccandi
498 1988 638 2045 desiderio
665 2002 722 2044 uon
751 1989 812 2044 siue
840 1988 961 2044 atrocis·
1050 1991 1101 2048 sed
1115 1990 1151 2047 ab
1171 1990 1269 2061 aliquo
1283 1989 1369 2061 objici
1391 1997 1491 2061 potest.
1516 1989 1587 2060 quia
1609 2002 1693 2061 prena
1720 1988 1770 2045 illa
1800 1988 1859 2044 sine

109 2079 181 2138 simo
194 2087 334 2136 tormento
349 2084 482 2145 aestuant,
505 2084 615 2148 quanto
630 2077 667 2134 ab
687 2091 729 2145 ec,
745 2076 790 2133 cui
813 2076 896 2133 cibus
918 2084 961 2132 est
1014 2080 1089 2138 buno
1116 2087 1183 2136 actu
1205 2079 1309 2136 evitari
1337 2093 1394 2134 non
1418 2085 1538 2148 poterat,
1560 2091 1629 2149 ergo
1647 2078 1708 2135 siue
1734 2076 1859 2134 benevo-

111 2175 211 2240 pceata
238 2181 403 2238 suggerere,
427 2166 507 2223 nulla
542 2165 698 2222 intentione
723 2164 897 2221 discordant.
926 2165 962 2220 Et
1015 2168 1102 2225 lentia
1116 2181 1172 2224 non
1189 2175 1261 2231 erat,
1278 2166 1329 2238 uui
1353 2167 1466 2223 eosdem
1486 2166 1656 2223 correctiora
1676 2178 1763 2237 agere
1785 2176 1859 2236 prm-

110 2256 186 2314 siout
200 2263 313 2313 sanctos
334 2255 452 2325 poeuitet
466 2255 527 2311 visa
546 2254 593 2310 Dei
612 2253 714 2324 gloria,
738 2253 817 2323 quod
838 2251 962 2322 amplius
1013 2256 1139 2326 optabat.
1163 2255 1216 2311 Cui
1235 2254 1394 2311 inlerimus.
1413 2256 1487 2311 Sunt
1507 2253 1598 2311 multa
1612 2267 1678 2325 que
1691 2252 1767 2310 velle
1781 2252 1858 2310 vide-

111 2359 162 2416 pro
175 2342 404 2413 eaadipiscenda
419 2356 477 2398 uon
497 2341 701 2409 laboraverint,
716 2340 757 2397 sic
772 2340 850 2410 impii
867 2353 960 2412 eger-
1014 2359 1090 2412 mur,
1120 2359 1185 2415 uuae
1209 2352 1305 2400 tumen
1329 2343 1404 2400 nolle
1430 2356 1482 2401 nos
1503 2343 1650 2400 evidenter
1677 2341 1859 2413 agnoscitur3

111 2432 182 2490 rime
198 2432 303 2500 dolent,
327 2431 405 2502 quod
428 2431 464 2486 ad
492 2445 525 2487 ea
551 2430 693 2501 supplicia
720 2430 873 2486 deventuri
902 2445 960 2485 non
1014 2448 1080 2490 nam
1095 2434 1118 2490 si
1134 2433 1322 2490 insanabilem
1334 2432 1467 2489 morbum
1483 2432 1602 2502 patiaris
1616 2431 1756 2502 indigito,
1771 2444 1857 2502 uuem

111 2521 235 2592 amplius
249 2520 395 2592 maliginis
410 2519 608 2589 voluptatibus
627 2518 818 2575 inservierint.
837 2517 957 2585 Quidni!
1014 2522 1181 2578 abscindere
1207 2522 1351 2577 monearis
1380 2533 1398 2576 a
1424 2521 1571 2591 chirurgo,
1601 2518 1671 2576 dicis
1697 2519 1749 2576 tibi
1775 2518 1859 2575 malle

111 2610 152 2667 De
166 2609 318 2666 advivente
334 2607 422 2677 impio
435 2607 563 2663 dicitur:
584 2628 594 2654 ι
613 2606 673 2662 Sub
686 2605 787 2677 lingua
802 2609 866 2677 ejus
879 2607 960 2663 labcr
1015 2611 1129 2681 praecidi
1155 2624 1244 2680 quam
1269 2623 1373 2665 manus
1399 2608 1484 2665 totius
1508 2622 1571 2680 ope,
1596 2609 1696 2665 morbo
1712 2608 1858 2681 gliscente,

111 2706 140 2754 et
164 2697 244 2753 dolor
258 2695 344 2766 (Psoi.
359 2709 389 2763 x,
414 2697 450 2764 7).
473 2715 483 2743 ι
513 2694 605 2750 Labor
619 2692 760 2761 videlicet,
778 2694 860 2766 fqucd
887 2695 960 2751 male
1014 2698 1138 2756 destitui.
1158 2698 1232 2754 ilicis
1254 2706 1280 2755 te
1296 2698 1350 2754 boc
1365 2697 1449 2754 malle
1473 2710 1561 2767 quam
1587 2696 1668 2766 illud,
1694 2710 1762 2753 cum
1785 2711 1860 2754 neu-

111 2785 215 2858 ageudi
230 2785 325 2841 studio
340 2784 470 2853 insudat;
483 2782 573 2850 dolor,
590 2797 648 2854 quo
663 2796 697 2839 ea
718 2797 784 2854 quae
812 2783 960 2840 desidera·
1014 2795 1091 2843 trum
1117 2786 1315 2858 probatissime
1336 2785 1418 2842 nolis.
1445 2785 1521 2842 Talis
1535 2784 1588 2842 luit
1603 2785 1738 2843 voluutas
1757 2785 1790 2841 iu
1817 2784 1860 2841 di·

111 2873 320 2933 veriturimiua
340 2879 504 2943 perpetrare
523 2886 582 2928 non
608 2871 753 2941 praevalet.
777 2871 899 2942 Elquid
925 2872 959 2929 de
978 2875 1081 2964 crite,
1109 2881 1140 2930 ut
1166 2873 1287 2930 volendo
1312 2873 1411 2941 nollet,
1438 2880 1467 2930 et
1498 2872 1621 2929 nolendo
1647 2872 1742 2942 vellet,
1765 2872 1861 2943 petius

111 2963 160 3021 illc
175 2961 225 3034 qui
241 2962 353 3019 Satauae
379 2967 604 3031 concorporatur
627 2961 682 3016 dici
707 2960 820 3031 poterit,
848 2969 960 3030 quanta
1014 2976 1103 3033 quain
1119 2962 1252 3033 supplicii
1272 2962 1447 3019 incrementa
1469 2961 1587 3019 subiret.
1599 2959 1793 3034 Quoscumque
1811 2960 1861 3017 ita-

111 3052 142 3110 iu
161 3066 194 3108 eo
213 3049 396 3109 vehementia
418 3049 529 3119 pessimi
552 3049 697 3120 appetitus
719 3049 791 3106 criti
816 3049 844 3106 St
868 3049 960 3106 sancti
1013 3065 1070 3121 que
1085 3049 1166 3121 impii
1184 3057 1284 3107 contra
1304 3049 1395 3106 Deum
1409 3056 1552 3118 amarant,
1580 3049 1632 3106 ltcs
1651 3050 1731 3120 justo
1750 3048 1861 3120 judicio

110 3139 288 3211 sempiternis
316 3140 345 3194 in
373 3139 464 3195 Deum
498 3138 652 3195 ardoribus
681 3137 800 3207 iervent,
838 3138 960 3209 improbi
1013 3154 1111 3196 coram
1126 3153 1155 3196 se
1178 3139 1303 3196 cruciari
1324 3139 1516 3207 considerant,
1537 3151 1663 3209 quorum
1687 3150 1788 3208 poenas
1806 3136 1859 3207 ipsi

111 3229 257 3303 perpetuis
269 3228 418 3285 furoribus
432 3227 562 3284 strident.
1013 3242 1125 3300 semper
1139 3230 1212 3286 inse
1229 3230 1415 3298 reciprocant.

146 3319 211 3386 511.
226 3317 274 3372 Ad
290 3315 359 3389 quid
379 3315 458 3371 dives
483 3332 540 3371 non
566 3331 607 3384 se,
635 3315 686 3370 scd
714 3315 844 3371 Lazarus
867 3317 899 3370 ul
928 3315 960 3370 in
1346 3316 1462 3373 CAPUT
1478 3316 1527 3373 Vl.

110 3406 249 3464 mundum
262 3404 396 3461 milioior
409 3407 482 3460 orci.
499 3404 573 3460 Huic
587 3404 715 3474 opinioni
728 3412 834 3461 nostrae
848 3418 877 3461 se
895 3419 960 3460 cort·
1049 3403 1216 3476 corporales
1240 3419 1299 3459 non
1317 3405 1383 3458 suni
1404 3402 1518 3469 animae,
1545 3418 1597 3458 nec
1615 3399 1777 3467 amabiles,
1803 3399 1860 3456 nisi

112 3497 164 3554 lert
178 3495 378 3567 evangelicum
399 3493 470 3551 illud
482 3493 642 3563 capitulum
655 3493 690 3549 de
702 3492 790 3549 divite
797 3500 825 3549 et
844 3495 958 3556 lazaro,
1012 3491 1261 3565 mcdospin‘tauli.
1283 3492 1355 3560 Quid
1367 3490 1472 3548 wenis
1484 3489 1659 3564 spiritualis.
1677 3519 1712 3533 -
1727 3489 1799 3557 Quae
1811 3504 1860 3547 au·

112 3585 142 3642 iu
166 3599 233 3656 quo,
258 3584 282 3639 si
309 3583 380 3639 bene
399 3583 563 3648 discutitur,
585 3588 678 3637 status
697 3581 840 3637 interioris
858 3580 960 3638 mundi
1013 3589 1069 3638 tem
1087 3595 1208 3652 corpora
1230 3581 1334 3638 animae
1361 3580 1486 3637 babeant
1510 3594 1563 3651 ego
1582 3580 1686 3648 neseio,
1712 3578 1785 3635 illud
1815 3592 1861 3650 po

112 3673 271 3745 plurimum
295 3671 433 3741 aperitur.
460 3670 493 3725 lu
519 3684 578 3740 quo
605 3668 729 3739 primum
752 3669 775 3724 si
802 3669 961 3740 perpendas
1014 3670 1155 3727 tissimum
1175 3684 1238 3727 meo
1263 3670 1340 3726 sedet
1369 3669 1499 3736 arbitrio,
1528 3667 1622 3739 typice
1645 3668 1749 3724 debere
1775 3667 1861 3723 intel-

112 3761 182 3831 quid
197 3760 251 3817 sibi
268 3759 346 3827 velit,
359 3758 436 3829 quod
452 3757 525 3814 idem
550 3757 630 3813 dives
653 3770 712 3812 non
733 3771 762 3812 se
783 3757 958 3824 resuscitari,
1014 3758 1063 3831 ligi
1088 3759 1166 3830 quod
1194 3759 1301 3816 dicitur
1323 3772 1372 3816 cre
1400 3757 1573 3814 Dominico:
1599 3756 1741 3814 «vermis
1760 3769 1861 3812 eorum

111 3849 194 3906 etad
223 3848 314 3918 patris
338 3846 456 3902 domum
485 3843 567 3912 mitti,
597 3843 647 3900 sed
671 3843 810 3900 Lazarum
835 3843 961 3913 postulat
1013 3861 1072 3902 non
1098 3847 1246 3914 morietur,
1280 3854 1307 3903 et
1336 3847 1411 3918 ignis
1443 3859 1544 3903 eorum
1569 3859 1627 3902 non
1659 3845 1864 3914 exstinguetur

113 3936 271 4007 (Loexvx,
289 3935 345 4005 ir),
375 3934 504 3990 iuvenies
525 3948 602 3999 eum,
623 3932 792 4003 quidebac
817 3933 960 3988 vitacum
1014 3936 1084 4006 (lec.
1111 3950 1188 4002 cxvi,
1214 3938 1269 4003 24).
1300 3935 1359 3991 »si
1383 3949 1401 3991 a
1423 3934 1506 3991 beato
1531 3934 1583 3989 lob
1608 3933 1684 4003 putri
1705 3939 1733 3988 et
1764 3932 1862 3989 tabido

113 4024 290 4096 nequissima
308 4028 383 4078 ³⁸5
398 4020 545 4078 voluntate
554 4022 673 4088 exierat,
690 4019 761 4090 quia
776 4019 886 4075 nullam
899 4034 960 4077 sese
1011 4023 1089 4095 juste
1103 4023 1253 4080 dicebatur
1269 4039 1275 4078 :
1294 4046 1305 4073 ‹
1325 4023 1379 4091 Qui
1407 4036 1463 4091 me,
1489 4022 1594 4093 inquit,
1624 4021 1778 4078 comeduut
1805 4035 1862 4078 nou

113 4111 274 4183 corrigendi
305 4110 493 4178 voluntatem,
515 4109 538 4166 si
555 4109 785 4177 resuscitaretur,
806 4115 834 4165 et
852 4109 887 4164 ad
904 4123 961 4165 sae-
1013 4112 1160 4169 dormiunt
1181 4112 1248 4184 (Job
1275 4127 1344 4178 xxx,
1363 4111 1450 4183 li),·
1475 4111 1512 4167 ad
1539 4110 1671 4181 spiritum
1696 4124 1754 4166 non
1779 4109 1863 4165 video

112 4202 212 4259 11111111]
225 4201 339 4267 rediret,
358 4199 490 4266 1111111111,
505 4197 634 4254 eamdem
646 4211 772 4268 1111111119
788 4198 959 4267 perversita-
978 4202 1159 4272 liquomodc
1178 4201 1327 4268 referatur,
1353 4200 1423 4271 quia
1451 4200 1530 4256 nasci
1554 4213 1666 4256 vermes
1692 4212 1728 4255 ex
1757 4198 1861 4268 spiritu

112 4297 169 4348 tem
186 4304 246 4361 qua
281 4290 356 4345 inter
377 4288 523 4345 cruciatus
551 4300 649 4343 carere
674 4301 732 4342 non
757 4293 876 4357 poterat,
901 4301 962 4343 sese
1015 4290 1146 4346 nondum
1161 4289 1336 4357 audivimus,
1361 4296 1413 4345 aut
1432 4302 1543 4344 vermes
1564 4287 1694 4344 mordere
1714 4287 1860 4357 spiritum.

112 4377 290 4435 nullomodo
313 4377 494 4433 deserturum
512 4389 563 4446 pro
590 4383 667 4432 certo
693 4384 876 4446 cognoverat.
905 4375 962 4432 Nec
1015 4378 1088 4445 Quia
1106 4392 1174 4448 ergo
1194 4377 1322 4433 dissentit
1353 4389 1370 4432 a
1392 4376 1486 4433 littera
1514 4389 1642 4432 vermem
1668 4374 1860 4445 spiritualem,

112 4479 180 4524 eum
206 4479 222 4522 e
253 4464 370 4535 regione
397 4463 520 4534 prolecto
549 4463 664 4530 latebat,
692 4464 762 4533 quia
788 4463 812 4519 si
842 4463 961 4533 pristino
1016 4467 1092 4538 quod
1119 4474 1161 4522 est
1190 4465 1318 4536 perpetui
1338 4464 1454 4537 angoris
1485 4464 1612 4531 aculeus,
1638 4470 1666 4520 et
1684 4477 1798 4534 semper
1821 4465 1861 4520 in-

113 4552 192 4613 statu
210 4552 410 4610 restitueretur
437 4551 467 4607 in
492 4551 611 4618 mundo,
635 4561 664 4608 et
685 4551 831 4621 prioribus
859 4552 961 4608 studiis
1015 4555 1164 4612 iructucsa
1178 4554 1371 4624 compunctio,
1391 4552 1615 4624 compingamus
1634 4551 1664 4607 in
1687 4551 1796 4621 anima,
1809 4567 1860 4609 cu·

88 4642 308 4699 'emendatiora
323 4655 382 4697 non
404 4647 523 4711 gereret,
538 4640 573 4696 ad
595 4639 864 4710 centuplicationem
880 4640 961 4696 dam·
1012 4642 1061 4715 jus
1087 4641 1162 4714 ignis
1197 4655 1323 4709 nequam
1358 4641 1564 4713 exstinguitur,
1600 4640 1669 4712 quia
1705 4640 1735 4696 in
1774 4640 1860 4697 llnem

113 4730 240 4787 nationis
266 4730 296 4786 in
322 4729 421 4787 eadem
456 4736 608 4799 postremo,
643 4734 784 4785 tormenta
811 4729 958 4785 recideret.
1015 4730 1101 4787 totius
1114 4731 1271 4801 desperatae
1285 4729 1406 4787 miseriae
1424 4728 1608 4787 indefectibili
1621 4728 1768 4784 anxietate
1781 4726 1861 4784 deco·

114 4819 254 4877 Lazarum
272 4832 340 4890 ergo
363 4816 526 4874 resuscitari
553 4830 653 4874 secure
678 4825 822 4886 precatur,
844 4817 880 4874 de
903 4831 961 4888 quo
1015 4820 1125 4891 quitur.

72 4902 80 4911 ’
114 4922 173 4966 uon
188 4907 267 4965 aliud
279 4906 459 4978 sperabatur,
477 4920 575 4977 quam,
593 4907 644 4976 qui
671 4913 737 4962 ante
754 4906 961 4975 experientiam
1051 4908 1166 4973 Quanta
1186 4907 1391 4964 detunctorum
1405 4910 1607 4963 tormenta·
1624 4905 1652 4963 Si
1669 4919 1773 4975 parum
1800 4917 1863 4960 cru-

115 4996 213 5069 gloriae
227 4995 293 5066 pius
306 4996 359 5052 sub
380 4993 482 5050 morbo
500 5007 533 5049 ac
549 4993 646 5064 inopia
667 4993 791 5062 vixerat,
812 4992 961 5051 redivivus
1014 4994 1056 5051 cis
1080 4995 1115 5051 iis
1142 4994 1193 5065 qui
1208 4993 1237 5051 in
1260 4994 1372 5053 inlernc
1395 5003 1464 5052 sunt
1496 5009 1530 5051 ac
1551 4992 1682 5051 tortionis
1701 4991 1860 5058 existimas,

115 5100 175 5142 uon
190 5085 244 5140 nisi
258 5084 331 5140 bono
345 5081 446 5139 melior
462 5081 523 5139 deri
539 5089 657 5153 poterat.
1015 5082 1086 5152 quid
1103 5081 1185 5152 pejus
1199 5095 1289 5152 quam
1316 5081 1429 5139 inllnita
1453 5082 1533 5139 rabie
1555 5080 1677 5147 eiierari,
1694 5087 1722 5136 et
1746 5078 1863 5136 diabolo

151 5173 227 5241 §lli
240 5173 333 5240 Quare
347 5172 430 5226 tanto
446 5169 876 5238 bmeocleittiofrotrumsulcti
889 5185 961 5226 coa·
1014 5184 1048 5227 ac
1072 5170 1183 5241 angelis
1208 5170 1272 5241 ejus
1294 5169 1372 5227 omni
1399 5170 1533 5227 vecordia
1559 5166 1733 5228 oculormari
1758 5159 1862 5238 putasl

114 5260 185 5316 sulit
199 5258 350 5317 dioeaille.
364 5290 400 5300 -
414 5259 529 5317 Accedit
545 5274 663 5331 quoque
685 5268 791 5316 nostrae
814 5260 961 5318 sententis
1015 5257 1142 5328 Etjusta
1160 5258 1245 5328 plane
1259 5271 1359 5314 eorum
1375 5258 1510 5326 amentia,
1527 5255 1759 5329 quiaquibusin
1774 5269 1862 5311 smcu·

116 5349 194 5421 quod
221 5364 282 5420 qux,
305 5349 392 5420 juxta
412 5348 601 5417 Salomonem,
624 5362 678 5405 uec
700 5348 881 5419 sapientiam,
908 5363 961 5406 nec
1013 5349 1109 5405 lorum
1132 5348 1239 5405 saecula
1267 5346 1406 5419 refrigerii
1435 5346 1529 5403 omnis
1556 5345 1716 5417 desperatio
1750 5351 1861 5402 constat

115 5436 264 5495 scientiam
301 5452 396 5510 neque
422 5437 561 5496 rationem
594 5436 673 5509 apud
701 5435 808 5494 interos
836 5436 961 5496 babebat
1013 5444 1129 5505 eterna,
1143 5436 1215 5508 quid
1227 5436 1307 5495 aliud
1329 5443 1372 5494 est
1388 5437 1429 5495 eis
1445 5436 1500 5494 nisi
1520 5436 1615 5494 rabies
1628 5449 1742 5507 semper
1769 5433 1860 5492 nova?
