3818 6008
641 235 688 290 DE
706 233 822 292 tabum
841 234 868 291 S.
887 235 1018 291 utute.
1652 237 1704 291 538

58 373 77 435 t,
103 365 153 424 sed
167 366 203 422 ad
222 365 367 421 internam
382 365 478 422 animo
501 365 660 423 satietatem
686 380 800 436 semper
818 369 921 424 lcum
933 366 1015 424 vitali
1028 373 1056 424 ct
1068 365 1139 424 alios
1153 365 1272 435 ferculo,
1288 380 1347 437 quo
1366 365 1494 436 apprime
1519 366 1704 438 opinabatur,

56 455 130 512 ande
150 453 279 512 retinuit.
306 455 380 525 lpsa,
410 461 437 512 et
462 455 564 512 domus
584 455 648 526 ejus
669 455 802 521 comedit,
859 454 991 512 inlereiit.

782 635 876 681 rents,

431 957 575 1040 Villi.
614 958 911 1042 Gummi
948 958 1226 1042 antarta

720 1113 939 1219 LIBER

141 1308 267 1454 DE
327 1308 655 1456 LAUDE
714 1308 1123 1456 SANCTAE
1179 1311 1526 1458 MARIAE

818 1709 838 1764 ll
854 1707 990 1766 exhibitis
1017 1716 1095 1766 tauto
1109 1709 1265 1767 verborum
1307 1710 1437 1769 rivileato
1454 1711 1549 1770 sinum
1562 1728 1623 1770 suae
1639 1728 1705 1771 cre-

187 1759 262 1833 :m
282 1760 397 1819 CAPUT
417 1763 568 1820 PRfflUM·
853 1752 1191 1869 dulitatis’expanderit?
1287 1726 1305 1782 p
1390 1757 1406 1785 ο

56 1884 192 1941 budeclea
218 1902 355 1957 nusquam
382 1892 547 1957 aspernatur
570 1889 602 1943 Β.
638 1887 732 1954 Virpc.
765 1916 800 1927 —
888 1884 916 1941 st
931 1885 1018 1953 Sarae,
1030 1887 1053 1942 si
1070 1886 1174 1943 Manae
1188 1894 1215 1943 et
1228 1888 1313 1943 uxori
1324 1888 1396 1959 ejus,
1414 1890 1493 1959 quod
1508 1890 1544 1946 ad
1555 1891 1596 1946 rei
1615 1889 1705 1962 buius

56 1986 100 2030 am
117 1974 194 2030 illam
211 1989 299 2046 super
310 1990 409 2032 omnes
427 1983 575 2032 creaturas
595 1982 657 2046 post
683 1975 798 2042 Filium,
852 1975 1095 2044 comparationem
1119 1975 1340 2032 usitatissimum
1357 1987 1429 2045 erat,
1455 1979 1505 2034 vix
1519 1978 1628 2049 lastmi,
1653 1978 1704 2034 vix

59 2062 164 2121 Filium
177 2064 365 2133 benedictam,
380 2065 510 2121 omnium
530 2072 731 2121 creaturarum
745 2061 799 2119 sub
852 2062 987 2120 credibile
998 2063 1088 2120 videri
1103 2064 1207 2134 potuit,
1223 2064 1268 2120 isti
1278 2065 1444 2136 juvenculae
1459 2080 1557 2123 rerum
1572 2066 1703 2123 omnium

57 2151 98 2209 ltu
113 2152 321 2224 dignissimam,
333 2152 416 2209 labiis
431 2152 547 2209 omnino
573 2152 715 2218 lidelibus,
736 2151 799 2207 licet
853 2151 1009 2220 presertim
1027 2151 1212 2209 muliebrium
1237 2152 1483 2223 inexpertissimae,
1510 2155 1587 2211 unde
1611 2162 1701 2223 tanta,

71 2239 189 2307 idoneis,
216 2242 412 2311 praedicemus.
442 2241 532 2314 Cujus
558 2241 700 2313 preconio
732 2254 799 2296 cum
851 2252 888 2294 ex
903 2247 961 2294 tam
974 2238 1152 2309 simplicibus
1171 2239 1266 2296 verbis
1282 2240 1386 2311 angeli,
1407 2247 1465 2296 tam
1490 2255 1610 2312 propere
1631 2241 1703 2298 tides

56 2330 335 2399 osupercmlestlum
358 2331 494 2388 ineillcax
514 2332 680 2397 aestimetur,
709 2329 800 2386 multa
852 2325 943 2396 ingeri
958 2327 1069 2385 valuit?
1083 2327 1111 2384 Si
1133 2330 1240 2399 Moyses
1261 2336 1324 2399 post
1348 2336 1387 2385 tot
1409 2329 1573 2386 divinorum
1601 2330 1701 2386 eliaca-

60 2415 238 2485 cxperientia
253 2418 398 2489 cognitum
420 2426 473 2486 est,
496 2417 574 2488 quod
598 2417 628 2473 in
643 2417 706 2488 ejus
729 2430 799 2472 mn·
851 2415 925 2471 ciam
945 2416 1107 2488 signorum,
1131 2417 1182 2489 qui
1202 2431 1268 2474 cum
1282 2419 1338 2473 lieo
1353 2416 1424 2474 iaeie
1447 2419 1483 2474 ad
1500 2418 1599 2474 taciem
1615 2418 1701 2489 quasi

56 2516 96 2559 tus
116 2502 181 2559 laus
201 2504 352 2561 bominum
380 2513 468 2577 atque
500 2505 613 2563 devotio
635 2505 799 2577 gratissima
852 2507 936 2562 bomo
954 2504 990 2560 ad
1011 2507 1176 2574 proximum
1198 2505 1382 2576 loquebatur,
1407 2505 1442 2561 ad
1468 2506 1701 2563 contradictionis

56 2604 102 2647 ur.
120 2591 177 2648 Nec
200 2592 228 2648 id
253 2593 371 2666 injuria.
396 2593 468 2651 Cum
489 2594 565 2651 enim
597 2609 627 2650 se
656 2594 796 2650 bominem
851 2607 943 2664 aquas
964 2593 1097 2649 distinxit
1115 2593 1143 2649 in
1167 2593 1251 2649 labiis
1273 2594 1344 2661 suis,
1370 2595 1404 2651 de
1422 2595 1508 2665 cujus
1530 2594 1701 2650 exatelleutia

68 2693 127 2736 nou
142 2683 240 2752 possit,
256 2682 396 2751 homines,
413 2697 462 2753 pro
476 2697 602 2755 quorum
619 2683 797 2753 potissimum
851 2681 957 2737 dicitur
972 2697 978 2736 :
996 2681 1069 2747 Quia
1087 2685 1248 2737 mitissimus
1267 2687 1334 2737 essct
1347 2684 1467 2738 omnium
1485 2685 1533 2751 qai
1557 2683 1702 2737 moraban-

56 2768 161 2825 etalis
181 2769 256 2826 lacta
279 2778 330 2839 est,
356 2779 385 2828 et
416 2772 481 2827 talis
501 2771 615 2838 enituit,
642 2771 797 2842 quomodo,
851 2774 897 2824 tur
923 2771 953 2824 ia
980 2769 1240 2841 terremotum,
1266 2771 1303 2843 3),
1333 2786 1384 2842 pro
1406 2773 1491 2842 cujus
1515 2771 1700 2843 derogatione

57 2870 90 2914 co
111 2865 304 2928 contemnere,
325 2860 374 2916 sed
395 2861 530 2916 omnibus
555 2861 696 2917 creaturis
723 2874 797 2929 prae-
851 2858 989 2914 adversus
1001 2860 1099 2915 Aaron
1113 2867 1209 2916 motus
1225 2862 1298 2916 [leus
1311 2859 1401 2916 illaria
1417 2861 1496 2930 lepra
1518 2859 1699 2929 percusserit,

56 2946 105 3002 ius
118 2960 177 3002 non
193 2960 290 3004 amare
314 2948 421 3019 possiti
441 2950 476 3005 Et
488 2948 624 3019 amplius,
640 2963 705 3018 qum
719 2949 796 3003 enim
851 2946 922 3017 quid
946 2955 1083 3017 putamus
1106 2960 1142 3004 ex
1169 2961 1258 3019 quam
1284 2948 1397 3005 infinito
1430 2948 1589 3004 sanctitatis
1623 2947 1700 3003 lonte

56 3048 79 3090 to
92 3035 190 3106 generi
204 3036 240 3091 ad
258 3036 311 3092 boc
332 3036 488 3107 proposita,
504 3038 561 3092 imo
578 3036 729 3107 praeposita
744 3042 795 3104 est,
816 3006 1027 3103 coaccesserit,
1049 3035 1127 3105 quod
1150 3049 1208 3091 non
1242 3035 1418 3107 cuicunque,
1441 3036 1490 3091 scd
1512 3036 1609 3091 divino
1629 3049 1700 3092 con-

66 3123 210 3195 gignendo
226 3124 379 3193 suidceret,
394 3126 470 3181 unde
490 3127 553 3182 aliis
567 3124 714 3182 medendis
726 3139 797 3181 con·
852 3123 957 3193 ceptui,
975 3124 1044 3179 acsi
1058 3137 1169 3193 semper
1188 3124 1373 3196 praesagitum
1389 3124 1443 3181 sibi
1464 3123 1574 3192 fuisset,
1598 3138 1700 3181 aurem

64 3209 132 3268 inde
145 3212 238 3283 primo
261 3213 315 3270 sibi
334 3214 387 3283 ipsi
409 3215 613 3285 redemptionis
627 3215 707 3286 origo
733 3213 794 3281 luit,
852 3211 906 3268 ista
921 3213 991 3269 adeo
1010 3212 1251 3281 obtemperanter,
1267 3213 1458 3284 animumque
1472 3212 1605 3283 aperuit?
1619 3211 1700 3269 Certe

68 3313 136 3371 ergo
150 3300 203 3356 sibi
220 3301 355 3372 primitus
374 3302 437 3371 luit,
457 3304 487 3359 in
502 3303 565 3359 aliis
590 3317 647 3358 non
671 3301 797 3358 amabit?
852 3300 910 3369 ipse
920 3300 1073 3356 Zacharias
1086 3301 1204 3357 loannis
1226 3309 1315 3370 pater,
1339 3302 1409 3374 legis
1434 3302 1700 3372 prophetarumque

56 3401 75 3445 e
96 3389 228 3461 gloriam,
247 3405 335 3463 quam
362 3391 464 3448 habuit
484 3393 514 3447 in
536 3391 584 3447 llei
609 3391 713 3447 Filium
727 3452 731 3461 ,
745 3403 796 3460 pa·
851 3388 1043 3455 doctissimus,
1055 3389 1124 3446 dum
1141 3389 1191 3445 dlii
1206 3390 1259 3446 sibi
1274 3391 1381 3446 eximia
1397 3390 1510 3447 coelitus
1528 3390 1698 3446 enuntiare-

56 3522 57 3535 ,
74 3480 239 3549 exaequavit
255 3480 362 3537 meritis
377 3481 450 3537 nulli
472 3494 489 3536 a
511 3480 683 3537 saeculoram
708 3479 797 3536 initiis
851 3485 899 3533 tur
916 3478 1007 3548 origo,
1024 3479 1222 3536 miserabiliter
1244 3480 1334 3535 baesit.
1360 3479 1416 3547 lsti,
1433 3480 1511 3551 quod
1526 3494 1562 3536 ex
1588 3478 1699 3549 Spiritu

63 3565 99 3621 ad
129 3566 199 3623 lines
221 3569 364 3638 speranda
386 3569 537 3637 credendo,
564 3570 707 3641 quomodo
738 3583 795 3624 non
849 3565 945 3636 Virgo,
959 3580 1017 3622 non
1043 3566 1197 3623 mulierex
1215 3567 1317 3623 marito
1332 3567 1502 3637 conciperet,
1528 3566 1601 3623 dicto
1623 3565 1699 3622 celc-

56 3652 129 3710 iliter
138 3656 300 3727 aggaudeat
314 3657 379 3714 ildei
390 3667 503 3724 nostre,
516 3673 582 3729 quae
596 3659 689 3728 ipsum
706 3659 796 3713 ileum
850 3653 912 3709 rius
927 3656 1018 3723 stetit;
1034 3656 1079 3710 cui
1091 3655 1238 3711 sententie
1258 3655 1381 3711 concinit
1402 3655 1479 3726 quod
1495 3655 1519 3711 ei
1534 3654 1570 3710 ab
1595 3654 1697 3725 angelo

56 3741 151 3800 lilium
171 3758 221 3815 pro
241 3747 358 3815 praemio
375 3747 438 3803 lidei
450 3747 529 3803 suae?
850 3742 996 3814 plenitudo
1020 3743 1119 3814 gratiae
1144 3743 1327 3814 praedicatur,
1344 3743 1484 3799 nisienim
1498 3744 1603 3799 divinae
1618 3742 1648 3797 ia
1663 3755 1698 3797 ea

67 3831 144 3900 ades.
175 3863 210 3874 -
236 3835 268 3890 ln
296 3836 381 3908 cujus
413 3836 607 3910 conceptionis
637 3835 795 3892 denuntia·
849 3832 964 3889 virtutis
987 3832 1023 3888 ad
1045 3832 1190 3904 integrum
1214 3832 1295 3903 copia
1323 3831 1519 3899 confluxisset,
1545 3844 1698 3901 nunquam

56 3919 120 3976 llud
131 3921 262 3978 miraculi
286 3923 353 3980 ullis
369 3924 491 3995 ingeniis
509 3924 711 3994 comprehendi
737 3937 794 3978 non
849 3920 1132 3978 bonorumomnium
1148 3919 1329 3978 universitati
1352 3920 1400 3977 Dei
1427 3919 1497 3976 Filio
1518 3918 1699 3990 concipiendi

56 4015 93 4076 et,
116 4010 194 4080 quod
217 4011 321 4081 puella,
339 4021 366 4069 et
381 4013 548 4070 meticulosa
562 4028 645 4081 sexu,
662 4020 688 4069 et
708 4012 795 4068 inusi-
848 4009 1048 4077 obedientiam,
1064 4010 1142 4080 quod
1158 4009 1259 4079 ineptis
1274 4010 1418 4066 mentibus
1435 4007 1599 4066 fabulosum
1617 4009 1697 4066 vide-

58 4105 124 4167 tate,
154 4113 222 4155 cum
250 4100 304 4156 sibi
327 4102 449 4172 angelus
475 4102 589 4158 insolita
608 4110 635 4159 et
664 4101 795 4157 inaudita
849 4105 938 4167 retur,
958 4097 1143 4168 impenderet.
1168 4099 1211 4154 Ex
1230 4112 1350 4155 munere
1368 4098 1445 4154 enim
1468 4111 1601 4168 supernae
1623 4097 1699 4154 inlu·

56 4194 112 4252 iret,
142 4185 227 4243 iidem
256 4195 336 4245 tanta
368 4189 438 4246 dare
474 4191 616 4247 celeritate
654 4191 792 4262 potuerit3
848 4187 947 4256 sionis,
962 4187 1079 4258 quoda
1108 4187 1246 4256 primaevo
1275 4186 1461 4258 singulariter
1487 4185 1619 4243 inolitum
1644 4186 1698 4243 sibi

56 4281 117 4331 erte
127 4289 184 4330 noa
195 4276 278 4332 aliter
288 4276 448 4334 valebimus
460 4292 644 4348 compensare
664 4278 795 4335 mirando
815 4284 922 4358 Derai,
937 4290 995 4331 non
1009 4282 1061 4342 est,
1073 4275 1122 4331 tali
1137 4274 1298 4346 stupefacta
1312 4276 1346 4331 de
1360 4275 1475 4343 nuntio,
1493 4274 1696 4339 sedssomnimo·

57 4376 94 4418 nc
109 4363 234 4432 primum
251 4364 477 4422 intellexerimus
493 4365 567 4422 inter
581 4380 679 4422 carnes
701 4367 796 4422 homi·
851 4363 917 4420 dam
933 4363 1188 4419 totiusdivlnitatis
1202 4362 1433 4432 exuberantiam,
1445 4362 1529 4434 quasi
1542 4362 1578 4418 ab
1590 4370 1697 4419 aeterno

56 4450 106 4508 lice
133 4453 272 4509 nutritam
300 4468 316 4508 a
345 4453 453 4525 Spiritu
479 4462 588 4511 saneto.
617 4454 677 4511 Nisi
707 4456 794 4522 enim,
850 4451 1004 4523 cognitam,
1022 4458 1170 4522 gratanter
1197 4452 1319 4522 excepit,
1347 4465 1434 4522 quam
1459 4451 1495 4506 ad
1523 4451 1578 4507 hoc
1601 4450 1697 4520 ipsum

57 4553 104 4596 am
118 4541 246 4596 bumana
256 4543 432 4599 consuetudo
446 4545 563 4614 patitur,
578 4543 721 4611 divinum,
739 4559 797 4600 nia·
850 4532 972 4605 Spiritus
988 4544 1105 4594 sanetus
1120 4553 1233 4610 semper
1252 4540 1404 4595 imbuerat·

56 4642 171 4700 umque
188 4630 327 4700 quiddam
343 4633 404 4701 ipsa
417 4634 453 4688 ab
470 4632 586 4688 ineunte
609 4640 691 4689 aetate
712 4633 796 4705 ioge—
887 4626 974 4690 Quam
995 4628 1125 4682 excellens
1153 4629 1210 4696 sau
1230 4629 1305 4682 iilius
1330 4629 1424 4696 andeli
1448 4641 1583 4682 “Wlffli-
1599 4655 1634 4666 -
1649 4625 1697 4681 Di·

56 4731 98 4774 tuo
129 4726 296 4775 concretum
325 4729 516 4791 cognosceret,
548 4728 626 4776 tanta
662 4720 797 4777 lacilitate
850 4714 924 4772 uenti
941 4713 1140 4787 planeangelo
1158 4731 1164 4770 :
1183 4718 1248 4772 Ecce
1263 4718 1395 4785 acaccipiet
1413 4720 1440 4770 et
1465 4718 1557 4785 paries
1583 4714 1657 4785 (Luc.
1676 4729 1696 4783 t,

56 4805 153 4862 aderet.
174 4808 267 4863 Tanta
293 4807 370 4864 enim
390 4810 559 4866 excellentia
590 4809 796 4879 promissorum
850 4801 905 4872 3¹),
924 4817 1088 4874 nunquam,
1100 4804 1243 4874 quomodo
1258 4810 1350 4875 posset
1367 4803 1425 4860 lteri
1441 4804 1510 4875 quia
1525 4803 1622 4859 virum
1639 4817 1698 4860 non

56 4893 115 4949 itali
138 4893 268 4963 subiecto
292 4896 377 4952 corde
393 4910 450 4952 non
466 4905 588 4966 caperet.
614 4896 668 4953 Ubi
689 4898 797 4968 quippe
850 4892 1046 4962 cognoscebat,
1069 4892 1213 4963 objiceret,
1234 4894 1257 4948 si
1277 4907 1307 4949 se
1320 4905 1357 4948 ex
1383 4906 1487 4962 sponso
1507 4905 1594 4963 quem
1614 4892 1692 4948 vide·

56 4982 245 5039 araecesserint
271 4984 370 5040 munia
399 4985 575 5053 martimum,
601 4987 658 5056 spat
684 5000 797 5057 magnae
849 4976 936 5032 batur
965 4978 1072 5035 babere
1095 4987 1298 5050 concepturam
1327 4982 1421 5037 sciret.
1446 4980 1516 5047 Quis
1538 4993 1606 5051 ergo
1636 4977 1698 5034 istic

56 5067 136 5116 aeota
165 5075 224 5117 noa
244 5070 413 5132 suppetunt.
438 5063 507 5130 Quis
531 5079 598 5136 ergo
625 5066 708 5122 bomo
732 5080 795 5136 per-
849 5065 1043 5136 conjecturam
1059 5082 1110 5138 pro
1126 5075 1183 5124 tam
1199 5067 1312 5125 insolita
1329 5068 1552 5140 interrogatione
1573 5080 1629 5122 non
1644 5081 1698 5123 su-

73 5148 128 5205 imo
140 5149 283 5206 excedens
299 5151 444 5208 bominem
459 5167 524 5223 quae
542 5153 672 5226 angelica
690 5162 797 5211 natura
850 5162 919 5221 mat,
935 5155 1012 5226 quod
1026 5169 1062 5211 ex
1086 5157 1172 5212 veteri
1185 5155 1324 5212 mirabilis
1338 5157 1438 5228 gratiae
1448 5155 1626 5226 experientia
1641 5154 1698 5210 vir·

56 5244 87 5305 tt,
115 5251 181 5308 quae
206 5238 295 5296 luerit
324 5240 445 5310 puritas,
477 5242 555 5313 quod
579 5243 701 5313 pondus,
731 5257 797 5313 quae
850 5242 962 5313 ginitati
985 5253 1129 5314 perpetuae
1153 5244 1292 5302 inservire
1314 5244 1473 5316 delegisset,
1488 5258 1554 5316 quae
1569 5257 1606 5300 ex
1627 5257 1697 5313 pre·

56 5323 93 5380 lli
111 5332 153 5393 ut,
171 5325 211 5381 ita
234 5327 340 5396 dicam,
370 5328 474 5386 emlesti
504 5331 682 5387 conscientia
712 5329 798 5387 innu-
849 5330 932 5398 senti,
957 5330 1005 5388 cul
1034 5330 1098 5403 jam
1115 5332 1224 5389 eredita
1251 5332 1343 5389 iuerat
1370 5334 1443 5401 viro,
1472 5347 1502 5389 se
1535 5331 1697 5403 parituram

58 5426 103 5469 ue
117 5412 207 5470 nullis
220 5414 275 5472 sibi
287 5417 443 5486 premissis
459 5417 674 5490 scripturarum
697 5432 795 5476 exem·
849 5418 968 5477 minime
981 5421 1159 5489 reputasset?
1179 5421 1248 5491 quie
1265 5421 1343 5478 enim
1362 5435 1445 5479 notae
1467 5421 1567 5497 gratiae
1594 5421 1700 5491 princi-

56 5498 117 5559 rllis
130 5501 270 5562 similium
284 5517 302 5560 a
315 5504 421 5563 seculo
441 5515 599 5565 eventuum
620 5508 797 5580 imaginibus
849 5505 929 5578 pium
951 5508 1013 5580 ipsa
1035 5516 1107 5578 erat,
1128 5509 1214 5581 plane
1242 5518 1405 5584 compotens
1427 5510 1532 5582 tuerat,
1561 5517 1593 5568 ut
1616 5524 1700 5571 novae
