3818 6008
549 216 578 270 1.
599 213 974 271 11111111111111111.
997 212 1115 269 neuim
1134 214 1179 269 DE
1200 213 1399 272 dementire

99 356 162 414 neis
189 355 301 413 devexa
329 355 497 424 cinguntur,
524 351 633 408 humus
661 350 815 422 utrobique
844 349 981 407 biberen
1000 350 1142 421 prolixos,
1177 349 1282 408 ceolum
1313 358 1340 408 et
1367 358 1475 409 terram
1497 365 1623 424 quaeque
1652 353 1682 409 in
1708 354 1752 409 eis
1789 360 1875 410 sunt‘

100 444 254 516 Cererique
287 442 470 510 conveniens,
500 439 630 497 omnium
655 440 797 497 bonarum
830 439 948 512 lrugum
1001 453 1099 496 creare
1114 439 1281 497 nuliatenus
1301 440 1435 511 potuisse,
1452 440 1678 512 quescmlorum
1694 455 1856 512 aerumque

100 533 184 605 gleba
203 530 339 603 genitrice
362 529 507 597 laudatur,
529 528 640 585 duvioli
668 529 829 585 iocunditas
853 535 949 599 prato·
1002 527 1161 595 clementia,
1183 536 1211 585 et
1233 535 1316 585 terrae
1340 528 1497 599 opulentia,
1518 529 1573 585 boc
1596 529 1626 585 in
1650 530 1761 586 munde
1785 544 1857 586 con-

101 635 166 677 rum
191 621 274 690 longe
297 618 410 689 lateque
433 618 611 675 tendentium
635 617 849 675 amenitatibus
871 631 948 674 com·
1002 616 1072 673 stitit
1086 616 1234 673 coaluisse.
1256 617 1365 673 Horum
1378 630 1447 688 ergo
1460 617 1590 673 numinis
1612 617 1723 674 ratione
1744 617 1858 687 disper-

101 708 263 766 mendatur.
1001 705 1071 773 dita,
1098 719 1159 761 meo
1187 704 1302 762 tandem
1331 705 1523 762 certissimum
1547 706 1625 762 sedet
1660 706 1787 779 ingenie,
1815 707 1859 763 1111

134 796 207 850 inibi
234 795 447 862 virgineorum
468 795 604 863 peritura
629 797 767 849 secretum
790 796 897 862 sonum.
915 824 949 834 -
1003 794 1103 851 divina
1117 793 1145 849 in
1167 794 1253 850 finem
1272 795 1443 852 auctoritate
1466 796 1595 866 privatis,
1620 810 1711 851 unum
1734 810 1818 866 posse
1832 804 1860 853 et

100 884 235 941 Traditur
261 890 357 939 autem
383 883 420 939 ab
446 881 576 953 antiquis
597 890 625 939 et
648 891 789 952 procerte
808 883 951 939 astruitur
1003 883 1105 940 debera
1117 882 1195 939 credi
1215 882 1304 940 unius
1322 883 1371 939 liei
1391 882 1538 953 opificium
1559 897 1592 939 ac
1608 883 1750 954 regimen,
1767 897 1859 954 aquo

100 973 178 1045 quod
192 987 226 1029 ee
252 972 282 1028 in
299 973 358 1028 loco
374 972 601 1029 vetustissimum
617 971 727 1027 exstitit
747 972 893 1043 quondam
909 972 950 1028 ia·
1004 986 1064 1028 uno
1079 971 1152 1027 sicut
1176 971 1363 1036 1111111111,
1390 972 1477 1026 11111
1493 971 1522 1026 in
1543 985 1573 1027 se
1593 971 1860 1027 111111111111111-

100 1074 183 1128 nnm,
218 1074 275 1116 non
299 1059 448 1116 existentis
474 1060 636 1131 cujuspiam
667 1059 717 1116 Dei
754 1061 870 1116 nemine
900 1066 951 1117 aut
1006 1066 1087 1131 perat
1107 1058 1250 1116 universa.
1277 1061 1432 1130 Postquam
1452 1060 1509 1115 Deo
1529 1067 1572 1116 est
1596 1073 1678 1116 mens
1702 1073 1766 1116 mea
1791 1073 1859 1116 cea·

55 1141 60 1147 ’
101 1148 208 1206 bonore
231 1157 387 1216 sacratum,
414 1149 462 1204 sed
480 1147 527 1220 (⁶⁸)
543 1149 569 1204 ei
593 1148 706 1205 leminea
721 1149 850 1206 nondum
866 1156 950 1217 natac,
1006 1148 1169 1220 gulatasnb
1182 1163 1251 1216 uno,
1268 1155 1295 1205 et
1309 1148 1431 1204 delubra
1447 1147 1695 1219 delubrorumque
1720 1149 1860 1218 tigmenta

100 1252 166 1309 quae
192 1238 282 1295 Deum
306 1245 334 1294 et
367 1237 513 1293 bominem
543 1244 615 1293 esset
641 1237 784 1308 genitura,
814 1237 951 1294 dicatum.
1006 1245 1196 1294 aeternosunt
1220 1237 1347 1308 projecta
1374 1237 1498 1305 lastidie,
1524 1237 1607 1308 quasi
1631 1237 1776 1294 deieratis
1797 1237 1858 1307 jam

103 1327 172 1382 Erat
187 1340 255 1398 ergo
272 1327 356 1382 matri
372 1325 476 1382 luturae
489 1326 538 1382 Dei
559 1326 696 1382 nascituri
712 1326 953 1394 devotquued
1007 1328 1044 1384 ab
1068 1326 1234 1383 idololatriae
1256 1327 1368 1383 sentina
1396 1327 1570 1397 precordiis,
1603 1327 1714 1397 puritas
1741 1326 1859 1384 illicne

104 1414 212 1471 nemini
235 1414 386 1484 quidpiam
400 1414 520 1484 sapienti
542 1414 657 1470 videtur
671 1415 830 1471 absurdum
846 1416 955 1487 quippe
1008 1414 1171 1472 coelestibus
1204 1415 1291 1470 totius
1315 1428 1390 1470 verae
1418 1413 1565 1485 religionis
1602 1414 1748 1470 inclaruit.
1786 1414 1858 1472 Nam

34 1559 37 1568 ,
103 1502 154 1574 qui
186 1504 277 1559 Deum
305 1503 436 1575 ignotum
462 1504 541 1574 apud
563 1503 691 1561 Athenas
713 1505 862 1561 coluerant
883 1509 954 1578 11111,
1008 1504 1108 1560 divina
1132 1517 1199 1559 voce
1216 1517 1282 1559 mox
1294 1503 1398 1575 jubeor
1412 1503 1470 1559 buc
1494 1502 1602 1570 venire,
1628 1503 1678 1560 nbi
1694 1502 1858 1574 indispen-

100 1606 173 1659 xvu‚
191 1591 247 1663 23),
265 1599 341 1649 certo
364 1593 545 1649 nasciturum
571 1607 608 1650 ex
630 1592 743 1661 femina,
764 1596 838 1652 sicut
852 1603 880 1653 et
898 1611 953 1654 cre·
1009 1591 1118 1649 11ῑί0116
1132 1591 1181 1647 Dei
1198 1590 1259 1646 filli
1282 1603 1376 1660 nuper
1391 1590 1477 1661 111881,
1494 1591 1599 1647 veritas
1621 1591 1716 1647 unic&
1730 1591 1858 1648 creduli·

102 1685 178 1736 tems
205 1680 272 1736 deos
305 1681 451 1753 gregarios
484 1695 611 1752 quorum
652 1690 755 1739 matres
787 1685 948 1754 nominant,
968 1650 989 1705 Β
1008 1679 1074 1738 tatis
1098 1693 1149 1750 per
1166 1693 1218 1736 vos
1236 1678 1306 1735 mibi
1334 1679 1475 1736 tradenda
1503 1680 1680 1749 promittitur
1703 1693 1776 1736 esse.
1806 1680 1857 1736 Per

101 222 153 275 895
237 221 238 224 ’
1805 220 1857 270 8911

102 1768 220 1825 minime
246 1769 419 1827 nesciebant.
448 1770 528 1827 Etsi
555 1771 700 1827 nascituro
726 1771 786 1842 jam
812 1773 949 1831 sacellum
1003 1769 1160 1839 bancergo
1180 1767 1358 1837 pronuntiati
1382 1767 1453 1823 mibi
1480 1767 1614 1824 Numinis
1640 1781 1732 1838 quam
1754 1767 1856 1838 imore

100 1856 262 1925 dicabatur,
292 1864 383 1914 mater
405 1857 503 1929 buius,
528 1858 603 1915 sicut
626 1867 654 1914 et
680 1858 814 1928 alierum,
842 1861 949 1918 bonore
1003 1856 1161 1914 sentiarum
1176 1855 1260 1912 video
1283 1855 1465 1925 Genitricem,
1481 1864 1509 1912 et
1529 1870 1580 1926 per
1604 1864 1703 1933 vestra
1727 1871 1780 1913 ves
1796 1872 1857 1914 con·

101 1959 287 2017 nequaquam
312 1945 397 2001 simili
423 1946 604 2017 privabatur.
630 1948 710 2013 Quod
733 1961 803 2019 ergo
826 1948 884 2006 illic
905 1950 948 2021 gi·
1005 1952 1089 2002 testor
1108 1944 1211 2011 oldaia,
1237 1950 1269 2000 ut
1283 1943 1353 2000 mibi
1369 1944 1521 2014 prebeatis
1544 1943 1635 2016 hujus
1656 1945 1856 2016 regeneratio-

101 2035 215 2107 gnende
235 2048 292 2090 non
316 2034 536 2092 discredendum
560 2042 612 2104 111,
640 2036 718 2106 qued
746 2043 773 2092 et
801 2036 864 2094 istic
887 2038 948 2095 fieri
1003 2034 1145 2090 nisnovae
1162 2032 1310 2103 mysteria.

101 2122 195 2193 potuit
225 2122 375 2194 genitore.
403 2123 443 2179 111
478 2123 557 2180 bunc
592 2124 690 2195 itaque
724 2125 819 2181 locum
853 2140 949 2198 regern
1039 2124 1117 2178 Fidei
1134 2121 1297 2177 rudimentis
1322 2122 1856 2192 1111111111111111.0111111111

102 2211 299 2268 Britannicum
322 2211 441 2284 contigit
458 2211 616 2282 advenisse,
642 2213 692 2284 qui
713 2214 950 2284 opportunissimi
1003 2210 1855 2282 1111111111,111111111111111111111111-1111Ρ11111,

103 2300 182 2357 ruris
215 2300 391 2372 gratitudine
423 2309 528 2368 tentus,
562 2301 608 2357 sui
636 2316 817 2373 suorumque
845 2312 951 2360 vexata
1003 2315 1069 2358 eum
1090 2299 1164 2356 iellci
1190 2299 1239 2356 illo
1260 2298 1378 2370 collegio
1393 2300 1446 2355 sub
1470 2299 1720 2356 blariacoelestem
1751 2309 1856 2358 eoetum

102 2395 196 2445 tractu
225 2387 334 2445 itineris
363 2402 483 2460 corpora
509 2389 580 2444 inibi
605 2389 731 2447 relevere
751 2390 902 2461 disposuit,
922 2399 950 2449 et
1003 2388 1189 2456 clarificante,
1215 2388 1331 2455 auditis,
1357 2388 1406 2444 bei
1426 2397 1453 2445 et
1481 2387 1606 2444 beminis
1630 2387 1693 2444 Filii
1717 2391 1856 2462 magnill-

100 2476 237 2533 animalia
260 2477 433 2534 lassabunda
453 2485 515 2535 octe
534 2477 636 2535 diebus
650 2477 733 2536 uberi
747 2479 825 2549 quod
839 2479 951 2553 adjacet
1004 2478 1127 2533 centiam
1155 2476 1360 2544 adoraverunt,
1388 2477 1439 2547 qui
1467 2491 1534 2537 curn
1560 2491 1669 2545 recens,
1697 2485 1725 2535 et
1748 2480 1856 2551 {gratie

103 2566 208 2636 pabulo
223 2567 373 2623 recreavit.
1002 2564 1238 2635 predicatoribus
1253 2578 1405 2636 nunquam
1422 2565 1519 2622 adbuc
1533 2565 1649 2635 sparsis,
1677 2566 1804 2624 salutem
1828 2567 1855 2622 in

135 2657 193 2710 1111
221 2655 396 2724 ierosolymis
419 2655 537 2725 appulit.
560 2685 593 2696 -
616 2655 728 2712 Exinde
752 2655 949 2728 progrediens,
1003 2652 1097 2710 medio
1120 2659 1203 2709 terrae
1226 2653 1345 2722 iecisset,
1366 2667 1450 2710 novae
1470 2654 1661 2724 plenitudinis
1687 2655 1779 2727 buius
1797 2656 1855 2728 jam

101 2748 163 2812 post
186 2755 302 2798 emensa
326 2741 378 2798 soll
402 2742 548 2814 marisque
565 2743 666 2813 spatia,
684 2743 799 2800 tandem
819 2742 950 2800 Hieroso·
1003 2742 1034 2798 in
1057 2740 1276 2798 occidentalium
1302 2742 1427 2811 partium
1458 2742 1528 2799 lines
1557 2748 1616 2799 tam
1642 2744 1741 2800 subite
1768 2745 1857 2801 verba

101 2829 249 2901 lymitanis
268 2843 328 2886 sese
347 2829 492 2887 moenibus
507 2831 613 2889 intulit.
633 2831 732 2902 Nuper
751 2831 840 2903 igitur
855 2831 951 2888 Salva·
1004 2829 1133 2886 ledisset.
1159 2830 1275 2886 Tradita
1297 2831 1387 2902 igitur
1405 2831 1516 2889 bomini
1538 2831 1601 2888 111111
1631 2832 1745 2903 regula,
1773 2840 1801 2889 11
1821 2847 1858 2888 se

101 2925 162 2975 tore
189 2931 283 2988 passo,
304 2926 331 2975 et
357 2932 374 2974 a
402 2919 524 2977 mortuis
547 2920 694 2989 suscitato,
717 2926 744 2977 et
766 2919 803 2976 ad
827 2919 987 3007 ooelestlac
1004 2925 1128 2991 quenter
1156 2918 1256 2976 abluto
1286 2919 1465 2989 baptismatis
1492 2920 1581 2988 unda,
1611 2919 1715 2977 ibidem
1746 2921 1856 2986 0111111

100 3008 221 3075 1111111,
247 3007 284 3063 ad
312 3006 447 3063 ultimum
473 3007 580 3077 Spiritu
608 3008 683 3077 dato,
715 3008 820 3078 reperit
848 3009 951 3066 urbem
1004 3021 1109 3064 nomen
1132 3007 1248 3077 accepit.
1281 3007 1475 3064 confirmatus
1503 3008 1601 3079 itaque
1630 3009 1687 3065 sub
1708 3010 1854 3066 tantorum

100 3094 224 3152 diversis
251 3095 483 3152 contentionibus
507 3096 708 3163 diversantem,
735 3097 780 3154 bis
807 3096 880 3154 lacto
906 3096 951 3153 ol·
1003 3096 1101 3153 scbola
1125 3095 1339 3167 magistrorum,
1372 3110 1459 3166 super
1485 3096 1549 3168 ejus
1579 3097 1657 3167 quod
1689 3105 1855 3169 susceperat

101 3184 197 3251 tensis,
216 3182 272 3239 illis
295 3183 370 3240 iacta
395 3184 594 3255 probantibus.
615 3185 673 3243 Nee
696 3186 756 3244 ulla
777 3186 886 3243 exstitit
904 3199 952 3243 eos
1004 3184 1191 3257 intelligentia
1223 3184 1404 3254 sacramenti,
1438 3185 1623 3256 digressurus
1660 3186 1697 3242 ab
1731 3187 1802 3257 ipsis
1829 3194 1854 3243 et

101 3286 175 3345 ques
193 3273 343 3344 quaerebat
354 3274 513 3344 reperiendi
528 3273 691 3340 difficultas,
708 3275 756 3332 sed
772 3289 816 3332 res
838 3275 952 3347 magnis
1004 3273 1150 3330 rediturus
1174 3273 1210 3329 ad
1230 3274 1358 3344 propria,
1383 3287 1465 3330 sacra
1480 3274 1671 3345 reliquiarum
1687 3275 1723 3331 ab
1739 3276 1783 3332 eis
1797 3289 1853 3332 111

100 3361 244 3418 celebrata
262 3365 348 3430 48⁹,
374 3363 543 3420 rumoribus
563 3377 646 3420 novae
667 3363 757 3436 hujus
782 3364 950 3436 promulga-
1004 3362 1045 3435 git
1064 3361 1140 3419 fideli
1165 3361 1250 3418 corde
1271 3360 1402 3433 pignera,
1419 3364 1454 3419 111
1476 3363 1521 3419 bis
1546 3362 1679 3420 videlicet
1701 3379 1771 3435 quae
1791 3379 1853 3421 cer·

101 3456 176 3506 tores
197 3449 268 3521 legis
292 3449 366 3506 lacili
395 3451 501 3507 indicio
524 3452 695 3523 propalavit.
720 3453 781 3510 Non
806 3451 883 3508 enim
905 3465 952 3509 ees
1005 3450 1065 3523 peri
1080 3450 1237 3507 salvatoris
1251 3450 1390 3508 didicerat
1405 3450 1492 3508 luisse
1508 3453 1655 3526 contigua.
1675 3454 1716 3510 De
1731 3453 1853 3510 vinculis

100 3538 183 3595 solita
206 3539 347 3596 hactenus
376 3539 503 3596 claustra
527 3541 672 3610 tenebant,
695 3555 786 3598 neca
809 3541 854 3598 sui
874 3541 951 3597 testi·
1002 3552 1070 3610 ergo
1084 3539 1194 3610 quibus
1210 3539 1365 3596 bominum
1380 3541 1416 3596 ad
1431 3540 1554 3611 stipitem
1583 3541 1707 3613 ligatum
1722 3548 1851 3608 neverat,

102 3627 199 3684 monio
216 3628 329 3684 Domini
346 3628 472 3685 Judaicae
486 3643 534 3685 ees
553 3629 700 3687 seditionis
714 3637 809 3687 metus
820 3629 950 3701 arcebat3
1004 3628 1039 3685 de
1053 3628 1153 3699 flagris
1167 3627 1275 3698 quibus
1289 3626 1377 3698 impia
1390 3642 1496 3686 manus
1511 3629 1642 3687 membra
1657 3629 1744 3686 beata
1759 3630 1854 3687 sulca-

102 3715 150 3772 sed
173 3722 235 3772 erat
258 3715 440 3773 considerare
464 3729 512 3772 eos
528 3717 557 3772 in
585 3717 698 3788 populis
724 3717 892 3784 eminentes,
920 3724 951 3774 ut
1003 3725 1093 3785 verat,
1111 3718 1146 3774 de
1160 3716 1258 3786 spineo
1272 3724 1358 3784 serto,
1373 3719 1452 3788 qued
1467 3733 1583 3776 sacrum
1598 3727 1688 3789 caput
1701 3719 1853 3786 ambierat,

101 3804 301 3861 auctoritatem
341 3804 421 3861 verbi
458 3804 603 3861 evidentia
642 3806 773 3863 stationis
810 3803 949 3876 impleret.
1003 3822 1040 3864 ne
1054 3805 1220 3878 ipsocrucis
1243 3802 1321 3876 ligno
1345 3807 1392 3863 cui
1407 3821 1551 3878 appensus
1566 3807 1671 3869 iuerat.
1686 3808 1722 3864 de
1738 3808 1856 3865 camisia

100 3891 175 3960 Quid
199 3893 353 3950 immorer?
376 3894 452 3950 inter
473 3895 626 3965 populares
650 3895 740 3968 igitur
764 3896 864 3953 Petrus
883 3910 951 3952 cum
1003 3896 1232 3968 DeiGcnitricis,
1253 3893 1371 3967 inqua,
1395 3903 1428 3951 ut
1447 3895 1562 3963 dicitur,
1588 3897 1747 3953 Dominum
1770 3897 1857 3952 enixa

100 3981 236 4038 undecim
257 3981 407 4040 invenitur
426 3983 615 4056 irequentius,
640 3984 801 4056 largissimo
821 3984 883 4055 jam
904 3983 950 4039 di·
999 3983 1107 4055 iuerat,
1125 3987 1303 4044 deomnium
1319 3984 1651 4055 induviisapestelorum
1666 3985 1796 4055 ipsorum
1809 3986 1856 4057 pia

101 4070 281 4140 scipulorum
296 4072 475 4130 asseculante
490 4079 646 4141 conventu,
665 4073 753 4130 totius
767 4079 871 4129 nostra
886 4072 950 4129 ildei
1002 4074 1152 4133 devotione
1164 4076 1244 4147 petiit
1255 4082 1283 4132 11
1297 4074 1415 4144 accepit.

100 4165 128 4215 et
143 4159 240 4230 gloriae
262 4161 388 4230 speculo,
411 4176 493 4218 suam
519 4161 559 4219 ibi
582 4162 776 4233 presentiam,
792 4169 821 4219 et
844 4161 950 4219 divinae
1039 4164 1114 4220 oete
1144 4165 1295 4234 Neoigentr‘.
1313 4192 1346 4202 -
1376 4162 1443 4217 liaec
1475 4159 1587 4217 modico
1617 4161 1735 4219 condita
1761 4162 1855 4219 loculo

100 4249 197 4304 carnis
232 4247 426 4307 testimenium
454 4251 621 4321 perhibente
659 4250 758 4307 blaria.
784 4252 860 4315 Ques
896 4263 983 4330 rex„
1002 4267 1099 4310 secum
1122 4252 1197 4322 tulit,
1223 4251 1377 4323 repedandi
1399 4263 1485 4307 curas
1514 4250 1677 4320 insumpsit,
1703 4258 1856 4309 1111111-

101 4337 148 4394 ille
171 4337 363 4405 Britannicus,
387 4339 444 4396 beo
458 4352 525 4397 mox
540 4338 690 4396 delaturus
709 4337 861 4409 primitias,
880 4354 948 4396 eum

101 4425 221 4497 Virgine
242 4425 332 4484 111111
360 4428 545 4498 compellans,
571 4440 674 4484 causas
699 4427 808 4485 itineris
830 4427 871 4485 sic
894 4443 949 4486 ex-

101 4514 228 4584 premit:

136 4603 176 4660 De
205 4604 403 4661 remotissimis
428 4611 513 4661 terrae
530 4605 637 4662 linibus
660 4605 697 4662 ad
725 4619 785 4672 vos,
799 4605 898 4662 Patres
921 4612 948 4662 11

100 4690 219 4760 domini,
248 4693 408 4748 audiendos
439 4707 485 4748 me
512 4693 660 4750 devenisse
691 4693 802 4750 videtis.
825 4694 886 4766 Ego
912 4707 949 4749 ex

100 4779 196 4838 debita
223 4781 403 4838 successione
432 4785 598 4852 parentum·
614 4783 779 4841 Britenibns
811 4783 951 4840 haetenus

101 4868 251 4941 imperari.
282 4869 369 4928 Sacra
399 4884 468 4926 vere
493 4871 597 4941 prisca,
621 4886 687 4943 quae
714 4885 811 4929 errore
837 4877 949 4928 vetusto

100 4957 276 5015 venerabilia
290 4957 410 5027 duxere,
424 4972 491 5015 eum
513 4959 666 5031 bucusque
684 4959 832 5026 coluerim,
848 4959 902 5015 bae
913 4958 950 5015 ab

100 5048 142 5103 eis
155 5061 249 5118 nuper
263 5046 375 5103 ratione
390 5047 506 5104 descivi.
529 5048 601 5105 llum
624 5049 701 5106 enim
722 5048 798 5118 ipsos
818 5047 949 5104 attende-

100 5148 171 5203 rem,
195 5149 269 5206 quos
284 5135 443 5207 antiquitas
458 5136 563 5194 deitate
581 5137 672 5194 indita
686 5136 848 5204 bonoravit,
865 5143 949 5192 teter-

95 5220 190 5288 rimos
210 5220 299 5278 inisse
319 5223 494 5292 mortalium,
518 5232 546 5280 11
567 5231 629 5296 post
648 5237 779 5281 enormes
796 5222 950 5292 spurcitias

102 5316 215 5365 nature
228 5309 323 5366 debita
337 5312 492 5368 exsolvisse
507 5313 714 5384 perpensitans,
731 5310 950 5369 rationabilibus

101 5397 196 5467 reperi
218 5397 391 5467 conjecturis
419 5400 549 5458 homines
570 5401 600 5458 in
621 5400 794 5468 coelestibus,
819 5400 871 5471 qui
894 5400 949 5458 sub

101 5483 171 5540 celo
196 5484 380 5544 terrestribus
400 5488 561 5561 indigentes
574 5489 718 5553 vixerant,
739 5488 799 5547 sola
816 5489 950 5560 opinione

1003 4341 1089 4398 misse
1104 4340 1282 4412 interjacenti
1303 4339 1454 4411 regionum
1471 4338 1572 4409 spatio,
1587 4339 1623 4395 ad
1642 4353 1694 4395 rus
1716 4338 1802 4409 illud,
1827 4342 1855 4397 in

1003 4444 1062 4502 quo
1077 4428 1152 4485 inter
1176 4428 1306 4485 eundum
1331 4427 1473 4499 pausandi
1495 4427 1590 4498 gratia
1612 4426 1708 4484 111111
1732 4441 1856 4485 remora·

1005 4526 1063 4586 tus,
1099 4516 1224 4574 11111111.
1255 4516 1310 4582 Qui
1349 4515 1486 4571 continno
1519 4515 1668 4586 insperata
1705 4524 1857 4587 correptus

1003 4604 1186 4676 egritudine,
1210 4618 1277 4661 cum
1292 4603 1424 4661 cubitum
1449 4617 1478 4659 se
1503 4602 1632 4672 locasset,
1664 4604 1814 4661 revelatur
1831 4606 1855 4661 ei

1003 4693 1034 4749 in
1057 4694 1164 4750 somnis
1191 4693 1269 4764 quod
1297 4692 1402 4749 ibidem
1422 4692 1507 4748 111111
1531 4692 1683 4749 1111111111
1698 4693 1856 4765 vicepra-

1003 4781 1100 4838 sentis.
1124 4780 1236 4837 Dicitur
1250 4779 1337 4836 etiam
1354 4778 1392 4836 illi
1415 4781 1494 4850 quod
1514 4794 1572 4836 non
1595 4780 1667 4837 alias
1694 4796 1788 4853 quam
1811 4783 1856 4839 bic

1003 4870 1133 4926 membra
1159 4869 1223 4941 ejus
1248 4876 1342 4926 essent
1366 4868 1503 4926 habitura
1533 4869 1711 4940 sepulcrum,
1740 4871 1770 4928 in
1800 4886 1855 4943 quo

1004 4965 1101 5016 tamen
1123 4957 1186 5015 illas
1214 4972 1288 5028 quas
1314 4957 1519 5028 Hierosolymis
1546 4971 1564 5013 a
1587 4959 1695 5015 sanctis
1723 4959 1856 5031 apostolis

1003 5055 1152 5118 acceperat
1173 5047 1320 5118 reliquias,
1345 5048 1400 5104 sub
1426 5047 1526 5103 eodem
1555 5047 1660 5118 cespite
1685 5049 1774 5105 sciret
1798 5064 1856 5106 esse

1003 5136 1177 5193 condendas.
1195 5135 1422 5207 Expergeiactus
1440 5134 1625 5202 bomo,ctex
1639 5149 1855 5207 1111111111-

1003 5225 1121 5282 tiatione
1144 5225 1244 5281 mortis
1260 5223 1482 5295 cogitationibus
1501 5222 1562 5294 jam
1585 5223 1733 5281 universis
1754 5227 1855 5282 restri-

1003 5313 1056 5370 ctis
1074 5313 1111 5369 ad
1140 5327 1243 5379 unum,
1270 5312 1325 5368 sub
1353 5325 1403 5382 spe
1428 5319 1570 5368 secuturae
1598 5326 1667 5369 mox
1698 5313 1799 5385 gloriae
1823 5314 1855 5370 de

1003 5401 1139 5458 extremis
1168 5401 1214 5457 sui
1249 5401 1397 5457 cadaveris
1425 5400 1598 5457 utensilibus
1631 5408 1747 5458 tractat.
1777 5402 1854 5458 Diem

1005 5489 1094 5562 igitur
1112 5488 1182 5546 inibi
1201 5488 1310 5559 obiens,
1330 5495 1358 5547 et
1372 5489 1534 5560 depositum
1549 5489 1576 5546 ei
1589 5488 1641 5562 qui
1662 5489 1691 5546 id
1706 5489 1764 5548 sibl
1777 5503 1855 5548 com-
