3818 6008
292 107 524 166 TROPOLOGIAE
543 107 579 166 IN
599 108 695 170 OSEE,
716 109 966 167 otiositates.
995 139 1021 149 -
1041 108 1104 162 llll.
1124 108 1147 162 1.
1169 108 1204 164 ΙΝ
1223 106 1325 165 esde.

1634 108 1686 161 350

57 241 219 312 provenire,
241 248 273 296 ut
287 241 383 297 subita
404 239 561 297 mutatione
575 241 697 297 fortune
712 240 787 295 ami·
805 241 951 308 anitium,
967 240 1044 312 quod
1068 239 1145 296 circa
1158 239 1317 308 seientiam,
1342 253 1408 310 quae
1423 251 1473 308 per
1497 238 1603 304 lanam,
1620 252 1686 308 quae

57 344 94 385 ue
120 337 152 386 ut
175 329 307 384 inimicos
331 330 521 398 experiantur
547 329 683 385 intensos.
709 331 789 386 Unde

71 417 207 487 sairsjam
223 431 276 470 non
300 419 413 481 iraeeait,
434 416 504 486 quia
527 416 697 473 diverticula
720 431 788 486 pra-

57 505 201 560 actionnm
215 512 242 559 et
256 504 429 560 iurtivorum
441 504 622 561 moliminum
637 508 789 576 angiporta

55 592 142 647 udicii
158 592 293 647 iucursus
308 592 456 648 obstrusit.

56 720 61 733 .
90 685 116 734 7.
143 702 205 728 -ι
232 681 267 735 Et
288 681 385 736 dicet:
405 681 526 744 Vadam,
551 691 579 737 et
601 689 730 738 revertar
752 682 788 738 ad

55 781 66 822 ι
89 782 186 823 meum
209 769 432 839 prioremque
457 770 528 825 bone
543 769 614 824 mibi
637 777 698 826 erat
720 780 790 827 tunc

56 870 66 909 s
93 870 182 926 quam
209 871 296 912 nune.
329 879 339 904 ι
372 857 458 924 Dicet,
484 858 616 914 videlicet
642 867 788 929 proponet.

56 987 62 1010 ,
90 946 234 1002 sciliceta
258 947 322 1002 talis
344 948 574 1017 prosperitatulae
598 963 642 1004 mc
670 963 792 1019 occupa-

56 1047 205 1089 tmoveam.
233 1035 280 1088 Ad
302 1038 391 1089 etrum
416 1052 503 1090 mecm
517 1039 635 1105 priorem
657 1045 788 1105 revertor,

56 1121 164 1186 deum,
181 1122 226 1177 cui
254 1124 347 1191 prima
371 1137 443 1191 mea,
469 1139 514 1180 mo
528 1124 645 1195 scilicet,
664 1133 692 1181 et
706 1140 790 1182 omne

56 1224 63 1265 a
88 1224 183 1265 meum
211 1211 309 1278 debeo,
336 1226 381 1267 me
396 1212 531 1281 releram,
554 1226 646 1283 aeuo
668 1214 791 1270 viriliter

61 1299 136 1354 Bene
150 1300 219 1353 mibi
242 1305 300 1353 crol
325 1305 387 1354 tuac
405 1303 493 1369 magis
518 1318 600 1370 quom
615 1317 697 1370 nanc,
720 1303 791 1373 qula

56 1400 91 1441 im
114 1388 240 1456 primum
268 1388 409 1455 ordinem,
426 1398 453 1444 et
477 1390 582 1445 divinae
601 1390 791 1447 institutionis

56 1485 206 1532 enaturae
231 1477 355 1545 deservi,
383 1478 553 1535 multimodo
578 1493 623 1535 me
646 1479 737 1536 errori
762 1487 789 1536 et

57 1577 163 1620 nservi.

56 1654 102 1708 .8.
117 1681 153 1694 -
180 1674 191 1701 ι
218 1653 253 1708 Et
277 1653 338 1708 baec
352 1653 484 1722 nescivit,
509 1654 579 1725 quia
605 1669 661 1726 ego
682 1656 745 1712 dedi
764 1658 790 1713 ei

56 1746 161 1807 autum,
186 1748 212 1797 et
229 1742 341 1810 vinum,
366 1751 394 1798 et
408 1742 513 1798 oleum.
533 1765 543 1791 ι
561 1743 602 1800 Ac
623 1743 645 1798 si
661 1744 788 1802 diceret:

56 1828 206 1885 tiserabilis
229 1830 377 1896 iliadum
400 1841 543 1887 amatores
567 1840 791 1902 prosequeretur

58 1959 66 1985 ,
91 1919 168 1989 qnod
192 1919 246 1975 sibi
260 1928 354 1975 essent
377 1919 405 1975 in
422 1920 574 1977 adeersum
599 1923 792 1978 convertenda

56 2016 70 2062 t.
89 2007 126 2062 At
141 2007 224 2062 modo
247 2021 304 2063 non
321 2007 462 2064 immerito
483 2009 686 2078 postliminium
702 2011 790 2066 medi-

57 2095 128 2166 quia
154 2110 207 2167 ego
222 2096 286 2152 dedi
302 2097 327 2152 ei
353 2111 466 2165 causas,
493 2112 544 2167 pro
572 2099 680 2167 quibus
695 2099 730 2153 ad
747 2113 791 2155 me

75 2192 247 2241 revertatur.
275 2186 463 2241 Frumentum
486 2187 544 2249 dat,
564 2201 630 2242 cunr
653 2187 790 2244 doctrinae

56 2272 76 2327 is
98 2273 233 2328 alimenta
257 2274 409 2330 ministrat.
434 2275 556 2343 Etonia
581 2275 791 2344 predicationis

56 2361 154 2417 :tionis
180 2364 356 2428 exercitatio,
389 2364 450 2418 sine
477 2363 576 2419 divina
604 2364 791 2433 inspiratione

56 2456 177 2516 constat,
202 2450 303 2506 vinum
320 2465 454 2521 supernae
478 2451 639 2507 dulcedinis
662 2453 788 2519 additur,

56 2537 120 2592 teris
141 2537 251 2593 inertiae
266 2546 363 2608 torpor
376 2539 520 2595 abscedat.
540 2541 628 2596 batur
640 2549 667 2595 et
682 2540 788 2608 oleum,

56 2624 201 2696 grediatur
225 2626 354 2681 suavitas
377 2626 535 2683 dilectionis
550 2628 586 2683 ad
613 2628 787 2697 proximum.

56 2721 182 2783 ’gentum
199 2714 388 2783 multiplicavi
407 2716 443 2783 ci,
460 2725 487 2772 et
502 2729 618 2783 ararum,
635 2732 700 2787 eum
717 2717 789 2774 iece-

842 330 990 386 crassioris
1012 336 1125 385 naturae
1140 335 1191 396 est,
1211 327 1389 399 intelligitur,
1410 327 1584 392 babuimus;
1599 333 1628 382 et
1650 325 1687 381 li-

841 433 913 475 num
928 417 1085 474 subtilioris
1107 417 1310 488 intelligentiae,
1327 431 1392 487 quae
1417 417 1557 486 sapientia
1572 414 1687 477 dicitur,

842 507 943 563 bravio
967 505 1074 562 coelesti
1100 505 1284 575 apponderat.
1308 504 1416 560 Lanam
1432 506 1518 561 etiam
1545 512 1573 561 et
1596 503 1687 560 linum

842 595 938 660 librat,
962 593 1080 665 quando
1108 592 1250 663 nitidquid
1277 593 1471 662 temporaliter
1499 600 1550 648 aut
1571 591 1689 657 scimus,

842 692 893 741 aut
917 683 1054 753 sapimus,
1076 681 1161 738 etiam
1178 681 1205 735 in
1223 682 1354 751 praesenti
1378 681 1414 736 ad
1439 680 1487 736 Dei
1511 679 1690 749 contempla-

841 773 946 829 tionem
975 770 1125 840 suspendit
1150 776 1178 825 et
1202 770 1305 825 elevat.
1332 768 1385 826 Cui
1408 775 1571 824 consonat:
1596 789 1607 815 ι
1635 765 1690 832 Qui

842 859 988 938 appendit,
1014 858 1118 929 inquit,
1135 857 1229 913 tribus
1251 857 1356 928 digitis,
1375 858 1401 913 id
1423 864 1465 912 est
1483 871 1579 913 amore
1593 854 1690 911 Trini-

843 949 919 1013 tatis,
944 947 1047 1002 molem
1074 954 1194 1002 terrenae
1219 946 1331 1007 mentis.
1355 955 1382 1002 et
1398 945 1485 1002 librat
1510 946 1539 1001 in
1566 946 1690 1016 pondero

842 1043 954 1091 montes
969 1037 1048 1104 (lsai.
1074 1050 1120 1101 xc,
1138 1035 1193 1105 lb),
1212 1057 1222 1083 ι
1241 1042 1273 1091 ut
1296 1035 1389 1091 sancii
1411 1042 1555 1106 quantum
1581 1016 1714 1100 arnant‚‘

844 1131 956 1179 tantum
980 1123 1084 1180 interni
1109 1124 1219 1193 saporis
1243 1123 1398 1193 accipiant.
1432 1123 1547 1178 Pondus
1574 1122 1691 1179 enima

841 1212 982 1282 pendendo
1005 1212 1120 1279 dicitur,
1144 1219 1172 1267 et
1187 1211 1237 1282 utri
1261 1211 1365 1282 pendet
1382 1212 1416 1267 ad
1442 1211 1551 1282 aliquid
1568 1209 1691 1266 inclina·

844 1310 902 1364 tur,
926 1302 1003 1358 unde
1024 1303 1116 1373 etqui
1140 1311 1219 1358 amat
1233 1302 1349 1372 pendere
1367 1300 1482 1356 dicitur.
1506 1301 1571 1355 Haec
1585 1301 1690 1369 operie-

844 1391 909 1444 bant
928 1393 1106 1458 a'paominiom
1120 1393 1190 1460 ejus,
1207 1392 1276 1462 utria
1298 1405 1356 1461 quo
1372 1389 1464 1459 major
1479 1388 1624 1458 aliquibus
1638 1401 1692 1442 ex-

843 1479 945 1536 uberat
971 1479 999 1535 in
1017 1480 1148 1548 prasenti
1173 1480 1289 1547 astutia,
1314 1492 1347 1533 eo
1367 1476 1482 1533 licentia
1505 1475 1641 1546 peccandi
1655 1490 1692 1531 ea

846 1568 1016 1625 eruditionis
1037 1567 1180 1624 velamine
1206 1568 1298 1639 magis
1323 1565 1365 1623 cis
1387 1567 1478 1622 inesse
1502 1565 1616 1620 videtur
1639 1578 1692 1620 au·

845 1657 981 1713 theutica.

881 1746 966 1802 Vnns.
983 1747 1025 1800 iti.
1038 1766 1100 1794 -ι
1119 1746 1154 1800 lit
1169 1752 1238 1800 tune
1261 1742 1394 1800 revelabo
1416 1740 1566 1799 stultitiam
1586 1741 1650 1812 ejus
1664 1739 1693 1794 in

847 1832 969 1889 »oculis
997 1842 1160 1890 amatorum
1181 1834 1255 1904 ejus,
1283 1839 1311 1889 et
1335 1832 1379 1887 vir
1394 1847 1451 1887 nnn
1477 1837 1558 1887 eruet
1580 1843 1643 1886 eam
1660 1828 1694 1884 de

846 1936 965 1978 »manu
984 1935 1056 1978 mea.
1088 1922 1200 1978 »Nunc
1215 1921 1362 1978 revelatur
1386 1919 1507 1977 stultitia
1521 1918 1595 1990 ejus,
1623 1917 1694 1988 quia

844 2010 872 2065 in
888 2009 950 2080 ipso
965 2010 1162 2066 conversionis
1181 2010 1245 2080 ejus
1260 2024 1335 2065 novo
1352 2017 1429 2065 statu
1451 2016 1613 2063 amatorum
1630 2005 1693 2076 eius

843 2099 943 2162 oeulis,
964 2098 1048 2154 idest
1070 2098 1202 2154 sensibus
1225 2097 1343 2169 intelligi
1359 2098 1456 2163 datur,
1480 2096 1550 2167 quia
1564 2095 1692 2151 studium

844 2186 915 2244 illud
936 2187 1133 2243 inordinatum
1155 2180 1183 2242 et
1199 2186 1394 2256 incompetens
1416 2192 1488 2249 erat,
1515 2185 1592 2255 quod
1614 2190 1693 2239 tanta

843 2276 992 2332 severitate
1018 2275 1221 2332 contemnitur.
1247 2274 1325 2331 Nulli
1351 2274 1425 2329 enim
1449 2272 1587 2342 improvis
1612 2272 1692 2325 viva-

842 2366 920 2421 ciora
932 2364 1065 2434 exempla
1089 2371 1264 2434 proponunt,
1282 2376 1369 2433 qiram
1386 2362 1437 2432 qui
1457 2376 1508 2431 pro
1524 2362 1579 2416 Deo
1595 2359 1630 2414 ab
1645 2373 1693 2414 eo·

843 2468 908 2510 rum
934 2454 1098 2510 illecebrosa
1121 2453 1253 2508 socictate
1275 2450 1445 2507 desciscunt.
1471 2449 1523 2507 Vir
1545 2448 1579 2503 de
1604 2461 1692 2503 manu

844 2543 893 2598 Dei
909 2557 972 2598 eam
994 2557 1051 2598 non
1065 2543 1149 2604 eritit,
1174 2540 1244 2611 quia
1265 2539 1364 2595 nullus
1379 2538 1448 2594 adeo
1470 2538 1558 2592 vivax
1573 2535 1692 2592 rationis

843 2639 885 2687 est
901 2638 1004 2696 motus,
1029 2630 1080 2700 qui
1104 2637 1202 2685 contra
1217 2629 1385 2699 ingruentes
1405 2626 1482 2682 cordi
1504 2626 1568 2696 eius
1591 2623 1690 2680 aeterui

841 2719 943 2791 judieii
960 2719 1053 2775 minas
1063 2716 1229 2774 excusabile
1241 2716 1350 2786 aliquid
1368 2714 1448 2785 loqai
1462 2713 1557 2782 possit.

57 2801 133 2856 baal.
157 2802 336 2869 narcoticum
363 2803 543 2873 multiplicat,
570 2819 636 2860 cum
657 2805 829 2878 Scripta-(3
880 2806 964 2863 Vens.
983 2810 1025 2873 lt,
1053 2809 1094 2861 lt.
1110 2828 1172 2854 -r
1200 2806 1235 2860 Et
1249 2819 1360 2860 cessare
1383 2803 1485 2860 luciam
1507 2816 1592 2857 omne
1615 2814 1691 2871 gau·

56 2889 215 2955 scientiam,
229 2891 290 2944 sive
304 2891 440 2946 doctrinae
450 2891 604 2947 ellicaciam
619 2906 790 2964 coaugmen-

56 2993 121 3031 irum
144 2992 262 3047 quoi‘pue
276 2979 374 3034 eadem
400 2979 533 3050 largitate
555 2991 706 3050 praerogat,
722 2997 789 3038 eum

59 3080 214 3135 pernarum
247 3067 388 3133 notitiam,
419 3075 469 3123 ant
498 3069 564 3124 vitae
591 3069 788 3126 excellentiam

60 3154 149 3210 istrat.
168 3156 232 3210 Haec
247 3156 392 3225 qttondam
410 3156 475 3210 Bnal
500 3156 637 3221 lecerunt,
654 3159 724 3228 cruia
741 3174 790 3228 per

81 3241 201 3313 gloriam
220 3244 249 3298 in
266 3243 407 3300 diabolica
426 3245 543 3300 serritia
558 3246 677 3302 abusive
693 3255 789 3303 trans-

56 3336 81 3386 il.

67 3418 268 3488 propheticum
284 3434 401 3484 morem,
427 3435 514 3490 otram
540 3421 622 3478 laeile
636 3422 670 3478 de
684 3423 789 3495 singu-

69 3506 221 3576 pluralem,
238 3508 273 3563 de
294 3507 398 3577 plurali
420 3509 455 3563 ad
471 3510 658 3579 singularem,
675 3513 709 3567 de
730 3527 789 3581 per·

56 3610 142 3664 torpete
158 3597 192 3649 ad
217 3609 367 3664 personam
383 3597 542 3653 delabatur.
561 3599 641 3654 Unde
655 3600 790 3669 superius

64 3685 173 3751 spiam
206 3686 292 3737 citum
320 3689 405 3749 tuero,
436 3686 558 3756 subjecit
586 3700 650 3741 nina
679 3692 788 3742 semitas

56 3786 78 3824 m
101 3773 226 3826 irriteniet.
254 3773 289 3827 Et
315 3773 360 3828 bic
386 3789 452 3829 carm
481 3790 511 3829 sc
537 3789 560 3829 er
587 3775 789 3844 multiplicasse

72 3860 198 3927 diceret,
234 3861 467 3932 subdidittquae
496 3864 644 3935 lecerunt„
674 3864 787 3934 inquit,

56 4077 60 4090 .
78 4038 105 4090 9.
120 4066 154 4075 -
172 4056 184 4082 ι
200 4036 308 4092 ideirco
321 4046 482 4103 convertar,
497 4048 524 4093 et
538 4053 650 4094 sumam
665 4039 790 4095 {rumen-

844 2895 955 2951 »dium
979 2895 1052 2966 ejus,
1076 2893 1284 2950 solemnitatem
1311 2893 1384 2962 eius,
1409 2891 1589 2947 neomeniam
1614 2891 1688 2959 ejus,

845 2983 1028 3039 »Sabbatum
1052 2983 1125 3053 eius,
1150 2991 1177 3038 et
1193 2981 1290 3036 omnia
1315 2981 1386 3037 leste
1409 2988 1536 3049 tempora
1561 2979 1636 3048 ejus
1656 2978 1689 3032 Et

844 3093 855 3119 »
874 3084 1056 3140 corrumpam
1080 3071 1192 3126 vineam
1208 3070 1281 3140 eiua,
1296 3077 1324 3125 et
1347 3068 1431 3125 sicum
1447 3069 1510 3139 ejus
1532 3065 1689 3135 dequibus

845 3161 947 3215 »dixit
968 3173 974 3214 :
998 3159 1138 3215 llercedes
1167 3160 1219 3224 bae,
1247 3172 1316 3213 mese
1338 3164 1415 3223 sunt,
1445 3169 1519 3227 quas
1547 3154 1689 3210 dederunt

845 3248 944 3303 »mibi
966 3255 1109 3303 amatores
1132 3249 1226 3301 mel·
1256 3250 1337 3302 Omrte
1358 3245 1488 3314 guardiam
1513 3243 1571 3314 ejas
1586 3256 1689 3297 cessere

842 3337 919 3401 lacit,
950 3350 1017 3392 cnm
1039 3335 1181 3406 quidquid
1208 3335 1310 3404 ineptae
1334 3334 1437 3389 letitiae
1455 3346 1492 3388 en
1516 3330 1689 3388 instantibus

842 3424 985 3494 prosperis
1007 3432 1126 3480 eatenus
1150 3423 1302 3493 colligebat
1327 3423 1386 3477 solo
1410 3421 1604 3492 lacrymarum
1634 3433 1689 3490 ap-

842 3513 932 3582 petitu
952 3512 1089 3581 clespuit:
1110 3534 1120 3560 ι
1138 3513 1278 3578 Fuerunt,
1299 3510 1444 3580 inquiens,
1459 3509 1593 3579 lacrymae
1608 3520 1687 3573 meae,

842 3614 931 3670 panes
954 3600 999 3656 die
1023 3614 1056 3657 ao
1080 3609 1161 3655 nocte
1176 3600 1259 3665 (Paul.
1277 3614 1334 3664 xci,
1350 3598 1387 3664 l).
1416 3596 1612 3651 »solemnitas
1625 3595 1689 3663 ejus

842 3697 943 3755 cessat,
965 3703 1031 3745 cum
1047 3688 1136 3758 hirjus
1151 3688 1252 3744 muudi
1267 3685 1432 3757 spectacula
1446 3685 1506 3755 jam
1519 3692 1547 3739 et
1561 3682 1688 3738 celeber-

842 3777 940 3843 rimos,
959 3777 1010 3846 uui
1034 3778 1133 3833 oculos
1148 3777 1292 3844 praecipue
1312 3787 1427 3844 pascere
1441 3772 1544 3839 solent,
1559 3784 1688 3826 convon-

843 3875 889 3921 tus
905 3866 1026 3936 ignorat.
1040 3865 1195 3921 Neomenia
1211 3877 1337 3934 quoque,
1356 3876 1421 3932 quae
1436 3875 1512 3916 nova
1532 3861 1601 3915 luna
1616 3858 1690 3914 dici-

842 3961 900 4020 tur,
917 3953 1104 4023 conqrriescit‚
1129 3952 1200 4022 quia
1224 3951 1305 4007 nulla
1326 3959 1487 4019 temporum
1512 3948 1634 4005 mutatio
1654 3947 1689 4004 de

842 4041 970 4097 adversis
992 4041 1109 4105 scilicet,
1130 4055 1196 4110 quae
1212 4053 1301 4109 supra
1322 4038 1484 4104 retulimus,
1502 4037 1530 4092 in
1553 4050 1689 4106 prospera

57 4126 198 4181 meumin
226 4132 351 4194 tempore
380 4141 441 4194 suo,
467 4134 494 4182 et
517 4127 616 4183 vinum
643 4142 738 4183 meum
759 4128 787 4184 in
807 4118 966 4186 Dmentem
998 4129 1062 4200 eius
1090 4129 1120 4184 in
1157 4142 1236 4198 spem
1270 4127 1385 4182 inanem
1413 4126 1507 4198 erigit.
1533 4125 1689 4182 Sabbatum

56 4227 97 4270 tre
119 4228 181 4280 stro,
207 4222 235 4269 et
251 4214 378 4271 liberabo
405 4215 502 4271 lanam
529 4229 632 4282 meam,
647 4224 675 4272 et
697 4217 787 4273 linum

56 4317 78 4368 a,
94 4316 160 4371 quae
173 4303 339 4371 operiebant
355 4304 544 4374 ignominiam
560 4307 633 4375 ejus.
653 4329 663 4355 ι
683 4307 790 4361 idcirco

58 4404 103 4459 ur,
128 4391 198 4461 quia
211 4406 247 4447 ex
264 4401 409 4448 tantorum
427 4408 592 4461 munerum,
611 4409 677 4463 aare
690 4394 715 4450 ei
733 4395 788 4450 im-

56 4487 85 4546 tt,
105 4480 333 4537 consideratione
355 4480 522 4538 reflectitur.
549 4482 629 4538 Unde
645 4484 746 4539 crebro
762 4483 787 4539 ei

59 4582 103 4636 us,
125 4576 158 4624 ut
178 4573 247 4624 1⁸8
262 4584 321 4636 eos,
347 4585 398 4639 pro
413 4571 520 4640 ortibus
545 4585 660 4640 passum
683 4587 712 4627 se
727 4587 787 4628 me-

59 4656 200 4713 diabolica
223 4673 281 4713 non
311 4659 387 4715 sinat
413 4659 514 4715 iraude
539 4660 668 4715 lacerari.
696 4660 788 4717 Sumit

56 4749 105 4798 tum
120 4760 199 4798 snum
222 4748 251 4799 ia
266 4752 383 4815 empore
395 4761 453 4810 sno,
470 4761 536 4802 cum
552 4748 680 4803 divinam
696 4748 787 4803 scien·

56 4847 93 4888 on
117 4847 176 4904 orta
198 4835 383 4902 abutebatur,
407 4835 453 4890 sed
477 4849 561 4891 suam
585 4845 743 4904 conservat,
760 4844 789 4893 et

67 4923 308 4978 remunerandam
325 4923 508 4990 aeternaliter,
527 4924 604 4994 ‹prrod
619 4932 661 4980 est
675 4928 704 4978 ia
720 4931 788 4978 tem-

56 5025 74 5063 r.
95 5010 133 5065 De
156 5024 214 5079 quo
229 5011 358 5067 dicitur:
379 5035 389 5060 ι
407 5013 532 5081 Tempus
548 5027 642 5068 meum
660 5013 788 5068 nondum

82 5099 168 5167 (tona.
199 5115 248 5163 sn,
275 5101 310 5165 6).
343 5123 353 5149 ι
386 5102 435 5156 Est
462 5110 558 5156 autem
589 5108 701 5171 tempus
728 5103 789 5157 sine

56 5200 73 5251 t,
99 5200 150 5256 pro
173 5187 287 5253 seculo,
316 5188 361 5244 vel
391 5196 469 5244 statu
492 5203 550 5243 non
574 5202 627 5259 pro
652 5191 790 5246 varietate

56 5290 74 5332 ι.
91 5275 131 5330 De
147 5275 212 5331 eino
229 5284 257 5333 ct
276 5283 404 5347 ternpore
419 5277 483 5347 ejus
498 5277 572 5333 idem
586 5277 717 5334 sentitur.
737 5281 789 5333 lo·

56 5377 99 5420 am
114 5371 142 5420 et
157 5365 242 5419 tiaram
257 5379 345 5422 suum
356 5366 432 5422 Deus
447 5365 557 5432 liberat,
574 5367 693 5437 quando
706 5381 789 5423 exer-

841 4220 943 4275 deinde
964 4219 1134 4286 destruitur,
1159 4217 1276 4288 quando
1296 4220 1394 4286 torpor
1415 4223 1443 4272 et
1458 4216 1548 4271 otium
1568 4215 1605 4271 ab
1626 4215 1691 4285 eius

840 4307 1012 4378 cogitatione
1027 4307 1176 4363 recutitur.
1188 4306 1298 4361 Etenim
1312 4294 1575 4361 Nabuchodonosor
1587 4303 1688 4364 otium,

839 4397 925 4467 juxta
949 4394 1089 4462 Ezechiel,
1117 4394 1306 4451 sabbatorum
1334 4392 1464 4448 imitatur
1485 4392 1598 4460 (Ezeclt.
1628 4406 1688 4456 xxi,

840 4487 895 4549 23).
911 4483 1014 4540 Omnia
1029 4482 1099 4538 lesta
1115 4490 1245 4551 tempora
1259 4480 1322 4550 eius
1336 4481 1501 4550 sopiuntur,
1518 4480 1586 4535 dum
1604 4480 1688 4549 quid·

841 4572 912 4643 quid
939 4571 968 4626 in
991 4571 1044 4627 boc
1060 4570 1165 4625 saeculo
1185 4568 1347 4640 jocundum
1372 4574 1400 4623 et
1414 4569 1539 4638 optabile
1563 4566 1689 4624 suboriri

842 4667 932 4732 potest
958 4660 987 4715 in
1013 4660 1076 4729 eius
1104 4658 1261 4713 intentione
1285 4656 1480 4713 commoritur.
1511 4656 1603 4711 Vinea
1626 4656 1690 4727 ejus

841 4749 1049 4818 corrumpitur,
1077 4747 1195 4818 quando
1217 4760 1297 4803 amor
1318 4745 1426 4810 secoli,
1447 4758 1483 4801 ex
1503 4759 1562 4814 quo
1587 4745 1688 4800 viuum

844 4839 930 4894 totius
944 4836 1095 4893 dementiae
1111 4836 1256 4902 bauserat,
1281 4836 1386 4906 ineius
1407 4833 1572 4905 praecordiis
1586 4833 1688 4889 exstir-

843 4933 937 4996 patur.
962 4925 1041 4982 Sicut
1064 4925 1140 4981 enim
1157 4925 1259 4980 domus
1283 4924 1369 4979 lsrael
1385 4923 1470 4979 cinea
1498 4923 1547 4978 Dei
1571 4922 1688 4989 dieitur,

843 5015 882 5070 ita
902 5029 918 5070 e
939 5014 1052 5070 diverso
1071 5013 1156 5069 vinea
1171 5011 1372 5076 Sodomorum,
1396 5018 1424 5068 ct
1439 5012 1510 5067 alias
1530 5011 1614 5067 vinea
1630 5020 1691 5067 ter-

843 5117 881 5160 rae
898 5103 1069 5173 appellatur.
1088 5103 1172 5158 Ficus
1185 5115 1301 5172 quoque
1320 5101 1526 5171 corrumpitur,
1542 5114 1608 5172 quae
1622 5114 1692 5156 suc-

842 5207 890 5249 cos
914 5192 1026 5258 lacteos,
1053 5206 1207 5261 ramosque
1233 5198 1345 5247 teneros
1368 5189 1475 5245 babere
1500 5189 1689 5259 dignoscitur,

842 5292 908 5335 cum
926 5293 1017 5349 prara
1031 5294 1117 5350 penes
1131 5277 1279 5344 seculum,
1296 5278 1340 5333 vel
1358 5285 1500 5347 parentes
1516 5292 1582 5348 quae
1599 5278 1691 5334 licum

842 5368 974 5439 postponi
998 5369 1088 5436 docet,
1113 5366 1258 5424 adectioa
1278 5366 1364 5423 corde
1388 5366 1528 5437 rejicitur.
1553 5365 1634 5422 lianc
1654 5366 1691 5422 ll-
