3818 6008
522 194 700 254 suntnihil
721 196 755 255 ΙΝ
773 195 925 256 ddhusm
947 197 1012 255 tta.
1033 197 1086 254 ttt.
1663 201 1697 254 ab

56 344 208 402 urumque
236 328 363 399 interest,
393 343 411 388 a
439 331 560 390 terrenis
591 332 713 406 negotiis
738 333 793 392 eli·
812 339 933 405 sopore
947 333 1141 406 quiescamus,
1157 343 1186 393 et
1206 341 1326 406 septem,
1344 333 1428 393 idest
1449 349 1565 408 corpus,
1586 343 1614 394 et
1632 333 1696 394 ani·

848 437 924 479 marn
940 430 1065 480 nostram
1081 423 1239 494 septiformi
1254 423 1354 496 gratia
1379 423 1569 497 subigamus3
1590 440 1697 497 corpus

56 524 71 563 ι.
99 510 141 563 tt.
166 511 273 565 -Foe
296 509 456 564 tibiurenm
479 508 513 564 rte
540 510 623 578 thinis
645 511 792 580 lanigeris,
847 511 935 578 eninr,
966 519 998 568 ut
1012 512 1084 568 alias
1099 513 1238 580 diximus,
1268 519 1397 582 quatuor
1410 512 1568 581 elementis,
1597 514 1697 571 arrima

56 599 151 653 ncntm
175 600 205 652 in
218 600 386 665 mensarios
412 603 439 653 et
451 599 583 653 bitumine
598 600 677 655 timim
690 602 792 656 intm'n·
848 600 942 657 tribus
967 600 1176 673 principalibus
1204 601 1329 658 motibus
1349 609 1471 671 constat,
1503 617 1569 674 qum
1585 603 1697 661 iaciunt

56 688 261 742 tentabamus.
288 686 363 743 Arca
383 686 490 742 dicitur
513 687 549 744 ah
569 688 694 756 arcendo,
720 689 794 746 sicut
847 694 966 759 septem.
985 688 1057 745 Cum
1084 688 1173 761 igitur
1197 703 1248 745 uos
1273 689 1361 757 intus,
1388 697 1416 746 et
1438 697 1521 746 extra
1549 690 1695 760 spirituali

56 774 139 831 arcis.
157 774 290 831 Facimus
304 774 392 846 igitur
414 790 518 843 arcum,
528 790 595 831 cum
608 774 694 831 talem
709 789 791 845 para·
848 774 947 845 gratiae
957 774 1165 841 addixerimus,
1179 783 1249 832 tuuc
1263 776 1378 832 demum
1389 775 1427 832 ad
1438 775 1519 832 illum
1535 790 1626 833 uuum
1639 784 1696 833 toto

56 862 256 928 (inscientiam,
292 878 358 932 quse
386 876 404 919 a
435 878 465 919 se
494 863 625 933 impuros
651 863 794 935 appetitus
847 877 944 919 amma
957 863 1155 920 contuendum
1167 864 1587 935 magnacordisamplitudiue‚
1605 866 1696 923 licum

78 959 107 1009 et
128 952 180 1021 piae
211 950 368 1008 voluntatis
395 953 526 1022 operisve
550 953 720 1022 mysterium
738 953 794 1010 suh
848 952 954 1008 scilieet
968 951 1126 1008 veniemus.
1146 953 1299 1023 Postquam
1314 953 1513 1023 itaqueiuDei
1534 948 1707 1025 cognitione

57 1040 125 1112 igno
146 1041 278 1097 retineat.
316 1040 368 1097 Sed
400 1041 461 1098 haec
485 1041 519 1096 de
547 1044 630 1110 lignis
661 1044 794 1111 levigatis
849 1039 1086 1108 laboraverimus,
1107 1041 1300 1097 necessarium
1337 1048 1389 1109 est,
1407 1048 1439 1098 ut
1462 1042 1549 1098 etiam
1578 1041 1697 1112 triginta

57 1136 114 1193 tur,
133 1143 201 1185 cum
236 1129 393 1186 virtutihus
425 1139 545 1187 terrente
570 1131 664 1188 laudis
686 1146 792 1198 amore,
848 1127 1009 1185 altitudinis
1027 1128 1140 1185 cubitos
1173 1128 1202 1184 iu
1228 1128 1317 1185 nostri
1341 1130 1568 1187 consideratione
1591 1130 1697 1187 metia-

59 1230 132 1288 squc
156 1216 314 1274 allectionis
338 1217 411 1274 mole
434 1218 530 1275 erutis
544 1217 718 1275 conscientia
738 1219 794 1276 snt·
848 1231 928 1283 mur;
944 1217 1035 1273 sexies
1049 1218 1132 1288 quini
1145 1216 1263 1289 triginta
1278 1218 1361 1274 tlurrt.
1378 1219 1431 1275 Per
1444 1220 1591 1274 senarium
1628 1233 1697 1276 vero

56 1319 78 1361 r.
107 1307 315 1361 ttnnratnncnme
339 1307 368 1367 in
392 1320 460 1362 arca
485 1307 616 1371 tacimus,
631 1321 699 1363 cum
725 1322 795 1378 qua·
849 1318 1013 1374 numerum,
1029 1305 1162 1374 perfectio
1176 1307 1329 1376 accipitur,
1345 1307 1417 1377 quia
1429 1307 1505 1364 Deus
1525 1323 1576 1364 sea
1596 1307 1698 1365 diebus

56 1403 253 1451 assuetarum
274 1393 481 1465 professionum
500 1395 644 1466 proposita
666 1395 795 1453 institui·
848 1407 904 1450 sua
919 1394 1036 1465 perfecit
1051 1408 1157 1465 opera3
1172 1401 1199 1451 et
1215 1395 1271 1450 hoc
1288 1394 1349 1466 ipso
1364 1396 1449 1452 bomo
1471 1394 1580 1468 signari
1595 1403 1695 1466 potest,

57 1496 109 1539 um
133 1496 261 1553 namque
282 1483 311 1539 in
326 1483 447 1539 adversa
465 1483 665 1553 praestruimus
689 1484 796 1553 patieu-
848 1481 899 1551 qui
916 1481 962 1537 die
974 1481 1066 1538 tactus
1080 1488 1122 1537 est
1135 1489 1216 1538 sexta
1233 1496 1239 1536 :
1258 1495 1308 1552 per
1333 1480 1503 1553 quinarium
1529 1481 1698 1554 intelligitur

56 1570 794 1643 ttadlibidinessanctimoniamsicquequihusque
851 1570 963 1626 forense
985 1569 1135 1640 ingenium
1173 1570 1210 1626 ob
1236 1569 1367 1626 notitiam
1388 1569 1520 1642 quinque
1543 1583 1697 1639 sensuum3

56 1659 169 1717 coiecto
186 1659 350 1716 invenimus
375 1660 450 1716 iutra
467 1675 518 1717 nos
532 1660 567 1715 ad
586 1660 793 1731 singulaque
814 1636 1011 1715 Bcontinetur
1025 1662 1120 1715 autem
1147 1665 1190 1714 ter
1206 1659 1234 1714 in
1265 1658 1421 1731 trigenario
1441 1657 1588 1716 denarius.
1618 1658 1698 1726 Quod

59 1756 124 1805 veat
152 1747 305 1819 fugientes,
334 1749 452 1805 domum
490 1749 605 1805 iactam.
629 1749 795 1806 Notandum
849 1754 941 1802 totum
963 1753 1005 1802 est
1034 1762 1084 1803 uos
1112 1747 1218 1804 debere
1257 1747 1408 1804 exterioris
1452 1747 1580 1804 bominis
1608 1746 1697 1804 nostri

56 1837 105 1893 rod
121 1844 149 1892 et
162 1836 371 1893 mansiuncula
386 1852 403 1893 a
425 1837 567 1902 movendo,
583 1845 612 1894 et
624 1838 795 1895 diminutive
848 1836 996 1892 scientiam
1010 1837 1047 1893 ad
1074 1835 1235 1893 contuitum
1260 1836 1360 1907 primae
1389 1846 1492 1894 nostra
1520 1835 1650 1908 originis,
1666 1849 1700 1891 ac

56 1937 98 1981 ur.
122 1924 155 1979 lu
171 1924 317 1980 mansione
337 1939 406 1996 ergo
421 1932 499 1981 certa
514 1923 682 1996 stabilisque
698 1939 795 1995 perse·
849 1924 996 1996 dignitatis
1023 1932 1189 1981 convertere
1212 1931 1239 1981 et
1277 1924 1490 1997 cogitationem,
1527 1924 1697 1982 locutionem

56 2013 91 2079 la,
120 2015 150 2068 iu
177 2011 368 2069 diminutione
407 2013 555 2070 humilitas
584 2014 735 2084 accipitur,
767 2013 795 2070 iu
849 2013 1103 2084 operationemque
1127 2013 1321 2085 diviumlegis
1345 2012 1699 2085 praeceptisquaedeoem

56 2101 217 2157 .adorune
236 2101 378 2172 ingruens
402 2102 711 2173 periculumconstant
734 2102 795 2158 dis·
850 2102 997 2169 dicuutur,
1028 2101 1185 2158 instituere.
1223 2102 1352 2159 Altitudo
1382 2117 1451 2174 ergo
1489 2103 1550 2158 haec
1585 2116 1700 2159 summa

60 2189 204 2262 prolugia.
244 2191 378 2246 bitumine
421 2190 522 2247 linitur
559 2190 732 2257 intrinsecus,
769 2199 796 2248 et
851 2197 954 2246 nostrae
969 2189 1140 2246 conditionis
1160 2197 1213 2260 est,
1236 2191 1283 2248 cui
1311 2191 1411 2247 crebro
1439 2191 1576 2248 debemus
1603 2191 1698 2247 inteu-

56 2294 128 2344 ecaa,
151 2279 220 2348 quia
251 2278 400 2336 charitatis
425 2280 521 2351 gratia
538 2280 589 2336 etsi
605 2279 733 2337 exterius
747 2280 794 2337 bc·
850 2278 926 2345 dere,
939 2291 1027 2349 quam
1044 2278 1200 2348 perlectae
1222 2279 1280 2335 Deo
1300 2280 1375 2334 tacta
1387 2279 1432 2335 sit.

72 2367 212 2437 proximis
236 2368 405 2437 impertitur,
431 2382 489 2424 non
516 2376 610 2425 tannen
639 2367 795 2425 introrsum
887 2366 972 2424 Vsus.
990 2369 1032 2421 lli.
1049 2395 1084 2407 -
1100 2367 1255 2421 Fenestrnm
1277 2369 1535 2435 intercatiensem
1552 2370 1582 2421 in
1609 2366 1699 2422 cubito

56 2455 220 2513 charismate
260 2463 426 2512 sanctorum
461 2456 577 2513 animus
611 2457 795 2525 exirraoitur;
851 2457 1047 2511 correnmmobis
1067 2459 1249 2513 summitatem
1277 2458 1346 2528 ejus.
1376 2459 1510 2514 Fenestra
1545 2457 1576 2513 iu
1598 2457 1698 2513 domos

56 2544 370 2616 eutiaquippe,juxta
391 2546 570 2615 Apostolum,
594 2544 731 2613 exterius,
753 2545 816 2614 in„
851 2545 963 2602 admitti
988 2552 1016 2602 et
1042 2545 1157 2602 excludi
1179 2546 1249 2602 solet
1275 2546 1389 2614 lumem
1429 2559 1480 2616 per
1503 2544 1581 2616 quod
1609 2551 1699 2615 potest

67 2640 212 2703 quantum
241 2634 276 2689 ad
312 2633 530 2690 unanimitatem
568 2633 669 2689 attinet
687 2633 796 2703 ,lttebm
851 2633 983 2691 discretio
998 2633 1193 2690 nonahsurde
1208 2633 1339 2705 intelligi,
1354 2641 1453 2705 quaet
1473 2633 1583 2690 malum
1608 2633 1699 2690 ratio·

56 2725 82 2788 t),
98 2720 140 2778 uti
159 2722 362 2779 communione
382 2737 439 2778 uon
460 2720 682 2789 obliviscuntur,
708 2722 796 2778 alter·
852 2722 974 2778 cinando
989 2722 1163 2792 repellimus,
1182 2723 1349 2794 bonumque
1377 2723 1467 2794 digna
1480 2722 1617 2780 electione
1632 2720 1717 2779 reci·¹

72 2823 201 2879 namque
228 2810 290 2866 sine
318 2810 418 2880 altero,
444 2818 623 2881 alaparum,
650 2817 700 2869 aut
726 2810 797 2867 nibil
853 2810 957 2882 pimus.
976 2811 1214 2868 llaeuousolum
1230 2810 1371 2878 tenebras,
1395 2811 1607 2876 sedatiumen,
1632 2822 1698 2865 cunt

56 2905 158 2954 tumen
188 2906 285 2954 autem
300 2898 408 2954 terracia
436 2898 590 2955 admodum
607 2907 719 2955 naturae
744 2906 796 2965 est,
817 2899 949 2987 colticit,
960 2912 1101 2967 arcemus,
1118 2900 1265 2969 triniacum
1276 2915 1313 2956 ex
1326 2900 1463 2956 mensoria
1476 2899 1619 2956 bonorum
1633 2911 1699 2967 quae

56 2998 176 3056 raquas
196 2986 408 3056 indissolubile;
432 2987 605 3057 obsequium
621 2987 697 3044 eninr
724 2987 799 3057 parit
851 2987 965 3058 egimus
981 2986 1074 3056 inepta
1089 2987 1195 3052 laetitia.
1222 3003 1274 3044 seu
1295 2988 1400 3044 ilducia
1416 2988 1499 3044 uobis
1527 2985 1697 3053 innascitur,

56 3072 137 3130 ,rahit
155 3073 210 3130 sibi
226 3074 342 3140 arrricos,
371 3082 399 3131 et
413 3075 540 3131 charitas
559 3089 626 3130 cum
642 3075 798 3131 terribilem
854 3082 1036 3145 peccatorum
1047 3080 1177 3131 veterum
1193 3076 1230 3132 ad
1244 3076 1375 3133 animum
1392 3076 1501 3133 incutio
1519 3074 1603 3146 quasi
1618 3088 1697 3144 quae-

56 3168 221 3218 sauctorum
246 3169 380 3228 menum,
410 3170 441 3219 ut
455 3163 615 3219 ordinatam
639 3170 798 3219 castrorum
852 3164 919 3220 darn
934 3163 1039 3220 umbra
1054 3163 1154 3219 merito
1168 3173 1330 3222 revocatur.
1348 3166 1434 3230 Ponte,
1450 3164 1491 3221 ait
1504 3164 1604 3230 isaias,
1619 3164 1699 3232 quusi

71 3249 151 3306 nullo
166 3250 302 3307 vitiorum
325 3250 464 3321 impulsu,
484 3251 529 3306 vel
547 3251 632 3308 iluxu
658 3250 799 3321 irrumpi·
851 3258 954 3307 noctem
983 3252 1107 3306 ambrum
1132 3257 1206 3308 tuum
1232 3253 1297 3324 (teu.
1334 3267 1392 3318 ιιι,
1422 3252 1459 3323 3).
1489 3251 1572 3308 Creat
1610 3249 1696 3306 etiam

56 3335 99 3394 ria
117 3351 184 3394 vero
206 3344 234 3394 et
258 3338 387 3395 bitumen
404 3353 441 3395 ex
464 3339 531 3395 limo
552 3346 604 3406 est,
629 3339 800 3396 humilitatis
852 3350 939 3410 super
954 3354 1068 3397 omnem
1087 3340 1182 3397 locum
1211 3340 1316 3397 montis
1338 3340 1407 3397 Sion
1427 3340 1533 3398 nubem
1557 3352 1608 3409 per
1620 3337 1697 3394 diem

61 3426 217 3498 liguratur,
234 3440 293 3497 qua
304 3427 402 3483 omnia
412 3427 483 3484 berre
497 3436 559 3483 acta
576 3428 762 3484 erudiuntur.
854 3429 938 3495 Deus,
956 3428 986 3484 iu
1008 3427 1105 3486 cubito
1119 3430 1271 3485 summitas
1294 3430 1398 3486 borum
1413 3428 1543 3485 omnium
1559 3441 1698 3484 cousum-

56 3530 77 3571 ι.
99 3518 142 3570 ts.
158 3546 193 3556 -
209 3518 396 3572 Trecentornm
416 3517 567 3572 arbitrorum
583 3519 636 3573 em't
660 3518 799 3586 longitude
853 3522 960 3582 matur,
977 3515 1048 3586 quia
1067 3515 1096 3571 in
1112 3517 1211 3586 requie
1225 3517 1400 3587 sempiterna
1424 3516 1586 3583 summitas,
1604 3515 1632 3572 id
1656 3521 1698 3572 est

56 3603 256 3674 qninquaginta
280 3605 433 3660 authorum
449 3605 575 3674 latitudo,
597 3608 714 3674 triginta
727 3607 800 3662 cubi·
854 3602 919 3659 linis
931 3603 1084 3660 elaboratae
1099 3605 1288 3675 perlectoque
1302 3606 1482 3662 conscientiae
1496 3604 1606 3676 sperari
1619 3605 1700 3675 jube

71 3691 190 3747 altitudo
209 3694 293 3748 itlius.
325 3693 379 3749 Per
401 3694 559 3750 ternarium
584 3693 723 3763 trinitas3
752 3709 801 3765 per
854 3698 954 3762 tur3a
980 3691 1077 3749 cubito
1110 3693 1186 3749 enirn
1214 3693 1378 3750 accubitare
1406 3693 1540 3750 dicimus.
1567 3693 1647 3750 Unde
1669 3692 1699 3749 iu

57 3779 153 3836 arium
168 3780 336 3852 integritas3
352 3796 401 3851 per
415 3781 544 3839 cubitum
556 3783 650 3852 operis
666 3782 799 3851 tirmitas3
853 3780 978 3837 canticis
1000 3781 1204 3836 reclinatorium
1230 3797 1342 3836 aureum
1367 3783 1456 3854 (cunt.
1485 3796 1525 3848 ιιι,
1553 3779 1606 3849 to),
1626 3786 1654 3835 et
1669 3778 1699 3834 iu

58 3867 238 3939 ugitudiuem
254 3868 424 3939 intelligitur
449 3870 615 3926 intentionis
638 3869 799 3940 prolixitas.
855 3868 1031 3940 Evangelio.
1069 3870 1159 3925 Faciet
1188 3870 1248 3924 ittos
1285 3869 1453 3924 decumbere
1495 3867 1602 3926 dicitur
1624 3868 1697 3937 (duc.

57 3968 110 4027 rgo
132 3956 206 4013 male
226 3958 337 4028 agendo
354 3956 389 4013 de
412 3958 460 4014 Dei
486 3957 679 4014 misericordia
704 3973 801 4028 spere·
854 3972 904 4024 ιιι,
916 3958 980 4027 37);
997 3957 1035 4013 ibi
1049 3956 1126 4013 enim
1143 3957 1349 4027 perticiendum
1364 3957 1426 4014 sine
1446 3957 1543 4013 labore
1554 3962 1606 4023 est,
1621 3955 1699 4026 quod

56 4041 94 4097 md
117 4043 207 4101 sirmis
239 4045 416 4117 integrisque
439 4047 574 4117 operibus
609 4046 740 4102 innixam
764 4045 800 4101 ad
856 4048 901 4103 hic
913 4054 1077 4116 exercetur3
1096 4045 1125 4102 in
1142 4045 1320 4102 Hierusalem
1333 4047 1410 4102 enirn
1436 4053 1536 4103 votum
1553 4045 1698 4101 reddetur.

56 4131 124 4202 qui
138 4132 262 4190 trinitas
272 4143 324 4202 est,
355 4135 538 4191 intentionem
556 4135 645 4191 animi
668 4135 800 4206 porrigo·
855 4135 959 4190 Ostiam
986 4140 1074 4190 nutem
1104 4149 1174 4189 arca
1190 4148 1271 4203 pones
1299 4150 1333 4189 em
1347 4135 1432 4191 latere
1458 4136 1592 4197 morsum,
1610 4147 1701 4189 ceno

56 4219 177 4276 Possunt
201 4221 286 4278 etiam
310 4236 360 4292 per
377 4230 517 4279 trecentos
544 4223 657 4279 cubitos
680 4229 738 4278 tres
760 4220 799 4276 illi
820 4224 951 4282 acutam
965 4225 1078 4291 tristego
1092 4224 1218 4291 tonicam
1240 4237 1281 4276 eo.
1298 4223 1403 4279 Ostium
1427 4239 1497 4278 orca
1519 4237 1551 4278 os
1571 4228 1700 4279 nostrum

56 4306 93 4361 rui
119 4306 294 4378 perlectique
317 4321 467 4377 processus
486 4309 586 4378 accipi,
612 4324 687 4380 quos
707 4308 800 4365 homi·
855 4310 992 4367 debemus
1010 4311 1147 4380 accipere,
1165 4324 1224 4388 quo
1238 4311 1408 4380 panduntur
1427 4319 1536 4367 secreta
1552 4309 1702 4367 conscien-

56 4393 120 4451 lcit:
144 4395 240 4461 Petite,
269 4399 392 4465 quarite,
419 4398 526 4465 putente
547 4399 654 4466 (ltnttb.
683 4413 733 4464 vu,
757 4400 799 4468 7);
857 4397 920 4466 tiae;
948 4397 1053 4455 ostium
1081 4412 1208 4469 namque
1234 4399 1271 4454 ab
1292 4399 1454 4454 ostendendo
1477 4398 1595 4465 dicitur,
1625 4396 1702 4453 unde

80 4482 187 4539 scilicet
218 4484 343 4552 orando;
361 4487 483 4554 quarite,
525 4486 658 4557 legend03
683 4487 799 4555 putante,
853 4486 973 4557 iubetur
987 4501 1043 4542 uon
1058 4487 1125 4556 poni
1140 4487 1303 4544 submodio
1330 4487 1427 4544 lumen
1455 4487 1564 4552 (itntth.
1591 4503 1618 4554 v,
1646 4484 1699 4555 lii),

56 4569 196 4638 idolium
224 4572 292 4628 dum
318 4573 455 4629 continuo
484 4571 586 4629 ellectu
601 4573 800 4643 exsequimur,
857 4574 954 4645 utqui
973 4573 1190 4645 ingrediuntur,
1214 4575 1266 4645 qui
1297 4575 1404 4631 scilicet
1427 4573 1639 4631 mulabnlaodo
1666 4573 1702 4628 ad

56 4656 167 4715 relecto
192 4665 289 4716 nostro
314 4660 350 4715 ad
375 4675 442 4716 eum
470 4675 520 4732 pro
550 4661 576 4716 id
602 4661 700 4732 agitur
724 4661 802 4730 juste
855 4661 1088 4723 nostrinotitiam
1103 4662 1305 4728 admittuntur,
1326 4662 1451 4728 videant,
1469 4662 1496 4718 id
1512 4669 1555 4719 est
1578 4662 1703 4718 docean-

56 4744 125 4801 itur.
172 4745 448 4818 Quinquageuarius
492 4762 642 4811 uumerus,
693 4754 801 4818 septem
857 4758 904 4806 tur
919 4749 1068 4807 uodcest:
1098 4752 1158 4807 Non
1180 4767 1283 4806 omnem
1303 4752 1436 4806 hominem
1460 4751 1575 4805 inducas
1597 4752 1628 4804 in
1654 4751 1702 4805 do·

56 4866 58 4882 ·
84 4833 190 4901 ductis,
218 4847 335 4904 unoque
354 4835 451 4892 addito
471 4850 538 4892 cum
560 4843 678 4904 constet,
707 4850 802 4906 perse
855 4855 927 4893 mum
956 4843 1031 4894 tunm
1053 4841 1148 4904 (Enati.
1177 4854 1215 4906 m,
1244 4839 1300 4908 31),
1327 4839 1405 4910 quod
1432 4845 1547 4895 estnon
1568 4839 1703 4895 omnibus

71 4921 203 4991 requiem
217 4922 332 4994 signare
354 4924 513 4991 cousuevit,
536 4932 568 4980 ut
593 4932 636 4981 est
651 4924 800 4992 tubitaens,
857 4927 961 4997 prodas
973 4935 1097 4984 mentem
1126 4935 1215 4983 tuam.
1238 4928 1298 4983 linc
1317 4927 1424 4983 ostium
1451 4943 1486 4982 ec
1512 4925 1597 4980 tutore
1618 4927 1703 4997 poni-

56 5010 176 5081 mqund
196 5009 398 5082 quinquageni
417 5011 550 5067 adesum
571 5020 677 5081 septem
693 5026 800 5082 panum
855 5030 931 5080 mus,
945 5015 1015 5072 dum
1033 5023 1133 5072 contra
1157 5015 1350 5085 subripientes
1363 5013 1492 5070 fallacias
1506 5014 1583 5071 cauti
1609 5015 1703 5071 uude-

56 5097 175 5154 liuotur.
192 5099 245 5155 Per
258 5097 438 5154 latitudinem
461 5106 558 5155 autem
586 5099 800 5170 contemplatio·
855 5117 971 5173 cunque
986 5103 1184 5174 prospicimus,
1210 5117 1276 5173 quae
1296 5111 1478 5172 tacereque
1506 5101 1583 5172 loqui
1599 5102 1703 5158 debca-

56 5185 207 5256 carpimus,
224 5200 285 5257 qua
298 5187 327 5242 in
345 5187 393 5242 liei
410 5186 519 5244 visione
541 5187 802 5259 quantulacunque
856 5204 937 5256 mus;
962 5190 1086 5246 deessem
1097 5204 1214 5261 quoque
1229 5189 1372 5260 ponimus,
1386 5189 1456 5245 dum
1472 5197 1523 5246 aut
1537 5189 1624 5245 ulmis
1646 5189 1704 5245 alta

56 5286 124 5331 nur.
162 5295 173 5323 ι
217 5274 346 5346 Angusta
369 5282 412 5333 est
436 5275 514 5332 enim
542 5274 636 5330 omnis
669 5282 803 5331 creatura
856 5278 978 5335 scrutari
997 5278 1166 5350 retugimus,
1186 5284 1236 5334 aut
1260 5277 1549 5347 quadimndasunt,
1573 5293 1705 5348 congrua

56 5360 257 5420 enecatorum
282 5361 416 5434 (desnos.
446 5364 522 5421 hiat.
552 5363 602 5419 lib.
617 5377 648 5429 ιι,
664 5378 689 5418 c.
719 5366 799 5431 aiil.»
856 5363 960 5422 mentis
973 5373 1001 5421 et
1014 5365 1120 5437 linguae
1147 5364 1309 5422 humilitate
1340 5364 1535 5435 proterimus3·
1570 5368 1706 5421 manento

58 5449 97 5507 ad
108 5450 186 5506 hanc
200 5449 343 5522 aurugine
360 5451 509 5522 'commus
536 5464 659 5522 apravo
672 5465 745 5522 opus
760 5459 802 5509 est
857 5452 988 5515 tacimus,
1015 5459 1064 5509 ιι
1091 5453 1161 5510 dum
1188 5460 1248 5509 tota
1264 5459 1360 5510 nostra
1384 5452 1525 5512 desideria
1551 5466 1570 5508 a
1592 5460 1707 5512 terrena
