3818 6008
70 225 125 281 ’ὅθι
518 227 550 282 ιι.
570 227 738 284 uutncurl
756 225 901 283 osseus
920 228 947 282 S.
969 226 1090 283 MARlAE
1108 227 1156 283 DE
1175 227 1372 286 Novluttrtrd
1461 193 1463 197 >
1772 231 1825 286 608

76 355 225 427 gitatiunis
248 354 395 422 excidunt,
421 355 500 411 illinc
531 355 625 426 operis
651 356 729 412 noxii
762 356 920 427 repentinis
937 357 1033 424 Adai,
1047 364 1074 413 et
1089 364 1199 428 quanto
1218 370 1270 414 suo
1288 357 1398 429 judicio
1419 360 1541 416 nitorem
1554 368 1736 418 ,consuetum
1749 362 1827 419 ami-

76 443 243 502 incursibus
284 443 398 499 militari
433 444 561 514 quadam
598 445 736 501 instantia
768 445 919 503 obsistunt·
975 445 1044 502 sisse
1057 460 1086 502 se
1099 447 1184 514 dolet,
1201 460 1235 503 eo
1251 448 1327 517 apud
1344 441 1477 504 intimum
1502 449 1688 520 inspectorem
1718 449 1826 506 tormo-

81 532 312 603 Urticscujueque
335 532 413 588 enus
432 534 726 604 uipersemureuum
751 538 869 608 propter
883 537 922 592 ti·
975 532 1033 590 sior
1060 541 1162 590 exstet.
1193 535 1374 592 sicutenim
1402 535 1493 593 lilium
1521 537 1595 593 inter
1617 537 1827 608 spinastcont.

75 637 170 676 mores
194 622 347 676 nocturnos
374 620 466 693 (dunt.
491 623 542 694 ιιιι.
571 623 623 679 Per
651 638 747 680 ensem
771 625 833 682 istic
850 625 922 682 mibi
975 637 1005 686 ιι,
1020 624 1061 693 2),
1076 631 1103 680 ιι
1117 624 1141 680 si
1156 625 1387 694 quandoearum
1412 625 1521 682 aculeis
1544 625 1677 692 illiditur,
1698 626 1758 683 vim
1781 627 1828 684 sui

76 707 282 779 longanimitas
308 708 381 764 inter
395 709 518 767 adversa
542 725 623 780 posse
648 711 769 782 intelligi
797 713 920 782 videtur,
977 719 1071 772 temen
1084 711 1180 770 odoris
1193 727 1252 769 non
1276 713 1390 774 minuit.
1421 713 1461 771 sio
1485 728 1567 770 mens
1594 715 1694 772 eterni
1724 715 1828 787 sponsi

74 794 146 864 qnia
173 809 208 851 cx
233 803 396 853 transverso
420 797 532 867 capulo,
561 805 590 854 et
627 800 803 868 prominente
830 809 921 871 parte,
973 801 1034 872 jam
1061 813 1158 856 amore
1181 800 1297 869 donata,
1332 801 1497 867 interillos,
1526 815 1601 871 quas
1619 815 1671 858 rex
1697 801 1826 874 AEgypti,

74 880 169 937 crucis
190 882 322 954 cltlgiem.
345 883 374 939 in
398 898 457 955 qua
486 884 638 941 tolerantia
667 892 793 953 notatur,
808 886 923 956 praetert
976 887 1129 958 diligenter
1153 887 1283 944 maribus
1306 888 1440 956 enecatis,
1457 887 1555 945 lovere
1582 888 1726 945 desiderat
1751 889 1826 946 filias

73 975 102 1024 ιι
116 981 154 1025 ex
177 968 303 1027 interiori
334 971 511 1043 longitudine
539 972 664 1042 patiendi
681 974 923 1043 perseverantiam
976 971 1080 1044 (daed.
1094 986 1112 1040 ι,
1128 973 1184 1041 ιι),
1202 972 1230 1029 id
1248 980 1291 1030 est
1310 972 1405 1030 lluxos
1433 973 1591 1044 mollesque
1615 974 1767 1045 cogitatus
1792 989 1826 1031 ac

76 1058 245 1127 portendere
268 1059 438 1117 aestimatur.
461 1061 504 1117 Ad
527 1062 580 1117 boc
601 1060 794 1131 adjiciendum
813 1063 923 1133 quoda
975 1060 999 1118 si
1015 1061 1088 1118 inter
1109 1061 1294 1118 mulierculas
1317 1068 1425 1133 turpes,
1448 1062 1534 1134 regiae
1555 1062 1638 1133 virgo
1662 1063 1824 1131 munditiae,

74 1158 189 1202 summo
203 1149 320 1217 sperula
330 1149 505 1218 praeeminet,
520 1148 591 1220 quia
607 1156 694 1205 totam
709 1159 836 1206 nostram
849 1152 923 1208 inter
975 1148 1078 1218 speciei
1093 1155 1121 1205 ιι
1152 1149 1269 1205 honoris
1297 1148 1388 1221 gloria
1417 1149 1583 1206 excellentis
1607 1150 1740 1207 emineat.
1771 1151 1827 1208 Ex·

75 1233 257 1293 incommoda
282 1238 482 1295 sustinentiam
508 1253 525 1294 a
548 1252 598 1308 ιιι
622 1238 740 1307 ιιιιιιί
760 1238 852 1295 bravii
877 1239 923 1295 de-
976 1236 1174 1308 pergiscamur
1190 1235 1288 1308 igitur,
1302 1244 1329 1293 ct
1344 1237 1543 1293 omnimodum
1564 1251 1582 1293 a
1607 1237 1691 1294 nobis
1718 1237 1827 1294 laboris

74 1323 210 1380 scendere
230 1325 309 1382 haud
331 1325 454 1383 dubium
480 1333 533 1382 est.
549 1327 606 1381 lloc
621 1326 712 1396 igitur
737 1340 804 1382 ense
829 1326 924 1383 lemur
975 1325 1129 1395 exigamus
1147 1323 1280 1394 vectigal,
1306 1331 1334 1380 ιι
1360 1323 1553 1380 emundandae
1581 1337 1698 1394 operam
1722 1324 1827 1381 dcnrus

74 1409 237 1467 carnalium
260 1411 559 1481 concupiscentiarum
586 1411 832 1480 comprimendum
855 1412 924 1472 irre-
976 1413 1076 1480 menti,
1094 1427 1146 1469 neo
1164 1413 1294 1470 vacando
1321 1412 1442 1469 virtutes
1468 1419 1568 1482 sponte
1598 1411 1681 1467 nobis
1705 1412 1828 1468 aestime·

74 1498 161 1554 misse
194 1508 246 1567 est,
284 1514 337 1556 ιιι
372 1499 473 1566 ιιιιιι,
513 1498 664 1556 timoribus
690 1500 766 1556 enim
805 1509 920 1558 noctur·
977 1515 1042 1558 mus
1073 1501 1277 1568 innascituras,
1311 1509 1339 1557 et
1362 1500 1437 1556 sicut
1476 1499 1563 1572 vulgo
1595 1499 1766 1570 ioculariter
1793 1501 1827 1557 de

74 1584 121 1642 nis
143 1586 309 1656 excludens,
340 1586 489 1645 diabolicis
517 1587 623 1644 scilicet
646 1589 844 1646 dolositatibus
871 1604 922 1647 ar·
977 1588 1152 1659 presbyteris
1175 1587 1245 1645 solet
1274 1587 1329 1645 dici
1354 1588 1431 1659 quod
1460 1587 1574 1644 intulati
1603 1595 1774 1657 operantur,
1799 1597 1828 1645 et

75 1673 182 1742 cendia,
200 1674 353 1730 immodica
362 1674 515 1746 vigilantia
532 1674 696 1732 adhibenda
708 1683 760 1732 est.
940 1647 963 1703 B
977 1676 1149 1734 rebrachiati
1178 1677 1341 1733 comedunt.
1375 1677 1419 1733 lta
1452 1690 1505 1733 nos
1541 1684 1654 1733 exertas
1695 1676 1827 1734 babendo

114 1762 221 1820 Deinde
243 1763 266 1819 si
298 1762 404 1819 nebula
429 1771 455 1819 et
479 1769 556 1819 terra
582 1764 711 1820 omnium
732 1764 921 1820 obscenorum
975 1779 1081 1823 manus
1109 1766 1276 1823 exercendae
1304 1765 1433 1835 corporis
1469 1765 1622 1835 voluptati,
1661 1780 1695 1822 ac
1721 1766 1827 1837 sopitos

73 1861 207 1912 motuum
219 1854 345 1909 densitas
362 1849 487 1907 animam
507 1851 655 1921 irruperit,
678 1859 794 1908 cantare
809 1866 922 1909 necesse
976 1853 1107 1911 babendo
1126 1852 1233 1909 divinis
1251 1851 1353 1909 ciliciis
1368 1862 1470 1909 sensns
1494 1852 1664 1909 somniando
1690 1860 1828 1923 putemus

73 1948 116 1998 ιιι
130 1941 260 1997 animum
276 1936 454 1995 resistentem
472 1952 478 1992 :
499 1943 572 1992 asu
584 1936 767 2010 Nigrorum,
789 1939 840 1994 ced
849 1941 921 2009 sor·
976 1941 1132 2013 promereri
1148 1941 1255 2010 Deum3
1271 1948 1300 1997 at
1314 1939 1399 2012 longe
1414 1939 1497 1997 aliter
1508 1940 1584 2012 (ιδ’).

74 2024 244 2095 mosomum
258 2023 719 2091 Jerusalem,eicuttoberncculc
732 2026 922 2095 decurrunt
1011 2031 1078 2086 llaec
1106 2028 1199 2096 tibi,o
1222 2035 1322 2084 sancta
1343 2034 1373 2083 ct
1394 2027 1538 2084 excellens
1560 2027 1637 2084 omni
1667 2027 1716 2100 pio
1742 2042 1826 2085 exer-

71 2111 449 2188 peiiersctcmoniclc'ant.
465 2129 485 2183 ι,
509 2113 547 2185 4).
568 2113 667 2186 Nigra,
690 2115 795 2187 inquit,
824 2123 856 2174 ut
878 2125 921 2171 ta·
975 2118 1043 2175 citio
1073 2116 1181 2184 anima,
1216 2124 1332 2173 coactus
1359 2115 1472 2192 monitu
1507 2124 1609 2173 contra
1646 2130 1693 2174 tue
1728 2117 1826 2188 ipsum

74 2203 233 2261 bernacula
260 2201 362 2268 Cedar,
392 2205 491 2272 utpote
518 2217 584 2274 quae
609 2203 685 2259 inter
709 2203 832 2260 obscura
854 2205 921 2260 vitre
974 2205 1136 2261 vehementi
1165 2205 1273 2273 impetu
1300 2194 1451 2271 delatravi,
1478 2210 1506 2259 et
1532 2203 1602 2259 dum
1617 2203 1690 2260 vitia
1718 2205 1828 2261 animo-

71 2293 228 2360 mundalis,
245 2293 275 2348 in
298 2290 473 2363 caliginibus
486 2292 700 2363 erumpentium
721 2300 919 2362 tempestatum
975 2307 1040 2350 rum
1057 2292 1107 2350 tibi
1133 2292 1227 2349 multa
1240 2292 1495 2349 circumlocutione
1513 2292 1644 2359 distinxi,
1655 2306 1702 2349 me
1716 2292 1824 2363 ipsum,

73 2383 129 2439 snb
150 2395 199 2451 spe
227 2380 406 2436 manentium
435 2379 559 2438 civitatis
586 2380 685 2449 milito,
708 2388 736 2437 et
764 2382 921 2451 corporalis
974 2381 1076 2438 vellem
1105 2380 1221 2448 nollem,
1246 2381 1297 2437 tibi
1315 2380 1451 2451 expendi.
1474 2382 1511 2437 At
1531 2380 1555 2435 si
1583 2380 1701 2436 virtutis
1728 2380 1826 2437 studio

73 2469 211 2528 molestiae
225 2468 327 2525 nubilo
341 2468 501 2525 necessario
524 2469 620 2526 adbuc
646 2470 758 2526 turbor.
784 2469 835 2526 Sed
857 2470 920 2526 licet
975 2470 1137 2541 quidquam
1166 2470 1237 2538 diri,
1278 2477 1392 2526 naturae
1425 2468 1521 2538 potius
1558 2467 1702 2524 ascribere
1741 2468 1827 2525 debes

74 2556 119 2613 his
149 2555 300 2627 aliquoties
327 2554 418 2612 insita
453 2555 629 2626 subjaceam,
665 2557 789 2613 tormosa
826 2566 921 2615 tamen
976 2559 1119 2630 potentiue,
1140 2571 1207 2627 quae
1227 2570 1380 2628 nunquam
1404 2555 1512 2611 abono
1527 2568 1645 2625 prorsus
1668 2560 1712 2611 est
1725 2568 1825 2624 exors,

72 2658 149 2712 snm,
177 2651 210 2701 ut
247 2643 333 2714 pelles
365 2644 534 2712 Salomonis,
565 2645 635 2717 quia
660 2645 799 2717 quiddam
828 2647 921 2705 simile
973 2658 1063 2717 quam
1080 2658 1149 2700 meae
1177 2644 1205 2699 in
1222 2643 1322 2714 aliquo
1344 2642 1438 2698 studio
1461 2640 1656 2710 experientiae.
1680 2640 1827 2700 Narratio

72 2739 234 2803 martyrum
255 2731 368 2801 molior,
392 2734 461 2790 dum
483 2748 550 2791 eum
566 2748 652 2805 quem
672 2734 713 2790 illi
727 2735 921 2806 cuntraprin-
973 2731 1068 2800 stulti,
1084 2739 1116 2789 ut
1139 2732 1179 2787 ait
1195 2730 1324 2802 quidam,
1347 2727 1565 2802 quasiscrcinc
1587 2728 1617 2782 in
1641 2727 1690 2783 cic
1718 2728 1825 2796 (ticeli.

72 2820 150 2890 cipes
177 2825 388 2892 potestatesque
418 2822 604 2879 tenebrarum
639 2822 798 2879 visibilium
826 2836 919 2894 perse·
974 2835 1034 2887 xxi,
1065 2818 1118 2890 lli).
1149 2818 1201 2875 Sed
1227 2832 1314 2888 penes
1340 2825 1367 2874 te
1390 2823 1561 2873 excusatum
1588 2816 1623 2872 de
1647 2813 1827 2886 longiloquio

72 2914 218 2975 culorum,
246 2907 436 2974 incentorum,
471 2911 570 2980 positis
593 2924 757 2981 corporum,
780 2911 810 2967 in
836 2919 919 2982 tegu-
939 2921 1151 2998 Cpreesumere
1166 2921 1211 2963 me
1225 2906 1328 2975 audeo,
1349 2905 1401 2976 qui
1415 2904 1493 2976 quod
1515 2917 1605 2960 ausus
1628 2917 1706 2968 sum,
1721 2910 1826 2975 rogatu

71 2997 176 3053 mentis
197 2996 302 3053 animae
323 2997 439 3066 scilicet,
464 2998 596 3069 pellibus,
620 2999 800 3071 conlligendo
827 2999 921 3056 sortiri
976 2996 1156 3067 potissimum
1182 2995 1236 3051 teci
1265 3002 1324 3051 tuo.
1350 2993 1425 3048 Dant
1459 2991 1512 3048 tibi
1539 2991 1588 3047 alii
1617 2991 1707 3061 pictos
1730 2997 1759 3047 ιι
1782 3004 1827 3048 co

71 3084 209 3141 studuere
229 3083 419 3154 triumphum.
451 3086 536 3142 Hunc
557 3100 610 3157 ego
637 3086 777 3143 adversus
804 3100 920 3143 carnem
975 3084 1056 3155 pioso
1082 3090 1188 3139 ornatu
1213 3081 1382 3152 spectabiles
1409 3080 1507 3146 libros,
1533 3093 1586 3151 ego
1615 3079 1728 3136 utinam
1755 3079 1825 3135 utile

71 3179 99 3230 et
125 3172 297 3243 sanguinem
321 3172 450 3244 exposito
474 3173 611 3231 vitiorum
633 3174 769 3244 pondere,
795 3176 921 3231 circnm-
975 3171 1086 3243 aliquid
1113 3171 1172 3228 tuis
1199 3183 1303 3242 queam
1334 3170 1446 3226 deterre
1472 3167 1689 3240 conspectibus!
1720 3169 1826 3239 Accipe

71 3266 152 3315 stans
167 3272 213 3315 me
226 3267 374 3329 peccatum
397 3261 557 3324 excutiens,
575 3275 632 3317 non
657 3261 718 3318 sine
741 3261 837 3318 carnis
861 3259 921 3317 acri
975 3262 1065 3334 igitur
1078 3259 1114 3316 de
1132 3264 1184 3316 tna
1199 3267 1226 3316 te
1246 3258 1338 3316 salute
1354 3265 1528 3323 monentem,
1550 3266 1578 3313 et
1593 3256 1659 3313 licet
1683 3270 1729 3312 me
1742 3270 1825 3313 secus

72 3346 335 3417 injuriabantur
354 3349 489 3420 angustia
516 3348 662 3406 diuturnis
677 3348 858 3406 conllictibus
874 3349 921 3404 di·
974 3362 1061 3420 agere
1074 3360 1162 3420 quant
1185 3347 1248 3402 dico
1263 3358 1430 3416 cognoscas,
1451 3358 1487 3400 ne
1502 3344 1665 3414 asperneris
1680 3343 1759 3413 quod
1775 3357 1825 3414 pro

70 3435 204 3492 micando
218 3435 345 3492 obtinere
359 3436 445 3493 nitor.
739 3473 746 3479 -
975 3443 1027 3492 tna
1041 3435 1092 3491 tibi
1108 3433 1267 3490 salvatione
1281 3430 1470 3502 depromitur.
1493 3431 1596 3488 bibens
1625 3445 1692 3502 quae
1704 3430 1826 3502 jusseris

107 3523 305 3593 Dispensative
325 3537 394 3580 sanc
418 3523 507 3579 aDco
530 3522 628 3594 agitur
644 3530 686 3592 ut,
710 3539 777 3581 cum
793 3524 921 3582 tentatio
974 3525 1092 3597 egerim.
1114 3523 1269 3580 premium
1296 3520 1397 3579 saltem
1424 3519 1530 3578 laboris
1546 3520 1635 3592 bnjus
1660 3527 1727 3576 tuas
1755 3517 1825 3576 mibi

71 3612 118 3668 nis
144 3609 210 3668 inco
235 3611 393 3681 aliquando
420 3625 483 3668 mea
508 3612 683 3669 conscientia
707 3611 878 3682 ollunditur,
904 3627 922 3670 a
976 3611 1278 3682 orationesimpende.

69 3699 172 3756 timore
186 3713 257 3768 ιιι,
274 3714 340 3770 ιιι
363 3699 482 3757 lorsitan
499 3701 670 3773 subriperet,
694 3702 826 3759 elationis
840 3701 922 3759 exci-
1361 3711 1442 3754 ιιιιι.

106 3854 163 3926 (28)
179 3856 251 3912 Nota
270 3855 398 3912 auctoris
420 3869 564 3912 summam
592 3855 681 3913 animi
709 3857 919 3914 demissionem.
966 3878 968 3883 ’

550 4119 693 4203 vnit.
726 4119 1023 4203 QUIDEM!
1051 4115 1330 4202 Annam

692 4274 741 4349 lN
772 4275 944 4350 LIBROS
972 4273 1206 4361 QUATUOR

296 4461 409 4586 ιι
460 4457 1006 4623 enuntiemus
1060 4452 1599 4584 ιιιιιιιιιιι

500 4663 814 4821 EPlSTOLA
859 4658 1386 4750 NUNCUPATORIA.

874 4826 1019 4839 ..—

106 4950 182 5001 m
207 4945 318 5000 bomne
344 4951 371 5000 et
396 4944 483 5012 Patri,
504 4944 599 5002 Sancti
611 4944 814 5015 symphoriani
828 4942 925 5001 abbati
943 4940 1096 5013 ligissent,
1126 4939 1354 4997 censni‘litteris
1386 4951 1479 5010 pauca
1504 4953 1591 5010 super
1617 4940 1746 5010 capitulo
1773 4939 1826 4996 istc

71 5031 222 5104 0n0u1(¹);
238 5032 459 5089 cutennrusllci
482 5032 632 5090 Genitricis
652 5033 762 5089 utinam
792 5031 921 5087 minister
977 5031 1179 5102 perstringere,
1198 5036 1225 5086 et
1248 5029 1343 5086 tacitis
1364 5028 1488 5085 aliorum
1512 5028 1646 5085 sensibus
1663 5028 1736 5098 quid
1762 5029 1827 5085 ani·

72 5118 331 5188 acscrrus31aetoe
350 5119 380 5175 in
401 5120 450 5176 bei
468 5121 617 5178 servitium
633 5119 738 5176 babere
762 5133 918 5189 processus.
976 5139 1041 5181 mne
1062 5137 1144 5180 meus
1172 5123 1237 5179 inde
1272 5122 1389 5179 sentiret
1418 5121 1539 5178 edicere.
1571 5123 1645 5179 Dum
1670 5136 1742 5195 ergo
1764 5135 1826 5180 rem

108 5211 220 5264 Auctor
233 5207 360 5264 instituti
374 5208 421 5264 nti
435 5209 580 5266 rationem
599 5209 701 5264 reddit.
718 5207 835 5265 -Cum
852 5208 919 5279 plu·
972 5212 1064 5281 ipsam
1088 5211 1118 5266 in
1142 5211 1205 5282 ipsa
1233 5209 1321 5266 libelli
1352 5209 1445 5265 trente
1480 5209 1663 5281 aggrederer,
1677 5215 1707 5266 et
1747 5209 1827 5281 quod

72 5295 332 5367 rimmquesticnes
345 5310 434 5368 snper
453 5298 538 5353 dente
552 5297 718 5364 Salvatoris,
735 5311 822 5367 quem
836 5296 920 5354 nobis
974 5312 1159 5370 conceperam
1175 5298 1226 5354 vir
1255 5299 1360 5369 pagina
1386 5299 1499 5369 integra
1527 5297 1662 5355 dictando
1690 5297 1824 5364 eniterer,

72 5381 201 5456 contigui
227 5382 325 5436 sancti
352 5383 552 5440 bledardenses
575 5385 680 5441 babere
705 5399 735 5441 se
774 5392 918 5452 esserunt,
974 5394 1055 5444 tanta
1081 5400 1131 5456 pro
1156 5385 1299 5442 similibus
1325 5384 1513 5441 dicendorum
1539 5383 1656 5440 induxit
1683 5384 1777 5455 copia,
1794 5391 1826 5441 ut

69 5473 147 5542 apud
165 5482 212 5527 me
226 5476 411 5542 perstrepent,
431 5486 498 5529 cum
516 5474 674 5546 vulgariter
690 5473 838 5546 aliquibus
850 5482 920 5532 sete
974 5482 1068 5547 coepta
1081 5473 1229 5531 indetlnite
1246 5487 1314 5530 mox
1331 5473 1510 5530 desereretur
1532 5472 1662 5530 materia.
1692 5472 1825 5545 cumque
