3818 6008
499 116 610 177 casua
627 117 688 176 nar
708 116 777 175 nnn
796 117 1012 177 reluces·
1028 119 1094 176 tre.
1115 119 1148 177 n.
1450 86 1464 100 ’
1647 126 1701 184 roe

56 244 169 303 ihtentu
188 245 340 303 circumire
371 252 440 303 881
468 248 603 316 vidimus,
632 249 718 306 tantis
742 263 794 319 po·
813 252 915 321 Agus,
943 257 1039 321 utpote
1069 250 1213 321 mancipia
1242 259 1270 309 et
1308 251 1423 323 publica
1451 254 1579 324 servitia,
1613 257 1701 314 nullis

56 348 84 392 m
104 335 340 393 multitudinibus
362 335 474 404 vallari,
503 337 588 394 tantis
627 339 798 395 muneribus
851 337 1039 396 hortamentis
1063 338 1195 397 cohihere
1230 340 1348 409 valeret,
1376 356 1443 398 cum
1472 342 1700 402 alemannorum

56 466 60 487 ,
87 430 166 481 tante
196 425 355 481 sanctitatis
383 426 525 496 praeconio
553 427 726 483 conclamari
765 435 797 484 ut
849 425 950 497 aliqua
972 427 1135 498 frequentia
1154 436 1182 485 et
1205 438 1367 486 nostrorum
1390 429 1456 487 faece
1485 432 1611 501 residua,
1641 448 1702 504 qua

56 527 91 569 tm
104 513 285 570 meminerim
310 514 431 571 similem
445 515 553 573 honore
571 515 680 572 haberi.
706 515 797 573 lfulta
851 515 943 583 potuit
958 514 1024 572 inde
1040 516 1203 585 provisione
1217 516 1339 587 elapsus,
1354 517 1385 574 in
1399 518 1536 574 Kalendis
1557 521 1702 592 Augusta·

56 609 141 670 ierat,
156 616 193 659 ex
216 603 261 659 his
279 618 345 673 quar
364 603 418 660 sibi
440 603 595 671 dabantur,
616 604 797 677 dilargitione
849 601 926 663 libus
940 601 1283 676 constantinopolitanam
1299 606 1394 678 attigit
1409 608 1522 664 urbem.
1546 607 1600 665 Sed
1621 609 1702 667 hunc

55 703 195 761 pauperes
222 691 357 760 liberalis,
389 692 558 762 prostitutas
576 693 712 751 mulieres
738 709 795 751 nou
848 688 912 760 ejus
926 690 1094 759 adventum,
1105 693 1252 762 italorum,
1264 693 1416 765 ligurum,
1429 694 1699 766 Langobardorum,

56 792 83 835 ro
100 793 221 836 munere
241 779 353 836 maritis
374 779 540 848 honestans,
564 779 594 836 in
615 781 795 839 discordibus
849 790 916 834 cum
938 777 1196 849 Transalpinarum
1222 781 1353 837 videlicet
1377 783 1503 852 partium
1534 783 1701 843 hominihus

65 880 149 937 paces
162 875 191 925 et
203 868 319 935 foedera,
335 868 410 925 mira
425 870 604 937 auctoritate,
630 871 794 928 restituens.
849 879 989 938 magnum
1004 879 1313 943 praecesseratagmen,
1330 871 1381 942 qui
1400 872 1465 942 ejus
1488 879 1515 928 et
1530 880 1699 931 ceterorum

55 954 93 1012 rid
120 956 224 1027 agebat
252 970 391 1028 namque,
419 971 470 1014 seu
497 958 679 1029 loquebatur,
709 961 794 1031 quasi
849 956 977 1014 Francia
996 958 1160 1028 principum
1185 959 1291 1016 ibidem
1317 959 1504 1016 decreverant
1542 961 1700 1030 praestolari

56 1057 87 1101 m
123 1045 310 1102 subdivinum
340 1045 503 1114 videbatur,
542 1047 700 1118 praesertim
728 1062 794 1106 cum
848 1044 1017 1101 comitiam:
1038 1060 1097 1102 non
1119 1047 1195 1103 enim
1211 1062 1274 1105 earn
1299 1049 1520 1113 arbitrabantur
1538 1064 1568 1106 se
1594 1051 1701 1109 hahere

55 1131 90 1189 de
112 1132 175 1204 eius
193 1133 271 1190 mulo
296 1133 346 1204 pili
372 1148 424 1204 pro
450 1134 582 1205 reliquiis
611 1145 792 1207 raperentur,
848 1132 957 1190 militiae
969 1131 1173 1204 frequentiam,
1189 1144 1220 1193 ιιι
1238 1136 1402 1194 Graecorum
1423 1138 1571 1207 auderent,
1600 1148 1701 1196 contra

56 1234 97 1279 tos
122 1235 180 1278 non
203 1221 239 1278 ad
265 1222 424 1290 veritatem,
453 1224 502 1279 sed
529 1223 617 1296 vulgo
644 1224 795 1284 referimus
847 1220 955 1279 'furcos
978 1222 1094 1289 exituri,
1124 1226 1269 1294 preterire
1294 1225 1483 1296 provinciam.
1519 1227 1701 1296 imperatoris

78 1310 244 1367 novitatem.
265 1312 360 1367 hanea
375 1311 475 1367 tunica
489 1312 526 1368 ad
547 1327 662 1383 purum,
679 1315 794 1371 cucullo
849 1319 944 1366 autem
963 1310 1139 1383 edictojussi
1161 1320 1231 1369 sunt
1252 1313 1382 1369 omnium
1406 1328 1473 1384 quaa
1499 1315 1701 1371 vendebantur

56 1398 179 1469 rtrisqne
193 1398 342 1466 talaribus,
360 1398 447 1468 byrro
464 1398 586 1469 desuper
603 1399 792 1473 induebatur3
848 1398 878 1455 in
903 1400 1039 1468 nubenti
1065 1401 1180 1470 vellent,
1206 1402 1312 1459 babere
1338 1403 1525 1471 commercla;
1552 1404 1601 1460 sed
1630 1404 1701 1461 Bra·

56 1485 208 1554 minime,
232 1486 354 1556 nudipes
381 1491 492 1553 autcm;
515 1499 598 1556 pane,
629 1487 680 1543 vix
706 1487 791 1558 pisce,
848 1488 946 1545 chium
970 1487 1067 1545 Sancti
1092 1488 1216 1561 Georgii,
1241 1490 1357 1561 quoda
1384 1490 1545 1548 Tuscorum
1570 1492 1702 1562 partibus

56 1574 336 1631 amvinoalebatur.
813 1550 1028 1632 Blimitaneum
1059 1585 1121 1633 crat
1152 1592 1241 1645 mare,
1284 1578 1375 1649 ipsius
1408 1579 1544 1649 principis
1583 1580 1701 1638 consilio

56 1660 796 1736 lMilitumdissolutionespcrHungoriaproficiscen·
848 1665 929 1722 vetiti
944 1673 1012 1723 sunt
1027 1674 1213 1735 transmeare,
1230 1667 1300 1738 quia
1322 1681 1430 1739 paucos
1445 1667 1606 1726 innumeris
1632 1680 1700 1740 per-

56 1778 75 1792 -
85 1749 219 1820 lsitaque
230 1750 284 1816 vir,
294 1751 398 1819 partim
409 1750 552 1820 opinione,
563 1753 665 1820 partim
676 1766 729 1808 suo
739 1766 795 1808 mc
848 1754 989 1811 niciosum
1005 1755 1120 1812 dixerat
1135 1756 1262 1812 obviare.

56 1852 90 1896 m
101 1838 256 1895 immanem
278 1839 429 1896 conflasset
447 1839 618 1906 exercitum,
643 1854 694 1910 per
710 1840 795 1897 Hun-
884 1843 1062 1898 Francorum
1084 1842 1248 1900 incolentia.
1262 1873 1297 1885 —
1320 1845 1357 1900 At
1379 1844 1432 1914 ipsi
1453 1857 1505 1901 nec
1534 1844 1701 1914 provincia-

56 1941 83 1985 m
99 1935 205 1984 terram
220 1925 324 2000 delegit
334 1928 423 1984 abire.
444 1926 572 1995 Quorum
583 1929 714 1998 regiones
727 1944 794 1985 cum
848 1931 921 1988 lium
935 1938 1003 1988 sunt
1023 1932 1202 1988 humanitate
1215 1932 1331 2000 detenti,
1347 1946 1399 1988 nee
1415 1931 1596 2002 imperatoria
1622 1934 1699 1990 ulla-

58 2029 157 2073 rerum
173 2031 240 2087 quae
258 2016 295 2071 ad
314 2016 485 2072 alimentum
507 2015 650 2085 pertinent
674 2016 794 2087 opulen·
849 2028 932 2077 tenus
953 2017 1121 2077 affabilitate
1139 2019 1251 2088 melliti,
1275 2021 1325 2077 sed
1340 2020 1428 2076 nimis
1450 2020 1605 2077 insolenter
1627 2035 1696 2093 age-

56 2105 167 2172 s,idom
190 2104 298 2176 vulgus
318 2105 440 2161 indocile
463 2107 624 2176 reperisset,
647 2114 795 2177 coeperunt
848 2107 928 2173 hant,
959 2107 1041 2163 urbis
1061 2106 1167 2177 palatia
1192 2106 1393 2172 devolvebant,
1424 2105 1546 2175 puhlicis
1587 2107 1699 2164 adibus

56 2207 70 2249 ι
85 2192 255 2250 enormibus
273 2201 373 2250 contra
397 2192 601 2264 indigenarum
626 2202 795 2251 mansuetu·
848 2194 931 2265 ignes
948 2193 1149 2265 subjiciebant,
1166 2199 1194 2248 et
1210 2193 1327 2250 detectis
1346 2191 1481 2259 ecclesiia,
1497 2208 1563 2262 quae
1580 2194 1699 2264 plumbo

57 2281 238 2338 debacchari.
255 2280 326 2340 Cum
339 2281 416 2338 enim
430 2280 623 2351 plurimorum
648 2294 794 2338 annornm
848 2280 1061 2351 operiebantur,
1078 2280 1229 2350 plumbum
1243 2281 1318 2337 idern
1334 2280 1440 2337 Graecis
1461 2281 1563 2338 venale
1586 2283 1699 2352 prebe·

67 2368 202 2436 triticeas,
225 2377 258 2426 ut
273 2370 302 2424 in
315 2383 348 2425 ea
368 2377 443 2426 terra
458 2367 546 2429 moris
564 2375 615 2435 est,
632 2369 661 2424 in
677 2369 794 2427 modum
849 2368 934 2425 hant..
957 2367 1017 2423 flac
1038 2367 1266 2438 imperatoriam
1286 2369 1360 2424 foeda
1384 2369 1605 2439 presumptione
1633 2377 1699 2427 tnr-

56 2471 71 2515 n
102 2471 153 2528 pcr
178 2471 264 2529 agros
286 2457 428 2514 stabilitas
453 2463 613 2524 cernerent,
641 2471 716 2528 quas
743 2473 795 2514 nos
848 2456 943 2523 batus,
958 2456 1102 2527 precepit,
1118 2457 1374 2527 procrastinatione
1395 2465 1513 2526 remota,
1531 2466 1563 2514 ut
1586 2473 1698 2515 momo-

56 2544 207 2617 tnlgariter
220 2559 324 2602 vocare
338 2546 478 2617 solemus3
492 2562 560 2605 cum
578 2545 689 2602 carium
703 2546 795 2602 diver·
848 2542 903 2600 rati
919 2543 1032 2599 Bracbii
1044 2557 1163 2614 aequora
1176 2551 1395 2601 transmearent.
1412 2544 1464 2602 Cui
1476 2545 1547 2602 freto
1563 2555 1699 2618 transpo-

68 2632 252 2704 aliorumque
268 2633 448 2703 victualium,
470 2651 598 2706 quorum
612 2635 661 2691 illa
676 2633 795 2690 feracis-
848 2632 906 2699 siti,
927 2631 1037 2700 eadem,
1072 2647 1139 2703 quac
1159 2633 1231 2688 citra
1255 2642 1384 2704 egerant,
1413 2647 1598 2705 nequaquam
1622 2637 1699 2693 ultra

56 2719 129 2779 ellus
153 2726 206 2788 est,
236 2721 325 2790 copia
357 2729 550 2793 suppeterent,
581 2738 638 2779 non
669 2719 794 2778 contenti
849 2720 952 2777 iterare
966 2720 1126 2786 cessabant,
1154 2721 1248 2793 etqui
1263 2731 1362 2779 contra
1379 2736 1508 2794 paganos
1526 2732 1591 2781 voto
1607 2733 1700 2782 certa·

56 2809 124 2866 itate
143 2822 255 2876 eornm,
280 2810 355 2866 mira
375 2809 528 2877 dementia,
552 2811 606 2881 ipsi
627 2809 795 2881 alienigena
813 2821 914 2903 cmen
952 2809 1177 2881 insumpserant,
1221 2810 1326 2880 passim
1352 2811 1537 2869 ecclesiarum
1567 2815 1696 2880 excidiis,

56 2908 91 2958 ,ιιι
104 2901 274 2958 conculcare
293 2900 422 2972 gentiles,
443 2909 472 2958 et
496 2916 562 2958 cum
586 2902 673 2970 idem,
697 2906 796 2971 utpote
849 2896 1077 2954 Christianorum
1095 2898 1249 2954 involando
1268 2899 1447 2966 substantiis,
1470 2908 1571 2958 contra
1594 2911 1698 2960 nostrae

56 2987 99 3045 ani
110 2987 280 3044 Christianis
295 2986 409 3044 venalia
424 2996 529 3044 cuncta
548 2996 698 3060 gratanter
712 2987 796 3058 ingo·
849 2985 913 3042 fidei
928 2985 1058 3043 homines
1071 2986 1213 3043 factorum
1230 2987 1407 3044 immanitate
1422 2990 1601 3061 pugnabant.
1622 2992 1698 3048 Dum

69 3075 132 3147 ipsi,
156 3074 283 3132 libidinis
304 3075 495 3145 impatientes,
521 3077 573 3146 piae
595 3073 796 3145 hospitalitatis
848 3073 925 3130 enim
954 3071 1064 3131 nullius
1103 3075 1296 3144 experiuntur
1320 3075 1500 3134 severitatem
1531 3079 1616 3149 regis,
1646 3077 1698 3148 qui

56 3161 186 3220 eflcentiae
212 3162 402 3228 immemores,
419 3163 493 3219 hello
510 3164 600 3235 gratis
623 3177 672 3220 eos
692 3176 795 3235 aggre-
846 3159 979 3230 judiciali
992 3161 1090 3218 devios
1102 3161 1201 3232 vigore
1216 3170 1391 3232 retorqueat,
1410 3178 1464 3221 nec
1478 3165 1582 3221 divinae
1614 3179 1698 3222 reve-

56 3264 81 3323 r;
102 3249 172 3306 dnm
188 3249 422 3319 illosopinantur
440 3251 512 3307 nihil
536 3264 660 3308 ausuros
684 3258 793 3318 contra,
849 3251 972 3306 rentiam
993 3250 1159 3319 concipiunt
1179 3250 1261 3322 legis,
1290 3266 1356 3321 quae
1386 3253 1526 3308 mentium
1551 3252 1698 3310 levitatem

56 3346 106 3396 tus
118 3338 231 3395 futuros
246 3338 381 3395 imbelles.
396 3338 485 3395 Rabie
500 3339 589 3409 igitur
608 3338 794 3405 exsecranda,
849 3344 964 3393 matura
979 3337 1183 3408 recogitatione
1197 3338 1349 3407 deprimat,
1371 3339 1520 3409 repentino
1538 3339 1698 3409 prolabun-

55 3440 167 3498 squos
189 3426 318 3483 diximus
337 3426 446 3482 horreis
468 3440 519 3496 per
539 3439 589 3482 eos
610 3425 796 3497 ingerebatur
850 3432 898 3481 tur
919 3425 1046 3493 interitu,
1077 3425 1145 3495 quia
1172 3424 1402 3497 indisciplinatis
1430 3443 1508 3482 mors
1534 3427 1640 3494 οὸυιιιι,
1670 3429 1698 3482 ef

56 3528 122 3583 rum,
156 3515 259 3585 puellis
291 3514 479 3584 eripiebatur,
521 3513 658 3570 violentia
697 3513 793 3580 allata,
848 3512 1369 3586 quidquidpemimoderotiqueniiii
1379 3514 1589 3586 febrariarum
1599 3516 1695 3572 derat.

56 3609 106 3671 tas,
126 3602 392 3659 dehonestabantur
413 3600 551 3672 conjugia
566 3600 675 3657 crebris
702 3602 796 3671 rapti-

56 3691 217 3761 minarum3
250 3690 403 3757 vellebant,
439 3688 499 3745 sive
532 3689 701 3746 ustulabant
735 3689 795 3746 suis
1190 3655 1304 3713 CAPUT
1325 3657 1359 3714 V·

64 3779 242 3850 hospitibus3
258 3794 311 3835 nee
323 3778 385 3849 J‘am
404 3777 438 3834 de
453 3778 583 3835 emendis
606 3777 673 3835 usui
694 3792 795 3835 neces-
884 3776 945 3849 [lh]
969 3776 1097 3834 Tandem
1118 3777 1314 3835 Nicomediam
1337 3778 1510 3850 attingentes
1528 3780 1697 3849 ltali,1.on·

56 3865 204 3937 quidpiam
228 3864 424 3933 tractabatur3
453 3863 502 3919 sed
531 3864 656 3934 quisque
680 3877 793 3934 eorum,
849 3867 980 3938 gobardi,
994 3874 1022 3924 et
1034 3866 1185 3924 Alemanni
1200 3868 1378 3925 Francorum
1394 3868 1574 3940 impatientes
1593 3884 1698 3942 super-

56 3960 165 4020 ioterat,
190 3952 299 4022 rapinis
322 3959 350 4008 et
372 3951 499 4008 caedibus
519 3951 676 4023 nitebatur,
701 3953 742 4009 sic
765 3967 796 4010 se
849 3955 1092 4013 biedivelluntur
1107 3955 1143 4013 ah
1159 3956 1236 4026 ipsis.
1251 3956 1354 4012 moad
1367 3970 1502 4028 namque,
1514 3958 1602 4029 juxta
1616 3966 1700 4016 natu·

56 4074 59 4092 .
87 4040 160 4098 mira
183 4040 301 4097 lascivia
331 4047 431 4096 contra
456 4039 564 4096 'furcos
591 4039 678 4097 libere
698 4039 795 4097 mina·
848 4055 910 4098 ram
926 4042 1051 4098 nominis
1066 4056 1180 4112 magnae
1199 4042 1316 4113 quidem
1339 4052 1408 4100 sunt
1429 4045 1512 4101 tituto
1536 4046 1699 4103 vivacitatis

56 4169 63 4182 .
812 4134 924 4200 pm
948 4128 1083 4200 insignes,
1109 4129 1175 4196 sed,
1195 4128 1249 4184 nisi
1264 4128 1356 4200 rigido
1377 4129 1529 4188 frenentur
1559 4132 1697 4201 dominio,

56 4229 113 4275 'um
128 4216 274 4288 quoddam
287 4215 396 4273 interea
410 4214 536 4272 habuere
547 4216 691 4285 pervium,
711 4216 796 4287 cujus
849 4216 924 4272 inter
948 4216 1070 4273 aliarum
1096 4216 1226 4288 gentium
1250 4215 1361 4285 turbas,
1390 4227 1458 4275 sunt
1482 4219 1590 4289 iustius
1613 4232 1698 4290 aequo

56 4305 136 4363 modo
162 4312 294 4376 poterant
323 4305 431 4361 evitare
460 4305 624 4371 transitum,
652 4304 676 4360 is
718 4305 795 4362 enim
849 4304 966 4361 feroces.
980 4303 1162 4373 Transalpini
1177 4303 1283 4374 itaque,
1301 4318 1374 4374 quos
1386 4305 1574 4375 prediximus
1588 4304 1698 4362 direm-

56 4391 117 4450 itus
131 4399 183 4459 est,
198 4400 230 4449 ut
245 4392 275 4448 in
295 4393 414 4449 modum
435 4390 578 4464 angiporti
607 4404 794 4464 nequaquam
850 4401 944 4465 ptosa
967 4393 1095 4459 Francis,
1115 4391 1254 4448 llainaldo
1270 4392 1396 4462 quodam
1418 4391 1472 4448 sibi
1487 4392 1560 4449 duce
1590 4400 1696 4459 creato,

56 4488 144 4538 teram
153 4481 196 4537 vel
208 4480 354 4538 sinistram
366 4487 460 4552 pateat
470 4479 686 4537 diverticulum.
696 4480 794 4551 ipsum
849 4493 912 4534 eam
934 4494 1000 4551 quae
1027 4480 1135 4537 dicitur
1155 4479 1295 4537 Romania
1318 4480 1475 4550 provincia,
1503 4482 1696 4549 intraverunt,

56 4569 206 4626 insolentia
236 4569 367 4627 obsidere
395 4568 523 4641 aggressi
547 4575 624 4634 sunt,
651 4568 699 4625 sed
727 4583 794 4626 curn
848 4574 1017 4637 etquattuor
1033 4568 1260 4626 dierumitinere
1276 4568 1469 4625 Nicomediam
1488 4569 1695 4641 praetergressi,

59 4658 233 4730 capiendum
261 4665 342 4726 esset,
382 4664 509 4729 repente,
538 4670 596 4713 non
630 4670 700 4713 curo
736 4672 795 4728 quo
849 4655 924 4713 inter
948 4656 1081 4713 eumdem
1107 4665 1235 4714 castrum
1259 4656 1403 4714 offendere
1432 4658 1588 4728 quoddam,
1617 4659 1697 4729 quod

56 4762 62 4818 3
79 4747 119 4804 ita
129 4747 226 4804 obruti
236 4753 305 4804 sunt
318 4755 350 4804 nt
372 4761 439 4818 pars
466 4747 569 4819 gladiis
601 4747 793 4815 occumberet,
849 4744 960 4802 auctori
974 4745 1076 4815 placito
1091 4747 1208 4803 nomine
1228 4752 1348 4801 vocatur
1370 4744 1600 4817 Exorogergum,
1618 4747 1696 4816 quod

79 4834 206 4892 fluvialis
229 4835 309 4892 unda
332 4835 539 4906 submergeret,
561 4848 628 4906 pars
651 4835 712 4892 sine
728 4835 796 4892 ullis
849 4832 1044 4890 habitatorum
1072 4848 1191 4891 suornm
1215 4833 1344 4889 emnium
1371 4840 1525 4890 vacuatum
1551 4834 1694 4904 praesidio,

56 4924 104 4991 iis,
124 4926 181 4981 imo
192 4925 270 4997 turpi
285 4925 433 4995 pauperie,
451 4923 543 4995 magis
557 4930 653 4982 autem
675 4924 794 4994 pudore,
848 4921 1490 4993 sinemoraturbaepatuirinhuenti.1ncotae
1513 4929 1608 4978 autem
1630 4935 1697 4993 pro·

56 5012 313 5084 teiamconsnmpta
323 5013 437 5081 rediret,
451 5013 567 5083 Elquia
577 5012 652 5069 idem
667 5020 795 5070 castrum
849 5009 994 5083 fugerant,
1020 5009 1283 5081 supervenientium
1308 5009 1409 5065 timore
1428 5009 1550 5077 extrusi,
1569 5016 1598 5066 et
1625 5009 1696 5067 dum

56 5114 125 5156 nem
141 5099 292 5169 vocabant,
306 5108 334 5155 et
348 5100 456 5156 reversi
473 5099 509 5155 ad
524 5113 592 5155 suos
606 5100 642 5155 ad
666 5100 795 5170 lloysso-
849 5101 883 5158 de
907 5115 961 5158 sua
984 5099 1039 5171 ipsi
1063 5100 1155 5157 salute
1177 5100 1338 5169 desperant,
1364 5099 1399 5155 de
1422 5098 1698 5169 subtantiarumque

56 5189 264 5261 squesefnisse
282 5187 426 5256 dicebant,
453 5201 559 5259 magna
582 5187 712 5245 omnium
729 5187 794 5244 irri-
847 5200 968 5245 suarum
987 5186 1084 5258 copiis,
1110 5202 1176 5259 qne
1200 5186 1333 5255 pterimae
1358 5194 1450 5254 erant,
1475 5187 1698 5259 transponendis

56 5277 153 5348 xccpti
165 5285 244 5335 sunt.
847 5277 965 5334 omnino
977 5290 1038 5333 non
1053 5283 1168 5333 curant.
1183 5273 1275 5343 Unde,
1291 5274 1411 5332 multam
1427 5275 1596 5333 victualium
1622 5287 1697 5345 opu-

56 5366 173 5435 ll’etrns
187 5373 284 5425 autem
294 5380 362 5425 cnm
375 5362 448 5423 illud
467 5364 714 5438 indisciplinatum
731 5363 795 5425 vul·
846 5365 964 5423 lentiam
976 5363 1082 5423 ibidem
1094 5362 1277 5436 reperientes,
1293 5363 1461 5435 adplenum
1482 5365 1563 5423 fuere
1588 5361 1697 5422 refecti.
