3818 6008
563 107 745 177 uouautua
765 109 800 165 ιιι
818 107 968 166 ceassiu
987 109 1051 166 ιιι.
1073 107 1128 164 ιιι.
1675 116 1725 172 ιιι

56 256 117 298 ines
136 241 224 313 bujns
243 241 377 310 temporis
401 240 438 296 ad
457 239 586 296 futuram
607 239 744 312 judicans
763 240 820 312 glo
838 242 861 295 ll
877 241 942 295 dum
959 240 1049 296 adbuc
1070 242 1128 310 ipse
1141 229 1253 308 uiuaci,
1272 239 1310 295 od
1330 242 1443 311 plagam
1463 245 1629 301 orientalem.
1654 248 1723 302 Dum

71 345 137 400 quae
151 329 325 386 revelabitur
342 328 371 383 in
387 328 471 384 nobis
491 329 581 399 (Rom.
597 343 655 393 ιιιιι,
675 329 733 398 l8);
750 343 820 398 pro·
872 330 1000 386 vivimus
1027 329 1102 385 enim
1133 328 1170 383 ad
1194 331 1352 384 emaciatum
1377 333 1499 400 plagam,
1524 347 1659 404 separare
1688 336 1722 389 ob

57 434 65 474 ι
93 420 190 489 itaque
211 416 381 473 admirando
405 417 558 485 compellat
582 416 726 474 allectum.
753 420 819 488 Quis
873 419 950 472 lsauc
960 417 1019 488 filio
1037 431 1085 472 eos
1099 417 1246 485 debemus,
1261 418 1330 488 quia
1346 418 1488 476 subtiliter
1500 422 1721 480 discernendum

56 506 149 577 nquit,
166 513 253 561 ιιιιιιι
268 505 457 561 humanitatis
480 506 507 560 in
528 507 585 560 Deo
599 507 715 562 motus?
730 519 819 576 quam
874 506 956 562 nobis
967 512 1018 570 est,
1035 506 1105 562 dum
1120 507 1181 562 veri
1195 506 1319 563 Orientis
1334 507 1415 563 vitali
1428 508 1490 564 luce
1504 510 1721 582 perfundimur,

57 593 234 652 ndumentis
253 592 361 649 intuitu
375 593 576 660 attendendus,
592 595 640 662 pai
651 609 818 664 peregrum,
873 608 909 650 ne
924 608 1011 664 opera
1034 595 1202 651 humanitus
1216 594 1291 651 iacta
1313 596 1348 651 ad
1374 596 1561 653 intentionem
1583 600 1722 656 mercedis

56 725 57 734 ,
71 681 221 753 spirituale
234 681 406 738 exercitium
431 681 512 737 nobis
534 682 570 737 ad
590 696 620 737 se
636 682 820 738 tendentibus
873 697 1005 752 supernae
1020 684 1190 752 permiscere
1198 684 1367 739 audeamus.
1384 684 1468 740 Filios
1481 687 1720 757 concubinarum,

58 772 96 827 ito
113 772 238 828 occurrit
253 784 366 841 semper
382 771 503 826 auxilio!
523 770 598 826 Solet
613 780 709 826 autem
732 770 819 826 etiarn
872 786 959 842 opera
969 771 1207 828 affectualitatum
1217 772 1419 843 corporalium,
1436 773 1516 829 Isaac
1527 774 1628 844 lilium,
1642 790 1721 846 spem

56 861 130 917 ,dum
152 860 244 929 ipsam
265 860 399 916 deitatem
423 859 571 915 hamanus
585 859 640 914 dici
660 861 742 924 Deus,
764 859 819 930 spi·
873 861 993 916 celestis
1016 859 1114 931 gaudii
1134 860 1266 916 dicimus.
1286 860 1362 917 Ordo
1377 869 1472 918 autem
1489 871 1531 918 est
1547 878 1553 918 :
1568 866 1742 919 Dauniae

65 963 184 1020 quoque
208 948 355 1003 bemanus
371 955 397 1003 et
413 947 523 1003 stabilis
549 946 698 1017 appellari,
724 948 820 1004 verbis
872 957 913 1004 ret
927 949 965 1003 ad
977 949 1134 1003 orientalem
1143 949 1265 1018 plagam,
1283 952 1421 1018 separauit
1435 966 1488 1004 eos.

60 1037 248 1094 successario
269 1037 305 1092 ad
319 1037 419 1091 divina
441 1037 580 1092 traductis
604 1050 652 1105 per
667 1036 819 1093 'bominem
910 1039 995 1095 Vsus.
1020 1043 1047 1104 7,
1062 1040 1086 1092 8.
1105 1067 1143 1079 -
1156 1040 1275 1093 Fuerunt
1291 1043 1380 1094 autern
1404 1042 1472 1095 onai
1493 1044 1556 1096 uite
1582 1040 1641 1112 ejus
1664 1059 1722 1098 cen·

72 1124 249 1192 humanitas,
281 1124 309 1179 id
334 1130 376 1180 est
402 1123 502 1192 pietas.
536 1124 688 1194 Apparuit,
713 1123 817 1195 inquit,
873 1133 930 1182 tum
946 1129 1121 1197 septuaginta
1145 1129 1263 1196 quinique
1287 1143 1428 1184 oaamum.
1445 1130 1485 1183 Et
1504 1129 1629 1200 deficiens
1648 1147 1720 1186 ιιονα

56 1215 134 1278 ailus,
155 1218 180 1267 et
202 1214 358 1267 humanitas
380 1213 525 1267 saluatoris
551 1213 618 1282 (Tit.
642 1228 682 1279 ιιι,
703 1213 740 1283 l).
768 1214 820 1269 Hic
874 1223 935 1270 tuus
957 1220 996 1270 est
1015 1218 1043 1269 ia
1058 1220 1190 1269 senectute
1209 1216 1287 1283 botta,
1302 1223 1487 1286 provectaeque
1500 1222 1601 1287 aetatis,
1616 1224 1641 1273 et
1659 1222 1721 1290 pie-

56 1301 94 1368 ιιι,
118 1300 247 1368 allectus,
273 1301 398 1355 domiuus
420 1315 505 1365 meus,
534 1301 611 1357 bunc
632 1303 733 1372 utique
761 1316 819 1357 non
873 1319 924 1358 rara
942 1304 1056 1358 dierum.
1075 1306 1126 1359 Per
1142 1303 1310 1373 quinarium
1326 1305 1451 1360 exterior
1467 1306 1551 1362 borno
1567 1315 1669 1372 noster,
1684 1308 1721 1364 ob

56 1390 111 1445 rito
132 1389 263 1460 praelegi
288 1389 457 1456 dominatui,
483 1398 630 1459 tantopere
654 1391 744 1460 pium,
769 1392 819 1462 qui
873 1394 1005 1464 quinque
1015 1407 1083 1449 suos
1097 1406 1198 1448 sensus
1210 1391 1358 1462 accipitur.
1376 1393 1619 1463 septuagenarius
1633 1403 1722 1466 septe-

56 1493 95 1534 ιιιι
116 1492 169 1533 ιιι
186 1479 395 1549 agriculturam
412 1477 510 1544 ellicit,
535 1487 562 1534 ct
586 1479 667 1535 nobis
690 1481 821 1543 resisten·
875 1483 989 1537 narium
1012 1489 1039 1537 et
1054 1480 1204 1536 denarium
1221 1480 1383 1537 evidentius
1402 1481 1516 1550 praefert
1538 1481 1566 1536 in
1587 1488 1721 1551 septena-

61 1577 150 1637 atque
162 1568 283 1636 superbe
299 1567 407 1623 aversis
429 1574 601 1636 precaturus
618 1574 648 1623 ut
669 1568 819 1624 redeamus
839 1551 927 1638 Brio,
949 1570 999 1642 qui
1023 1582 1164 1624 numerus
1179 1568 1337 1638 spiritualis
1358 1577 1410 1635 est,
1438 1577 1464 1626 et
1479 1583 1514 1625 ex
1531 1577 1657 1640 quatuor
1672 1569 1721 1625 tri-

58 1656 105 1712 rit.
127 1656 171 1711 ad
192 1656 253 1711 lraec
269 1655 394 1712 Rebecca
419 1657 473 1711 cito
497 1656 611 1724 pallium
634 1657 716 1725 tollit,
742 1664 820 1713 etse
874 1658 987 1729 busque
1002 1663 1121 1717 eortstat.
1148 1655 1268 1724 spiritus
1294 1663 1390 1711 noster
1406 1655 1524 1726 intelligi
1550 1664 1649 1726 potest,
1671 1656 1720 1726 qui

56 1756 79 1807 ;,ἔ
95 1744 165 1814 quia
189 1744 325 1814 patientia
349 1745 413 1800 licet
437 1743 489 1799 sibi
509 1758 559 1814 pro
584 1745 639 1800 Deo
655 1746 747 1801 arrrlaa
762 1747 819 1815 pati
874 1754 1001 1818 quatuor
1021 1742 1230 1815 principalibus
1251 1745 1419 1812 virtutibus,
1440 1751 1467 1799 et
1483 1744 1601 1811 ratione,
1617 1745 1720 1801 volun

56 1840 115 1899 tur,
133 1832 314 1889 verecundie}
328 1841 463 1888 orinatum
479 1833 577 1901 sumit,
593 1834 663 1889 dum
680 1849 745 1904 quae
760 1834 820 1905 agit
873 1843 930 1890 tate
953 1832 1115 1903 allectuque
1140 1833 1296 1901 preminet,
1313 1839 1340 1889 et
1354 1831 1431 1887 solus
1452 1831 1608 1902 septilormi
1621 1833 1721 1904 gratia

72 1922 207 1988 aestimat,
228 1929 255 1977 et
276 1921 310 1976 de
334 1921 485 1991 preteritis
515 1922 668 1983 erubescit,
694 1923 819 1978 undeet
874 1922 1054 1993 capessendae
1074 1921 1194 1976 idoneus
1212 1927 1268 1989 ιιι;
1291 1920 1370 1975 bunc
1393 1921 1588 1989 septenarium
1604 1920 1721 1976 denario

56 2009 123 2065 aiter
152 2009 205 2064 bac
231 2009 293 2079 ipsa
320 2009 482 2064 bumilitate
506 2018 572 2065 ante
596 2010 646 2066 Dei
668 2011 766 2066 oculos
790 2024 820 2065 se
874 2011 1036 2082 adjicimus,
1063 2009 1132 2064 dum
1165 2008 1295 2064 animum
1336 2021 1424 2062 sacrae
1453 2006 1624 2065 documento
1651 2008 1722 2079 legis

56 2106 75 2155 ι.
92 2100 184 2154 Ροιιιι
201 2106 228 2154 ιι
250 2112 300 2167 per
315 2097 435 2168 pallium
449 2098 527 2167 quod
542 2098 663 2154 inlerius
682 2098 821 2154 dilatatur
874 2095 1042 2151 imbuimus.
1063 2096 1133 2151 inde
1146 2110 1215 2167 ergo
1230 2096 1266 2151 ad
1281 2096 1478 2152 centenarium
1493 2096 1545 2167 qui
1561 2097 1673 2166 transit,
1691 2097 1720 2153 in

56 2187 156 2256 ,periris
185 2192 368 2256 angustatur,
398 2185 519 2240 actualis
542 2192 570 2240 et
599 2184 821 2256 contemplativa
875 2185 1022 2240 dexteram
1041 2184 1172 2253 leriorur,
1201 2185 1229 2240 id
1251 2192 1293 2240 est
1316 2185 1351 2240 ad
1374 2185 1643 2254 contemplationem
1658 2185 1719 2247 Dei,

56 2275 152 2344 accipi,
171 2287 298 2345 quarum
320 2273 410 2329 altera
433 2274 469 2329 ad
492 2287 594 2329 curam
618 2275 742 2343 proximi
763 2273 821 2330 lata
875 2286 940 2341 quac
960 2271 1075 2328 initium
1088 2274 1221 2342 perennis
1240 2272 1300 2342 jam
1318 2272 1502 2329 beatitudinis
1517 2281 1568 2341 est,
1584 2288 1719 2331 conscen-

56 2365 139 2420 iltera
160 2363 197 2418 ad
212 2364 260 2418 bei
275 2363 414 2419 visionem
437 2362 561 2418 acuitur.
577 2362 682 2418 Narrat
701 2361 821 2418 allectus
874 2361 979 2417 dimus.
999 2361 1083 2417 Hunc
1104 2375 1197 2430 usque
1216 2360 1413 2416 centenarium
1436 2361 1581 2417 Abrabam
1607 2362 1721 2420 intelle-

67 2459 243 2521 nosterquae
256 2452 341 2522 gessit
356 2451 524 2517 lsaac,cum
539 2450 683 2522 quidquid
698 2450 818 2520 agendo,
850 2524 853 2530 .
874 2448 977 2505 ctualis
1004 2449 1100 2505 vivere
1121 2463 1238 2519 garoque
1263 2458 1343 2518 pacto
1367 2449 1472 2505 saeculo
1497 2451 1599 2520 potuit,
1617 2452 1666 2507 sed
1691 2453 1719 2507 in

56 2540 264 2610 onrerriplaudo
292 2539 404 2595 ellicere
433 2539 547 2595 videtur
573 2539 611 2595 ad
637 2539 820 2595 emerendam
875 2536 929 2592 boc
952 2536 1125 2592 constitutus
1140 2536 1273 2591 deficiens
1294 2536 1501 2606 cupiditatibus
1518 2550 1619 2593 earum
1634 2552 1722 2610 nego·

57 2632 93 2686 ιιι
107 2629 207 2701 gaudii
222 2629 344 2700 gratiam
356 2635 492 2698 reportat.
875 2624 921 2680 tis
939 2623 1018 2693 obiit,
1034 2637 1101 2680 cum
1116 2625 1212 2691 pierius
1235 2625 1349 2691 dierum,
1367 2637 1516 2680 sacrarum
1531 2625 1638 2682 scilieet
1658 2627 1721 2685 luce

56 2733 93 2774 as.
110 2722 155 2772 ιιι.
171 2748 205 2757 -
228 2719 282 2783 Qui
304 2716 461 2771 introducit
481 2731 540 2770 eum
565 2719 595 2770 ia
618 2716 821 2772 tabernaculum
876 2711 1025 2782 multiplici
1041 2712 1238 2776 scientiarum,
1263 2719 1290 2768 et
1313 2715 1556 2781 praecaecatis,
1574 2722 1722 2783 promotus

69 2809 168 2861 matris
195 2821 259 2873 suae,
283 2809 308 2859 et
337 2807 440 2874 occepit
462 2819 583 2870 morem,
606 2811 632 2859 et
659 2806 689 2859 in
714 2809 819 2859 tuntum
875 2815 943 2857 sanc
958 2801 1022 2857 altis
1046 2801 1185 2872 gradibus
1203 2801 1361 2857 sanctitatis
1379 2803 1409 2855 iu
1427 2805 1568 2870 senectute,
1589 2816 1647 2857 non
1662 2817 1721 2874 qaia

56 2895 246 2951 :saluatorem
266 2896 316 2964 qui
337 2909 372 2948 ea
386 2897 470 2948 morte
486 2896 583 2947 vicotris
597 2894 735 2948 acciderat
750 2899 819 2948 tem-
875 2888 1329 2947 iareterareritinterinimicosin
1346 2896 1423 2945 terra
1436 2889 1622 2961 alienall’sci.
1638 2906 1676 2960 vt,
1687 2893 1719 2962 83

56 2989 88 3040 ct.
112 2985 193 3040 isaac
211 2984 367 3039 Rebeccam
383 2985 412 3036 in
430 2984 527 3036 matris
553 2982 756 3036 tubernaculum
772 2983 820 3037 in·
872 2979 990 3033 baruca.
1011 2993 1051 3044 m,
1073 2976 1125 3048 ιι).
1142 2977 1192 3033 sed
1206 2990 1266 3047 qua
1284 2977 1477 3059 permaturuit
1496 2979 1637 3050 religiosae
1649 2994 1721 3036 con-

56 3115 61 3141 ,
90 3087 157 3129 cum
185 3072 306 3128 caelestis
332 3070 430 3142 gaudii
454 3070 629 3126 desiderium
654 3071 819 3140 patientiam
873 3067 1042 3124 versationis
1057 3065 1248 3122 diuturnitate
1267 3065 1352 3121 bona.

58 3160 111 3231 piae
126 3160 285 3217 voluntatis
296 3159 448 3224 ambitum,
465 3173 532 3229 quae
547 3159 636 3215 totius
650 3159 718 3215 boni
730 3167 821 3216 mater
909 3155 995 3212 Vens.
1012 3157 1038 3208 9.
1056 3185 1090 3195 -
1110 3156 1346 3224 congregatasque
1366 3158 1405 3208 esi
1426 3153 1464 3208 od
1476 3156 1606 3225 populum
1629 3172 1719 3224 suum,

56 3250 104 3307 tibi
126 3250 392 3317 commilitaturam,
416 3255 443 3304 ct
466 3261 483 3302 a
506 3261 535 3302 se
556 3247 663 3304 sanctis
686 3248 820 3318 operibus
873 3249 899 3299 et
915 3243 1077 3312 sepelierunt
1090 3257 1149 3297 mm
1165 3244 1242 3297 iscuc
1258 3246 1283 3296 et
1296 3243 1403 3308 ismael,
1423 3241 1480 3312 filii
1494 3246 1538 3298 sui
1549 3247 1579 3299 in
1592 3246 1721 3314 spelunca

56 3339 187 3396 dandam
203 3336 332 3406 suscipit,
348 3341 373 3390 et
388 3339 417 3390 in
440 3341 545 3390 tantam
566 3350 618 3406 pro
633 3337 691 3392 Deo
708 3337 767 3408 jam
791 3351 821 3393 se
873 3332 987 3402 duplici,
1012 3347 1071 3399 quae
1095 3334 1149 3385 sito
1163 3336 1202 3385 est
1225 3333 1254 3384 ia
1277 3345 1343 3399 agro
1364 3333 1483 3400 Epiron,
1507 3341 1560 3389 etc.
1579 3335 1669 3404 Isaac,
1696 3339 1723 3390 et

56 3429 180 3494 laetatur,
203 3433 236 3482 ιιι
261 3426 342 3481 dolor
365 3425 550 3492 penitentiae.
576 3426 627 3495 qui
646 3441 682 3481 en
710 3426 820 3481 delectu
874 3421 970 3474 ismael
988 3420 1044 3484 atii
1061 3420 1218 3481 Abrabam.
1244 3418 1386 3488 sepeliunt
1410 3423 1440 3473 ia
1462 3422 1720 3493 speiuacoduptici,

56 3515 183 3586 ejusdem
199 3515 280 3570 bonae
301 3513 457 3569 voluntatis
478 3514 630 3581 acciderat,
647 3513 729 3569 nimii
753 3527 821 3583 pro·
873 3523 939 3564 cum
968 3515 996 3563 ιι
1022 3521 1087 3578 ιριι
1112 3506 1231 3563 caelestis
1258 3506 1368 3577 gaudii,
1392 3514 1420 3562 et
1446 3507 1638 3580 allectasJ'am
1664 3511 1722 3568 Deo

72 3603 181 3660 amoris
196 3609 273 3659 certa
288 3616 335 3672 spe
354 3601 446 3658 venire
460 3601 520 3672 J'am
539 3602 652 3671 penitus
670 3601 819 3658 leniretur.
873 3596 1009 3652 obediens
1031 3610 1089 3651 non
1109 3595 1163 3651 sibi
1187 3595 1292 3665 quietis
1316 3595 1435 3651 internae
1462 3597 1603 3654 rationem
1629 3599 1722 3671 gratia

873 3691 1039 3755 contegunt,
1059 3691 1090 3740 ut
1111 3698 1164 3739 nec
1177 3683 1315 3754 spelunca
1338 3683 1541 3753 sensualitatis,
1561 3701 1614 3743 nec
1635 3689 1720 3745 etiam

287 3744 400 3802 CAPUT
420 3744 509 3800 XXV·
873 3772 1057 3843 ipsiusque
1083 3771 1227 3828 molestior
1246 3786 1307 3828 esse
1325 3773 1405 3840 solet,
1432 3762 1648 3845 imaginalitatis
1668 3777 1723 3849 spi·

56 3885 92 3927 us.
110 3872 135 3924 ι.
150 3898 187 3910 -
201 3868 342 3924 Abrabam
355 3882 416 3923 uero
437 3869 521 3922 oliam
536 3867 618 3922 ducit
636 3882 758 3935 acorem,
772 3883 819 3923 ao·
873 3863 963 3918 ritum
979 3862 1035 3918 Deo
1058 3861 1201 3918 intentum
1222 3861 1352 3932 prodant,
1380 3861 1428 3917 sed
1454 3861 1546 3918 eidem
1569 3865 1678 3922 servire
1703 3880 1721 3922 a

63 3959 219 4016 certarum.
245 3957 371 4013 Cetbura
391 3955 498 4012 dicitur
522 3957 667 4010 ttrimiama
695 3956 819 4024 offerens,
874 3950 995 4022 negotiis
1016 3963 1154 4007 curarum
1187 3950 1341 4020 parcendo,
1374 3949 1496 4007 lorondo
1522 3952 1719 4025 consentiant3

56 4047 169 4118 epulata.
193 4045 349 4116 Postquam
372 4043 451 4107 Sera,
468 4044 602 4099 voluntas
622 4044 738 4111 scilicet,
754 4059 820 4114 quae
873 4046 976 4094 caetera
992 4038 1125 4108 superius
1149 4045 1270 4093 tractata
1284 4047 1466 4108 querantur.
1488 4039 1542 4096 Sed
1563 4049 1721 4112 antequam

56 4149 104 4206 sps
122 4133 255 4201 Abrabae,
281 4133 307 4188 id
323 4140 364 4188 est
382 4133 503 4188 rationis
524 4140 575 4200 est,
592 4147 651 4189 noa
676 4134 753 4205 quod
769 4148 819 4189 ra·
839 4151 861 4206 p
876 4126 1000 4196 sepeliat,
1018 4127 1055 4181 od
1066 4129 1197 4196 populum
1210 4142 1288 4182 suum
1303 4136 1495 4200 congregatus
1507 4131 1638 4187 ordinate
1653 4133 1722 4189 satis

56 4223 244 4296 principetur.
271 4221 320 4277 sod
337 4221 413 4291 qaod
428 4235 463 4276 ex
477 4221 540 4292 ejus
553 4222 696 4277 consortio
711 4222 820 4291 princi·
874 4214 989 4280 dicitur,
1014 4216 1069 4272 nisi
1091 4215 1168 4271 enim
1190 4229 1208 4272 a
1231 4229 1284 4271 sua
1309 4215 1486 4286 dispersione
1511 4218 1672 4275 intellectus
1685 4221 1721 4278 ad

68 4314 157 4368 totins
179 4308 327 4380 probitatis
351 4310 397 4377 sit,
421 4316 584 4380 postquam,
603 4309 733 4381 iuquam,
759 4310 821 4366 baea
874 4303 928 4359 sibi
953 4304 1108 4360 uniendam
1127 4304 1336 4375 cogitationum
1351 4305 1435 4374 qriasi
1455 4306 1537 4379 vulgi
1561 4307 1722 4366 multitudi-

58 4415 76 4456 o
98 4400 211 4466 occidit,
241 4399 272 4456 lit
294 4398 431 4464 Cctbura,
456 4399 526 4453 dum
550 4398 590 4454 ita
605 4405 662 4454 toto
686 4398 819 4454 desiderii
873 4406 939 4447 nem
955 4405 1015 4448 sese
1030 4392 1185 4463 collegerit,
1201 4407 1353 4463 nirnquam
1368 4394 1533 4464 sepulcrum
1550 4397 1618 4452 illud
1635 4398 1720 4467 quie-

56 4495 242 4555 ecrematar,
258 4495 291 4544 ut
306 4487 365 4542 vila
381 4486 514 4553 bominis,
531 4486 588 4542 Deo
604 4500 654 4556 per
674 4487 819 4543 internum
874 4488 930 4536 tem
946 4480 1049 4536 mentis
1068 4481 1193 4552 attingit.
1211 4481 1307 4552 (Vsus.
1323 4481 1382 4551 ll.)
1398 4485 1432 4538 Et
1452 4491 1514 4553 post
1526 4484 1629 4539 obitum
1643 4487 1720 4543 iltius

55 4573 114 4632 idui
135 4573 240 4629 amoris
268 4571 360 4628 ledus
388 4571 530 4641 copulata,
560 4573 596 4628 ad
627 4573 717 4628 [teian
740 4573 819 4627 orani
874 4567 1011 4624 benedicit
1026 4571 1159 4624 Dominus
1171 4571 1248 4624 lsaoo
1261 4571 1318 4640 filio
1336 4571 1405 4640 ejus,
1419 4574 1470 4642 pai
1480 4573 1621 4628 habitabat
1632 4574 1721 4645 juata

82 4662 242 4718 sanctitatis
274 4660 402 4716 conlecta
433 4659 543 4716 leratur
571 4659 669 4729 (Vsus.
700 4660 736 4730 5.)
767 4661 819 4716 [tat
870 4662 983 4728 puteum
1023 4660 1142 4714 Viventis
1170 4664 1196 4712 et
1237 4659 1372 4714 Videatis.
1414 4659 1557 4717 benedicit
1590 4665 1719 4720 Dominus

56 4751 113 4806 lum
133 4757 230 4806 cuncta
254 4766 313 4819 qua
334 4747 460 4820 possidet
477 4750 566 4817 Isaac,
590 4749 661 4820 quia
674 4749 818 4819 quidquid
874 4749 949 4803 lsuac
976 4747 1031 4816 piio
1058 4756 1120 4816 post
1148 4748 1250 4802 obitum
1274 4748 1407 4816 Abrabae,
1435 4748 1506 4805 dum
1527 4751 1588 4819 spei
1616 4759 1719 4810 nostra

56 4848 133 4898 ectus
156 4839 340 4909 inspirituali
355 4837 515 4895 substantia
539 4838 705 4904 laceratur,
728 4844 817 4894 totum
872 4834 1031 4905 spiritualis
1053 4834 1158 4892 laetitiae
1186 4835 1408 4893 exuberantiam
1432 4838 1613 4908 multiplicat,
1638 4849 1719 4912 post-

56 4926 161 4982 oelestis
184 4923 282 4980 laetitia
308 4923 390 4980 luera
414 4922 633 4994 multiplicanda
660 4922 817 4979 confertur.
872 4937 962 4995 quam
985 4923 1145 4980 intellectus
1171 4932 1266 4981 noster
1288 4939 1324 4981 ιιι
1356 4932 1412 4981 tolo
1427 4926 1522 4983 delicit
1545 4927 1573 4982 in
1589 4930 1720 5000 appetitu

59 5055 66 5069 .
90 5013 130 5085 ιι.)
146 5013 229 5067 attia
244 5013 454 5067 concubinarum
469 5010 592 5083 largitur
604 5027 726 5076 munuc,
748 5010 817 5066 dum
872 5011 1029 5068 triundialis
1047 5012 1154 5082 glorie.
1170 5014 1257 5066 iacta
1274 5019 1385 5083 puteum
1402 5015 1525 5071 Viventis
1545 5021 1571 5071 et
1596 5019 1719 5076 Videatis

56 5117 105 5161 aas
136 5101 345 5158 rationabiliter
375 5101 492 5171 quidem
515 5100 624 5170 captis,
649 5100 698 5155 sed
723 5100 819 5156 minus
872 5099 994 5165 habitat,
1010 5115 1076 5157 cum
1093 5100 1237 5158 interioris
1251 5101 1375 5159 bominis
1390 5103 1523 5174 gloriatio
1537 5120 1602 5171 eum
1620 5107 1719 5179 inquo

56 5205 98 5250 na
126 5192 262 5248 bumana
289 5189 448 5246 allectionis
477 5187 646 5244 admistione
676 5186 816 5258 perlectis,
871 5195 913 5244 est
937 5189 1024 5246 totius
1039 5188 1105 5245 boni
1125 5188 1215 5258 origo,
1238 5197 1266 5247 et
1291 5189 1367 5246 undo
1381 5191 1534 5249 haurimus
1556 5195 1642 5251 totius
1657 5197 1719 5266 spi-

56 5288 173 5347 numa,
202 5279 250 5335 scd
278 5279 458 5348 temporariae
483 5275 679 5346 prosperitatis
701 5275 819 5333 ascribit
872 5276 1040 5334 ritualitatis
1067 5292 1101 5334 ac
1127 5276 1277 5335 vitalitatis
1305 5279 1409 5345 undas,
1437 5280 1615 5337 observando
1640 5283 1720 5337 omni

57 5371 96 5427 ia.
112 5371 149 5426 st
168 5369 319 5438 separauit,
348 5365 453 5437 inquit,
475 5379 517 5420 eos
532 5365 567 5418 ab
582 5366 659 5419 isaac
676 5364 735 5425 tilio
758 5380 817 5430 suo,
872 5364 1020 5439 diligentia
1040 5366 1270 5435 confrequentat.
1293 5367 1336 5423 llli
1350 5368 1426 5425 enim
1446 5369 1485 5426 rei
1501 5368 1623 5425 assidere
1643 5368 1721 5424 sole-
