3818 6008
439 218 545 275 LIBER
564 217 639 284 QUO
657 217 789 276 ORDINE
808 220 926 278 suuuo
945 221 1043 280 rrum
1063 220 1215 280 DEBEAT'.
1361 302 1365 309 ι
1671 224 1706 280 30

56 344 114 402 iam
124 359 192 416 quse
206 342 259 416 ipsi
273 349 382 401 norunt
391 341 559 414 eloquenter
572 341 625 400 sibi
640 341 793 410 dieantur;
810 356 833 408 Α
852 343 967 414 divinis,
984 345 1132 402 sedetiam
1156 360 1227 417 pene
1255 347 1284 402 in
1307 344 1352 403 bis
1367 346 1504 404 omnibus
1519 352 1540 402 ι
1554 362 1621 419 qua
1633 348 1706 405 snb-

70 435 170 492 minus
191 440 352 500 accurrate,
379 430 527 488 lastidium
556 439 584 488 et
604 439 801 503 contemptum
853 433 950 504 iacent
968 435 1068 503 oculis,
1087 435 1317 506 comparationes
1334 435 1404 493 satis
1421 437 1538 493 idoneas
1561 439 1590 494 in
1604 452 1704 495 erem·

56 523 146 580 dunt:
176 522 254 579 unde
285 534 352 578 cum
378 520 509 578 litteratis
529 528 617 592 atque
650 522 802 579 illitteratis

71 612 172 684 positis
182 612 434 668 commonitorium
445 611 577 678 iacimus,
589 610 689 681 aliqua
706 610 803 669 minus

56 740 63 768 ,
79 708 208 756 attamen
224 699 425 770 intelligibilia.
451 700 569 770 utrique
589 699 662 771 parti
676 699 802 769 prolerre

56 802 96 856 us,
123 788 201 844 unde
219 800 319 844 eorum
345 786 429 843 tedia
459 787 565 858 quiea
588 801 654 858 quae
679 787 802 845 dicimus

56 878 138 943 nunt,
152 890 298 933 removere
312 876 464 946 possimus.
481 875 560 942 Quod
583 876 613 932 ut
627 892 694 933 eum
710 876 803 934 sancti

56 966 103 1022 elii
120 965 256 1023 lectiones
265 965 445 1035 exponendo,
458 963 608 1036 quippiam
619 964 700 1022 aliter
714 981 803 1037 quarn

56 1069 65 1111 ι
91 1053 283 1125 expositiones
306 1053 421 1118 babent,
448 1053 593 1110 moraliter
626 1053 800 1124 inducimus,

56 1143 87 1199 tsi
114 1142 327 1214 quodammodo
364 1141 400 1199 de
428 1143 516 1199 veteri
546 1143 672 1199 maceria
698 1157 802 1214 super·

56 1233 81 1289 lo
94 1246 200 1289 novam
218 1232 374 1289 reddimus.

56 1331 61 1377 t
82 1320 168 1391 plane
190 1320 325 1390 quaedam
353 1319 571 1392 evangeliorum
594 1320 730 1392 capitula,

56 1408 98 1465 »dn
113 1423 130 1464 a
146 1409 279 1465 Patribus
293 1408 444 1480 allegorice
454 1416 585 1479 tractata,
599 1417 627 1466 ιι
637 1411 673 1466 ad
687 1410 803 1467 ludaeo-

56 1496 234 1567 ‚entiumque
249 1511 399 1568 personam
422 1499 562 1568 exposita,
588 1514 653 1570 quaa
668 1507 764 1556 tamen
778 1499 802 1555 si

56 1584 226 1657 tperspieax
241 1593 269 1642 et
292 1584 508 1656 Scripturarunr
529 1588 677 1644 studiosus
697 1603 803 1645 secun·

857 523 981 592 plueret
1003 524 1210 596 signitloantias
1240 524 1326 581 utiles
1348 525 1464 582 illarum
1484 541 1558 597 quas
1585 541 1622 584 ex
1650 543 1705 585 usu

856 611 973 667 assiduo
997 612 1080 668 niitili
1106 613 1257 682 pendimus
1285 628 1384 670 rerum
1418 614 1563 672 uberrime
1585 616 1704 681 invenit,

856 714 923 770 quse
939 708 1016 757 tanto
1039 701 1139 757 utilius
1153 702 1318 773 cogitantur
1345 717 1404 773 que
1428 703 1627 761 benevolentia
1650 705 1706 761 iilis

856 789 993 858 ampliore
1004 790 1152 859 dicuntur,
1169 797 1307 862 tantoque
1324 797 1393 849 sunt
1406 792 1575 863 gratiosiora
1595 800 1705 865 quanto

856 877 954 934 mitius
968 877 1148 935 auditoribus
1164 878 1278 936 usitata.

893 966 1010 1024 Possunt
1037 970 1065 1023 ιι
1092 968 1127 1023 de
1162 968 1206 1024 bis
1233 983 1300 1039 quae
1323 968 1432 1025 ratione
1477 967 1706 1028 adinveniuntur

858 1054 1125 1126 ιιιιιιιιιιιιιιιιιι,
1147 1056 1196 1113 sed
1220 1070 1319 1114 vereor
1340 1072 1385 1125 ne,
1402 1056 1424 1114 si
1444 1057 1479 1115 de
1502 1059 1557 1114 bac
1580 1073 1611 1115 re
1626 1058 1704 1130 ioqui

857 1144 1024 1215 inciperem,
1059 1145 1147 1201 verba
1170 1159 1258 1214 supra
1286 1145 1403 1202 modum
1441 1147 1634 1216 extenderent,
1678 1155 1706 1204 et

857 1233 952 1290 neseio
967 1233 991 1289 si
1016 1247 1050 1290 ea
1075 1241 1132 1290 tam
1162 1234 1257 1291 lucide
1284 1248 1394 1305 possem
1420 1235 1563 1306 explicare
1596 1244 1627 1293 ut
1651 1251 1705 1293 eu·

754 1335 803 1378 su-
858 1337 964 1396 pereni.

893 1411 1033 1468 Proicere
1068 1419 1206 1482 praterea
1243 1411 1387 1483 precipue
1422 1411 1607 1469 audientibus
1636 1412 1706 1471 solet

857 1498 921 1570 sius
936 1499 987 1571 qui
1002 1499 1133 1570 loquitur
1147 1500 1260 1556 sincera
1274 1508 1302 1555 et
1314 1500 1424 1571 absque
1441 1500 1500 1557 ulia
1513 1500 1607 1557 laudis
1621 1500 1706 1571 eupi-

857 1588 945 1646 ditate
969 1589 1096 1657 intentio,
1128 1589 1176 1647 ubi
1204 1589 1264 1645 sola
1289 1602 1390 1645 eorum
1418 1589 1470 1660 qui
1493 1589 1658 1646 anscultant
1676 1589 1706 1647 iu

57 1673 291 1745 liarunrregulas
303 1675 572 1746 interpretationum
585 1677 708 1735 scrutari
722 1678 800 1746 velit,
817 1661 838 1717 Β
856 1676 962 1734 divinis
987 1677 1074 1736 rebus
1100 1677 1224 1736 eruditio
1253 1677 1345 1749 quaeri
1372 1676 1544 1749 intelligitur
1561 1685 1589 1735 et
1616 1677 1705 1744 salus,

56 1771 83 1820 nt
114 1776 267 1834 nunquam
299 1763 406 1820 alicubi
435 1763 594 1821 intellectus
626 1765 724 1834 deerit,
753 1766 803 1822 sed

56 1867 132 1924 nque
156 1851 260 1924 legenti
283 1851 402 1923 spiritus
423 1859 451 1909 et
472 1852 608 1913 voluntas
635 1853 708 1922 ierit,
734 1853 803 1910 illue

56 1948 102 1997 ·et
121 1949 194 2006 rota,
217 1940 246 1997 id
269 1947 310 1997 est
334 1940 482 2011 Scriptura
506 1954 597 2006 saera,
624 1950 725 2012 praesto
749 1941 803 1999 ad-

56 2029 89 2087 ed
104 2037 210 2097 ιιιιιιιι,
228 2028 292 2086 licet
314 2029 420 2100 eisqui
437 2029 565 2087 valenter
588 2044 676 2087 sacrae
691 2030 803 2103 paginae

56 2133 102 2176 arn
124 2119 242 2182 babent,
266 2132 448 2189 summepere
478 2119 532 2174 boo
554 2134 645 2190 genus
676 2119 804 2176 exercitii

69 2206 306 2278 presumendum
320 2206 393 2263 nulii
403 2214 454 2275 est,
467 2206 522 2263 uisi
537 2207 702 2277 adplenum
716 2207 804 2264 variis

59 2294 250 2362 locutionum,
274 2293 330 2351 sub
345 2308 403 2351 una
418 2295 577 2365 eademque
589 2308 629 2362 ce,
653 2295 803 2351 diversita-

56 2383 291 2457 significationum
316 2382 473 2455 longousu
497 2382 628 2440 didicerit
653 2383 804 2455 allegorias

57 2486 205 2544 compunt.

56 2561 238 2628 sumendum,
254 2558 384 2631 iuquam,
410 2561 482 2618 nulli
498 2561 552 2617 nisi
572 2560 672 2619 litteris
690 2560 817 2633 sagaci-⁴

56 2652 171 2717 buto,et
184 2649 369 2717 snbeisdem,
387 2658 418 2707 ιιι
441 2650 513 2719 dixi,
542 2650 630 2707 rebus
654 2664 688 2707 ac
708 2651 804 2707 numi-

69 2737 243 2809 multiplicia
274 2738 379 2794 sentire
405 2753 523 2810 prorsus
548 2740 708 2795 instructo:
725 2739 803 2796 verbi

56 2835 165 2898 petra
186 2827 415 2884 lundamentum:
441 2841 519 2898 aqua
543 2835 571 2885 et
584 2828 727 2902 caeluni,
716 2828 804 2884 herba

58 2929 120 2983 um,
136 2915 177 2972 sol
191 2923 219 2972 et
235 2915 314 2980 luna,
338 2924 365 2972 et
384 2916 537 2973 innumera
550 2917 617 2985 alia,
633 2931 699 2973 eum
715 2896 839 2989 diuisa

56 3005 170 3076 'ipturis
188 3003 358 3075 significent,
381 3005 586 3062 attendendum
606 3013 648 3062 est
667 3004 694 3061 ei
709 3004 760 3075 qui
776 2962 869 3061 iuc

85 3094 229 3149 sententia
260 3092 383 3149 obscura
414 3101 574 3162 exercetur,
596 3109 663 3165 eum
688 3093 805 3166 aliquod

56 3181 226 3238 ιιιιιιιιιιιιιιι
237 3181 402 3250 occurrerit,
419 3190 489 3253 quot
504 3183 594 3239 modis
616 3183 645 3238 in
656 3173 864 3256 ,ἲιιιιιιιιιἱ

70 3270 170 3340 soleat,
197 3277 330 3342 utputa,
359 3284 465 3328 aurum
485 3271 674 3341 divinitatem,
699 3286 806 3329 aurum

56 3359 138 3426 tiam,
167 3373 272 3416 aurum
296 3359 362 3416 vitae
393 3359 551 3417 claritatem
581 3360 745 3433 signillcat3
767 3370 803 3431 et,

56 3450 145 3506 eratis
158 3449 302 3517 omnibus,
317 3449 395 3520 quod
410 3448 501 3522 magis
522 3448 628 3508 viderit
646 3463 806 3522 congruere

56 3537 75 3595 li
92 3552 180 3609 quem
195 3545 338 3605 retractat,
351 3552 470 3594 securus
485 3547 620 3609 apponat.
636 3539 680 3595 lta
702 3538 805 3610 paula-

60 3626 123 3683 dies
138 3635 255 3697 sumpta
267 3626 381 3694 fiducia,
395 3640 462 3683 enm
478 3641 528 3698 per
547 3627 805 3698 significantiarum

56 3716 136 3771 iones
163 3715 266 3771 viderit
293 3714 348 3772 sibi
372 3723 501 3772 sanctam
527 3714 704 3786 scripturam
728 3714 805 3772 arri.-

59 3818 107 3860 am
121 3803 158 3860 ad
183 3804 294 3874 majora
318 3804 512 3875 progrediens,
535 3817 601 3874 quaa
616 3803 763 3875 quondam
776 3817 805 3860 se

56 3907 109 3950 ianr
123 3899 332 3949 attentaturum
347 3906 518 3963 praesumere
538 3899 639 3962 posset,
656 3907 705 3964 spe
719 3891 804 3949 etiarn

56 3996 69 4040 r
96 3981 247 4038 meliorum
274 3988 447 4051 provocatus
472 3982 650 4054 aggreditur,
679 3983 806 4054 adquae

57 4070 139 4127 anda
153 4069 321 4126 testimoniis
342 4069 415 4126 sacri
439 4069 545 4140 eloquii
561 4071 728 4127 catervatim
751 4070 804 4127 sibi

56 4157 177 4215 entibus
206 4171 263 4213 non
294 4157 447 4214 minimum
474 4159 661 4216 eorrlortatnr.
688 4158 806 4216 Duobus

857 1766 908 1824 ubi
942 1766 1095 1838 peculiaris
1122 1767 1221 1839 glorias
1247 1767 1282 1824 de
1311 1767 1415 1839 grandi
1443 1766 1609 1838 eloquentia
1648 1780 1705 1822 ιιοιι

857 1856 960 1913 auertit
985 1870 1041 1921 ens,
1072 1869 1124 1911 nec
1149 1863 1239 1925 potest
1274 1854 1369 1911 notari
1398 1863 1492 1926 typus.
1521 1854 1598 1910 Nilril
1628 1854 1705 1926 enim

857 1943 950 2015 magis
969 1942 1112 2000 offendere
1131 1943 1280 2001 consuevit
1312 1944 1483 2012 auditorem,
1515 1956 1604 2014 quarn
1627 1942 1705 2014 quod

856 2046 944 2089 eausa
960 2032 1088 2103 pecuniae
1107 2040 1158 2089 aut
1172 2031 1370 2089 ostentationis
1390 2031 1442 2089 seit
1457 2045 1544 2088 suurn
1565 2045 1617 2088 seu
1630 2029 1704 2087 aesti·

857 2128 916 2177 nrat
929 2121 1077 2192 disputare
1093 2121 1316 2191 praedicatorem.

894 2209 989 2267 irritat
1011 2210 1062 2281 qui
1085 2209 1149 2266 talis
1177 2209 1352 2280 agnoscitur,
1378 2223 1435 2266 non
1461 2208 1605 2279 praedicat,
1636 2208 1705 2280 quia

857 2313 915 2369 quo
940 2297 1017 2355 dicta
1042 2312 1095 2354 sua
1119 2299 1282 2355 venustiore
1309 2311 1413 2354 ornare
1435 2304 1558 2354 conatur
1579 2296 1703 2367 eloquio,

857 2393 937 2444 tanto
977 2386 1087 2442 acriore
1114 2385 1272 2442 astantium
1307 2392 1422 2456 pectora
1447 2385 1483 2441 ad
1508 2391 1704 2454 contemptum

858 2475 938 2546 (preb
953 2474 1059 2545 dolori)
1082 2475 1169 2531 etiam
1190 2489 1291 2531 eorum
1310 2489 1376 2545 qnae
1400 2474 1473 2531 bens
1494 2472 1529 2530 ab
1551 2487 1584 2531 ιο
1599 2472 1705 2529 dicun-

858 2569 915 2630 tur,
929 2569 957 2618 ιι
976 2561 1102 2617 ruaxime
1114 2560 1160 2618 sui
1172 2561 1261 2631 ipsius
1275 2569 1361 2617 vexat
1379 2560 1512 2629 lastidio;
1527 2573 1593 2630 quae
1609 2565 1705 2614 tamen

858 2652 961 2722 quovis
986 2650 1063 2707 lastu
1088 2649 1321 2718 enuntiarentur,
1350 2649 1475 2720 supplici
1503 2648 1639 2705 deberent
1663 2645 1705 2704 uti

857 2738 1178 2809 divinaexcipianimo.

895 2829 961 2885 lien
983 2827 1108 2918 qualiter
1121 2832 1273 2886 tractate
1282 2826 1400 2904 debeas,
1432 2825 1478 2882 vir
1500 2822 1704 2891 amantissime,

856 2919 943 2990 iuxta
949 2899 1083 2987 inopiam
1097 2894 1211 2973 meam·
1213 2932 1230 2972 ι
1222 2915 1294 2982 ιιι
1310 2930 1389 2973 nune
1402 2915 1536 2984 deinceps
1550 2912 1705 2985 dequibus

859 3006 1017 3077 aliquando
1041 3019 1154 3061 sumere
1190 3005 1279 3076 possis
1302 3004 1437 3076 loquendi
1463 3003 1623 3070 materiam,
1649 3001 1705 3057 ileo

860 3092 1100 3167 separansque?
1096 3092 1239 3179 esni-diat
1300 3101 1302 3105 “

858 3175 863 3190 ’
874 3170 978 3250 Grani
1005 3169 1125 3239 aeditui
1141 3161 1172 3237 ιι
1190 3174 1299 3238 conus
1294 3174 1355 3238 ou
1389 3181 1529 3238 vitiorum
1555 3178 1706 3235 submerso

860 3268 1056 3341 satisqntdem
1085 3269 1153 3326 utile
1179 3278 1221 3327 est
1247 3269 1388 3341 supplicia
1410 3269 1514 3325 inlerni
1544 3281 1632 3338 quun
1648 3266 1705 3323 sint

861 3357 1005 3414 horrenda
1029 3358 1147 3427 edicere,
1176 3365 1203 3414 et
1228 3373 1294 3415 cunr
1318 3357 1364 3415 illo
1391 3356 1528 3414 ineliabili
1551 3371 1604 3412 suo
1636 3355 1705 3411 bor-

860 3460 925 3504 rore
956 3460 1045 3518 quam
1079 3446 1136 3504 sint
1165 3447 1277 3503 inlinita
1304 3460 1434 3504 narrare.
1465 3445 1645 3503 sicutenim
1675 3442 1705 3498 iu

859 3535 964 3592 eoelesti
980 3549 1068 3608 regno
1092 3535 1190 3606 positis
1214 3535 1286 3592 nihil
1312 3534 1496 3593 beatitudinis
1519 3534 1618 3602 deerit,
1638 3532 1705 3589 sice

859 3625 1002 3681 contrario
1016 3624 1045 3679 iu
1057 3631 1197 3681 aeternum
1219 3624 1363 3681 damnatis
1387 3623 1459 3679 nibil
1476 3622 1607 3689 miserias,
1632 3621 1704 3677 nibil

860 3714 937 3785 quod
965 3712 1000 3769 ad
1027 3726 1139 3784 paenam
1164 3713 1304 3784 pertineat
1332 3712 1428 3769 deesse
1451 3711 1562 3782 poterit.
1584 3711 1619 3767 Et
1637 3726 1704 3767 cuin

859 3804 921 3861 sine
935 3802 993 3860 ullo
1008 3802 1054 3859 vel
1079 3810 1277 3859 momentaneo
1299 3801 1421 3858 remedio
1442 3800 1619 3865 crucientur,
1633 3799 1705 3857 illud

860 3890 1055 3961 praecipuast
1089 3889 1412 3961 incomprehensibiliter
1448 3889 1559 3946 cruciat
1595 3889 1706 3945 animos

860 3979 1047 4050 perditorum,
1064 3979 1141 4051 quod
1165 3993 1217 4036 nec
1239 3980 1337 4036 saltem
1363 3986 1424 4049 post
1453 3978 1530 4034 mille
1549 3977 1638 4035 millia
1657 3992 1707 4034 an-

860 4081 964 4124 nornm
993 4082 1072 4137 spem
1104 4067 1211 4123 babent
1239 4073 1447 4123 tormentorum
1478 4066 1704 4134 evadendorum,

860 4157 907 4213 sed
923 4163 1042 4212 mortem
1072 4155 1259 4212 immortalem
1284 4169 1417 4224 passuros
1444 4169 1473 4211 se
1500 4155 1594 4211 sciunt
1610 4155 1707 4210 insae-

69 4246 195 4303 boelieri
210 4246 289 4314 solet,
305 4246 436 4317 exemplo
455 4246 560 4303 seilicet
574 4255 661 4319 atque
676 4248 804 4304 ratione:
821 4269 842 4323 ῃ
861 4244 927 4300 cula
937 4245 1117 4302 seculorum.
1136 4243 1203 4313 Spes
1227 4244 1303 4298 eninr
1328 4251 1355 4298 et
1372 4257 1440 4298 sane
1462 4241 1613 4314 aliquoties
1635 4242 1707 4298 falsa

56 4335 91 4392 ilo
115 4334 341 4406 scripturarum,
369 4342 401 4392 ut
432 4335 503 4402 dixi,
524 4335 808 4407 praecedentiun13et

56 4437 83 4493 e,
95 4422 229 4480 videlicet
241 4436 308 4479 cum
325 4422 457 4493 exempla
471 4423 569 4480 minus
587 4424 702 4489 adsunt,
717 4431 743 4480 et
757 4438 807 4495 per

56 4511 215 4568 arationem
245 4520 357 4568 naturae
387 4510 463 4567 illins
492 4511 531 4568 rei
558 4511 593 4568 de
618 4526 678 4583 qua
698 4514 805 4584 agitur,

56 4600 226 4671 laiiegoriae
238 4599 281 4656 vel
297 4597 450 4656 moralitati
462 4599 636 4656 conveniens
648 4600 808 4671 invenitur,

55 4691 80 4745 le
96 4687 435 4760 lapidibus'gemmariis,
460 4688 495 4745 de
518 4687 631 4757 avibus,
649 4689 684 4745 de
698 4689 804 4758 bestiis,

57 4778 114 4834 bus
130 4777 273 4848 quidquid
288 4777 411 4849 ligurate
423 4776 538 4845 dicitnr,
550 4791 607 4834 non
620 4777 675 4834 nisi
690 4787 807 4849 propter

56 4865 360 4938 trumsigniiicantianr
373 4865 569 4935 proiecturae
579 4866 805 4937 quibusetiamsi

56 4955 153 5026 ragina
168 4953 320 5024 aliquoties
336 4961 497 5021 attestetur,
515 4968 565 5025 per
581 4962 694 5012 naturae
709 4962 804 5013 tamen

56 5043 161 5100 tionem
177 5042 294 5098 licenter
307 5039 470 5114 conjicitur.

56 5132 145 5204 :orias
170 5131 377 5200 Nazianzenus,
400 5131 447 5188 vir
480 5131 650 5190 mirabiliter
673 5132 805 5190 eruditus

58 5220 125 5278 dam
139 5234 194 5278 suo
206 5221 279 5278 libro
290 5227 410 5278 testatur
424 5234 454 5277 se
464 5220 493 5276 id
503 5219 639 5278 babuisse
653 5227 807 5279 consuetu·

56 5316 88 5367 ut
112 5307 256 5381 quidquid
275 5308 396 5374 rideret,
415 5308 452 5365 ad
474 5307 693 5366 instructionem
716 5309 804 5366 animi

56 5396 140 5454 utare
177 5396 314 5454 studeret.
349 5395 435 5464 Quod
466 5396 599 5454 acumine
628 5395 747 5454 rationis
781 5395 804 5451 si

63 5484 339 5556 memoratique,
364 5498 423 5541 non
448 5483 532 5541 modo
555 5485 585 5541 in
607 5483 804 5542 voluminibus

861 4332 968 4390 relevet
992 4340 1100 4388 mentes
1128 4332 1156 4387 in
1183 4331 1311 4388 adversis
1326 4333 1505 4394 consttutas,
1535 4332 1584 4388 sed
1603 4330 1708 4387 ibinec

860 4435 1011 4489 varanes
1035 4421 1106 4477 ialsa
1128 4421 1190 4488 erit,
1215 4436 1281 4491 qnae
1297 4434 1346 4477 eos
1369 4420 1508 4477 consolari
1533 4420 1629 4492 possit.
1654 4419 1706 4476 Sed

860 4510 1004 4566 bominem
1033 4509 1197 4577 animalem,
1215 4508 1243 4564 id
1275 4516 1318 4565 est
1355 4509 1509 4565 bestialiter
1552 4508 1705 4574 viventem,

860 4599 946 4670 eujus
960 4598 1104 4656 sensnsin
1129 4598 1173 4655 bis
1196 4611 1263 4668 que
1289 4597 1474 4668 corporaliter
1490 4596 1566 4653 ridet
1591 4595 1640 4653 toti
1662 4595 1706 4650 in·

860 4688 979 4755 baereat,
1006 4687 1075 4759 quia
1097 4701 1154 4743 non
1183 4687 1259 4757 capit
1275 4701 1340 4757 quae
1369 4686 1418 4743 bei
1439 4693 1517 4752 sunt,
1534 4686 1573 4741 ita
1588 4692 1706 4747 terrenae

860 4776 1016 4847 voluptatis
1038 4776 1214 4833 consuetudo
1235 4784 1369 4842 excecat,
1393 4783 1425 4832 ιιι
1441 4774 1510 4830 nihil
1535 4788 1612 4839 eum,
1629 4773 1706 4843 quod

859 4864 1001 4921 deluturo
1022 4863 1126 4921 saeculo
1148 4864 1202 4920 sibi
1224 4864 1349 4934 dicatur,
1366 4864 1508 4920 deterrere
1531 4865 1628 4932 queat,
1641 4869 1669 4917 et
1683 4860 1707 4916 si

859 4954 1016 5025 aliqnando
1039 4953 1189 5021 deterreat,
1209 4953 1280 5024 quia
1301 4952 1379 5024 quod
1402 4952 1507 5008 dieitur
1535 4949 1631 5006 adhue
1649 4963 1707 5006 nou

858 5043 952 5111 sentit,
968 5042 1025 5100 cito
1039 5056 1056 5098 a
1071 5049 1165 5099 mente
1180 5041 1302 5099 excidat.
1315 5096 1319 5105 ,

893 5130 1060 5201 Objieienda
1088 5144 1158 5202 ergo
1181 5131 1207 5186 ei
1238 5136 1306 5186 sunt
1330 5142 1397 5199 quae
1425 5127 1461 5184 'iu
1487 5124 1708 5197 presentiarum

858 5217 934 5276 iuter
947 5218 1020 5275 male
1035 5218 1197 5276 laciendum
1213 5225 1240 5275 et
1264 5230 1315 5288 pro
1332 5216 1406 5273 mals
1424 5214 1553 5273 iaciendo
1566 5221 1709 5271 tormenta

858 5308 1038 5365 anxietatum
1054 5322 1087 5366 ao
1108 5307 1244 5365 timorum
1264 5305 1382 5378 patitur,
1407 5313 1435 5363 et
1456 5304 1535 5377 qued
1555 5302 1626 5360 nihil
1642 5301 1709 5360 inde

859 5396 914 5453 nisi
938 5396 1066 5454 laborem
1088 5403 1115 5454 et
1129 5395 1256 5454 dolorem
1277 5393 1478 5464 turpissimum
1501 5398 1707 5463 consequatur.

858 5484 947 5541 Verbi
979 5485 1082 5555 pratia.
1110 5483 1187 5540 lurto
1215 5482 1282 5554 quis
1311 5489 1446 5541 amnetus
1472 5487 1524 5547 est,
1554 5478 1710 5549 eupiditate
