3818 6008
110 245 159 302 dil

536 245 568 299 V.
593 243 757 299 ouluuart
788 244 933 300 auuavts
961 244 990 300 S.
1023 243 1148 300 baulai
1178 244 1223 299 bu
1247 240 1445 300 novioduno

1810 239 1860 292 lli

110 382 156 438 uis
175 394 310 453 perversa
333 381 380 435 illa
403 379 543 444 custodia,
567 379 703 448 quoniam
728 378 757 433 in
780 393 837 434 nou
857 387 956 435 custo-
975 376 1095 434 A'uulla
1116 393 1165 449 spe
1184 378 1243 449 iam
1268 384 1400 447 occupat,
1422 383 1565 446 ouantem
1592 376 1628 431 ad
1652 376 1773 431 salutem
1789 382 1861 432 tem-

109 470 214 527 dieudo
248 467 412 524 interiorem
444 467 536 522 Deum
564 480 662 533 suum,
690 480 724 520 ac
752 465 774 521 si
803 466 959 537 vigilanter

107 558 213 615 diceret
230 574 236 611 r
254 557 315 613 Non
337 554 494 625 quemlibet
513 562 677 620 externum,
699 554 747 610 sed
767 555 893 626 jndicem
911 556 958 611 in-

110 652 223 701 ternum
260 639 426 710 provocavit
455 638 490 694 ad
509 639 741 696 amaritudinem.
774 641 835 695 «lu
864 641 958 711 gladio

112 739 246 800 »pereae
279 728 392 798 parvuli
423 742 524 783 eorum
556 727 709 796 elidantur,
744 736 770 785 et
801 730 863 785 letae
895 731 959 800 ejus

111 840 121 868 ι
140 817 350 874 discindantur.
370 839 380 865 ι
400 818 529 872 Samaria
548 819 579 871 in
597 817 690 883 plodio
709 818 790 887 perit,
812 833 877 874 oum
899 822 959 889 ipsa

109 906 223 962 subtilis
249 905 278 960 in
303 904 347 960 sui
370 905 568 960 observatione
587 904 739 974 vigilantia
760 905 911 972 deseritur,
942 919 959 960 a

108 995 335 1064 constipatorum
349 1007 479 1058 suorum,
496 992 547 1063 oui
563 993 589 1048 ei
604 993 810 1060 adulabantur,
827 993 958 1064 frequen-

109 1083 158 1140 tia.
197 1083 276 1153 Saepe
309 1083 386 1138 enim
421 1083 516 1139 evenit
557 1091 588 1139 ut
627 1082 690 1138 talis
728 1083 960 1152 deprehendatur

109 1171 222 1236 asturia,
245 1170 322 1227 unde
345 1173 375 1225 in
399 1171 493 1240 plodio
514 1172 646 1242 signatur
669 1171 821 1227 discordia.
845 1174 959 1227 Poroali

103 1277 199 1316 eornm
213 1261 372 1328 eliduntur,
393 1274 459 1316 cum
481 1260 554 1316 allisi
570 1260 603 1316 ad
633 1268 742 1329 petram
763 1273 855 1316 asoa
870 1261 957 1316 bebe-

110 1351 220 1407 tudinis
248 1349 357 1406 duritia
390 1349 624 1420 confringuntur.
656 1350 775 1406 Parvuli
805 1358 873 1407 sunt
905 1352 956 1422 qui

1014 468 1138 537 poralem
1162 468 1272 534 attinet,
1304 467 1426 521 animos.
1447 465 1535 533 Sopor
1560 481 1659 534 equom
1683 481 1736 519 noa
1760 478 1861 520 asceu-

1011 554 1118 622 dimus,
1148 570 1213 611 cum
1244 554 1389 610 saecularis
1414 552 1588 609 excettemiae
1614 553 1790 608 nobilitatem
1815 566 1861 607 re-

1011 642 1152 712 spuimus.
1177 644 1265 712 Opera
1284 657 1413 696 mortuum
1433 645 1590 695 nostrornm
1614 639 1689 696 ultra
1715 641 1783 696 deos
1804 654 1861 695 non

1012 730 1144 799 dicimus,
1160 745 1227 787 cunr
1249 732 1285 786 ad
1307 728 1504 801 spectaculum
1527 737 1630 785 nostrae
1652 729 1734 784 bonae
1748 743 1862 784 couver-

1012 820 1140 886 satiouis,
1170 828 1309 890 taurinam
1339 820 1375 875 ad
1399 818 1524 887 alicrijos
1549 817 1715 873 idololatriae
1738 818 1859 883 cultum,

1012 922 1198 979 nequaquam
1228 908 1402 965 lenocinium
1423 906 1551 962 ridiculae
1581 906 1765 977 vulgaritatis
1792 907 1862 961 asci-

1012 996 1128 1052 scimus.
1155 996 1333 1052 Praeterierat
1352 1010 1397 1050 me
1421 995 1527 1050 divinae
1552 995 1711 1050 testiticatio
1738 995 1861 1050 locutio-

1012 1086 1067 1153 nis,
1102 1086 1180 1156 quod
1214 1085 1315 1155 utique
1345 1098 1528 1155 perceptum
1562 1083 1740 1154 significetur
1773 1083 1862 1139 lastus

1012 1173 1110 1245 glorlae
1142 1174 1317 1244 temporalis,
1354 1181 1384 1228 ut
1417 1179 1480 1228 est:
1513 1173 1556 1227 ab
1587 1172 1780 1242 increpatione
1814 1173 1861 1228 Dei

1012 1262 1109 1331 larnb,
1131 1262 1360 1318 dormitaverunt
1384 1260 1435 1331 crui
1458 1260 1650 1316 ascenderunt
1670 1274 1761 1330 equos
1774 1262 1858 1327 (Psoi.

1013 1366 1095 1419 cxxv,
1113 1351 1150 1421 7).
1172 1352 1239 1421 bias
1261 1353 1310 1420 orti
1330 1353 1359 1404 in
1378 1364 1411 1405 eo
1428 1355 1466 1403 est
1482 1350 1558 1404 Deus
1579 1348 1732 1405 miseretur
1750 1351 1860 1419 gtopttti,

1012 1441 1092 1510 quia,
1118 1447 1268 1509 postauam
1290 1453 1370 1494 mens
1392 1450 1409 1491 a
1430 1437 1578 1507 praesentis
1593 1437 1691 1492 saeculi
1716 1451 1745 1492 se
1768 1435 1863 1492 ouini-

1012 1530 1097 1584 moda
1115 1528 1309 1585 consolatione
1330 1526 1456 1598 deponit,
1480 1534 1508 1582 et
1532 1526 1615 1596 quasi
1642 1524 1749 1580 diaboli
1775 1523 1864 1595 patris

109 1439 205 1496 adbuc
232 1440 268 1494 ad
295 1439 322 1494 id
349 1438 433 1494 oldeii
454 1439 541 1494 rudes
565 1447 642 1494 sunt.
666 1441 736 1493 Feta
764 1440 823 1508 ejus
851 1441 956 1496 discin-

107 1528 228 1596 duntur,
256 1542 324 1584 cum
351 1527 380 1583 bi
408 1527 459 1597 qui
485 1526 623 1583 diuturno
652 1536 721 1584 suut
750 1528 844 1585 studio
867 1529 957 1601 hujus

109 1617 179 1672 artis
208 1616 323 1683 imbuti,
351 1624 378 1672 et
406 1629 483 1685 spem
512 1630 667 1686 concepere
697 1616 757 1687 J'am
787 1617 872 1683 lucri,
898 1633 956 1688 quo
1013 1617 1087 1673 ultro
1112 1616 1279 1677 lomentum,
1303 1615 1357 1671 sub
1373 1630 1430 1685 quo
1447 1614 1640 1679 nutriebatur,
1657 1612 1773 1678 amittit,
1789 1620 1862 1668 etse

108 1705 228 1761 obtentu
249 1703 445 1770 hecteriam,
468 1705 558 1773 rimis,
585 1712 617 1761 ut
642 1705 682 1761 sic
702 1705 807 1775 dicam,
830 1707 956 1777 patenti·
976 1712 1085 1777 pm
1119 1704 1310 1760 misericordis
1334 1704 1383 1760 Dei
1410 1703 1470 1774 jam
1498 1701 1656 1758 visceribus
1685 1701 1861 1766 intromittit;

109 1793 174 1858 bus,
199 1800 227 1849 et
255 1793 289 1848 ad
314 1793 386 1863 quid
409 1793 535 1862 aspirent
556 1792 670 1863 publice
692 1801 889 1862 exponuntur.
919 1795 957 1850 be
1010 1796 1073 1865 ejus
1098 1793 1221 1863 proiecto
1244 1799 1314 1848 tunc
1339 1791 1501 1859 miseretur,
1526 1790 1596 1860 quia
1615 1791 1710 1846 aliena
1728 1789 1861 1860 benigni-

108 1881 171 1938 tetis
191 1881 280 1937 bisin
297 1881 453 1952 Evangelio
473 1881 578 1937 dieitur
595 1897 601 1935 :
617 1882 664 1935 Va
689 1882 907 1952 pregnantibus
928 1890 957 1939 et
1013 1889 1057 1938 tas
1071 1896 1128 1937 nrm
1144 1889 1305 1951 separatur.

107 1969 336 2025 mammantibus
352 1968 424 2038 (lae.
440 1985 495 2036 xxr,
507 1969 564 2036 iat!
1046 1971 1131 2026 Vens.
1148 1971 1174 2025 5.
1191 1999 1226 2008 -
1245 1990 1259 2018 «
1274 1968 1387 2024 Sauabo
1407 1967 1594 2024 contritiones
1612 1980 1723 2034 eorum,
1740 1965 1859 2037 diligam

142 2058 228 2114 Vnus.
254 2060 281 2111 2.
307 2086 344 2099 -
372 2058 581 2125 «Convertere,
612 2057 707 2124 lsrael,
740 2057 777 2113 ad
802 2058 955 2114 Dominum
1012 2073 1087 2115 »eos
1114 2065 1280 2128 spontanee.
1308 2058 1519 2113 »contritiones
1545 2071 1635 2110 eorum
1661 2063 1755 2120 sanat,
1787 2055 1856 2110 dum

111 2147 231 2203 »Deum
266 2154 359 2213 tuum,
399 2145 536 2216 quoniam
572 2146 705 2202 corruisti
740 2146 768 2201 in
803 2147 956 2217 iniquitate
1009 2156 1193 2203 veternorum
1237 2145 1409 2201 detrimenta
1455 2152 1636 2214 peccatorum
1683 2143 1861 2200 restituendo

105 2254 120 2284 x
136 2241 194 2291 tua.
212 2254 225 2285 o
247 2234 290 2291 Ad
305 2248 352 2290 eos
366 2235 474 2304 quibus
490 2235 662 2304 imprecatus
682 2235 775 2291 luerat
799 2235 866 2291 lacit
883 2251 956 2306 apo·
1011 2242 1186 2304 compensat.
1202 2235 1353 2303 spontance
1373 2248 1415 2287 eos
1439 2233 1543 2302 diligit,
1568 2247 1634 2287 cum
1661 2247 1718 2287 non
1742 2232 1847 2301 superi
1851 2261 1862 2271 -

55 2362 59 2370 .
106 2324 265 2393 stropham.
284 2322 325 2379 tic
344 2323 367 2379 si
389 2323 485 2379 dicat:
506 2321 648 2389 Quoniam
673 2326 703 2376 in
718 2325 875 2393 iniquitate,
897 2338 956 2394 qna
1010 2324 1051 2379 cie
1068 2333 1159 2387 tenua,
1177 2325 1224 2377 sed
1240 2322 1292 2377 sibi
1311 2322 1463 2391 integrent
1483 2328 1700 2391 perseveranter
1714 2321 1859 2390 astringit.

106 2425 173 2467 cum
194 2412 251 2466 beo
271 2411 358 2481 dirigi
378 2410 506 2475 volebas,
531 2419 558 2467 et
582 2411 728 2467 ditissimo
756 2411 858 2467 similis
884 2412 953 2477 beri,
1009 2413 1061 2469 cui
1088 2409 1372 2479 illudevangelicum
1390 2410 1475 2478 paulo
1490 2409 1670 2478 subrespicit.
1688 2409 1760 2464 Cum
1784 2409 1860 2465 enim

105 2499 285 2565 dumillum,
309 2499 359 2568 oui
384 2500 410 2555 ei
430 2498 587 2555 debebatur
606 2499 810 2555 bonoremtibi
834 2514 956 2571 arroga-
1010 2500 1165 2555 bornicum
1195 2498 1313 2568 quidam
1349 2487 1545 2553 sciscitaretur
1566 2498 1729 2553 adolescens
1754 2497 1861 2566 ouibus

107 2587 168 2656 bas,
197 2590 335 2646 comanti.
364 2588 390 2643 id
415 2596 458 2644 est
479 2587 516 2643 ab
548 2588 628 2642 inani
661 2602 710 2657 spe
735 2588 875 2644 decidisti.
910 2589 956 2643 Ad
1011 2589 1097 2643 vitam
1120 2595 1258 2642 aeternam
1282 2587 1394 2641 artibus
1420 2594 1588 2651 mereretur,
1608 2593 1635 2640 et
1661 2585 1720 2654 ipse
1742 2585 1766 2640 ei
1791 2585 1861 2654 legis

106 2679 251 2731 bominum
280 2679 364 2731 Deam
390 2681 476 2742 tuom,
504 2676 540 2732 ad
567 2690 633 2732 eum
663 2676 794 2734 videlicet
823 2692 880 2732 nou
908 2677 955 2732 cui
1009 2675 1146 2731 mandata
1162 2674 1358 2744 praetenderet.
1374 2674 1490 2744 iuvenis
1504 2674 1564 2730 baec
1580 2674 1678 2730 eadem
1690 2674 1727 2729 ab
1743 2674 1860 2729 ineunte

107 2778 215 2834 suppar
244 2764 293 2831 sis,
323 2764 371 2820 sed
406 2765 491 2835 cujus
522 2765 654 2834 subjaces
686 2765 798 2830 ditioni,
831 2772 858 2822 et
892 2766 954 2836 qui,
1008 2779 1070 2820 aevo
1100 2778 1130 2819 se
1153 2777 1281 2819 servasse
1306 2763 1462 2833 respondit.
1486 2762 1538 2819 Ubi
1568 2761 1759 2832 subjungitur
1781 2763 1858 2832 quod

107 2853 267 2909 secundum
301 2853 379 2922 quod
413 2853 498 2915 Deus.
532 2851 629 2907 arcani
662 2854 703 2908 tui
735 2852 825 2923 judex
858 2861 900 2909 est
928 2861 955 2908 et
1008 2854 1091 2910 lesus
1112 2853 1236 2909 intuitus
1258 2851 1390 2907 dilexerit
1409 2866 1486 2908 eunt.
1512 2850 1676 2908 Coitamen
1697 2860 1859 2920 cumpost·

104 2941 299 2998 simulationis
312 2941 401 3007 testis,
417 2940 532 2997 taudem
547 2945 706 2996 convertere.
1009 2942 1127 2997 modum
1145 2942 1179 2996 de
1196 2940 1295 2995 mrrndi
1316 2940 1566 2996 abrenuntiatione
1591 2954 1673 2995 novae
1698 2939 1768 3009 legis
1788 2940 1858 2996 scita

142 3031 228 3087 Vnus.
254 3032 278 3085 3,
296 3053 359 3080 -ι
381 3029 481 3087 Tollite
503 3029 652 3086 vobiscum
675 3030 772 3097 verba,
789 3037 817 3086 et
832 3044 952 3086 conver·
974 2997 1189 3098 Cproponerea
1203 3029 1292 3084 tristis
1312 3028 1481 3084 abscessisse
1504 3042 1572 3082 urox
1588 3027 1704 3093 dicitur,
1718 3028 1858 3097 brioniam

104 3118 235 3176 »timini
263 3119 299 3174 ad
329 3119 523 3176 bominum.»
553 3119 648 3175 Verba
679 3119 707 3173 in
741 3119 896 3187 scriptoris
927 3127 955 3176 et
1011 3117 1103 3172 multa
1137 3116 1285 3186 possidens
1310 3116 1389 3172 dives
1414 3124 1486 3172 esset
1515 3116 1625 3186 (blatii.
1652 3129 1711 3174 xxx.
1734 3119 1767 3168 td
1800 3119 1857 3183 iit.

104 3206 295 3262 saecularibus
323 3214 351 3262 et
377 3206 492 3272 nostris,
518 3218 568 3274 pro
590 3205 676 3275 nugis
701 3212 728 3260 et
755 3205 861 3260 tabulis
887 3207 954 3275 poni
1008 3207 1093 3262 Hunc
1121 3219 1189 3275 ergo
1212 3219 1347 3271 amorem,
1377 3213 1404 3261 et
1436 3204 1514 3260 illam
1537 3205 1634 3260 achab
1659 3203 1735 3274 regis
1759 3204 1857 3272 perlidi

103 3292 204 3349 solent.
226 3293 306 3350 Unde
328 3293 469 3352 Ovidius:
492 3316 502 3342 ι
527 3292 618 3349 verba
640 3293 689 3348 dat
712 3293 805 3348 omnis
832 3305 951 3347 amon·
1008 3291 1241 3362 perfunctoriam,
1265 3308 1354 3363 quarn
1381 3307 1431 3362 pro
1459 3293 1581 3348 demisso
1606 3295 1697 3362 capito
1724 3293 1859 3349 bominos

103 3381 140 3438 lit
168 3381 258 3437 bavid
286 3382 321 3437 ad
353 3382 469 3437 tratrem
497 3396 527 3436 se
556 3380 743 3450 culpantem:
775 3379 952 3450 ‹Nuuouid
1006 3380 1074 3436 olim
1090 3381 1251 3436 laudaverit
1267 3381 1469 3448 bumilitatem,
1490 3381 1558 3448 bars,
1586 3381 1858 3452 inquamutraoue

105 3469 210 3541 inquit,
231 3485 289 3526 non
308 3470 430 3528 verbum
456 3472 547 3526 esti»
570 3470 596 3538 (l
614 3472 678 3537 lieo.
696 3484 765 3532 xva,
790 3469 848 3537 29.)
870 3469 953 3524 Tollit
1006 3477 1105 3524 utrum
1121 3476 1288 3538 spontanea,
1303 3470 1377 3526 sicut
1395 3471 1440 3525 bic
1456 3469 1570 3540 legitur,
1588 3469 1738 3525 dilectione
1754 3469 1853 3540 digna-

102 3559 185 3613 oerbo
200 3559 251 3629 qui
270 3559 352 3631 vulgi
375 3573 405 3614 se
427 3558 573 3615 laudantis
593 3558 707 3628 despuit
727 3557 877 3614 latrocinia.
900 3558 953 3613 Sed
1007 3562 1054 3612 tus
1079 3557 1124 3621 sit,
1150 3557 1290 3627 conjicere
1317 3557 1413 3614 velim.
1440 3558 1466 3613 Si
1494 3565 1684 3626 spontaneum
1712 3558 1854 3628 estquod

104 3647 175 3717 qrxia
203 3647 243 3702 nil
271 3646 345 3704 tollit
367 3647 419 3718 qui
445 3661 474 3702 se
498 3647 603 3716 pariter
627 3661 684 3702 uon
709 3646 791 3712 tollit,
819 3646 953 3700 uobiscum
1006 3646 1086 3700 nullo
1100 3654 1228 3716 cogente,
1255 3646 1449 3702 xrtxlliscausis
1470 3646 1688 3716 subjacentibus
1705 3645 1744 3712 dt,
1762 3646 1857 3717 majus

105 3735 232 3804 additur,
259 3744 291 3792 ut
314 3735 424 3792 lalsitas
444 3750 562 3805 operum
584 3749 651 3791 cum
676 3735 832 3791 verborum
848 3734 953 3790 adula-
1006 3734 1035 3790 in
1052 3736 1109 3789 lieo
1126 3733 1195 3789 aiibi
1212 3734 1336 3801 videtur,
1354 3735 1486 3806 etiamsi
1509 3749 1546 3789 ex
1573 3734 1672 3790 merito
1695 3734 1741 3789 sit.
1768 3734 1848 3801 Quod

106 3822 232 3879 tionibus
252 3822 396 3894 abigatur.
419 3823 622 3878 Adbominom
643 3829 864 3886 contertuntur,
885 3835 952 3876 cum
1005 3823 1082 3878 enim
1112 3823 1214 3878 merito
1242 3824 1374 3889 retertur,
1406 3822 1534 3879 debitum
1561 3829 1614 3887 est,
1648 3822 1724 3892 ottod
1758 3831 1853 3878 autem

103 3911 138 3967 ad
159 3911 183 3966 ei
201 3911 262 3981 iam
282 3912 454 3980 placendum
470 3925 505 3967 ex
530 3918 586 3966 toto
612 3918 775 3967 vertuntur.
804 3909 950 3965 llocenim
1006 3912 1096 3983 gratis
1117 3912 1286 3983 ingenitum.
1315 3915 1386 3968 Cum
1408 3912 1473 3982 quis
1496 3911 1668 3982 obsequium
1688 3920 1776 3979 amat,
1798 3926 1856 3967 ces-

105 4015 153 4054 con
183 3998 343 4069 praepositio
377 3999 524 4068 praemissa
555 3999 706 4070 siguificat.
743 4020 754 4048 ι
785 3997 873 4054 bioite
900 3998 950 4053 ei:
1006 4008 1088 4056 sante
1118 3999 1211 4056 olticio
1245 3999 1399 4056 lentescere
1425 4001 1496 4056 solet
1530 3999 1658 4066 allectus,
1693 3999 1854 4070 gratuitum

107 4086 255 4143 »Omnem
277 4087 359 4142 auter
382 4087 572 4157 iniquitatem,
598 4097 625 4144 et
653 4087 750 4158 accipe
776 4086 899 4150 bouum:
924 4093 952 4141 et
1006 4097 1112 4155 autem,
1136 4103 1170 4144 ea
1184 4102 1243 4159 oua
1257 4089 1342 4159 erepit
1364 4089 1547 4145 ultroneitate
1568 4088 1713 4157 perdurat.
1736 4088 1853 4156 Sponte-

105 4197 116 4224 ι
133 4175 285 4230 reddemus
300 4175 405 4231 vitulos
427 4175 569 4232 labiorum
587 4184 762 4231 nostrorum.
783 4197 792 4223 ι
810 4174 952 4229 Dominus
1005 4192 1052 4231 nee
1063 4190 1131 4248 ergo
1147 4177 1216 4232 mibi
1233 4177 1348 4232 videtur
1361 4177 1456 4234 dictus
1471 4176 1563 4247 diligi,
1588 4175 1716 4246 quisine
1745 4188 1854 4245 praece-

106 4270 226 4334 rogatur
256 4270 289 4319 ut
316 4265 428 4321 aulerat
455 4267 639 4334 iniquitatem,
669 4278 735 4319 cum
764 4263 798 4319 de
823 4261 952 4318 exbibito
971 4265 1105 4328 udentia
1128 4265 1194 4321 boni
1222 4265 1384 4337 cujuspiam
1415 4264 1593 4337 dignoscitur
1616 4263 1710 4335 allegi.
1735 4263 1854 4319 Perluu-

105 4352 180 4408 bono
212 4366 306 4422 opere,
338 4352 505 4423 duplicitate
537 4360 655 4418 remota,
689 4351 813 4408 debitam
845 4350 952 4421 petitur
1006 4355 1128 4410 otorium
1157 4361 1252 4410 autem
1282 4354 1312 4410 in
1345 4356 1402 4410 lieo
1435 4354 1473 4409 nil
1501 4361 1551 4416 est,
1582 4361 1633 4409 aut
1663 4352 1855 4409 vicissitudini

105 4441 270 4510 puritatem.
301 4441 435 4511 Accipere
464 4442 560 4496 bonam
588 4454 704 4512 quoque
733 4441 849 4510 petitur,
884 4439 952 4495 boni

104 4529 211 4587 scilicet
237 4530 364 4586 exercitii
394 4530 499 4595 studia,
534 4543 659 4600 quorum
693 4527 777 4584 laude
801 4535 828 4584 et
861 4527 952 4597 gloria

104 4616 307 4674 fraudabatur.
330 4619 476 4673 chiorum
497 4623 649 4673 nostrorum
672 4619 771 4672 vituios
793 4617 950 4684 reddimus

105 4709 168 4766 illos
199 4709 331 4766 videlicet
364 4724 437 4780 quos
470 4710 629 4765 adorandos
661 4717 694 4764 ut
736 4707 953 4764 immolarentur

105 4798 234 4854 bomines
251 4797 337 4868 impie
349 4798 555 4867 clamabamus,
571 4798 641 4854 dum
658 4797 846 4867 petulantiam
861 4795 952 4852 iuter-

105 4900 150 4942 nae
166 4884 299 4950 levitatis,
317 4899 375 4955 qua
390 4886 424 4941 de
440 4884 570 4956 populari
587 4884 725 4953 obsequio
744 4882 951 4954 gaudebamus,

105 4986 194 5044 qnam
214 4974 300 5029 etiarn
323 4973 428 5029 nostris
449 4974 576 5043 ipsorum
600 4972 683 5029 labiis
704 4972 823 5027 incitare
843 4970 952 5027 soleba-

106 5075 178 5125 mus,
191 5075 241 5131 per
254 5060 459 5117 contessionem
470 5062 527 5117 lieo
541 5068 781 5132 representamus.

142 5150 227 5206 Vaas.
254 5150 331 5202 i.-
360 5171 374 5200 ιι
405 5151 497 5206 Assur
522 5165 580 5206 uon
611 5149 735 5206 salvabit
769 5161 830 5213 nos,
865 5159 953 5216 super

106 5252 243 5307 aequum
267 5252 324 5293 non
347 5240 544 5307 ascendemus,
568 5253 621 5295 nec
643 5238 772 5294 dicemus
796 5235 892 5290 ultra:
911 5234 953 5289 bii

107 5325 225 5381 »nostri
247 5340 333 5394 opera
357 5341 499 5384 manuum
519 5335 693 5393 nostrarum,
714 5325 784 5395 quia
812 5323 885 5393 ejus,
902 5321 953 5393 qni

115 5434 122 5461 ι
144 5412 173 5467 iu
193 5421 218 5468 te
240 5419 282 5466 est
305 5414 485 5471 misereberis
516 5414 628 5485 pupilli.
648 5436 658 5462 ι
676 5415 766 5468 Assar
785 5427 838 5466 non
861 5411 954 5467 salvat

106 5513 162 5562 noa,
174 5513 241 5556 cum
256 5499 337 5570 regia
350 5501 485 5572 cognitio,
510 5510 537 5558 et
556 5502 653 5559 aulica
672 5498 821 5571 pmmotio,
842 5505 954 5556 nostros

1005 4442 1174 4509 obnoxium,
1193 4449 1224 4497 ut
1237 4442 1313 4512 quod
1330 4442 1414 4497 semel
1430 4443 1571 4508 dilexerit,
1588 4440 1751 4497 suboriente
1768 4455 1856 4496 catxsa

1005 4531 1111 4587 cassari
1143 4545 1209 4586 rnox
1247 4531 1343 4600 possit,
1376 4531 1423 4586 sed
1461 4530 1537 4601 quod
1571 4530 1678 4586 dicitur
1709 4528 1854 4597 dilexisse,

1006 4618 1128 4674 ostendit
1152 4617 1288 4688 juvenem
1316 4619 1533 4675 conversatione
1559 4619 1709 4683 forinseca,
1743 4619 1779 4674 ab
1813 4618 1856 4673 bis

1005 4707 1057 4778 orti
1071 4721 1137 4762 eum
1154 4706 1283 4762 viderent
1298 4707 1380 4778 diligi
1403 4707 1537 4776 potuisse.
1553 4706 1604 4763 Cui
1633 4707 1729 4763 sensui
1753 4706 1857 4763 accidit

1006 4795 1084 4865 quod
1099 4794 1205 4850 dicitur
1220 4811 1227 4849 :
1244 4796 1370 4851 intuitus
1383 4809 1449 4852 cour
1471 4797 1562 4852 lesus.
1584 4794 1641 4851 Nee
1663 4795 1782 4858 trustra,
1805 4810 1858 4850 nec>

1006 4884 1164 4940 enimcum
1186 4897 1244 4939 uon
1267 4891 1395 4940 noverat.
1421 4884 1473 4940 Cui
1490 4883 1583 4940 simile
1596 4891 1636 4939 est
1652 4883 1729 4953 quod
1752 4883 1787 4939 de
1804 4883 1857 4938 sade

1006 4971 1183 5027 centurionis
1206 4970 1312 5027 dicitur
1336 4971 1497 5027 admiratus
1523 4972 1631 5041 (llottb
1657 4985 1718 5037 vrri,
1745 4969 1799 5041 lit).
1822 4971 1857 5025 Et

1007 5058 1076 5129 quid
1093 5058 1121 5114 in
1145 5059 1314 5116 centurione
1334 5059 1496 5115 mirabatur
1517 5074 1603 5130 quem
1626 5058 1697 5114 nibil
1719 5073 1776 5114 non
1797 5073 1858 5115 ase

1006 5148 1112 5204 babere
1135 5155 1263 5216 noverat,
1294 5148 1350 5204 nisi
1374 5149 1452 5219 quod
1473 5147 1580 5218 dignus
1606 5147 1746 5203 miraculo
1771 5148 1857 5204 bomo

1008 5235 1080 5291 idem
1097 5237 1331 5293 monstrabatur?
1345 5237 1483 5308 Sequitur
1499 5252 1505 5291 :
1523 5259 1533 5284 ‹
1551 5236 1625 5303 Quia
1637 5250 1758 5292 aversus
1772 5245 1825 5304 est,
1844 5258 1854 5284 ι

1007 5324 1112 5394 iuquit,
1141 5324 1250 5381 ‹luror
1283 5339 1364 5381 meus
1389 5326 1425 5382 ab
1450 5326 1530 5381 eis.»
1558 5325 1602 5378 bo
1630 5327 1668 5379 eis
1695 5327 1777 5390 (uror
1808 5325 1856 5380 liei

1008 5413 1158 5481 avertitur,
1178 5428 1244 5470 curu
1266 5413 1360 5470 cordis
1382 5414 1522 5470 baceuus
1541 5412 1748 5482 impenitentis
1767 5412 1857 5468 obstin

1007 5499 1086 5585 natio
1108 5500 1282 5557 dimovetur.
1304 5501 1336 5556 lu
1358 5499 1438 5557 nullo
1458 5501 1535 5557 enim
1555 5499 1648 5571 magis
1666 5500 1742 5556 bens
1757 5506 1858 5555 eontra
