3818 6008
72 189 124 245 roo
282 196 286 200 ’
524 189 553 245 v.
574 187 743 246 curasan
765 169 914 244 sanaris
932 189 961 245 s.
982 186 1103 246 unuin
1122 190 1166 244 on
1186 186 1385 246 nortonam
1574 172 1576 176 ’
1780 194 1830 247 eoo

74 320 125 375 dat
147 322 177 374 tn
190 321 352 390 AEqpptum,
380 332 416 374 ne
440 317 551 373 detines
565 317 698 373 videlicet
721 317 757 372 ad
772 316 924 373 contermi—
944 316 1150 382 drirtutibns.
1167 317 1212 372 vel
1228 317 1265 373 ab
1282 317 1349 387 ipsis
1363 317 1481 373 rationis
1497 319 1632 385 motibus,
1655 321 1751 377 locum
1778 323 1829 378 sibi

71 415 159 465 tatem
179 409 362 465 secularium
384 406 432 461 sed
456 409 561 474 quiesce
576 409 606 459 in
621 411 704 471 terra,
727 422 809 474 qnmn
825 405 920 460 disere
975 405 1051 461 intra
1061 407 1190 462 eamdem
1211 406 1414 462 conscientiam
1435 406 1557 462 viriliter
1575 408 1673 465 adbuc
1686 409 1831 466 vindican-

72 497 136 563 tibi;
166 497 263 567 (Vens.
290 497 327 559 3.)
357 499 383 548 et
409 496 585 562 peregrinere
606 496 635 547 in
658 510 699 547 ea.
724 496 748 550 Α
773 494 870 549 labore
894 500 922 550 et
974 492 1061 549 tibus.
1096 493 1251 550 discutitur
1279 508 1366 563 super
1389 501 1467 549 statu
1494 496 1661 564 voluntatis,
1688 512 1758 565 sum,
1782 499 1828 553 sed

71 598 157 641 onere
189 584 336 640 secularis
370 581 474 653 nogotii
498 580 528 635 in
563 581 652 635 solido
680 581 852 637 humilitatis
894 588 922 636 te
973 594 1192 637 sororemsnam
1209 596 1269 637 esse
1283 583 1444 652 respondet,
1473 581 1613 638 dumnon
1643 584 1827 642 intellectuali

70 672 230 740 deprimens
265 671 422 738 consopire,
456 683 508 723 nec
545 669 650 724 habeas
682 669 728 724 bie
756 676 918 724 manentem
971 667 1090 738 judicio,
1111 683 1145 725 ac
1168 671 1192 725 si
1209 670 1333 726 maritali
1358 671 1484 739 imperio.
1501 671 1550 725 sed
1576 686 1627 741 pro
1651 673 1750 729 liberae
1774 689 1825 744 po-

71 760 226 822 ciritatem.
247 758 296 814 sed
332 758 460 814 laturam
496 759 649 826 pereginus
679 757 793 828 inquire
827 758 918 827 (iletr.
975 758 1083 814 testatis
1103 759 1224 814 arbitrio
1247 759 1425 815 voluntatem
1449 759 1540 829 ipsam
1562 774 1591 814 se
1613 774 1698 829 agere
1722 761 1824 819 ellectu

71 848 146 916 xrul;
162 855 293 902 oneratos
312 861 380 902 sane
394 854 422 903 et
438 846 601 902 laborantes
615 860 685 901 roeo
699 854 731 901 nt
758 846 918 916 quiescant,
973 845 1067 915 magis
1085 858 1174 914 quam
1187 859 1255 900 voce
1275 845 1411 914 perhibet,
1440 846 1510 900 dum
1538 848 1729 903 tentationum
1746 849 1823 904 nitrii-

70 943 98 992 et
109 936 219 992 discant
241 935 311 1005 quia
326 934 403 990 mitis
417 948 492 1000 sum,
511 942 538 988 et
567 934 685 989 bumiiis
703 933 788 990 eorde
810 935 918 1004 (ltattb.
974 931 1029 988 bus
1050 933 1134 988 obrui
1157 941 1283 1001 voretur,
1308 933 1331 988 si
1356 934 1486 989 resistere
1505 947 1602 1003 pravae
1626 937 1764 1007 cuiqnam
1793 937 1824 991 li-

70 1039 109 1090 tn,
132 1024 187 1088 29).
214 1024 277 1077 Tibi
301 1025 413 1077 enimet
440 1026 538 1076 semini
562 1029 606 1077 tuo
633 1023 859 1077 debannioersas
881 1038 921 1076 re·
973 1021 1074 1077 sentiar
1100 1030 1201 1090 paret:
1240 1021 1285 1077 Sic
1317 1022 1421 1077 mentis
1449 1023 1570 1091 speeiem
1606 1024 1719 1094 aliquos
1751 1027 1825 1080 inter

70 1115 161 1180 qiones
181 1111 243 1176 bas,
269 1111 351 1167 boare
376 1110 483 1167 scilicet
500 1117 555 1166 tuae
580 1111 681 1166 merito
705 1110 872 1177 voluntatis,
893 1116 921 1166 et
973 1109 1118 1166 molestias
1141 1123 1256 1166 servare
1276 1110 1370 1166 taedet.
1395 1110 1503 1166 Ibidem
1530 1113 1652 1167 moranti
1677 1114 1735 1168 dies
1764 1116 1824 1184 pln-

70 1201 148 1270 0peri
161 1208 210 1257 tuo
227 1200 304 1270 quod
322 1200 349 1255 in
365 1213 443 1269 spem
469 1199 561 1270 lrugis
584 1207 698 1255 aeternae
715 1198 762 1255 bic
784 1199 919 1266 seminas,
973 1201 1039 1254 rimi
1063 1204 1274 1268 pertranseunt,
1299 1213 1365 1254 cum
1381 1200 1519 1269 cuiquam
1535 1201 1729 1270 intepescenti
1753 1205 1826 1258 mni-

71 1289 142 1344 daba
166 1297 285 1344 cunctos
308 1289 437 1357 corporis
458 1290 499 1343 tui
531 1302 633 1343 sensus
664 1287 858 1358 possidendos,
892 1294 921 1342 et
973 1292 1070 1343 tarum
1095 1287 1350 1357 intelligentiarum
1375 1287 1615 1350 ratiocinationes.
1632 1298 1661 1349 et
1683 1291 1824 1347 virtutum

62 1379 271 1448 rationisjure
298 1378 476 1447 premendos.
513 1378 560 1432 llae
581 1385 649 1433 sunt
674 1377 763 1442 enim,
793 1391 859 1446 (quar
892 1376 919 1430 in
973 1375 1194 1443 recordationes,
1211 1389 1244 1430 ac
1267 1375 1289 1430 si
1312 1376 1445 1445 quaedam
1468 1376 1580 1432 dierum
1602 1392 1631 1432 se
1655 1379 1746 1434 altera
1768 1387 1827 1447 post

71 1467 228 1538 Evangelio
252 1466 323 1522 bene
348 1463 546 1522 fenerantibus
562 1467 766 1521 attribuuntur
791 1463 921 1519 civitates
974 1463 1092 1519 alteram
1112 1463 1250 1533 ingerunt
1265 1463 1419 1528 {claritates
1432 1465 1586 1519 Atimeteeli
1611 1467 1747 1536 prospicit
1775 1481 1827 1537 prr

72 1557 149 1627 (bne.
167 1569 227 1621 xix,
246 1558 288 1620 tr,
313 1557 370 1624 itt),
392 1561 420 1609 et
437 1555 465 1609 in
478 1554 588 1623 psalmo
604 1556 690 1608 totera
705 1554 799 1608 domus
819 1552 920 1622 appel·
975 1553 1135 1618 fenestram,
1159 1565 1224 1608 cum
1249 1552 1397 1607 saecularis
1413 1552 1535 1622 quilibet
1557 1554 1591 1608 ad
1616 1556 1707 1623 patris
1721 1556 1825 1612 diaboti

72 1644 266 1714 lanturtPsot.
285 1657 391 1710 cxxvii,
418 1643 454 1712 3),
472 1642 616 1698 universae
635 1641 766 1698 videlicet
793 1641 921 1711 corporis
942 1616 1101 1695 Battinens
1125 1654 1259 1711 regnum,
1284 1640 1442 1710 spiritualis
1467 1641 1631 1712 cujuspiam
1654 1651 1761 1699 statum
1788 1647 1826 1700 ri-

71 1733 160 1790 nostri
175 1740 281 1802 partes.
975 1735 1073 1783 matur
1090 1744 1140 1796 per
1153 1730 1310 1795 fenestram,
1328 1728 1356 1783 id
1373 1736 1415 1784 est
1427 1743 1479 1800 per
1503 1729 1672 1786 exteriorem
1688 1745 1824 1787 sensuum

108 1821 198 1877 Vens
225 1820 252 1873 t.
275 1849 304 1859 -
324 1819 467 1888 Complens
489 1819 676 1887 juramentum
695 1817 768 1887 qnod
788 1817 922 1887 spopondi
976 1816 1185 1872 habitudinem.
1226 1819 1363 1872 locantem
1400 1834 1460 1872 enm
1496 1834 1581 1873 neore
1624 1834 1675 1874 sna
1712 1821 1825 1876 Rebecca

72 1910 215 1966 Abrabam
246 1908 323 1977 putri
353 1912 407 1961 tuo.
438 1907 479 1961 Et
512 1907 698 1976 multiplicabo
725 1922 813 1961 sernen
846 1913 921 1960 tcum
975 1904 1065 1973 videt,
1084 1920 1151 1961 cum
1171 1906 1319 1961 voluntate
1341 1906 1376 1961 ad
1399 1906 1448 1976 jus
1472 1908 1609 1963 uxorium
1631 1909 1735 1964 rationi
1756 1910 1824 1966 sub-

71 2002 145 2054 sicnt
164 1998 256 2053 stellas
284 1996 352 2063 enti,
374 1996 401 2050 id
427 2002 470 2051 est
500 1995 644 2064 pertioiam
677 1995 822 2066 quidquid
849 1995 920 2050 illud
973 1994 1058 2066 jecta.
1080 1995 1188 2049 nonad
1211 1999 1282 2049 104
1306 1995 1402 2051 saeculi
1428 1995 1584 2064 lasciviam,
1611 1998 1659 2054 sed
1680 1997 1824 2054 interad-

71 2085 254 2143 estseientiae
280 2084 522 2147 acrentitndinis,
552 2085 629 2154 equod
649 2092 725 2139 certa
753 2085 860 2140 certius
874 2083 921 2138 in·
974 2095 1059 2138 versa
1082 2082 1197 2153 conjicit
1224 2080 1420 2139 desideramer
1450 2085 1522 2140 velle
1555 2086 1681 2154 gaudere
1709 2088 1745 2143 ad
1775 2101 1823 2159 pa·

72 2175 159 2232 servit
178 2175 304 2230 scientiae
321 2172 584 2236 intellectualitatis,
603 2186 668 2243 quae
683 2173 732 2228 tibi
757 2172 921 2242 patrocina-
975 2170 1113 2226 tientiam.
1140 2171 1223 2226 llunc
1248 2171 1316 2226 talia
1340 2172 1504 2228 molientem
1528 2172 1708 2230 illeiorsitan
1730 2189 1824 2231 sacu-

72 2271 130 2331 tur,
142 2270 170 2320 et
184 2276 271 2332 opera
286 2260 392 2317 tnavel
405 2267 481 2315 certe
492 2259 635 2314 internam
656 2260 789 2329 gratiam,
807 2260 842 2314 de
862 2271 921 2329 qua
976 2259 1045 2314 laris
1059 2259 1236 2330 aggreditur,
1254 2260 1331 2315 etde
1347 2274 1377 2316 re
1399 2260 1499 2316 divina
1522 2262 1644 2331 propria
1668 2262 1825 2320 voluntatis

72 2353 180 2409 relute
199 2351 494 2418 semiueproserpunt
513 2347 715 2417 eademopera
735 2351 814 2413 stent,
838 2346 922 2404 idest
976 2347 1165 2404 infrenatione
1186 2355 1358 2404 causatur:
1396 2349 1434 2417 Si,
1470 2350 1576 2420 inquit,
1617 2352 1825 2408 rationabiliter

72 2447 181 2512 utpote,
195 2441 298 2505 stelias,
315 2438 437 2493 virtutes
462 2435 577 2501 seilicet,
600 2449 665 2505 quae
679 2443 706 2491 et
726 2436 796 2492 caelo
819 2437 922 2492 mentis
977 2437 1033 2492 tuis
1057 2437 1144 2492 dunis
1176 2438 1303 2493 motibus
1335 2437 1489 2507 principari
1525 2440 1701 2507 decreveras,
1726 2448 1825 2497 curta

73 2538 129 2586 tuae
154 2527 326 2598 iniulgeant,
353 2533 381 2581 et
412 2531 506 2591 terra,
542 2523 751 2593 peecatoribus,
791 2523 922 2580 videlicet
975 2525 1058 2596 qnasi
1081 2525 1215 2581 etlrenem
1242 2533 1270 2580 et
1294 2526 1416 2582 liberum
1444 2535 1541 2595 aperto
1572 2542 1692 2598 operum
1729 2537 1825 2599 tepore

72 2616 238 2689 quibusque
261 2615 357 2669 iumen
371 2612 494 2681 exempli
514 2611 671 2680 prebeant.
690 2612 818 2681 Dotoque
835 2616 922 2682 poste
976 2614 1174 2669 monstrabas?
1207 2617 1306 2678 Timui,
1345 2615 1395 2679 ait,
1432 2629 1468 2671 ne
1501 2616 1638 2672 molestiis
1670 2617 1824 2689 impugna·

71 2710 110 2761 ris
127 2708 181 2759 tuis
193 2704 333 2757 universas
348 2702 471 2771 regiones
487 2701 546 2767 bas,
564 2699 617 2754 boe
631 2706 672 2755 est
688 2700 919 2770 impassibilitati,
976 2701 1087 2756 tionum
1099 2701 1286 2769 interimerer,
1302 2702 1326 2757 si
1343 2703 1481 2775 rolragari
1500 2705 1706 2775 cogitationum
1732 2706 1824 2761 turbat

72 2802 100 2851 et
114 2791 378 2861 incorruptibilitati
399 2795 457 2844 tuae
470 2802 535 2858 quae
549 2795 612 2857 past
628 2788 656 2842 id
676 2789 755 2858 quod
777 2804 857 2845 nunc
879 2796 921 2846 est
975 2803 1109 2847 conarer:
1147 2791 1308 2848 humanum
1336 2806 1404 2863 ergo
1435 2792 1578 2849 habeatur
1612 2793 1750 2862 timuisse,
1776 2795 1823 2850 sed

73 2883 102 2938 in
127 2880 342 2952 regeneratione
369 2877 421 2933 tibi
447 2877 594 2932 nascitura
618 2885 698 2945 sunt,
728 2876 797 2931 dabo
822 2891 921 2933 omnes
939 2915 960 2970 C
975 2878 1106 2934 divinum
1125 2880 1186 2950 jam
1202 2883 1239 2935 sit
1257 2880 1334 2936 vires
1357 2887 1456 2936 contra
1480 2882 1636 2938 vanitatem
1660 2883 1758 2939 seculi
1778 2897 1821 2939 re-

72 2972 154 3028 beate
178 2968 346 3024 obtinendas
367 2965 503 3022 caruiset
522 2964 626 3020 animae
651 2963 855 3036 distinctiones.
880 2967 921 3020 Et
974 2968 1139 3037 sumpsisse.
1157 2969 1257 3038 (Vens.
1285 2968 1338 3040 to.)
1363 2974 1462 3037 Quare,
1487 2972 1527 3025 nit
1553 2971 1714 3040 dbimeteetr,
1732 2975 1820 3041 impe·

74 3059 262 3116 benedicentar
287 3059 316 3110 in
342 3057 441 3109 semine
459 3058 504 3108 tao
537 3068 626 3108 omnes
652 3059 741 3122 pentes
767 3058 855 3121 terra,
892 3055 921 3111 in
974 3059 1057 3111 suisti
1078 3057 1176 3111 nobis?
1209 3059 1301 3112 Potuit
1321 3060 1391 3112 coire
1413 3061 1552 3128 quispiam
1577 3060 1610 3113 de
1634 3061 1736 3131 populo
1762 3076 1822 3115 anm

73 3144 342 3220 spirituaiisciticet,
368 3156 427 3213 qua
442 3142 564 3199 interius
578 3142 696 3213 ungeris
715 3142 818 3214 gratia,
841 3143 922 3200 mul·
974 3159 1060 3199 neore
1073 3150 1131 3208 tna,
1153 3151 1179 3200 et
1192 3145 1343 3201 induceres
1365 3162 1447 3217 snper
1470 3163 1518 3203 nos
1543 3147 1647 3216 prande
1670 3153 1820 3217 peceatum.

73 3236 283 3308 tipiicabnntur
300 3233 383 3304 quasi
405 3244 524 3287 exvero
539 3233 646 3287 semiue
668 3245 920 3302 omneseorporem
976 3233 1048 3289 Sunt
1071 3233 1162 3304 aliqui
1190 3234 1352 3303 saeculares,
1378 3243 1405 3292 et
1428 3250 1500 3306 pene
1532 3251 1639 3304 omnes,
1666 3237 1727 3309 qui,
1756 3251 1822 3293 cnm

74 3326 109 3383 ad
141 3325 252 3381 cultum
282 3321 394 3392 pietatis
416 3321 552 3376 actiones.
586 3319 683 3390 (Vnus.
712 3323 750 3388 5.)
776 3321 819 3374 Εο
848 3321 921 3383 qnod
975 3321 1052 3377 viros
1073 3322 1219 3394 religiosos
1238 3323 1448 3394 aliquantisper
1481 3324 1660 3396 quibuslibet
1696 3325 1822 3382 titubare

73 3416 204 3471 obedierit
220 3413 371 3474 Abrabam,
389 3408 507 3480 spiritus
525 3408 657 3465 videlicet
677 3416 758 3477 tuus,
772 3412 832 3463 ooet
846 3425 920 3479 mese,
975 3409 1140 3481 collegerint
1157 3410 1257 3481 signis,
1273 3412 1346 3468 dure
1361 3412 1515 3469 admodum
1530 3414 1754 3484 reprehendant.
1768 3416 1821 3483 Tu,

74 3503 101 3560 id
133 3509 175 3560 est
197 3499 375 3572 suggestioni
399 3498 528 3564 internae,
554 3502 579 3551 et
598 3499 769 3552 caeremonias
800 3499 922 3567 teqesqne
974 3497 1124 3568 inquiunt,
1145 3499 1195 3570 qui
1213 3500 1823 3570 sanctitatisspeculumnobisioredebue-

73 3593 230 3658 secaverit,
245 3603 293 3661 per
306 3586 507 3658 abstinentiam
517 3585 600 3654 plane
614 3585 767 3652 malorum,
780 3586 919 3642 bonorum
975 3599 1032 3655 ras,
1049 3585 1214 3644 otlendiculi
1241 3589 1375 3645 materias
1395 3590 1642 3646 benevolentibus
1657 3604 1749 3661 quare
1769 3591 1821 3647 im·

73 3682 285 3742 observantiam
314 3677 451 3750 attigerit.
484 3675 665 3731 caeremoniae
693 3689 795 3745 nempe
828 3687 845 3729 a
874 3692 918 3730 ca·
975 3676 1110 3745 ponebas,
1126 3677 1194 3732 dnm
1209 3677 1352 3733 voluntati
1368 3685 1435 3746 tum,
1465 3693 1552 3748 quam
1578 3680 1711 3750 conjugis
1733 3680 1824 3736 instar

72 3771 156 3827 rende
177 3767 261 3840 quasi
293 3764 458 3823 cerimonia
482 3762 600 3830 dicitur,
635 3761 712 3832 quod
744 3761 850 3817 illicitis
884 3762 918 3817 ad
974 3763 1091 3820 subesse
1115 3765 1258 3834 decuerat,
1286 3764 1397 3836 absque
1421 3767 1492 3837 jugo
1518 3766 1598 3824 abire
1621 3769 1719 3824 sinens
1741 3768 1822 3825 irena

73 3859 124 3916 Dei
136 3859 235 3930 legum
259 3854 417 3912 custodiam
436 3864 534 3907 carere
548 3848 750 3920 equanimiter
764 3849 918 3919 patiamur.
974 3852 1066 3921 laxas,
1082 3853 1213 3923 exemplo
1225 3854 1401 3910 remissionis
1410 3860 1467 3910 tuae
1482 3855 1611 3911 eamdem
1631 3870 1691 3926 que
1716 3857 1822 3912 valran-

109 3949 194 4004 vens.
218 3948 247 4012 6,
268 3949 295 4010 7,
321 3945 348 4004 8.
372 3943 398 3994 9.
417 3969 452 3980 -
478 3940 584 3993 dionsit
603 3939 697 4005 itaque
720 3938 801 3992 Isaac
818 3939 846 3991 tn
870 3938 920 3994 tle-
974 3949 1018 3997 tas
1046 3948 1097 3997 tna
1122 3942 1268 4011 impudica
1291 3942 1352 4012 jam
1371 3943 1429 3999 ruit
1454 3943 1578 3999 laseiriae
1596 3947 1627 3999 et
1651 3945 1757 4001 erroris
1780 3945 1820 4001 io·

72 4053 148 4092 rara·
180 4036 233 4101 ont
255 4046 315 4087 tum
333 4031 550 4095 immittam
578 4027 683 4079 notris
705 4025 756 4080 1⁰⁰²*
774 4026 850 4080 illitis
874 4040 919 4080 su·
975 4042 1068 4094 ream,
1082 4029 1188 4100 aliquis
1203 4031 1284 4086 rudis
1297 4039 1324 4088 et
1348 4031 1456 4087 inscius
1471 4032 1644 4102 praecipitari
1665 4042 1768 4104 posset,
1794 4043 1822 4091 et

71 4141 121 4195 per
146 4137 231 4178 rmore
244 4136 304 4186 sna,
329 4115 495 4186 respondit:
514 4115 596 4168 soror
620 4126 680 4167 mea
710 4117 758 4167 est.
783 4115 921 4169 Ttmnerat
973 4133 1010 4175 ex
1031 4126 1056 4174 te
1070 4125 1127 4175 tota
1153 4119 1259 4188 peccati
1281 4133 1374 4175 massa
1396 4120 1424 4175 in
1451 4135 1502 4176 nos
1516 4128 1622 4177 rueret.
1637 4123 1821 4192 Praecepitque

73 4217 144 4268 enim
156 4211 276 4279 confiteri
291 4206 364 4277 qnod
387 4219 438 4258 nra
452 4206 520 4257 esset
541 4201 651 4270 canina,
675 4215 708 4255 ne
719 4203 792 4268 sorte
810 4204 917 4271 totera-
937 4209 1063 4270 pomm'o
1081 4209 1202 4276 populo:
1228 4208 1325 4276 (Vnus.
1350 4212 1392 4276 u.)
1414 4209 1466 4274 Qui
1491 4211 1620 4277 tetiqerit,
1645 4210 1751 4281 inquit,
1773 4212 1820 4266 lto-

73 4305 160 4355 cerent
183 4315 242 4353 enm
275 4301 386 4367 propter
409 4294 486 4347 illins
516 4290 758 4361 pulchritudinem.
802 4291 921 4360 Cumque
973 4296 1056 4348 minis
1070 4295 1150 4348 istius
1165 4310 1286 4360 umorem,
1302 4300 1387 4350 morte
1404 4299 1542 4350 morietur.
1567 4297 1720 4367 Postquam
1737 4299 1820 4368 quasi

70 4387 284 4457 pertransissent
328 4381 386 4435 dies
415 4379 540 4448 plurimi,
571 4377 725 4447 ibidemque
754 4383 917 4445 moraretur,
974 4395 1010 4438 ex
1030 4396 1128 4438 amore
1139 4383 1259 4453 justitiae
1271 4385 1429 4440 correxisse
1437 4385 1547 4455 justum
1564 4394 1695 4454 peccator
1712 4387 1821 4443 videbi·

72 4476 239 4547 prospiciens
252 4469 411 4525 Atimeleeb
424 4482 473 4536 per
491 4468 648 4533 fenestram,
664 4464 735 4520 uidit
751 4467 919 4535 enmfjecnn·
975 4477 1033 4538 tur,
1054 4471 1127 4527 idem
1140 4470 1249 4540 ubique
1264 4473 1404 4542 gentium,
1422 4473 1446 4529 si
1467 4473 1577 4542 poterit,
1599 4474 1750 4543 divulgare
1767 4477 1822 4531 sub

74 4569 126 4620 tem
148 4578 208 4618 enm
232 4562 347 4616 ltebeeea
370 4572 454 4612 unere
475 4571 534 4609 sna.
560 4557 597 4610 Ei
617 4556 746 4609 accnsitn
768 4557 832 4610 aii:
853 4557 920 4610 Per·
974 4557 1320 4628 endemtypauonabitur,
1337 4561 1478 4616 utexboc
1492 4560 1555 4631 ejus
1575 4562 1705 4632 nequitia
1720 4563 1821 4633 pallie-

73 4655 196 4724 spiennm
212 4657 251 4706 est
274 4648 346 4720 qnod
365 4662 436 4701 naor
458 4650 507 4700 tna
531 4647 578 4698 sit.
603 4673 639 4682 -
662 4644 716 4700 Car
738 4646 866 4698 mentitus
894 4658 921 4698 es
976 4654 1033 4704 tur.
1053 4645 1094 4702 dc
1111 4646 1133 4701 si
1149 4646 1275 4718 diceret;
1291 4648 1343 4704 Vir
1364 4649 1416 4704 iste
1430 4649 1508 4719 apud
1528 4664 1579 4705 ros
1599 4664 1649 4719 pro
1663 4651 1824 4708 sanctitatis

74 4758 132 4798 eam
153 4756 271 4797 sororem
293 4745 367 4794 taam
388 4737 469 4791 esse?
495 4735 595 4800 Timui,
611 4732 716 4803 inquit,
745 4748 779 4787 ne
803 4749 922 4788 morerer
974 4735 1129 4791 simulacro
1150 4734 1320 4802 celebratur,
1344 4737 1392 4792 sed
1415 4737 1511 4793 sciatis
1530 4738 1639 4794 crimen
1661 4741 1822 4796 maximnm

72 4837 185 4905 propter
199 4846 269 4884 eom.
293 4826 320 4883 Si
342 4823 517 4892 abimelech,
544 4823 633 4891 patris
659 4824 711 4876 mei
724 4821 920 4891 reanumdia·
975 4821 1057 4878 illum
1072 4820 1353 4895 incurrereqntejus
1363 4825 1569 4881 malevolentiae
1580 4826 1822 4884 confederabitur.

74 4921 131 4978 boli
155 4918 294 4985 videlieet,
321 4914 399 4986 quod
426 4919 494 4969 sunt
520 4925 619 4967 omues
639 4918 780 4966 amatores
808 4909 919 4977 mundi,
1009 4909 1097 4967 Vens.
1126 4912 1168 4969 ta.
1194 4914 1237 4980 ta,
1267 4912 1310 4967 lt.
1340 4943 1375 4952 -
1404 4914 1478 4970 serit
1500 4918 1590 4969 antem
1615 4916 1693 4970 isaac
1716 4919 1746 4970 in
1773 4919 1823 4973 itta

74 5009 152 5066 unde
169 5015 198 5064 et
215 5008 308 5077 ipsum
336 5016 458 5074 regnum
478 5000 595 5068 Gerara,
621 4999 649 5054 id
668 5006 710 5056 est
726 5001 847 5055 colonam
869 4998 922 5069 eji·
975 5002 1057 5066 terra,
1072 5004 1098 5054 et
1111 5000 1213 5055 inuenit
1240 5002 1270 5055 t'n
1292 5003 1352 5071 ipso
1375 5018 1446 5056 anno
1472 5005 1635 5073 centuplum.
1661 5006 1822 5061 benedicit·

74 5096 283 5162 ctens‚dicitur,
302 5092 372 5164 quia
395 5090 579 5146 uuniormitas
598 5088 699 5146 talium
721 5087 920 5157 acuitupro-
975 5103 1026 5156 qne
1048 5090 1073 5142 ei
1098 5091 1235 5145 Dominus.
1264 5092 1299 5145 nt
1326 5091 1502 5161 locupletatus
1530 5098 1570 5148 est
1597 5094 1682 5162 tremo,
1714 5100 1741 5148 et
1762 5095 1823 5150 ibat

75 5184 144 5256 pria
171 5183 274 5238 mentis
294 5182 324 5236 in
350 5178 531 5250 negligentia
549 5191 674 5233 errorem
695 5175 840 5231 huminem
865 5176 921 5248 eji-
972 5178 1119 5247 proficiens
1140 5185 1222 5248 ntqne
1241 5194 1417 5247 succrescens,
1442 5182 1524 5237 donee
1543 5198 1658 5252 magnas
1681 5185 1820 5239 celemen-

75 5268 456 5341 cit,1sancibimanet‚dum
473 5268 499 5322 in
514 5265 661 5321 saecularis
675 5263 775 5335 gaudii
788 5265 921 5321 contuitu
975 5271 1016 5321 ter
1036 5267 1145 5336 effeetus
1170 5274 1219 5324 est.
1244 5269 1355 5324 Habuit
1377 5286 1482 5340 quoqne
1499 5275 1691 5342 possessionem
1719 5276 1819 5341 aotam,

75 5375 157 5418 mens
172 5358 282 5430 pridem
305 5357 409 5413 caelesti
434 5357 543 5411 intenta
566 5353 679 5423 torpida
698 5355 825 5424 jacenti
852 5355 921 5408 viris
974 5361 1000 5411 et
1025 5362 1218 5425 armentorum,
1248 5362 1274 5412 et
1300 5361 1416 5425 (amitte
1437 5363 1597 5431 plurimum.
1629 5365 1661 5417 ln
1689 5365 1741 5419 ttta
1768 5377 1822 5421 sua

76 5451 127 5506 teci
140 5449 215 5504 illins
231 5446 426 5517 intermgatur
441 5457 523 5513 snper
536 5457 622 5497 acore
631 5455 699 5498 cunr
713 5455 731 5498 a
745 5440 921 5513 quibuslibet
975 5445 1140 5504 terrenitate
1152 5448 1232 5503 Isaac
1245 5450 1338 5514 seruit,
1347 5448 1427 5517 dum,
1438 5450 1473 5506 de
1488 5450 1619 5507 saeoulmi
1631 5451 1668 5508 ad
1680 5451 1822 5524 gaudium
