3818 6008
60 218 128 273 tuat
690 219 799 277 00th
820 218 848 274 t.
871 215 1041 275 n’actttntl
1061 216 1174 274 NOTAE.
1741 213 1809 271 loti

59 359 212 423 paupertas
225 353 254 408 in
268 367 316 408 ore
332 353 421 423 impii.
437 375 451 403 n
465 355 508 410 Ad
524 355 585 411 hac
599 355 687 412 verba
701 355 822 412 strabus
838 353 904 410 Ful·
923 354 1068 419 Ascatnr,
1099 368 1151 409 nos
1180 355 1254 428 ipsos
1283 352 1512 410 remuneratione
1537 352 1623 408 etiam
1650 351 1808 421 ,temporali

59 443 154 498 densis
170 442 264 513 glossa
278 441 425 498 ordinaria
446 462 452 496 :
471 465 481 491 ι
500 443 727 500 llivitiaehabitae
739 443 817 515 juste
840 448 909 498 sunt
965 456 1162 508 remunerare;
1183 456 1250 499 cum
1273 447 1300 498 et
1322 440 1468 510 apostolici
1498 454 1579 512 reges
1602 448 1631 497 et
1652 439 1806 511 principes,

59 530 180 588 materia
199 531 366 586 exercendae
387 530 502 586 virtutis
525 545 575 601 per
597 545 683 601 opera
708 531 909 586 misericordia
964 529 1146 586 felicitatibus
1168 530 1301 586 Ecclesiae
1323 528 1519 599 congratulari
1538 528 1665 594 deiectat,
1679 539 1808 597 gemma-

59 625 87 674 et
102 618 288 674 liberalitatis.
310 639 320 665 ι
339 618 390 673 Cui
411 617 589 673 simillimum
605 627 645 674 est
663 618 732 674 illud
749 619 822 675 beati
838 623 909 674 llm-
963 631 1029 673 rum
1046 619 1246 686 pretiosarum,
1262 616 1328 672 auri
1342 623 1370 671 et
1384 615 1505 686 argenti,
1526 614 1677 684 palliorum
1691 622 1719 669 et
1734 613 1809 668 alio-

60 706 146 762 brosii
162 705 292 762 allatum.
316 723 328 756 ι
351 705 460 761 hivitiae
482 714 514 760 ut
534 706 739 775 impedimenta
761 706 906 776 improbis,
963 721 1029 762 rum
1051 705 1307 762 ecclesiasticorum
1332 714 1566 760 ornamentorum
1581 700 1730 758 allluantla
1756 714 1808 756 ex·

61 795 101 850 ita
113 795 195 851 bonis
211 801 278 850 sunt
294 794 462 863 adjumenta
481 794 606 861 virtutis,
626 813 640 845 a
660 794 695 849 ad
716 808 779 865 cap.
798 809 869 850 xvru
881 801 909 850 et
964 795 1029 849 inde
1052 795 1201 860 exuberet,
1234 803 1265 850 ut
1291 800 1364 849 recte
1390 793 1485 848 (ιιιιιι
1513 792 1682 847 valeamus:
1715 789 1808 844 Vene-

59 895 118 936 xur.
139 881 207 936 Luc.
226 879 274 934 lib.
289 893 348 935 vnr.
365 877 440 945 Quin
452 878 586 935 Juvenal.
602 879 693 949 Satvr.
710 883 724 934 3
740 895 746 934 :
961 882 1029 934 runt
1043 878 1114 933 mihi
1128 877 1227 934 omnio
1238 875 1574 948 bonopon'tercumilla
1585 873 1666 945 (Sap.
1685 888 1733 940 vn,
1753 871 1805 942 ll).

129 974 185 1030 Nil
198 975 283 1030 babet
296 975 571 1046 inselixpaupertas
585 975 615 1030 in
630 992 671 1038 se,
961 966 1022 1034 Qvto
1045 968 1241 1037 experimento
1267 965 1365 1036 gloriae
1392 965 1498 1021 luturae
1533 963 1593 1027 Dei,
1621 962 1724 1018 iratres
1752 974 1808 1016 no-

130 1047 223 1113 Quum
237 1046 311 1117 quod
323 1045 462 1120 ἰ’ἅιθιιῑθι
474 1045 695 1114 minelsacil·
962 1065 1035 1111 siros
1053 1069 1231 1111 successores
1256 1063 1367 1110 nostros
1386 1053 1554 1110 obtestando
1576 1065 1625 1121 per
1646 1049 1696 1105 [lei
1721 1047 1807 1104 mise-

59 1144 93 1198 Et
118 1141 288 1198 Guillelmus
314 1142 506 1199 Flaviaceusis
525 1144 613 1200 abbas
637 1144 685 1215 (de
700 1159 758 1215 quo
779 1144 853 1201 inlra
878 1145 907 1200 in
962 1143 1126 1209 ricordiam,
1154 1150 1182 1197 et
1208 1141 1333 1197 terribile
1359 1141 1422 1213 ejus
1440 1140 1583 1209 judicium
1608 1137 1805 1194 sollicitamus.

58 1228 226 1299 compendio
247 1230 317 1284 llist.
339 1230 468 1300 ejusdem
487 1230 621 1301 coeuohli)
641 1231 792 1288 consulens
812 1232 907 1302 probae
962 1247 997 1286 ne
1021 1239 1148 1287 sanctam
1174 1228 1351 1300 religionem,
1377 1244 1442 1299 quaa
1465 1236 1493 1284 et
1515 1227 1646 1283 homiues
1668 1233 1696 1281 ιι
1716 1225 1808 1280 Deum

57 1325 85 1374 et
99 1318 240 1374 constanti
255 1318 461 1374 monachorum
486 1319 708 1387 conversationi,
729 1319 789 1376 ait:
809 1342 819 1369 ι
837 1321 908 1390 Ege·
961 1320 1102 1385 conciliat,
1132 1317 1278 1375 conlracta
1309 1316 1477 1382 consolidat,
1507 1313 1618 1385 perdita
1650 1314 1805 1376 restaurat,

58 1412 117 1461 stas
137 1405 214 1460 enim
240 1405 409 1472 murmuris,
433 1414 460 1461 et
485 1407 677 1476 impatientia,
709 1414 796 1478 atque
820 1407 905 1464 etiam
963 1414 1158 1478 paupertatem
1195 1408 1313 1477 opimat,
1357 1413 1499 1475 tepescere
1528 1402 1701 1473 permittant,
1734 1396 1805 1469 quia

57 1492 222 1560 cupiditatis
236 1507 449 1564 nonuunquam
474 1502 516 1549 cst
531 1496 651 1550 occasio.
671 1517 681 1543 ι
961 1495 1035 1552 sicut
1061 1494 1227 1552 timentibus
1246 1493 1400 1551 bominum
1421 1491 1493 1548 nihil
1516 1492 1603 1555 deest,
1623 1503 1681 1545 nou
1701 1486 1806 1543 timen-

93 1584 186 1652 Atque
202 1581 272 1637 adeo
288 1581 365 1637 haud
381 1581 522 1638 bonorum
541 1583 740 1653 temporalium
759 1583 907 1655 opulentia
961 1585 1039 1656 tibus
1060 1584 1146 1640 etiarn
1168 1583 1285 1655 regibus
1310 1581 1416 1648 omnia,
1446 1580 1495 1650 ipsi
1519 1591 1637 1650 quoque
1656 1575 1710 1631 sibi
1734 1572 1804 1629 deli·

58 1668 233 1725 Benedictini
246 1668 355 1725 ordinis
378 1669 524 1739 perniciei,
540 1671 617 1741 quod
632 1671 790 1741 obgannire
815 1672 908 1728 solent
960 1673 1050 1730 ciunt.
1069 1694 1082 1722 »

58 1755 188 1826 gurgites
214 1754 254 1811 illi
280 1764 307 1811 ιι
331 1754 479 1813 helluones
505 1771 603 1814 rerum
633 1759 690 1814 lieo
714 1767 905 1828 sacratarum,
996 1761 1128 1818 Rationes
1148 1768 1243 1817 autem
1264 1757 1429 1816 assertionis
1450 1756 1575 1827 praeiatae
1603 1767 1672 1810 mem
1698 1746 1805 1807 submi-

58 1856 147 1899 oausa
161 1843 278 1911 exstitit,
304 1844 392 1900 imoa
412 1852 511 1901 sancta
527 1845 743 1902 conversatione
762 1847 885 1903 deviatio
896 1864 905 1918 ;
960 1847 1063 1904 nistrat
1090 1854 1207 1902 sauctus
1235 1845 1415 1912 Benedictus,
1438 1843 1579 1913 siquidem
1605 1841 1666 1911 ipso
1680 1850 1805 1905 evange·

59 1931 147 1987 simul
171 1931 248 1987 enim
268 1939 355 2001 atque
374 1932 546 2001 poeniteutlac
569 1934 680 2003 pertaesi
699 1933 808 2004 decepti
833 1936 907 1991 deli·
959 1935 1020 1992 llcae
1036 1934 1214 2004 porrectionis
1234 1934 1420 1999 instaurator,
1441 1929 1707 1997 monachorumque
1723 1921 1806 1981 Occi-

58 2019 120 2085 ciis,
136 2027 198 2088 post
218 2019 464 2090 concupiscentias
482 2035 550 2078 suas
569 2020 628 2077 fera
650 2022 792 2090 monachi,
812 2037 905 2080 saecu·
960 2023 1052 2079 dentis
1078 2022 1232 2087 institutor,
1258 2021 1400 2090 praecipue
1424 2016 1559 2083 decrevit,
1591 2026 1693 2083 nempe
1729 2016 1807 2065 aute

57 2105 236 2176 laribusque,
265 2107 394 2164 solitaria
415 2115 444 2164 et
466 2116 546 2164 arcta
573 2110 620 2163 vla
645 2110 817 2179 posthabita,
847 2126 907 2168 sese
959 2123 1048 2179 quam
1064 2109 1263 2179 prolessionem
1283 2109 1389 2164 tirones
1407 2107 1549 2171 emittant,
1573 2110 1655 2158 ulex
1670 2097 1806 2155 omnihus

57 2194 135 2251 ultm
160 2194 340 2251 immiscuere
361 2196 491 2266 negotiis,
513 2214 526 2247 ι
548 2204 655 2254 sanctae
681 2199 907 2255 conversationis
960 2211 1025 2267 quae
1050 2197 1233 2268 possidebant
1256 2195 1295 2252 nil
1320 2197 1373 2252 sibi
1397 2201 1554 2260 reservent,
1581 2205 1642 2270 cap.
1667 2191 1710 2244 58.
1736 2187 1805 2241 ltem

58 2280 171 2338 relrixit
191 2282 333 2349 eharitas;
352 2304 362 2331 ι
379 2291 406 2338 ιι
430 2285 569 2354 corrupti,
589 2291 677 2354 atque
700 2286 907 2345 abominabiles
959 2299 1022 2356 cap.
1049 2288 1191 2357 sequenti,
1221 2286 1255 2342 de
1289 2285 1353 2341 tiliis
1381 2297 1469 2355 agens
1494 2281 1644 2346 nobilium,
1673 2281 1806 2347 parentes

56 2368 124 2426 lacti
136 2378 319 2426 evanuerunt
331 2371 358 2426 in
372 2371 594 2442 cogitationibus
606 2373 676 2441 suis,
692 2389 817 2445 quaeque
827 2376 907 2447 prius
960 2376 1128 2442 obtestatur,
1146 2397 1157 2424 ι
1175 2376 1344 2432 Promittant
1361 2374 1416 2431 sub
1434 2369 1625 2445 Jurejuraudo
1640 2366 1710 2436 quia
1726 2377 1806 2419 nuu-

59 2472 117 2514 non
134 2459 187 2514 sibl
203 2466 315 2515 tautum
338 2459 374 2515 ad
395 2460 502 2516 victum
523 2467 552 2516 et
571 2461 706 2518 vestitum
727 2463 830 2520 collata
844 2464 904 2521 iue-
960 2479 1049 2535 quam
1076 2479 1126 2535 per
1149 2480 1188 2533 se,
1214 2472 1279 2531 etc,
1304 2464 1369 2520 liliis
1390 2463 1520 2518 tribuant
1543 2457 1720 2514 occasionem
1749 2452 1805 2507 ha·

57 2555 135 2607 rant.
158 2547 207 2603 sed
230 2555 258 2603 et
281 2548 316 2602 ad
339 2547 549 2619 gloriamque
570 2563 628 2605 non
650 2565 732 2607 secus
751 2566 784 2608 ac
798 2553 905 2608 domini
961 2552 1061 2621 bendi;
1079 2566 1171 2622 »cap
1193 2544 1244 2617 33,
1260 2551 1299 2606 nil
1319 2550 1467 2620 proprium
1491 2547 1595 2603 habere
1615 2542 1683 2599 sinit
1703 2553 1805 2597 mona-

57 2640 129 2689 58!
165 2642 303 2703 potentes,
337 2644 364 2691 et
397 2636 540 2707 principes
576 2638 690 2704 terreni,
721 2653 755 2694 ea
787 2642 904 2696 caeteris.
960 2640 1059 2710 chum,
1085 2640 1213 2695 «omnia
1232 2653 1300 2694 vero
1321 2638 1481 2695 necessaria
1505 2650 1521 2691 a
1541 2627 1805 2690 Patremonasterii

57 2724 156 2794 egenis
180 2723 331 2793 praecipue,
357 2721 466 2779 allatim
493 2732 655 2795 erogarent,
678 2741 760 2783 versa
786 2735 855 2784 sunt
877 2730 905 2785 ιιι
960 2742 1076 2799 sperare
1084 2743 1093 2797 ;
1108 2749 1123 2776 »
1139 2742 1199 2797 cap.
1218 2728 1252 2782 34
1269 2742 1276 2780 :
1294 2747 1308 2776 κ
1330 2726 1513 2781 intirmorum
1533 2735 1604 2778 cura
1619 2716 1803 2783 anteomnia,

58 2825 201 2868 venenum
216 2820 244 2866 et
256 2813 454 2893 opprobrium,
471 2821 670 2884 veneruntque
685 2814 770 2871 alieni
787 2825 814 2872 et
828 2831 906 2873 com·
959 2826 987 2874 et
1000 2830 1088 2887 super
1102 2816 1200 2872 omnia
1218 2813 1381 2871 adhibenda
1399 2821 1452 2878 est,
1475 2821 1540 2878 etc,
1563 2807 1695 2867 carnium
1724 2818 1804 2869 usus,

57 2899 179 2956 ederunt
212 2899 302 2955 robur
334 2914 446 2957 eorum.
477 2901 512 2956 Ut
540 2903 640 2957 merito
672 2918 739 2959 cum
773 2905 904 2972 ieremia,
926 2914 988 2978 get
1011 2905 1190 2971 balneorum,
1211 2924 1225 2952 ι»
1250 2911 1277 2959 ιι
1302 2900 1444 2972 quidquid
1469 2898 1591 2955 intirmis
1612 2891 1805 2950 necessarium

59 2986 164 3041 Thren.
188 3001 216 3052 v,
238 2989 264 3053 t,
286 2989 313 3051 3,
330 2990 356 3048 7,
376 2985 505 3042 occinere
524 2986 700 3044 debeamus:
719 3009 733 3036 «
750 2989 907 3047 llaereditas

58 3081 157 3129 nostra
172 3087 255 3129 versa
269 3077 310 3129 est
325 3073 361 3129 ad
376 3073 492 3142 alienos,
515 3074 617 3130 doinus
636 3083 740 3133 nostra
756 3078 791 3134 ad
806 3087 906 3136 extra-

59 3176 138 3218 neos.
159 3163 261 3232 Pupilli
283 3162 347 3218 lacti
367 3177 469 3223 sumus
487 3163 597 3234 absque
619 3173 708 3235 patre.
731 3175 835 3226 matres
854 3184 907 3226 uo-

58 3258 126 3306 strae
139 3251 222 3322 quasi
238 3250 343 3307 viduae.
361 3252 457 3307 Patres
473 3253 563 3308 nostri
580 3263 781 3323 peccaverunt,
801 3265 828 3312 et
848 3272 906 3313 non

58 3346 147 3405 sunt;
163 3347 190 3394 et
209 3353 261 3394 nos
275 3338 441 3410 iniquitates
455 3352 554 3396 eorum
568 3343 756 3411 portavimus.
778 3362 792 3394 s

95 3426 201 3482 Verum
223 3427 270 3483 ubi
296 3428 371 3496 viget
394 3426 536 3498 regularis
561 3429 757 3498 observantia,
778 3445 814 3488 ex
840 3448 905 3489 sen·

59 3514 148 3571 tentia
161 3514 286 3571 allinunt
299 3515 435 3571 universa
441 3531 450 3586 3
464 3517 542 3586 quod
553 3516 641 3585 prohe
659 3518 809 3575 adnotavit
823 3520 906 3591 Hugo

59 3602 283 3659 Flavlnlacensis
306 3604 334 3659 iu
356 3604 497 3660 Chronico
528 3605 657 3661 nondum
681 3605 765 3673 edito,
791 3607 826 3663 ad
857 3622 905 3664 an.

61 3693 140 3758 turs,
165 3699 244 3762 gesta
268 3692 407 3748 exhibens
424 3692 537 3749 abbatis
558 3693 749 3764 Divionensis,
772 3695 798 3751 S.
825 3695 905 3752 Guil-

59 3778 146 3845 lelmi,
173 3780 226 3851 qni
253 3789 346 3849 postea
376 3780 545 3837 l‘iscanense
570 3782 645 3837 rexit
674 3783 903 3839 monasterium:

62 3889 73 3916 t
101 3866 227 3923 Noverat
254 3867 325 3938 qula
349 3883 417 3924 cum
444 3879 583 3926 cresceret
609 3869 730 3926 interius
759 3871 905 3943 religionis

58 3955 198 4020 studium,
236 3954 387 4011 exterioris
426 3957 724 4028 quoquesuhstantiae
760 3960 907 4016 accederet

58 4042 301 4113 supplementum.
318 4064 332 4091 ιι
349 4044 382 4099 ttt
404 4044 440 4099 ad
458 4057 505 4099 an.
532 4047 621 4099 1088:
642 4067 652 4093 ‹
674 4045 794 4116 Vigebat
824 4048 852 4102 in
872 4062 905 4105 eo

59 4130 153 4186 virtus
169 4130 327 4198 charitatis,
350 4145 416 4201 quae
436 4138 515 4187 tanta
535 4140 606 4198 erat,
634 4141 665 4190 ut
686 4149 857 4205 quanquam
873 4150 905 4192 eo

961 2995 1057 3055 tuerit.
1074 2993 1265 3058 concedatur·,
1277 3004 1340 3062 cap.
1364 2993 1408 3054 39,
1432 2987 1467 3043 -to
1484 2998 1512 3044 et
1534 2990 1577 3042 55.
1604 2984 1698 3040 Victus
1714 2989 1742 3038 et
1756 2994 1805 3035 ve-

960 3085 1095 3140 stimenta
1123 3082 1356 3151 suppeditentur;
1385 3091 1447 3148 cap.
1477 3078 1510 3131 et
1535 3082 1561 3130 et
1583 3074 1639 3127 56:
1662 3092 1676 3122 «
1701 3069 1806 3126 Omnes

960 3170 1194 3241 supervenientes
1224 3168 1349 3236 hospites
1379 3175 1518 3235 tanquam
1551 3161 1683 3217 Christus
1711 3154 1805 3213 susci-

963 3259 1119 3329 piantur.»
1144 3257 1179 3310 Et
1203 3255 1315 3310 tandem
1341 3268 1403 3323 cap.
1433 3254 1484 3306 66:
1501 3271 1515 3300 «ι
1545 3245 1749 3305 hlonastcrlum
1766 3242 1806 3297 lta

961 3345 1044 3401 debet
1070 3343 1207 3410 construi,
1234 3350 1265 3398 ut
1288 3344 1385 3399 omnia
1407 3337 1576 3403 necessaria,
1601 3334 1628 3389 id
1651 3340 1694 3389 cst
1716 3343 1804 3399 aqua,

961 3433 1069 3496 hortus,
1087 3431 1252 3500 pistrinum,
1268 3430 1312 3486 vel
1329 3438 1405 3484 artes
1423 3429 1543 3482 diversae
1565 3426 1641 3479 intra
1657 3427 1804 3477 monaste-

961 3518 1037 3575 rium
1063 3527 1262 3577 exerceantur.
1287 3526 1401 3573 utnon
1427 3516 1463 3572 sit
1485 3512 1636 3570 necessitas
1658 3506 1806 3564 monachis

962 3606 1087 3678 vagandi
1104 3607 1189 3673 loras,
1214 3605 1281 3676 qula
1304 3605 1421 3660 omnino
1441 3617 1499 3658 non
1522 3598 1637 3668 expedit
1652 3593 1806 3651 animabus

960 3709 1100 3752 eorum.»

997 3782 1134 3853 Nunquid
1156 3782 1198 3837 his
1222 3794 1257 3837 ex
1281 3781 1350 3836 locis
1365 3778 1532 3835 'necessario
1551 3771 1745 3844 colligendum
1764 3776 1806 3825 est

960 3870 1089 3929 cenobia
1104 3883 1200 3926 rerum
1215 3870 1295 3939 copia
1312 3869 1370 3926 lore
1384 3865 1519 3932 dotanda,
1537 3870 1684 3934 qnatenus
1697 3859 1732 3914 ad
1747 3873 1805 3913 un-

961 3975 1046 4032 guem
1059 3959 1228 4015 observetur
1244 3957 1364 4028 regula?
1387 3955 1524 4011 nimirum
1547 3959 1577 4008 ut
1598 3950 1700 4012 victus,
1718 3946 1804 4002 vesti-

961 4057 1066 4118 tusque
1081 4046 1240 4116 unicuique
1256 4046 1417 4115 tribuatnr3
1434 4065 1448 4094 n
1463 4041 1590 4099 infirmis
1609 4039 1684 4097 sicut
1705 4047 1806 4093 revera

961 4137 1083 4196 Christo.
1104 4137 1143 4191 ita
1162 4135 1321 4202 serviatur;
1338 4156 1352 4184 s
1375 4147 1514 4204 pauperes
1534 4143 1634 4187 omncs
1654 4125 1744 4198 (quod
1764 4139 1807 4180 so·

58 4218 273 4289 anno,.ublque
292 4219 466 4289 tempestatis
487 4219 632 4285 violentia,
655 4231 776 4280 maturae
796 4218 1053 4295 segeteslllemne
1080 4238 1114 4280 ac
1133 4224 1298 4295 religiosum
1328 4223 1356 4278 ιιι
1384 4221 1494 4290 ordine,
1524 4217 1665 4290 quamdiu
1695 4214 1806 4272 reditus

59 4306 207 4376 inspicis,
232 4314 259 4363 et
289 4307 391 4363 vinum
416 4307 446 4363 in
472 4309 603 4374 racemis,
632 4311 730 4366 omnia
751 4319 903 4381 prostrata,

57 4401 85 4449 at
105 4407 222 4463 prorsus
241 4395 377 4450 damnata
395 4404 499 4460 essent,
527 4396 566 4453 nil
584 4405 679 4454 tamen
704 4398 800 4454 minus
827 4400 905 4456 lieret

58 4480 89 4537 in
113 4482 259 4539 relectorlo
282 4490 309 4539 et
332 4485 522 4554 eleemosyna,
548 4499 616 4542 curn
642 4485 744 4542 iratres
768 4495 905 4543 centena-

58 4570 134 4626 rium
160 4569 219 4626 fere
239 4571 409 4627 excederent
430 4586 596 4640 numerum,
622 4581 707 4628 »etc
736 4574 800 4629 Huc
817 4576 912 4642 perti-⁴

58 4666 127 4713 nent
141 4673 207 4728 qnae
227 4659 261 4714 de
281 4674 311 4715 se
332 4658 415 4715 relert
436 4660 575 4731 Sugarins
601 4660 629 4717 ιιι
654 4659 793 4717 Ludovici
807 4660 903 4717 Grossi

60 4747 134 4812 Vita,
164 4754 231 4802 tom.
261 4747 299 4803 tv
332 4748 404 4803 illst.
448 4749 550 4805 Franc.
585 4749 708 4805 lludreae
742 4748 903 4813 Duchosna,

57 4849 121 4906 pag.
154 4836 215 4890 tlt.
253 4857 266 4885 ι
294 4835 430 4893 Ordinem
456 4846 588 4893 sanctum
619 4838 700 4908 plene
724 4836 903 4903 reformavit,

56 4931 163 4979 sanctae
191 4923 601 4995 religionlspropositurnquo
629 4926 666 4981 ad
695 4926 784 4982 Deum
810 4926 905 4983 lrucn-

56 5011 127 5067 dnm
149 5012 324 5080 pervenitur,
349 5014 458 5084 absque
486 5014 620 5070 scandalo
632 5018 660 5070 et
688 5014 904 5086 perturbatione

56 5099 192 5165 lratrnm,
220 5099 284 5157 licet
305 5115 361 5157 non
382 5103 595 5171 consueverint,
611 5104 728 5173 pacilice
744 5104 901 5160 constituit.

57 5186 148 5258 Cuius
162 5187 320 5245 voluntatis
334 5188 440 5246 divinia
454 5190 622 5258 elllcaciam,
643 5199 731 5248 tantae
751 5191 901 5257 libertatis,

57 5275 139 5332 bonae
165 5277 257 5345 larnae,
291 5285 320 5334 et
349 5284 469 5335 terrenae
502 5279 654 5349 opulentiae
682 5279 836 5336 subsecuta
860 5285 904 5336 est

56 5364 216 5435 allluentia,
233 5374 265 5422 ut
278 5365 364 5424 etiam
385 5365 644 5436 impresentiarum,
659 5381 717 5438 quo
740 5367 832 5438 magis
848 5382 903 5423 no-

54 5460 116 5510 stra
135 5453 277 5510 excitetur
299 5454 532 5525 pusillanimitas,
558 5453 770 5526 quodammodo
792 5468 902 5527 cogno-

960 4314 1198 4371 monasteriorum
1226 4326 1243 4367 a
1266 4310 1454 4367 sacularibus
1475 4309 1545 4364 viris
1568 4306 1684 4363 minime
1705 4303 1805 4359 distra-

959 4403 1114 4464 hebantur,
1130 4415 1242 4471 semper
1258 4398 1377 4466 exstitit)
1394 4397 1472 4453 velut
1497 4394 1629 4452 Christus
1651 4390 1804 4460 excipian-

960 4498 1018 4557 tur,
1047 4489 1246 4553 suhlevantur,
1274 4488 1399 4553 alantur,
1430 4484 1591 4539 vestiantur
1624 4480 1671 4550 (dc
1697 4476 1805 4548 quihus

959 4592 1026 4634 mox
1047 4578 1142 4649 inira).
1173 4576 1352 4646 Quapropter
1375 4574 1401 4630 S.
1432 4571 1577 4629 iunianus
1606 4583 1623 4623 a
1649 4581 1715 4638 rege
1738 4564 1803 4622 Clo·

960 4665 1032 4721 tario
1056 4666 1077 4730 l,
1106 4665 1191 4736 cujus
1220 4663 1403 4736 professionis
1434 4675 1468 4716 ac
1496 4659 1582 4716 studii
1606 4664 1689 4719 essct,
1711 4653 1805 4710 scisci-

960 4760 1046 4820 tatus,
1067 4752 1106 4808 ιιι
1128 4751 1331 4823 conquerendo
1361 4749 1506 4820 respondit
1531 4763 1537 4801 :
1568 4767 1582 4795 «
1608 4746 1641 4802 Se
1663 4744 1717 4799 sub
1742 4756 1804 4798 mo·

960 4843 1068 4899 nastico
1082 4841 1182 4898 ordine
1197 4842 1284 4896 vitam
1296 4841 1415 4909 ldegere,
1434 4847 1462 4894 et
1482 4834 1628 4893 monachis
1650 4832 1804 4904 prmlatnm

958 4939 985 4986 et
1013 4928 1126 4985 beatiss.
1156 4927 1299 4984 Benedicti
1328 4930 1459 4984 instituta
1487 4939 1610 4990 servare,
1639 4922 1803 4995 regularem

958 5017 1022 5089 ejus
1036 5017 1124 5073 vitam
1141 5017 1304 5080 observare,
1325 5018 1378 5073 nisi
1403 5018 1482 5087 qnod
1503 5025 1620 5087 propter
1637 5011 1801 5084 angustiam

959 5102 1011 5159 loci
1040 5117 1096 5159 non
1119 5118 1182 5160 eam
1209 5104 1370 5174 plenissime
1386 5106 1530 5161 custodire
1555 5118 1622 5161 curn
1641 5101 1701 5159 suls
1724 5099 1802 5155 vale·

958 5198 1043 5247 ret.»
1066 5191 1101 5247 Et
1119 5192 1219 5262 paucis
1243 5191 1419 5262 interjectis:
1442 5214 1456 5242 «
1481 5192 1592 5257 Quibus
1616 5189 1731 5255 auditis,
1752 5201 1802 5244 rex

957 5280 1053 5336 statim
1073 5279 1135 5336 ait:
1162 5279 1190 5335 Si
1213 5294 1249 5336 ex
1271 5280 1375 5350 praedio
1391 5279 1451 5335 lisci
1472 5280 1561 5336 nostri
1587 5279 1697 5350 aliquid
1721 5276 1803 5334 vobis

959 5367 1085 5425 vicinum
1105 5375 1157 5433 est,
1172 5375 1199 5425 et
1212 5367 1267 5425 loci
1287 5369 1501 5438 opportunitate
1516 5382 1689 5439 congruum,
1707 5379 1801 5436 qnan-

958 5463 1018 5512 tum
1040 5463 1096 5513 tuae
1118 5456 1263 5514 sanctitati
1283 5456 1385 5528 placet,
1404 5463 1432 5513 et
1449 5457 1511 5524 tibi,
1534 5456 1650 5526 tuisque
1671 5453 1804 5511 sullicere
