3818 6008
1 227 2 231 ’
69 226 123 281 tlte
514 222 545 280 V.
565 222 732 281 uoluebat
750 221 896 280 austris
914 223 947 280 S.
969 221 1089 279 1leAE
1110 218 1155 276 bu
1175 215 1374 276 noviomiso
1767 219 1817 274 92⁰

73 355 170 426 clesia,
198 354 248 412 sed
287 351 480 410 Ecclesiarum
509 350 607 409 Gallia
636 352 859 421 Florentissima,
888 360 915 410 et
932 350 1223 419 tlduceret,cnmex
1237 348 1301 420 ejus
1321 346 1410 405 latere
1435 345 1580 404 diutinam
1594 345 1726 404 tabulam
1752 360 1819 403 eum

74 444 160 517 cujus
187 443 322 499 Latinum
352 441 450 497 orbem
480 440 734 511 praetergrediatur
762 441 847 498 lama.
884 442 920 497 Et
974 439 1039 508 illis,
1061 453 1135 510 quos
1156 437 1210 494 sibi
1237 436 1312 493 solos
1326 435 1525 493 arbitrabatur
1544 434 1650 500 tidelm,
1688 434 1818 492 baberet.

1867 432 1869 445 l

1867 450 1869 459 ι

75 547 162 605 quem
172 530 293 587 virum?
312 528 494 586 Nonneeum
515 541 602 598 quem
623 535 651 584 et
669 542 920 596 penuseommen-
963 528 1045 583 ¹lnde
1063 525 1235 598 digrediens,
1261 523 1402 582 codiciaci
1422 523 1520 596 (uulgo
1547 522 1650 596 com)
1671 524 1822 594 cumipsis
1867 538 1869 549 ·

76 621 163 680 dabat
190 617 349 690 egregium,
365 626 393 675 et
422 617 659 687 prestantissima
689 619 768 674 teum
792 632 919 687 corpore,
974 613 1350 683 omnibusbospitatusest.

75 705 352 776 cordemapnanimo
362 703 548 761 laceranttoti
562 705 690 761 Franciae
709 707 921 763 armanotum?
1011 701 1181 761 metaneae
1193 698 1825 772 mittesconprepat‚mtnttatarqammecm

76 796 169 853 cocus
182 794 272 865 igitur
286 800 315 851 et
326 794 435 850 crimen
449 800 477 849 et
489 793 613 850 dedecus
623 793 733 865 ubique
745 795 919 866 vulgabunt.
974 795 1092 848 armate
1121 790 1317 862 inpressorum
1324 809 1334 855 ,·
1370 789 1421 843 aad
1446 788 1576 856 frustra.
1605 817 1641 830 -
1669 787 1734 855 Quo
1774 801 1826 858 ego

76 881 105 940 Si
118 895 188 953 ergo
210 894 247 938 ex
263 879 370 947 animo,
383 892 420 934 ex
436 879 500 935 imis
519 879 684 949 praecordiis
700 894 750 951 pro
765 879 922 937 miscrabili
976 888 1130 950 comperto,
1146 893 1214 935 cnm
1229 877 1314 934 valde
1340 878 1426 934 talem
1451 876 1514 947 ejus
1539 877 1670 933 babitnm
1689 875 1826 932 horruis-

75 977 182 1028 eventu
198 983 256 1025 non
271 967 469 1033 tribulamini;
485 967 510 1021 si
530 980 588 1022 non
618 967 811 1025 dehonestate
837 978 923 1027 tanta
976 983 1046 1035 mm,
1076 968 1193 1025 omnino
1221 980 1267 1023 me
1293 966 1332 1022 ab
1360 967 1423 1037 ejus
1451 965 1631 1022 contuituac
1651 965 1828 1021 salutatione
1867 976 1869 999 ¹

77 1059 222 1116 sanctitati
234 1055 460 1127 compatiamini,
486 1055 583 1112 sciatis
607 1055 726 1113 indubie
741 1058 831 1114 Deum
845 1060 922 1115 viam
977 1056 1117 1114 continui.
1130 1055 1186 1123 Qui
1198 1063 1261 1126 post
1275 1055 1415 1120 triduum,
1431 1055 1459 1110 ni
1475 1054 1567 1122 tollor,
1587 1054 1680 1124 sopita
1694 1053 1830 1110 exterius

76 1145 222 1203 moturum
233 1145 341 1202 semitae
356 1143 406 1200 irae
422 1158 492 1211 suae,
509 1144 718 1202 animositatem
733 1145 841 1204 scilicet
857 1161 923 1219 qna
978 1159 1037 1217 qua
1052 1146 1133 1201 intro
1143 1143 1179 1200 ad
1195 1157 1240 1200 me
1254 1157 1371 1200 versum
1388 1142 1518 1214 spirabat
1535 1142 1671 1199 vecordia
1686 1140 1828 1211 (multum

78 1236 185 1293 latebat
208 1235 238 1290 in
265 1242 365 1304 aperta
385 1232 473 1289 vestri
491 1232 648 1302 perditione
673 1232 872 1291 dilataturum.
889 1237 924 1293 lit
978 1233 1056 1291 enim
1072 1247 1117 1289 me
1141 1232 1219 1302 apud
1241 1246 1308 1289 enm
1333 1245 1386 1303 pro
1416 1229 1591 1302 supradictis
1610 1228 1749 1286 laterales
1767 1229 1831 1300 ejus

2 1390 4 1395 ,
77 1324 221 1396 quomodo
247 1323 353 1394 putatis
367 1334 484 1392 parsum
509 1320 543 1377 iri
571 1322 661 1377 Deum
684 1320 715 1376 in
742 1322 925 1380 conclusione
979 1323 1166 1390 arcesserant)
1183 1319 1332 1377 mandavit
1350 1326 1384 1376 ιιι
1404 1319 1440 1375 ad
1460 1332 1491 1375 se
1519 1319 1656 1375 venirem.
1672 1318 1742 1383 Quo
1761 1331 1829 1374 cum

75 1414 285 1487 iumentorum,
311 1412 339 1468 id
365 1418 408 1468 est
435 1423 589 1480 corporum
616 1416 789 1477 vestrorum,
816 1411 867 1482 qui
888 1412 924 1469 ob
978 1408 1237 1476 meexbibnissem,
1250 1416 1278 1464 et
1297 1408 1415 1465 domum
1425 1407 1539 1477 plenam
1555 1405 1828 1475 excommnnicatis,

79 1500 356 1573 incorrigibilitatem
371 1506 506 1565 vestram,
537 1497 621 1554 morti
639 1511 696 1553 non
717 1499 843 1568 pepercit
857 1500 924 1555 ani·
979 1497 1189 1569 homicidisque
1213 1496 1356 1563 vidissem,
1385 1495 1517 1565 estuari,
1541 1493 1704 1551 exclusioni
1722 1507 1785 1550 snus
1799 1501 1830 1550 ut

78 1588 214 1647 marum?
238 1587 308 1644 Cum
338 1587 428 1659 igitur
457 1584 580 1657 pessium
606 1599 740 1655 processu
777 1587 923 1657 graduum
982 1585 1215 1660 [oidetcrdeesse
1234 1583 1301 1658 non]
1329 1584 1488 1647 anniterer.
1513 1583 1680 1653 postularit,
1710 1582 1830 1639 ostensis

79 1676 179 1734 divina
191 1675 221 1730 in
236 1688 288 1731 nos
298 1679 503 1745 promoveatur
521 1671 603 1738 ultio,
626 1672 774 1729 sciendum
787 1682 829 1731 est
843 1646 967 1731 vobis'B
981 1688 1061 1746 papae
1079 1674 1206 1744 syllabis.
1232 1672 1384 1729 Auxilium
1399 1670 1486 1743 quale
1501 1684 1611 1742 possem
1625 1670 1781 1739 fallaciter,
1800 1677 1828 1728 tn

80 1764 151 1834 qnia
165 1762 221 1818 nisi
236 1763 291 1819 sub
303 1762 353 1818 Dei
368 1761 452 1831 virga
468 1774 519 1817 vos
535 1760 742 1817 emendatiores
755 1761 925 1830 exhibeatis,
980 1764 1036 1820 scis
1052 1764 1138 1830 Dens,
1152 1769 1181 1818 et
1194 1776 1254 1818 non
1275 1776 1313 1818 ex
1327 1761 1412 1818 corde
1427 1759 1578 1831 spopondi.
1595 1759 1741 1816 Videbam
1755 1758 1827 1815 enlm

80 1849 158 1921 qnod
183 1849 344 1905 instalum
371 1846 567 1916 undecunque
594 1847 783 1913 teterrimum,
814 1863 863 1919 per
892 1863 928 1905 ea
980 1851 1124 1922 veracius
1139 1850 1225 1919 mala,
1238 1863 1306 1907 cnm
1326 1850 1370 1915 iis,
1395 1863 1469 1921 quos
1482 1847 1606 1905 Ecclesia
1638 1860 1825 1904 snaexcom-

80 1937 237 2010 quainter
255 1933 632 1991 soscoalescnntintestina
658 1933 742 2002 bella,
771 1935 890 1991 cadatis.
911 1957 926 1986 »
981 1939 1182 1997 manicaverat
1222 1937 1333 2010 quique
1356 1951 1420 1994 eam
1455 1944 1605 2007 tantopore
1640 1936 1828 2004 loedaverant,

114 2021 926 2094 interfectoremommunicatosponentemcaueam,
980 2028 1203 2096 communicare,
1228 2040 1295 2083 cum
1321 2025 1515 2098 lngelrannns
1541 2025 1590 2081 ille
1621 2024 1827 2095 praecipisse

80 2131 136 2188 pao
148 2112 225 2170 irem
236 2110 359 2168 incurrit
372 2110 719 2179 coniuratorum-llaec
732 2111 848 2183 aliaque
856 2127 928 2169 con-
980 2116 1127 2183 assideret,
1141 2123 1169 2172 et
1195 2115 1340 2172 eomitissa
1366 2115 1511 2184 predicta,
1538 2127 1605 2185 qnae
1632 2114 1729 2184 pridie
1745 2126 1827 2184 qnam

80 2212 190 2271 texens,
220 2200 296 2258 clero
321 2199 451 2271 jubente,
477 2197 642 2270 populoque
661 2199 784 2269 volente,
824 2201 929 2258 nobilis
981 2204 1126 2261 Gerardns
1143 2203 1283 2272 interiret,
1299 2202 1413 2260 duobus
1429 2202 1485 2258 illis
1507 2203 1643 2259 interitus
1656 2201 1827 2273 eiusaucto·

82 2290 159 2348 illius
183 2288 307 2346 bominis
339 2293 541 2359 peremptores,
581 2285 769 2358 eiusdemque
794 2288 929 2346 lacinoris
981 2291 1071 2361 ribus,
1084 2291 1195 2365 gladios
1208 2306 1276 2348 suos
1290 2293 1407 2363 proptia
1422 2291 1523 2363 lingua
1546 2297 1675 2359 acuerat,
1693 2297 1828 2363 aggratu-

82 2378 219 2446 lautorcs,
246 2384 274 2433 et
298 2374 466 2446 complicem
495 2388 546 2446 per
571 2374 741 2444 pradictum
761 2377 926 2448 episcopum
982 2382 1098 2439 labatur
1112 2380 1262 2438 aliectibus
1280 2381 1328 2452 [f.
1353 2394 1454 2438 eorum
1477 2379 1650 2453 affectibus}
1675 2379 1751 2448 Quia
1763 2393 1827 2452 erpo

83 2465 134 2537 qui
152 2464 356 2523 reconciliabat
366 2463 525 2530 ecclesiam,
540 2464 928 2523 excommunicandosanun-
981 2473 1060 2542 regio
1069 2471 1154 2541 jussu
1172 2469 1327 2526 arcebatur
1341 2470 1376 2526 ab
1387 2469 1468 2537 urbe,
1485 2469 1639 2525 temeraria
1662 2470 1754 2524 nimis
1775 2482 1827 2524 an-

84 2554 163 2623 tiavi,
179 2568 232 2610 nec
249 2553 347 2610 minus
368 2566 425 2619 eos,
454 2550 505 2623 qni
526 2550 658 2620 pracsidio
681 2553 722 2608 eis
745 2561 848 2621 essent,
877 2562 929 2612 aut
981 2559 1064 2616 dacia
1089 2558 1256 2627 minabatur
1288 2573 1318 2614 se
1347 2558 1548 2630 ingressurum
1581 2557 1830 2615 succenturiatum

83 2642 307 2700 contubernium
326 2641 496 2712 preberent.
524 2638 635 2706 Quibus
655 2654 707 2710 per
722 2641 852 2698 omnium
877 2657 929 2699 ora
983 2647 1157 2719 militaribus
1183 2647 1237 2704 alis
1259 2647 1289 2703 in
1318 2647 1437 2718 nrbem3
1466 2653 1493 2703 et
1517 2646 1595 2719 qnod
1620 2646 1786 2704 Caesaribus
1805 2654 1831 2701 et

81 2729 351 2795 excommnnicatis,
391 2727 511 2785 ecclesie
546 2726 709 2784 solemniter
745 2729 928 2787 reconciliata
982 2736 1123 2808 Augustis
1136 2735 1187 2792 vix
1203 2736 1334 2806 possibile
1359 2737 1439 2804 toret,
1456 2735 1555 2792 hocse
1569 2735 1718 2792 asserebat
1740 2748 1831 2792 armo

82 2825 132 2875 est.
149 2820 260 2874 interea
278 2817 316 2873 ad
328 2830 414 2874 aures
429 2815 697 2872 archidiaconorum
721 2823 749 2873 et
764 2831 927 2889 procerum,
982 2838 1048 2881 rum
1067 2823 1204 2881 violentia
1233 2832 1428 2894 peracturum.
1444 2825 1564 2881 bianum
1592 2824 1694 2894 itaque
1722 2822 1833 2894 collegit

82 2905 135 2975 qni
160 2904 197 2961 ab
225 2905 339 2961 urbana
358 2903 491 2961 societate
519 2904 709 2973 desciverant,
738 2908 929 2964 anathematis
949 2920 1156 3000 concessam,
1178 2920 1206 2969 et
1233 2912 1330 2983 copias
1353 2913 1548 2984 plurimarum
1576 2926 1651 2984 quas
1675 2926 1734 2969 non
1764 2912 1832 2968 bene

83 2991 173 3064 hulllss
187 2991 329 3049 ⁸⁰¹¹¹0¹¹¹l³
343 2992 506 3049 devehitur.
520 2991 554 3048 ¹¹¹
570 3006 617 3048 ¹1¹⁰
631 2992 722 3064 igilur
735 3006 786 3064 l)ro
800 3008 930 3052 ⁸0f111⁰¹10
984 3001 1169 3068 conflaverat,
1204 3014 1312 3070 rerum,
1327 3003 1389 3060 sine
1404 3002 1473 3069 ulla,
1492 3008 1523 3058 ut
1538 3000 1641 3058 solitus
1653 3007 1728 3066 erat,
1751 2998 1832 3069 lrnge

82 3080 192 3146 habito,
217 3088 245 3137 0¹
270 3080 577 3137 eissssfflfflssssiffllitissis
603 3082 845 3150 ifflssussltssliontb
868 3097 928 3140 011¹-
982 3088 1170 3159 consumpsit.
1183 3089 1310 3146 Tandem
1326 3104 1393 3147 cum
1408 3089 1482 3146 nibil
1504 3089 1558 3145 nisi
1572 3088 1734 3145 ridiculum
1761 3084 1829 3158 quid

83 3170 165 3226 nium
179 3169 295 3226 illorum
309 3169 492 3225 exclusorum
516 3183 656 3226 conversa
677 3177 745 3226 sunt
772 3171 848 3237 odia,
864 3185 929 3227 ma·
983 3179 1018 3234 de
1048 3182 1088 3233 tot
1114 3174 1276 3233 auxiliariis
1302 3176 1476 3240 coniecisset.
1506 3190 1558 3246 per
1578 3173 1778 3232 internuntios
1805 3187 1831 3228 se

82 3258 162 3315 xime
176 3257 282 3314 Galteri
295 3256 491 3314 archidiaconi
516 3258 635 3330 grandis
660 3266 701 3315 est
715 3259 868 3318 adversum
883 3274 929 3316 me
983 3275 1109 3334 suosque
1138 3260 1168 3316 in
1192 3275 1262 3318 nece
1275 3261 1394 3319 Gerardi
1416 3260 1577 3331 complices,
1603 3260 1687 3316 urbis
1703 3258 1831 3316 uidelicet

83 3359 221 3403 succensa
239 3345 383 3402 vecordia.
400 3346 470 3402 Erat
487 3345 629 3417 siquidem
655 3347 756 3404 andire
773 3348 927 3405 immanem
983 3365 1049 3409 cum
1071 3357 1194 3420 utroque
1213 3349 1416 3408 archidiacono
1430 3363 1569 3420 proceres,
1591 3361 1699 3420 magno
1713 3353 1831 3420 aggestu

82 3434 235 3503 tonitrum,
258 3435 306 3491 cui
329 3440 436 3499 tamen,
459 3435 516 3491 ileo
531 3438 649 3491 auclore
663 3435 813 3508 lulgurum
829 3436 930 3493 nullus
984 3451 1138 3496 munerum
1164 3450 1231 3493 cnm
1252 3438 1398 3497 Ludovieo
1427 3437 1551 3509 Philippi
1580 3437 1658 3509 regis
1685 3436 1745 3493 lilio
1770 3450 1831 3508 rege

83 3537 169 3581 casus
178 3523 338 3580 accesserit.
354 3522 433 3580 Clam
450 3523 547 3593 inme,
560 3523 590 3579 in
606 3533 741 3596 promptu
756 3525 928 3583 reverentia.
983 3527 1153 3599 composuit.
1557 3549 1558 3552 ¹

84 3612 178 3684 igitur
187 3611 224 3667 ad
239 3625 300 3667 rem
315 3612 468 3668 redeamus
483 3612 630 3668 omissam.
1021 3617 1139 3690 iiospui
1151 3618 1184 3676 in
1196 3613 1586 3688 cooperatosinsnrreaeroat
1599 3611 1756 3684 episeopus
1769 3609 1833 3666 Gal-

384 3700 502 3759 CAPUT
522 3700 558 3758 Vl
573 3699 626 3755 bis·
982 3705 1078 3762 dacae
1092 3710 1279 3764 cambonem
1304 3703 1442 3778 perculit.
1463 3732 1500 3746 -
1521 3704 1719 3774 introgressus
1747 3700 1834 3772 igitur

117 3789 209 3844 Roma
222 3787 373 3860 epiecopus
386 3788 558 3845 wodanem
579 3787 665 3844 venit.
678 3789 825 3860 Praecpta
851 3788 930 3862 repio
985 3792 1097 3863 urbem,
1140 3811 1207 3852 cnm
1238 3793 1315 3863 apud
1343 3791 1480 3849 Sanctum
1512 3789 1665 3847 Nicolaum
1689 3788 1727 3846 de
1761 3787 1835 3845 saltn

82 3876 183 3932 domas
210 3875 384 3948 episcopalis
397 3876 572 3934 exinanitur.
589 3907 620 3917 -
638 3878 773 3933 Armatus
786 3876 888 3949 sigillis
902 3885 930 3934 et
983 3884 1219 3942 conventiculum
1237 3881 1416 3947 celebrasset,
1433 3878 1509 3935 inter
1531 3876 1643 3943 missas,
1661 3888 1740 3946 quas
1763 3872 1832 3931 inibi

83 3964 214 4036 apicibus
229 3964 392 4035 apostolicis
406 3965 541 4022 dominns
559 3965 665 4037 praesnl
692 3967 780 4022 Rome
798 3964 929 4036 ,regredi-
982 3967 1096 4038 agebit,
1120 3967 1442 4027 excommunicaturum
1458 3977 1559 4029 socos,
1578 3961 1627 4033 qui
1663 3961 1831 4032 coniuratus

85 4059 142 4109 tur.
160 4053 221 4109 Rex
236 4059 335 4109 antam
347 4052 473 4110 Gerardo
487 4054 589 4122 occiso,
610 4055 748 4125 quoniam
763 4053 928 4125 episcopum
983 4054 1047 4112 illos
1069 4058 1156 4115 rebus
1184 4058 1244 4115 suis
1268 4055 1490 4118 abdamnarant,
1515 4049 1643 4107 Gerardo
1669 4047 1833 4121 peremptol

84 4139 175 4211 hujus
200 4139 334 4197 facinoris
348 4142 494 4199 conscium
509 4141 627 4199 omnino
640 4142 824 4213 opinabatur,
849 4141 928 4212 qnod
982 4145 1019 4201 ab
1035 4125 1107 4203 urbe
1128 4146 1301 4218 prodierant,
1332 4140 1510 4214 pronuntiat.
1536 4138 1617 4206 Quod
1639 4153 1710 4195 cum
1725 4153 1782 4211 ego
1796 4138 1835 4195 sie

84 4228 181 4284 locata
213 4228 343 4286 absentia
368 4236 464 4301 tegere
489 4229 645 4298 nitebatur,
683 4238 771 4287 totam
807 4229 930 4300 episcopi
950 4227 1039 4291 bulci
1049 4235 1233 4304 audivissem,
1245 4232 1360 4290 cuidam
1375 4228 1506 4287 coabbati
1517 4241 1581 4284 meo
1592 4226 1733 4284 assidenti
1754 4225 1833 4293 mihi,

83 4315 404 4388 curiamlrugcvino,
421 4331 456 4374 ae
480 4316 574 4374 larido
601 4317 718 4388 spoliari
745 4324 928 4388 preceperat,
984 4320 1049 4376 auri
1073 4320 1136 4392 ejus
1160 4321 1399 4383 immurmurans,
1424 4316 1494 4373 aio:
1524 4314 1611 4378 Audi,
1637 4329 1752 4385 queso,
1776 4328 1834 4372 ren

83 4417 135 4460 nec
148 4404 282 4461 eumdem
292 4406 389 4462 ltomae
404 4405 538 4476 positum,
553 4406 650 4476 praeda
664 4412 691 4463 et
711 4405 815 4476 predo
843 4419 931 4463 causa
985 4415 1198 4478 praeposteram.
1212 4401 1742 4473 Excommnnicaredebuerateosqni
1752 4415 1835 4460 snam

84 4493 217 4551 latuerat.
232 4493 308 4566 Ergo
322 4494 358 4549 ad
377 4508 484 4566 regem,
500 4494 550 4566 qui
571 4508 638 4551 enm
655 4507 672 4549 a
690 4494 757 4550 sede
771 4494 928 4552 arcendum
985 4502 1043 4551 um
1059 4496 1202 4553 horrendo
1217 4493 1344 4550 lacinore
1353 4491 1604 4549 attaminaverunt
1618 4490 1783 4559 ecclesiam,
1808 4499 1835 4547 et

82 4589 244 4650 censuerat,
258 4582 560 4654 suisqueprivaverat,
577 4582 679 4639 littera
691 4589 761 4639 sunt
770 4583 929 4652 destinatas,
984 4582 1045 4653 ipse
1058 4583 1088 4639 in
1101 4582 1310 4640 homicidarum
1321 4580 1475 4651 punituros
1487 4576 1534 4651 [Α
1547 4576 1731 4652 punitorum]
1745 4578 1836 4649 justas

83 4669 119 4725 ad
136 4669 318 4740 coepiscopos
331 4677 359 4726 et
374 4669 492 4726 abbates
505 4683 566 4726 suae
578 4677 607 4727 et
630 4669 754 4726 aliorum
776 4670 930 4727 diaeceseos
984 4680 1011 4729 et
1025 4670 1156 4728 criminis
1171 4670 1298 4727 vindices
1313 4680 1414 4740 poenas
1438 4664 1597 4722 ulciscitur.
1627 4665 1667 4722 at
1680 4666 1832 4737 episcopm

83 4756 180 4814 alterae
196 4758 232 4814 ab
256 4771 289 4815 eo
303 4760 372 4815 sunt
394 4757 502 4824 allatas3
528 4757 577 4815 sed
596 4758 734 4829 quoniam
762 4759 930 4816 interban-
984 4759 1115 4816 omnium
1131 4759 1273 4816 bonarum
1299 4753 1538 4815 conscientiarum
1560 4751 1696 4821 timidus,
1711 4768 1836 4813 summe

83 4845 236 4912 dunenses,
251 4852 280 4903 et
301 4845 427 4912 suessos,
442 4852 558 4914 pontem
575 4846 688 4917 Aquila
704 4845 798 4905 Fluvii
820 4845 930 4903 limita·
983 4846 1137 4903 mussitare
1146 4845 1272 4913 vidisset,
1289 4852 1371 4902 ratus
1391 4849 1434 4900 est
1447 4841 1482 4898 de
1493 4854 1523 4897 se
1534 4841 1657 4897 verbum
1674 4839 1751 4899 deri.
1762 4847 1834 4899 ⁸08

82 4946 171 4990 neum
189 4947 250 4991 esse
265 4932 464 5003 prediximus,
477 4932 634 4992 introeunti
659 4935 684 4991 ei
708 4935 831 5005 primam
850 4947 932 5005 paro-
982 4933 1055 5001 Quid
1084 4933 1188 5005 inquit,
1208 4933 1312 5002 dicitis,
1338 4929 1453 4988 domine
1481 4927 1577 4986 abba?
1596 4928 1682 4986 Tunc
1704 4927 1835 4986 Galterns

82 5020 154 5078 chia
163 5021 288 5093 propris
297 5020 411 5092 glebam
421 5030 719 5094 occurruntpropere,
730 5036 804 5093 quos
819 5022 929 5093 pridem
982 5019 1204 5077 archidiaconus
1216 5033 1275 5077 sese
1291 5017 1473 5089 propripiens
1487 5021 1646 5085 antequam
1663 5012 1747 5085 loqui
1772 5013 1834 5070 liee-

81 5108 439 5166 oxcommnnicaveramus
453 5111 648 5168 archidiaconi
667 5111 713 5168 sni
735 5117 764 5168 et
784 5123 924 5180 proceres.
984 5116 1046 5166 ret:
1069 5109 1162 5181 Agite,
1187 5107 1237 5177 ait,
1270 5106 1394 5170 domine,
1425 5118 1491 5177 quac
1509 5102 1658 5174 coepistis:
1690 5101 1830 5160 Dominus

82 5194 257 5262 Questantis
271 5196 437 5254 osculorum
461 5206 549 5270 atque
569 5199 776 5270 complexuum
803 5197 929 5266 suscepit
982 5196 1071 5253 abbas
1090 5196 1161 5252 alias
1171 5194 1220 5269 [se
1235 5192 1300 5266 alia]
1319 5192 1502 5265 loquebatur.

83 5281 234 5340 allectibus
258 5292 291 5342 ut
305 5285 398 5342 Beata
420 5285 528 5355 bieria,
551 5288 597 5344 cui
625 5289 682 5343 Deo
703 5293 820 5343 auctore
835 5284 928 5341 servi·
1017 5283 1132 5342 Scabra·
1142 5283 1263 5340 musitio
1271 5279 1501 5340 excommunicet
1513 5281 1541 5333 et
1553 5275 1832 5337 occisoreadmrdi

84 5385 159 5439 mus,
186 5371 346 5441 ecclesiam,
369 5388 457 5445 quam
473 5374 561 5432 insui
597 5375 705 5432 tinibus
745 5374 928 5445 pontillcatus
980 5404 1015 5414 -
1031 5371 1302 5429 excommunicarit
1323 5370 1413 5442 igitur
1427 5368 1514 5438 (clero
1540 5372 1568 5423 et
1583 5365 1693 5436 populo
1717 5379 1832 5424 exeom-

84 5457 384 5530 primamoiienderat,
400 5477 453 5520 sno
468 5463 586 5521 visitatu
601 5476 788 5535 nequaquam
809 5463 928 5535 dignam
981 5459 1205 5517 manicationem
1234 5456 1320 5514 talem
1345 5453 1567 5524 detestantibus>
1590 5453 1666 5521 illos,
1688 5455 1743 5526 qni
1757 5466 1832 5510 com·
