3818 6008
121 253 169 308 titt
562 251 594 310 V.
613 251 781 309 obtuuurt
800 247 945 308 ABBAVIS
964 251 992 306 S.
1014 247 1132 306 MARIAE
1150 245 1197 303 DE
1228 243 1420 302 poliandro

1816 240 1869 294 492

121 385 221 442 laudat
236 386 304 455 jura
320 399 377 440 non
392 383 585 453 prosequitur,
602 389 629 437 et
644 395 709 451 quae
725 382 840 438 videtur
868 396 961 451 prose·
982 384 1006 437 Α
1021 393 1073 435 suo
1086 378 1300 449 promulgatore
1313 376 1492 433 claudamus,
1509 374 1606 430 Mariae
1620 387 1690 431 vere
1703 373 1768 442 erit,
1784 374 1809 428 si
1824 372 1870 428 sui

122 475 172 546 qui
185 473 340 530 Christiani
364 470 450 527 studii
478 471 548 541 jura
572 484 630 527 nou
651 469 760 527 laudat.
779 472 884 527 Haurit
900 484 969 540 ergo

122 564 206 619 homo
233 561 426 631 nequissimus
455 575 490 615 ex
523 560 707 615 Hebreemm
737 557 969 614 (contabulatione

122 652 210 707 verba
226 648 344 716 nefaria,
361 655 388 703 et
405 661 470 718 quee
485 648 541 703 sint
561 656 665 703 nostrae
682 647 793 716 pudicae
822 646 886 702 ltdei
911 661 968 701 non

120 741 204 796 modo
216 739 304 806 dictu,
327 739 375 794 sed
392 738 436 793 vel
449 739 596 794 auditione
611 738 793 809 gravissima.
810 737 889 793 Certe
904 750 969 792 cre-

121 830 287 884 dideramus
303 829 449 893 haetenus,
467 829 537 896 qiua
551 828 712 896 legeramus
726 825 874 896 Virginem
891 824 967 879 illam

124 916 248 982 urticam,
264 915 325 969 sine
340 914 473 982 exemplo
487 912 639 980 Deileram,
662 913 689 967 in
704 912 840 968 universo
862 911 970 968 mundo

121 1003 298 1060 interemisse
314 1003 468 1072 pravitates
494 1002 651 1057 haereticas.
669 1002 741 1057 Sane
765 1016 801 1056 ex
824 1015 857 1056 ea
880 1001 969 1055 Natus

122 1093 215 1161 capita
240 1090 378 1161 confregit
407 1091 589 1145 inimicorum
616 1105 748 1146 suorum.
779 1090 862 1159 (Psoi.
881 1103 967 1155 txvtt,

121 1180 176 1250 22),
194 1181 254 1250 ipsa
269 1188 337 1234 sunt
351 1181 445 1248 capita
460 1180 591 1234 draconis
606 1179 663 1235 dati
687 1179 715 1233 in
737 1193 831 1233 escant
857 1177 969 1247 populis

121 1269 301 1337 AEthiopum.
331 1267 416 1337 (Psoi.
446 1282 542 1334 xxxin,
563 1269 615 1336 lt).
640 1267 675 1321 Et
692 1267 767 1321 unde
783 1266 851 1322 huic
866 1265 968 1320 valen-

123 1357 239 1412 tissimae
267 1355 389 1410 dominae
416 1356 530 1410 accedet
560 1354 742 1424 impotentia?
777 1354 846 1423 quin
883 1354 968 1408 etiam

1021 468 1165 539 supplices
1179 466 1319 522 secundos
1337 466 1434 522 exitus
1449 464 1618 519 habeamus.

1358 554 1474 610 CAPUT
1495 552 1529 607 ll.

1327 658 1448 706 consuo
1466 656 1561 698 iuuat.

1058 755 1072 782 «
1092 732 1206 797 Nullus,
1223 731 1371 802 inquiunt,
1388 730 1442 787 nisi
1456 731 1506 800 qui
1520 729 1651 799 desipiat,
1665 728 1754 785 credit
1778 729 1871 784 Deum

1023 843 1036 871 n
1058 822 1093 877 ad
1111 821 1184 877 uteri
1201 820 1312 876 leminei
1334 834 1395 875 sese
1419 819 1559 874 dimittere
1576 817 1700 874 voluisse
1720 816 1872 882 vilitatem,

1022 931 1036 960 e
1058 919 1085 966 et
1108 909 1353 966 consuetudinarii
1382 906 1550 963 incrementi
1578 905 1728 976 pertulisse
1764 919 1872 961 moras.

1023 1021 1037 1049 >r
1058 1000 1131 1055 lllud
1147 998 1327 1068 potissimum
1342 997 1454 1052 horrori
1470 1003 1511 1052 est
1536 1002 1567 1051 ut
1580 995 1611 1060 is,
1629 994 1677 1065 qui
1703 995 1779 1049 Deus
1796 994 1872 1049 dice·

1022 1106 1036 1140 e
1057 1094 1147 1154 retur,
1177 1100 1227 1157 per
1251 1086 1379 1141 mulieris
1403 1083 1559 1154 virginalia
1583 1082 1762 1139 tunderetur.
1780 1082 1874 1138 isdem

1022 1197 1036 1225 ι
1057 1190 1174 1246 quoque
1198 1183 1293 1243 natus,
1329 1188 1394 1230 cum
1424 1188 1481 1228 non
1510 1172 1661 1228 dissimilia
1696 1171 1873 1227 humanitati

1023 1283 1035 1313 ι
1059 1263 1186 1318 membra
1203 1263 1330 1329 haberet,
1345 1271 1371 1316 et
1388 1261 1571 1317 feminalibus
1584 1274 1654 1317 usus
1667 1267 1719 1326 est,
1731 1268 1758 1315 et
1768 1259 1874 1315 edendi

1022 1373 1036 1402 n
1057 1366 1090 1408 ac
1112 1352 1227 1407 bibendi
1256 1352 1415 1406 necessitati
1446 1351 1610 1420 subjacens,
1629 1350 1673 1404 his
1696 1350 1783 1404 etiam
1806 1363 1873 1419 que

123 1450 251 1498 conterat
265 1441 398 1497 verticem
426 1440 518 1509 capilli
544 1440 572 1494 in
598 1440 706 1494 delictis
730 1439 790 1494 suis
814 1438 968 1508 peratuhu-
1024 1461 1035 1489 ι
1056 1448 1275 1510 eensequnniur
1289 1439 1428 1495 medimnis
1444 1439 1575 1493 addictus
1585 1446 1636 1493 esi.
1654 1438 1735 1493 Unde
1750 1450 1872 1506 prorsus

123 1531 246 1586 lentium
268 1531 351 1594 (Psoi.
371 1544 476 1595 cxxvii,
500 1531 557 1597 22.)
573 1527 709 1598 Quisquis
723 1536 824 1583 eontra
844 1525 969 1597 Virginis
1024 1550 1035 1578 ι
1056 1529 1211 1585 ridiculum
1222 1536 1262 1583 est
1277 1537 1308 1584 ut
1322 1528 1344 1584 is
1359 1528 1423 1582 talis
1434 1529 1509 1582 Deus
1522 1525 1663 1581 habeatur
1676 1525 1727 1595 qui
1741 1526 1770 1579 in
1788 1524 1874 1579 nullo

125 1628 239 1690 partum
255 1618 390 1687 disputat,
409 1619 438 1672 in
463 1616 601 1686 Spiritum
623 1624 753 1672 sanctum
778 1615 967 1685 blasphemat.
1022 1638 1037 1667 e
1058 1632 1073 1671 a
1089 1618 1211 1673 miseriis
1224 1617 1385 1687 discrepare
1401 1616 1604 1672 communibus
1618 1614 1759 1670 videatur.
1787 1614 1875 1668 Porro

124 1707 212 1763 Nemo
227 1714 322 1762 autem
339 1720 428 1762 sanus
454 1706 566 1760 dubitat
588 1705 660 1774 quin
686 1704 753 1760 lelix
769 1705 868 1760 cadem
885 1703 971 1759 luerit
990 1685 1040 1755 Β»
1060 1705 1084 1760 si
1100 1706 1212 1760 dicatur
1228 1704 1346 1775 quiade
1361 1703 1480 1774 Virgine
1503 1710 1589 1758 uatus
1605 1701 1669 1769 luit,
1687 1700 1873 1757 falsissimum

125 1794 232 1864 Spiritu
260 1803 359 1850 sancto
383 1793 523 1849 fecunda:
550 1807 607 1848 non
631 1801 672 1849 est
698 1809 766 1864 ergo
794 1792 971 1862 blasphemia
1025 1814 1039 1842 e
1060 1801 1111 1861 est,
1126 1793 1195 1864 quia
1211 1793 1305 1861 homo,
1330 1800 1408 1848 tanta
1431 1792 1596 1848 intirmitate
1623 1791 1786 1860 depressus,
1809 1803 1874 1845 eon·

124 1883 185 1940 haec
197 1884 356 1939 remissiva.
1028 1904 1039 1932 ι
1061 1890 1105 1939 tra
1131 1883 1206 1954 leges
1227 1892 1339 1938 naturae
1355 1882 1433 1937 nasci
1450 1895 1506 1936 non
1527 1879 1631 1950 potuit.
1648 1879 1810 1934 Maximum
1830 1878 1873 1933 de

159 1972 349 2027 necteremus
376 1969 579 2024 beatitudinem
617 1969 861 2036 mundicordium,
891 1967 969 2038 quod
1024 1992 1039 2022 ιι
1060 1967 1873 2041 niqucltuicsententiaeroboraccessitquiaeumlatro

124 2058 290 2130 hujusmodi
308 2059 394 2113 visuri
411 2058 469 2113 sint
484 2058 573 2113 Deum
596 2059 707 2127 irliottli.
726 2073 752 2124 v,
769 2059 806 2124 8).
834 2059 967 2123 loannes,
1026 2081 1037 2109 ι
1061 2061 1145 2116 nidos
1161 2060 1219 2130 ipse
1234 2068 1262 2115 et
1291 2059 1434 2115 latronum
1464 2064 1554 2113 morte
1581 2056 1709 2112 decessit.
1733 2059 1769 2112 Et
1797 2054 1871 2111 unde

123 2150 175 2218 qui
191 2147 298 2202 nemini
314 2147 458 2201 socundus
477 2146 506 2200 in
522 2149 596 2200 natis
610 2153 651 2201 est
667 2146 841 2214 mulierum;
861 2144 970 2199 salven·
1026 2171 1036 2198 ι
1059 2150 1168 2204 ntalem
1193 2163 1222 2204 se
1242 2148 1334 2218 potuit
1360 2147 1540 2212 resuscitare,
1565 2146 1614 2216 qui
1639 2159 1697 2200 nou
1719 2143 1870 2215 praevaluit

123 2237 166 2292 dae
180 2235 364 2292 calceamenti
379 2236 444 2290 lesu
459 2234 591 2304 corrigite
604 2249 632 2289 se
654 2234 804 2303 prolitetur
818 2233 968 2303 indignum
1025 2261 1038 2288 e
1060 2246 1117 2294 tarn
1131 2237 1248 2307 putendi
1264 2237 1343 2292 exitii
1359 2235 1435 2291 tacta
1447 2234 1557 2291 vitare‘l
1574 2255 1585 2282 b

122 2325 196 2397 (Luc.
213 2341 252 2392 ιιι,
272 2325 327 2392 lli).
343 2323 377 2379 lli
390 2323 457 2393 agni
473 2336 574 2377 carnes
589 2330 719 2392 coquunt
743 2337 831 2392 aqua,
847 2329 874 2377 et
897 2320 969 2378 ltetle
1059 2327 1125 2382 ilaec
1141 2325 1197 2382 ille.
1214 2325 1271 2380 Nos
1287 2334 1383 2380 autem
1401 2339 1406 2377 :

122 2414 245 2470 nimium
266 2413 303 2469 ab
317 2413 358 2468 eis
384 2413 541 2481 dissipatur
556 2411 739 2467 calceamenti
767 2410 900 2481 corrigia,
917 2409 968 2481 qui
1217 2430 1350 2479 scobvruu
1369 2427 1533 2477 ouresrtortts
1552 2425 1673 2467 soterio·

123 2505 285 2575 genituram
313 2501 469 2556 Salvatoris
490 2500 652 2568 discrepare
678 2514 734 2554 non
763 2500 907 2556 aestimant
933 2499 968 2554 ab
1060 2507 1132 2560 Deus
1161 2504 1449 2574 incomprehensibilis,
1467 2502 1643 2556 coutieeosct
1668 2500 1784 2568 impleus
1812 2513 1866 2553 om-

122 2591 194 2658 aliis,
211 2606 263 2646 nec
286 2590 390 2645 hahere
416 2589 559 2658 mysteria.
585 2587 719 2643 Omnium
746 2602 763 2642 a
777 2588 882 2644 saeculo
897 2600 968 2642 san·
1021 2598 1079 2662 iiie,
1096 2594 1281 2663 corporalibus
1293 2593 1381 2662 pollui
1395 2607 1448 2646 noe
1469 2595 1567 2660 potest.
1580 2619 1617 2630 -
1631 2588 1715 2655 Deus,
1731 2589 1780 2643 cui
1805 2587 1865 2642 nul·

122 2684 243 2744 olorum,
264 2684 292 2733 θῑ
315 2676 364 2746 qui
381 2683 446 2730 ³1¹¹ss
470 2675 594 2745 biellam
610 2675 767 2744 lilffli'idffl'ss
788 2675 924 2742 fiendum,
941 2682 968 2730 θῑ
1018 2682 1068 2749 ,lus
1080 2682 1189 2748 similis,
1206 2696 1241 2736 ne
1255 2680 1444 2750 sileasneque
1459 2676 1743 2762 conrpescarislPsol.
1760 2690 1864 2741 cxxxvi,

122 2766 177 2822 suh
193 2765 286 2837 gratia
303 2771 461 2819 tractavere
474 2764 508 2818 dc
523 2763 606 2830 iacto,
626 2778 711 2832 super
728 2764 816 2834 hujus
835 2763 968 2819 conside·
1022 2772 1059 2843 ι),
1076 2772 1125 2827 sed
1151 2770 1237 2840 imple
1253 2769 1353 2826 taciem
1366 2771 1430 2839 ejus
1445 2768 1604 2839 ignominia
1632 2766 1724 2836 (ibid,
1748 2763 1802 2836 ll),
1819 2766 1867 2835 qui

123 2853 232 2908 ratione
259 2851 431 2908 sacramenti
458 2851 567 2921 puritas
591 2851 790 2907 intellectualis
816 2852 965 2908 emarcuit.
1023 2859 1128 2914 minuit
1143 2873 1246 2914 nemen
1262 2867 1354 2914 tuum.
1381 2858 1449 2914 Mihi
1463 2858 1541 2913 enim
1556 2855 1626 2912 nibil
1643 2855 1743 2911 attinet
1768 2854 1802 2910 de
1826 2854 1867 2909 his

122 2942 176 2999 Ubi
207 2941 257 2997 etsi
283 2940 436 2996 scintillam
464 2947 671 2996 momentanee
696 2940 871 3006 iintentronis
903 2940 968 3010 pius
1022 2947 1073 3017 qui
1100 2947 1167 3002 ioris
1195 2955 1263 3002 sunt
1290 2946 1421 3017 judicare
1442 2947 1464 3013 ll
1493 2948 1552 3002 Cor.
1580 2960 1608 3012 v,
1627 2944 1679 3011 tri.
1700 2943 1867 3009 Quaeramus

122 3030 243 3100 quilibet
271 3029 475 3097 contemplator
510 3027 623 3097 habuit,
649 3028 683 3084 ad
711 3028 739 3083 id
768 3036 861 3083 tamen
890 3031 968 3098 quod
1023 3043 1118 3092 tamen
1143 3036 1180 3091 ab
1207 3036 1339 3106 utrisque
1356 3036 1445 3091 Deum
1474 3033 1758 3102 incircumscriptum
1775 3031 1867 3087 omnia

121 3117 324 3188 ⁰⁰¹1¹l1s0¹¹ffl¹lli
354 3131 411 3171 ¹¹0ss
438 3123 557 3185 βῡῑθΐᾶῑ,
587 3117 715 3171 θῑᾶῑὶθῐῑθ
738 3116 841 3170 catilli·
859 3116 969 3172 Metilii
1021 3131 1166 3194 regentem
1189 3124 1315 3192 credant,
1344 3139 1395 3180 nec
1423 3138 1468 3179 ne.
1496 3123 1523 3179 si
1553 3123 1649 3178 dicant
1672 3136 1738 3179 eum
1761 3127 1865 3198 aliqua,

123 3220 179 3276 (lue
200 3221 289 3275 super
317 3205 368 3259 ¹¹⁰⁰
394 3205 543 3260 h⁰¹¹15¹¹¹111¹
572 3205 773 3273 perspicacitas
799 3204 887 3266 Siluii·
917 3204 968 3259 Ubi
1022 3212 1085 3268 lieet
1114 3227 1230 3283 magna,
1259 3213 1457 3282 corporalitate
1487 3212 1611 3281 linitum,
1633 3213 1705 3284 etiae
1731 3216 1865 3273 sisenem

123 3296 209 3351 totius
232 3309 332 3350 eomm
357 3301 468 3348 nature
488 3294 651 3363 exemplem
666 3293 765 3348 detuit.
781 3293 823 3347 no
840 3293 893 3348 nee
918 3291 969 3348 ive·
1021 3300 1177 3371 gloriosum
1191 3316 1225 3357 ex
1252 3302 1377 3357 Danielis
1402 3301 1475 3356 ubre
1497 3301 1675 3370 majestative
1689 3305 1864 3377 contingant,

86 3401 90 3408 ·
122 3397 179 3453 que
207 3382 377 3451 capiendum
393 3381 474 3436 nulla
498 3381 641 3436 subtilitas
655 3381 813 3450 spiritualis
835 3381 966 3437 evaluit:
1022 3389 1208 3457 qiieddieere
1236 3397 1304 3445 sunt
1334 3390 1417 3456 soliti,
1445 3390 1581 3460 quoniam
1603 3390 1864 3461 oculeset'anres,

122 3473 327 3526 Generaliortem
341 3473 412 3523 enim
427 3470 495 3538 ejtts,
519 3469 558 3524 alt
575 3469 723 3539 propheta,
745 3473 805 3539 quis
828 3471 969 3524 crtorrobit
1021 3491 1135 3544 manus,
1153 3486 1268 3533 uterum
1292 3486 1320 3533 et
1349 3478 1432 3547 pedes
1456 3479 1506 3533 Dei
1522 3479 1631 3548 ubique
1651 3480 1864 3551 scripturarum

122 3562 187 3632 (loo.
219 3574 275 3626 tut,
303 3558 340 3628 8).
371 3556 504 3625 deliquid
531 3557 616 3612 ctiam
641 3558 711 3612 diret
738 3559 841 3612 boreo:
876 3559 967 3612 Homo
1021 3567 1170 3634 reperiunt
1199 3569 1277 3634 (boo.
1299 3581 1326 3632 x,
1353 3567 1513 3635 bizetnos
1532 3569 1638 3635 pariter
1660 3571 1757 3626 nescio
1781 3586 1865 3642 quam

120 3654 201 3703 notus
218 3652 257 3702 est
272 3650 301 3701 in
315 3663 356 3713 eo,
372 3651 396 3700 et
410 3649 468 3716 ipse
482 3646 615 3712 subducit
630 3661 688 3700 eom
704 3647 868 3701 Altisssotus
884 3647 965 3717 (Psoi.
1021 3668 1103 3710 avem
1120 3669 1187 3718 eum
1215 3654 1352 3722 dicemus,
1371 3655 1507 3725 quoniam
1524 3655 1618 3712 alatus
1644 3657 1750 3727 legitur
1774 3669 1802 3716 et
1817 3676 1866 3717 vo-

122 3751 230 3805 uxxxrt,
248 3735 284 3802 5).
1021 3741 1106 3810 lasse,
1128 3750 1160 3797 ul
1179 3750 1241 3797 est:
1269 3743 1324 3798 Sub
1339 3744 1436 3797 umbro
1456 3746 1562 3798 elerum
1578 3752 1688 3800 tuorum
1706 3755 1816 3818 protege
1829 3766 1866 3803 me

157 3824 183 3879 Si
197 3838 265 3894 ergo
280 3821 353 3877 nulli
369 3822 580 3889 mundicordes,
597 3822 620 3877 si
643 3836 697 3878 nec
709 3823 842 3879 uterinus
869 3823 967 3894 cogni·
1022 3830 1111 3901 (Psut.
1129 3845 1189 3898 xvi,
1207 3833 1243 3901 8).
1261 3832 1295 3886 Et
1312 3845 1318 3884 :
1336 3833 1403 3885 Filii
1417 3833 1554 3886 bominum
1567 3835 1716 3903 sperabunt
1744 3838 1793 3891 sed
1809 3841 1866 3893 eie.

121 3919 167 3969 tor
180 3912 306 3980 Baptista
319 3911 452 3977 loannes,
471 3909 494 3964 si
509 3924 604 3980 neque
619 3911 765 3980 propheta,
782 3925 876 3981 neque
899 3924 967 3981 apo·
1020 3933 1081 3971 rem
1106 3923 1215 3973 tucrum
1240 3921 1354 3985 tremine
1371 3921 1452 3989 (Psoi.
1477 3935 1562 3988 xxxv,
1580 3920 1616 3993 8).
1646 3925 1776 3979 Ascendit
1795 3941 1866 3997 quo.

122 3999 212 4055 scetus
240 3997 389 4067 quidpiam
406 4010 492 4065 suver
518 4005 596 4052 tane
621 4012 827 4067 praesumpsere
843 3999 966 4068 neceto.
1022 4020 1078 4077 que
1092 4022 1173 4077 seper
1200 4008 1353 4074 eleuare,
1369 4012 1394 4062 ei
1409 4009 1512 4063 vereve
1527 4009 1610 4080 inser.
1624 4026 1693 4079 xvii,
1713 4013 1766 4083 ιι).
1789 4013 1867 4081 ouen

122 4086 193 4158 quid
216 4085 317 4154 sapiet,
334 4099 444 4154 Vffl‘fOl»
464 4085 588 4153 animus.
604 4085 968 4156 impudicitiisessesfflibus
1020 4094 1044 4150 si
1059 4109 1236 4165 quemquam
1261 4109 1361 4151 eorum
1378 4096 1445 4152 dicti
1474 4097 1563 4167 hujus
1587 4100 1703 4168 pudeat,
1728 4110 1755 4158 et
1780 4103 1867 4159 Deum

122 4174 250 4240 SOrdessSi
267 4174 343 4243 apud
361 4188 448 4243 ‘luem
471 4174 614 4245 flagitiose
635 4176 805 4230 commercia
824 4174 896 4230 nihil
923 4189 967 4230 re·
1021 4182 1348 4254 incomprehensibilem,
1378 4192 1410 4240 ut
1435 4193 1485 4253 est,
1502 4199 1560 4241 esse
1580 4188 1728 4256 concedat,
1748 4205 1867 4262 respon-

121 4263 199 4319 sidui
211 4262 401 4319 hahuerunt?
415 4262 442 4318 Si
464 4263 572 4319 Paulus
591 4277 643 4319 nec
668 4264 702 4319 ad
729 4263 844 4319 tertium
868 4271 968 4334 raptus
986 4271 1086 4340 Ddeai
1101 4273 1172 4328 mibi
1197 4286 1233 4328 an
1254 4273 1286 4341 is,
1302 4274 1352 4344 qui
1370 4274 1479 4345 ubique
1495 4283 1571 4331 imus
1598 4285 1648 4344 esi,
1676 4286 1703 4335 01
1719 4280 1866 4337 universa.

121 4351 225 4407 coelum
245 4364 334 4406 ausus
359 4356 402 4405 est
430 4350 591 4420 quidquam
621 4352 687 4419 tale,
708 4352 813 4420 optime
835 4355 968 4423 congruit

121 4440 205 4496 modo
233 4440 267 4495 de
289 4439 333 4494 his
358 4438 503 4494 hominem
532 4438 730 4508 turpissimum
755 4439 925 4511 disputare?
940 4442 967 4497 Si

120 4529 229 4598 ipsoex
253 4527 357 4583 affectu
373 4526 513 4592 laudaret,
530 4527 594 4583 laus
607 4529 671 4597 ejus
684 4529 712 4583 in
724 4543 754 4584 se
772 4530 919 4599 deliceret;
937 4531 967 4586 in

121 4631 170 4673 ore
196 4618 273 4674 enim
290 4616 446 4686 peccatoris
469 4630 655 4687 nequaquam
670 4618 796 4687 speciosa
812 4619 872 4674 laus
896 4628 968 4676 essct

122 4705 217 4778 (Ecclt.
235 4721 283 4773 xv,
309 4708 349 4775 tlt,
374 4707 493 4761 nedum
523 4706 652 4761 omniurn
668 4708 871 4775 spurcissimus
900 4724 967 4765 cunt

119 4802 224 4850 nostrae
248 4794 367 4850 exordia
385 4794 486 4850 salutis
508 4794 671 4863 exprobret,
687 4803 714 4850 et
730 4804 830 4865 partus
844 4798 914 4853 coelo
934 4811 968 4852 ac

57 4911 98 4967 ⁸-
120 4890 197 4939 terra
211 4882 356 4953 digniores
376 4883 506 4940 infamet.
528 4882 702 4939 Dissererem
727 4885 761 4940 de
785 4886 848 4955 ejus
864 4901 968 4957 genere

119 4978 147 5028 et
157 4971 294 5040 moribus,
307 4971 362 5026 nisi
384 4971 455 5027 mihi
471 4985 521 5041 per
539 4973 691 5041 sequentia
710 4989 770 5029 sese
786 4974 893 5046 largior
903 4988 968 5044 ape·

120 5060 191 5115 riret
206 5059 294 5116 locos.
311 5060 393 5116 Certo
419 5068 515 5116 autern
531 5061 613 5116 nobis
630 5069 740 5118 constat
766 5063 872 5118 certius
897 5063 968 5133 quia

120 5147 265 5203 continuis
289 5148 451 5218 ingentium
479 5147 640 5206 facinorum
654 5149 866 5221 libidinumque
882 5153 968 5207 moti·

119 5235 176 5291 bns
191 5235 220 5289 in
244 5250 386 5307 supreme
401 5237 490 5309 hujus
503 5237 689 5308 blasphemiae
704 5239 782 5295 venit
803 5253 896 5296 casus.
913 5240 966 5297 Sed

117 5323 179 5394 jam
195 5323 294 5394 aliqua
309 5324 526 5382 maledictorum
545 5326 608 5396 ejus
624 5341 828 5396 proponamus,
848 5329 965 5399 quihus,

120 5411 190 5482 quia
203 5425 240 5465 ex
253 5411 430 5480 putidissimo
442 5414 606 5471 ludaeorum
621 5414 696 5470 tonte
711 5415 823 5485 prolata
834 5424 911 5484 sunt,
928 5418 967 5473 ita

120 5499 347 5570 respondeamus
360 5509 393 5558 ut
416 5502 523 5572 impuri
547 5502 689 5574 dogmatis
708 5518 882 5562 susurrones
899 5520 965 5563 curn

1023 4358 1088 4416 liter
1110 4372 1176 4430 quae
1207 4360 1314 4416 creavit
1342 4361 1487 4430 adimplet,
1513 4365 1720 4435 corporalibus,
1745 4383 1812 4438 quie
1840 4370 1866 4423 in

1022 4449 1131 4504 mundo
1157 4456 1234 4515 sunt,
1259 4455 1309 4504 aut
1335 4450 1419 4504 etiam
1448 4450 1647 4519 spiritualibus
1678 4453 1866 4512 irritarunditiis

1022 4536 1193 4606 polluatur?
1212 4536 1299 4592 Totus
1321 4538 1396 4593 enirn
1427 4539 1535 4609 ubique
1562 4542 1660 4596 omnia
1685 4545 1812 4602 continet
1836 4560 1865 4601 ac

1021 4625 1128 4694 implet,
1147 4633 1179 4680 ut
1205 4625 1343 4681 diximus.
1371 4626 1489 4693 Quodsi
1511 4629 1596 4696 dicat,
1619 4632 1695 4700 quiid
1711 4641 1739 4688 et
1765 4648 1863 4691 verum

1021 4720 1073 4780 est,
1102 4722 1235 4768 naturam
1273 4713 1351 4769 illam
1380 4716 1625 4786 impenetrabilem
1652 4719 1772 4778 alterius
1811 4737 1864 4778 non

1021 4814 1099 4871 posse
1124 4809 1236 4857 naturae
1263 4804 1427 4860 diversitate
1448 4805 1558 4875 lrrdari,
1590 4819 1801 4879 consequenter
1824 4812 1864 4867 in-

1020 4889 1140 4946 terimus
1154 4892 1225 4979 quia
1251 4907 1303 4948 nec
1318 4893 1394 4949 Deus
1410 4895 1502 4962 potuit
1527 4903 1577 4951 aut
1592 4896 1701 4965 debuit,
1726 4907 1779 4956 aut
1804 4913 1863 4968 stra,

1021 4986 1072 5035 aut
1087 4987 1226 5049 materna,
1242 4981 1421 5037 humanitate
1436 4983 1563 5053 gravari.

1340 5085 1550 5129 rnrunnoenrro.

1056 5157 1130 5211 Deus
1159 5161 1297 5213 creaturas
1319 5160 1441 5214 condidit
1459 5162 1551 5215 bonos.
1579 5192 1614 5202 —
1642 5162 1769 5224 Subinde
1785 5167 1866 5225 inter·

1021 5244 1130 5315 rogatio
1155 5246 1374 5316 subsequatur:
1400 5247 1504 5305 Utrum
1531 5251 1605 5306 bona
1632 5266 1671 5308 an
1694 5257 1771 5311 mala
1796 5259 1866 5313 bens

1021 5332 1119 5389 lecerit
1134 5349 1199 5404 quae
1213 5335 1344 5390 creavit?
1360 5342 1435 5392 204
1450 5339 1534 5394 llaud
1554 5339 1675 5397 dubium
1691 5343 1779 5413 plane
1797 5347 1865 5416 quin

1021 5421 1131 5477 boacet
1147 5423 1226 5476 valete
1248 5430 1360 5480 astruat
1374 5424 1453 5495 (Gen.
1470 5441 1489 5492 ι,
1520 5426 1575 5496 3¹).
1604 5428 1681 5486 hicet
1707 5433 1786 5488 enim
1808 5440 1865 5504 post

1021 5510 1145 5567 hominis
1168 5512 1340 5569 creationem
1369 5513 1452 5571 solita
1480 5515 1590 5587 Moyses
1627 5519 1718 5577 verba
1745 5523 1864 5580 tacuerit
