3818 6008
80 211 115 266 99
531 206 563 260 t.
582 192 751 263 Gutuullrt
769 203 914 260 nuunuts
932 203 962 259 S.
982 200 1103 260 bliiRlAE
1123 203 1169 261 DE
1189 202 1385 262 NOVIOENTO
1783 210 1832 261 litu

78 338 151 396 riam
177 350 318 409 persensa
353 335 439 393 semel
472 334 633 392 dulcedinis
659 333 923 406 speculationisque
942 336 963 391 Α
979 334 1069 391 Adam
1095 341 1123 390 et
1147 335 1249 401 Eram,
1274 333 1325 405 qui
1355 333 1404 389 Dei
1434 333 1608 392 fruebantur
1635 336 1776 408 alloquio,
1804 347 1833 396 et

79 427 149 483 dum
179 439 263 498 saper
288 425 446 492 reducitur,
482 423 589 493 sepius
614 423 817 495 ingemiscunt,
850 425 928 481 unde
982 422 1063 480 nulla
1082 437 1142 479 suat
1171 423 1267 479 earnis
1294 423 1437 480 incentiva
1453 424 1647 493 patiebantur,
1678 426 1832 483 attendunt

77 512 605 572 umdemdiciturzuemoresrounde
633 512 874 583 acciderisltpac.
897 528 927 580 n,
982 527 1070 584 quam
1118 512 1198 568 laoile
1229 512 1351 579 ruerint,
1374 519 1402 567 et
1428 511 1489 567 haee
1515 513 1622 568 damna
1646 514 1832 571 excissatione

79 603 116 674 b),
132 610 160 660 et
182 609 244 673 post
266 609 371 659 matura
385 604 588 672 qninquaginta
602 602 659 656 dies
674 603 762 656 minui
773 601 925 672 incipiunt,
981 602 1131 672 dignapro
1159 600 1285 656 naturali
1311 599 1464 671 fragilitate
1492 601 1686 670 pretendunt.
1717 601 1744 658 st
1779 602 1830 670 illi,

78 691 408 763 quianisiantindulta
434 691 471 747 ad
495 691 595 746 horam
610 689 724 746 silentia
750 691 928 761 contempla·
982 689 1087 760 inquit,
1107 689 1169 754 buc,
1196 695 1247 744 aut
1274 688 1343 744 illud
1370 688 1490 759 egerint.
1508 703 1561 759 ego
1585 689 1736 745 homuntio
1772 705 1832 761 quo

78 780 164 836 tionis
176 780 350 847 transierint,
376 786 427 835 aut
447 778 582 849 perfectio
605 778 712 849 qnietis
735 792 772 834 ex
803 778 923 834 incursa
981 777 1082 834 robore
1098 775 1279 832 resisterem?
1304 775 1379 831 Dum
1407 789 1476 846 ergo
1500 791 1637 844 mensem,
1665 778 1692 833 id
1707 784 1749 834 est
1776 793 1832 834 nu-

78 867 214 924 molestia
241 868 365 938 alicujus
391 866 538 933 exciderit,
558 866 609 923 nbi
627 881 658 923 se
684 866 926 937 immergebantur.
980 879 1092 922 merum
1117 864 1202 936 quasi
1232 863 1343 920 dierum
1371 863 1528 920 claritatem
1570 865 1599 919 iu
1637 864 1747 922 decimo
1783 867 1831 923 illc

78 963 205 1011 nostram
227 955 380 1011 imminuat
416 955 612 1026 prudentiam,
656 955 775 1012 tentatio
801 957 927 1025 reperire
980 964 1134 1024 peccatore,
1164 953 1257 1009 Adam
1283 951 1397 1018 scilicet,
1426 952 1617 1020 considerant,
1652 955 1706 1009 snb
1743 955 1831 1011 tantis

78 1056 137 1100 non
150 1044 262 1114 poterit.
979 1045 1147 1100 auctoribus
1160 1057 1188 1098 se
1214 1055 1294 1112 posse
1316 1054 1530 1110 nectanebum
1560 1050 1587 1098 et
1607 1041 1661 1112 ipsi
1690 1056 1829 1113 peccave·

113 1133 193 1190 Vens.
215 1133 240 1188 l.
262 1161 298 1174 -
319 1133 517 1202 Requiecitque
541 1148 607 1187 arca
630 1147 718 1186 mense
741 1134 866 1201 septima,
890 1134 928 1185 oi·
980 1131 1048 1197 rint,
1062 1129 1264 1188 excusabiliter
1279 1136 1390 1200 putant.
1407 1131 1512 1184 bacinno
1535 1132 1606 1183 enbn
1621 1145 1718 1198 mense,
1737 1133 1830 1201 prima

77 1218 176 1271 cesima
195 1221 221 1271 et
245 1219 361 1287 septima
376 1215 419 1270 die
444 1218 543 1270 mensis
557 1231 639 1286 snper
662 1216 924 1270 mantesdrmenr're.
979 1221 1023 1276 dte
1045 1225 1142 1276 menete
1163 1223 1351 1290 apparuerunt
1377 1221 1519 1272 cacumina
1544 1221 1684 1273 maeotium.
1714 1219 1845 1290 inipso

78 1304 153 1360 lium
165 1317 249 1375 aquae
274 1312 335 1375 post
348 1303 572 1374 dispensativam
587 1303 767 1360 amissionem
790 1304 926 1359 redivivae
979 1323 1106 1380 namque
1119 1308 1211 1379 primo
1227 1314 1314 1375 statu,
1335 1320 1422 1377 quem
1438 1305 1581 1362 decimum
1604 1307 1733 1364 diximus
1745 1321 1826 1363 meu-

76 1392 159 1450 nobis
172 1392 307 1464 spiritum
325 1393 547 1463 recogitationis,
563 1407 596 1449 ae
608 1392 805 1464 castigationis
825 1392 926 1448 inlun-
979 1413 1050 1466 sem,
1066 1397 1159 1469 prima
1173 1396 1229 1463 die,
1252 1395 1279 1451 id
1304 1401 1346 1451 est
1376 1394 1406 1450 in
1436 1395 1496 1465 ipso
1524 1394 1668 1452 felicitatis
1696 1395 1827 1462 introitu,

76 1481 159 1549 dumo
176 1479 283 1537 mensis
294 1481 433 1551 septimus
447 1481 552 1552 igilur·
573 1482 643 1552 quia
662 1482 827 1538 divinarum
863 1495 927 1536 me·
979 1491 1167 1558 apparuerunt
1194 1485 1334 1539 cacumina
1356 1487 1497 1551 montium,
1522 1483 1551 1540 id
1577 1485 1624 1552 lest
1647 1483 1762 1555 superbi
1788 1484 1829 1541 la·

76 1568 168 1624 ffl0ri³
181 1568 418 1636 illustrationum,
435 1570 464 1624 ⁵¹¹
479 1570 587 1640 bulbus
598 1569 745 1641 qnondam
762 1570 925 1626 sabbatiza-
980 1586 1041 1635 stus
1055 1575 1170 1632 illorum
1187 1571 1302 1643 generis
1317 1572 1404 1627 nostri
1435 1571 1614 1643 prineipnm3
1642 1572 1734 1629 solent
1758 1586 1828 1628 sane

75 1657 183 1724 vimus,
199 1656 372 1728 interimque
391 1657 461 1714 dum
493 1658 689 1726 recordamur,
715 1639 1071 1736 aliquantisperssauqni
1096 1662 1136 1718 sic
1159 1661 1275 1717 dicere:
1303 1658 1331 1715 Si
1361 1659 1401 1714 illi
1425 1659 1453 1714 in
1483 1660 1617 1730 superbia
1641 1674 1676 1715 ac
1692 1660 1824 1728 avaritia,

76 1744 298 1809 sabbatizamus.
329 1747 363 1801 ad
392 1760 441 1802 cor
462 1754 634 1817 revocatum
670 1747 776 1804 mensis
798 1757 928 1818 namque*
979 1749 1274 1826 quaenatumlianou
1298 1755 1366 1805 sunt
1390 1747 1461 1804 vitia
1483 1747 1677 1819 deliquerunt,
1708 1750 1825 1819 nosqui

75 1833 188 1890 dierum
203 1831 331 1889 collectio
345 1841 397 1901 est,
420 1840 448 1889 et
464 1834 604 1904 septimus
631 1834 784 1891 sabbatum
800 1844 859 1905 est;
876 1835 924 1892 sed
979 1845 1008 1898 in
1023 1841 1097 1907 cibo,
1121 1854 1155 1895 ac
1171 1846 1251 1908 potu,
1265 1836 1393 1907 corporis
1408 1836 1565 1908 voluptate,
1581 1851 1647 1907 quae
1675 1837 1826 1908 originaq.

75 1923 98 1977 si
119 1921 226 1977 mensis
246 1921 387 1992 septimus
399 1921 507 1977 bunum
524 1921 596 1992 quid
613 1923 735 1990 insonat,
747 1921 884 1979 vicesima
898 1929 926 1980 et
980 1940 1022 1988 rer
1049 1927 1184 1987 medullis
1207 1926 1311 1983 nostris
1346 1925 1433 1981 insita
1459 1931 1539 1992 sunt,
1566 1939 1729 1996 peccamus,
1754 1926 1826 1996 quid

75 2011 195 2080 septima
223 2010 284 2066 (¹50⁸
309 2010 413 2066 mensis
437 2010 581 2081 quidquid
624 2011 691 2068 b⁰ni
717 2011 926 2082 lllaessissuifflllt
978 2020 1085 2077 mirum
1099 2015 1398 2074 lacimusicarumr'na
1410 2013 1500 2085 igitur
1515 2016 1647 2069 montium
1672 2015 1713 2070 sic
1739 2023 1827 2070 atten-

75 2098 188 2165 turbat;
212 2113 264 2170 per
279 2099 381 2169 viginti
396 2098 473 2155 enim
499 2097 663 2168 duplicitas,
688 2113 739 2170 per
774 2101 924 2171 septimam
979 2108 1062 2175 dunt,
1089 2106 1159 2163 dnm
1175 2104 1290 2159 illorum
1304 2103 1381 2158 ritiis
1395 2116 1424 2158 se
1437 2101 1605 2159 detendunt.

75 2186 228 2244 identidem
245 2188 371 2258 requies,
396 2201 447 2258 per
469 2187 542 2243 diem
560 2187 637 2244 bona
663 2187 800 2245 voluntas
823 2189 924 2259 expri—
1014 2197 1100 2253 unns,
1131 2199 1158 2262 6,
1187 2199 1212 2249 7.
1244 2224 1277 2235 -
1305 2194 1423 2262 cumque
1449 2194 1612 2246 transissent
1638 2190 1825 2259 quadraginta

75 2276 178 2348 mitur;
200 2277 326 2347 suppetit
340 2290 408 2348 crgo
423 2277 498 2332 bona
512 2277 548 2333 ad
565 2277 803 2335 sabbatizandum
817 2278 924 2335 volun·
978 2286 1046 2353 dies,
1074 2286 1197 2354 aperiens
1226 2283 1281 2338 ll'oe
1305 2283 1455 2348 fenestram
1482 2294 1552 2334 arce
1568 2278 1673 2333 dimisit
1700 2294 1821 2333 manum.

75 2372 128 2433 1²⁸,
157 2365 228 2421 dum
255 2378 343 2435 quam
368 2364 404 2420 ὅῑῑ
432 2365 540 2422 bonnm
567 2379 698 2422 securam
727 2366 833 2423 habere
852 2380 924 2422 ⁰⁰11·
978 2373 1236 2444 Quiegredirbatur,
1256 2374 1281 2425 et
1295 2385 1348 2424 aon
1363 2369 1557 2433 revertebatur,
1574 2367 1656 2422 donec
1682 2369 1824 2422 siccaren-

75 2452 222 2509 ὅῦῑθῦῑῑῧῐῐῑ
248 2452 411 2516 ress0lifflllss·
428 2453 476 2510 ⁵⁶11
501 2467 567 2510 ⁰¹¹⁰]
584 2453 621 2509 ad
645 2454 804 2524 &bdellium
829 2453 924 2510 carnis
979 2469 1024 2519 tur
1038 2477 1116 2531 aquae
1127 2476 1208 2530 super
1222 2465 1333 2514 terram.
1358 2455 1549 2524 Quadraginta
1576 2454 1634 2508 dies
1660 2461 1826 2524 transeunt,

75 2541 254 2612 respicimus,
270 2543 324 2598 boc
352 2541 428 2599 illico
450 2542 605 2615 dupliciter
628 2557 686 2600 non
714 2542 825 2599 sincere
850 2543 925 2599 velle
978 2548 1258 2623 qumtnceutgcnria,
1279 2560 1367 2618 quam
1396 2558 1433 2601 ex
1463 2542 1592 2614 [tecalogi
1615 2540 1825 2612 Evangeliique

75 2630 249 2701 probamur;
280 2632 346 2687 Μ
371 2630 459 2694 essim,
493 2630 533 2687 ait
562 2630 707 2699 Stlolssfflb
729 2636 754 2686 tl
787 2646 840 2686 '2⁰⁷¹
864 2630 924 2686 vuli
977 2640 1160 2697 observantia
1183 2638 1320 2693 babentes
1339 2634 1506 2700 claruimus,
1534 2630 1755 2701 superveniente
1781 2645 1826 2686 ne·

73 2719 256 2790 airulPror-
273 2733 335 2786 xiil,
361 2720 401 2788 tl,
427 2719 497 2775 anm
513 2719 757 2790 annumeremur
773 2719 868 2786 vellet
898 2719 922 2775 sr
956 2739 959 2744 ·
978 2731 1076 2803 quiite
1091 2736 1172 2785 noete
1185 2727 1344 2797 privamur.
1365 2725 1401 2780 nr
1417 2730 1486 2779 cunc
1502 2723 1556 2778 nae
1584 2724 1734 2788 (anserem
1753 2735 1824 2774 aree

74 2807 321 2864 ⁸1ss01¹¹¹²⁰³l¹¹i⁵
340 2806 517 2864 θθῦῑῑῦθΰῑῑὸ
532 2806 593 2865 ὓθΐῑ
607 2815 711 2878 posset,
738 2822 804 2864 ⁰1¹¹ss
820 2822 923 2864 secun·
978 2819 1080 2891 aperit,
1093 2831 1159 2874 cnm
1173 2816 1289 2871 animus
1310 2811 1525 2870 sensualitatem
1550 2809 1676 2879 corporis
1700 2808 1825 2879 pessima

75 2895 214 2952 dufflhoe
241 2910 308 2952 eum
324 2895 398 2952 ”⁰¹¹0
422 2896 538 2967 penitus
549 2903 673 2952 Μία·
707 2895 795 2965 Super
821 2900 923 2952 ”wilm
942 2910 1107 2993 Clibertatc
1135 2905 1171 2962 ad
1194 2904 1331 2960 baustum
1372 2899 1527 2972 cujuslibet
1555 2898 1713 2968 voluptatis
1738 2896 1822 2966 quasi

75 2992 173 3041 eutem
196 2985 333 3040 Armenia
355 3001 421 3040 area
436 2986 599 3056 requiescit,
615 2985 686 3056 quia
709 2986 739 3043 in
754 2996 921 3044 sanctornm

66 3072 221 3143 exemptis,
250 3073 301 3144 qui
328 3087 393 3130 vere
418 3088 468 3145 pro
514 3074 683 3131 excellentia
706 3081 735 3131 et
769 3074 922 3132 stabilitate

74 3165 175 3216 montes
200 3160 346 3229 dicuntur,
371 3168 398 3218 et
424 3161 551 3218 maxime
584 3161 614 3217 in
643 3161 758 3218 illorum
778 3163 829 3233 qui
859 3169 922 3233 post

74 3246 188 3317 lapsum
203 3247 315 3318 aliquid
328 3248 487 3306 sanctitatis
516 3247 686 3321 attigerunt,
711 3249 812 3306 talium
835 3250 922 3321 torpi-

75 3336 177 3392 dorum
194 3337 368 3393 conscientia
393 3351 423 3394 se
450 3337 579 3395 reflectit.
596 3338 629 3394 ln
652 3338 709 3394 alia
735 3339 922 3396 translatione

74 3430 267 3494 superbientes
282 3430 385 3482 ararat
400 3426 519 3498 legitur;
550 3427 655 3483 Ararat
676 3427 753 3484 enim
784 3428 922 3485 Hebraice

74 3515 351 3583 Armeniarocatur,
366 3523 394 3573 et
408 3515 462 3571 bac
488 3513 583 3585 ipsum
615 3531 691 3571 mans
714 3518 807 3571 vulsus
833 3516 920 3573 inter-

74 3608 205 3671 pretatur
210 3617 218 3673 ;
234 3616 317 3658 mons
329 3611 426 3659 eutem
441 3603 542 3659 vulsus
563 3603 701 3660 sanctitas
714 3612 757 3660 est
771 3604 919 3661 destituta.

73 3687 146 3747 Cum
161 3690 259 3762 itaque
286 3698 414 3748 tentatur
437 3691 601 3762 cujuspiam
627 3692 753 3764 religiosi
795 3693 919 3760 animus,

74 3787 231 3836 occurrunt
259 3780 348 3837 menti
387 3780 529 3837 montium
569 3781 726 3850 vulsiones,
753 3790 920 3839 sanctorum

73 3866 304 3939 scilicetlapsus,
323 3868 374 3940 qui
389 3876 486 3926 tamen
509 3871 544 3926 ad
562 3870 625 3937 irae,
654 3878 687 3927 ut
712 3879 920 3928 montesroca-

72 3965 185 4026 rentur,
200 3959 294 4016 redire
311 3954 487 4016 studuerunt
503 3959 643 4030 reparatis
671 3960 799 4032 viribus3
827 3960 856 4015 in
876 3960 921 4016 his

73 4059 141 4103 arca
156 4047 338 4116 immoretur,
361 4046 431 4118 quia
446 4048 549 4104 uorum
572 4061 666 4117 casus,
681 4055 709 4104 et
738 4048 920 4120 postmodum

72 4135 305 4203 resurrectiones,
320 4135 403 4207 qnasi
419 4136 455 4191 ad
470 4136 643 4194 imitandum
669 4138 814 4208 possibilia
841 4137 920 4210 cugi-

73 4233 135 4284 tere
153 4227 320 4285 delectatur.

108 4315 184 4374 Vnus
207 4319 233 4370 5.
262 4344 298 4358 -
325 4319 362 4372 at
381 4332 445 4372 uero
468 4331 547 4386 uque
565 4317 653 4383 ibant,
683 4323 708 4371 et
735 4316 922 4373 decrescebant

72 4403 207 4476 tuquead
226 4404 359 4459 &cinnum
387 4420 511 4460 mensem.
541 4407 628 4477 Aque
657 4412 726 4462 eunt
753 4413 782 4462 et
803 4405 920 4477 ,decres-

72 4501 152 4559 cunt,
164 4493 234 4550 dum
258 4492 415 4564 spiritualis
437 4508 455 4550 a
483 4495 567 4552 nobis
593 4495 753 4565 prudentiae
780 4495 922 4567 cogitatus

72 4581 219 4649 recedunt,
236 4582 283 4638 sed
299 4581 369 4652 quia
383 4584 499 4652 spiritus
513 4582 615 4637 ondens
630 4583 716 4653 (l’sal.
743 4597 847 4650 nnxvu,
877 4586 922 4652 39)

72 4668 188 4739 quidem
206 4681 255 4739 per
270 4683 418 4732 msunrus.
435 4670 484 4726 sed
501 4684 551 4741 per
563 4684 593 4726 se
611 4686 665 4726 aon
679 4672 787 4726 rediens
815 4672 920 4742 (ibid),

72 4756 108 4812 ad
133 4756 275 4813 decimum
304 4773 431 4815 mensem
456 4759 628 4815 intendendo
650 4759 798 4816 deliciunt.
817 4760 922 4817 Mensis

72 4844 212 4911 decimus,
228 4845 402 4902 licotminus
432 4848 537 4903 usitata
562 4847 622 4903 brec
646 4847 844 4918 interpretatio
873 4850 922 4905 lra-

72 4932 185 5000 beatur,
201 4933 337 4990 humanas
356 4935 527 4991 conditionis
540 4939 587 4990 ⁴2
615 4935 685 4991 ordo
712 4950 770 4991 nan
793 4935 919 4993 absurde

71 5021 223 5090 accipitur,
244 5022 295 5092 qui
319 5036 425 5079 navem
448 5024 553 5080 creatis
579 5022 740 5094 angelorun
768 5022 921 5079 ordinibus

72 5108 201 5167 decimus
215 5117 257 5166 est
278 5117 408 5182 creatus3
437 5125 503 5168 cum
524 5125 593 5183 crgo
622 5109 763 5168 illecebrae
790 5112 921 5168 animum

71 5196 202 5254 carnales
226 5205 342 5268 urgent,
370 5214 427 5255 non
458 5200 614 5267 medaeas,
631 5199 683 5269 qui
695 5212 746 5268 per
760 5199 829 5255 Adae
844 5213 921 5268 prae-

71 5286 276 5343 renationem
294 5286 369 5342 lacta
385 5289 553 5345 necessitate
567 5287 706 5358 peccandi
721 5299 810 5357 graue
834 5286 920 5358 qnid-

71 5375 148 5446 piam
161 5373 379 5446 commiserunt,
395 5376 424 5432 in
447 5374 613 5445 exemplum
645 5374 830 5431 admittendae
858 5389 922 5445 pra·

73 5462 170 5523 vitatis
192 5461 319 5530 adhibet,
354 5463 401 5519 sed
430 5463 489 5533 ipso
520 5461 664 5533 principes
691 5460 805 5533 genesis
830 5462 921 5519 nostri

976 3001 1116 3057 fenestras
1135 2992 1283 3064 expandit.
1301 2993 1416 3048 cornum
1431 2988 1558 3054 dimittit,
1575 3001 1640 3043 ciam
1655 2986 1823 3056 'appetitum

975 3083 1011 3139 ad
1026 3079 1162 3152 quelibet
1176 3075 1272 3147 turpia
1282 3072 1418 3131 effrenem
1434 3072 1475 3128 ire
1499 3070 1577 3126 sinit.
1594 3071 1648 3126 istc
1662 3070 1821 3140 egreditur,

975 3171 1058 3227 idest
1074 3167 1200 3225 extraria
1223 3160 1451 3234 concupiscendo
1474 3167 1609 3232 uagatur,
1637 3166 1665 3215 et
1691 3172 1748 3214 non
1774 3171 1822 3214 re-

975 3259 1108 3326 vertitur,
1129 3254 1209 3310 donec
1231 3267 1309 3320 aqua
1338 3251 1482 3307 siccentur
1504 3248 1530 3303 id
1560 3255 1602 3304 est
1631 3258 1784 3318 nunquam
1799 3245 1821 3300 ei

975 3345 1125 3404 sibiliceat
1145 3339 1265 3398 rationis
1289 3338 1358 3409 jura
1386 3337 1542 3408 colligitur,
1571 3336 1661 3391 donec
1678 3332 1823 3404 quidquid

976 3434 1088 3508 pietatis
1106 3445 1141 3488 ac
1165 3429 1266 3502 gratiae
1293 3435 1404 3484 mustat
1429 3426 1562 3492 interius,
1587 3425 1639 3495 qui
1663 3424 1768 3479 buntur
1792 3422 1822 3477 in

975 3523 1112 3581 nobisest
1140 3518 1259 3575 divinus
1284 3517 1401 3573 omniuo
1423 3515 1585 3571 exsiccetur
1608 3512 1740 3577 interra,
1768 3510 1823 3567 lmc

974 3621 1017 3670 est
1034 3609 1225 3667 iumentibus.

1010 3701 1096 3757 Vsus.
1113 3701 1140 3764 8,
1164 3702 1191 3754 b.
1206 3726 1240 3740 ·-
1266 3698 1366 3753 Emisit
1381 3709 1486 3765 quaque
1498 3692 1649 3747 columbam
1675 3695 1738 3760 post
1760 3704 1822 3743 eum

975 3791 1066 3846 uidem
1093 3792 1118 3844 st'
1136 3789 1196 3858 jam
1218 3790 1365 3842 cessassent
1392 3798 1472 3853 nque
1500 3781 1700 3851 supersectam
1730 3783 1819 3833 terrae.

975 3881 1041 3946 Qua
1062 3893 1122 3932 cum
1146 3892 1199 3931 nan
1229 3875 1376 3928 irruenisset
1404 3871 1453 3925 ubi
1479 3872 1655 3939 requiesceret
1683 3881 1731 3936 pes
1759 3864 1819 3936 ejus

974 3968 1133 4021 reversaret
1148 3960 1185 4016 ad
1199 3961 1253 4016 ll'oe
1275 3962 1304 4013 in
1327 3973 1430 4012 orcam.
1456 3956 1533 4012 lieet
1557 3953 1681 4010 carnalis
1703 3951 1823 4008 allectus

975 4054 1057 4112 iacile
1070 4053 1129 4108 huc
1144 4049 1270 4119 illucque
1284 4047 1409 4114 labatur,
1424 4045 1497 4101 ratio
1519 4050 1613 4099 tamen
1640 4040 1823 4112 gemebunda

975 4138 1161 4213 prosequitur
1178 4143 1205 4192 et
1233 4141 1343 4206 pensat,
1374 4133 1440 4191 licet
1464 4132 1538 4188 male
1564 4128 1699 4199 implicita
1732 4127 1822 4184 abniti

938 4237 1030 4292 unon
1046 4224 1149 4291 valeat,
1163 4236 1213 4294 per
1223 4235 1289 4293 quaa
1302 4219 1412 4276 allectio
1427 4232 1480 4276 sua
1499 4216 1635 4274 vitiorum
1670 4213 1824 4271 volutabra

975 4314 1162 4381 distrahatur,
1189 4318 1216 4368 et
1243 4316 1387 4382 qnantum
1415 4306 1510 4363 cordis
1532 4304 1617 4361 iacies
1642 4303 1679 4359 ab
1709 4302 1823 4360 interna

975 4400 1168 4462 teneritudine
1199 4398 1281 4471 quasi
1319 4396 1380 4453 sine
1409 4394 1514 4464 pluviis
1545 4401 1621 4449 terra
1650 4390 1821 4447 obduretur.

975 4494 1029 4550 Sed
1052 4506 1119 4549 eum
1160 4489 1258 4545 adbuc
1293 4483 1441 4555 religionis
1464 4482 1591 4538 terrente
1618 4480 1768 4546 memoria,
1795 4487 1823 4536 et

976 4582 1094 4654 pudoris
1111 4578 1231 4637 bomani
1246 4576 1400 4632 obsistente
1428 4570 1576 4642 repagula,
1594 4585 1642 4640 pes
1669 4567 1822 4636 columbae,

975 4671 1003 4727 id
1031 4677 1074 4726 est
1100 4667 1220 4725 auectus
1255 4663 1374 4720 rationis
1401 4659 1539 4731 percandi
1567 4657 1822 4729 opportunitatem,

975 4755 1218 4819 loaumridelicet,
1248 4765 1306 4822 quc
1331 4749 1492 4819 requiescat
1516 4762 1572 4804 non
1605 4745 1714 4817 invenit
1748 4745 1824 4800 intra

975 4844 1271 4909 conscientiaeareum,
1302 4837 1386 4909 quasi
1414 4834 1654 4907 concupiscentias
1682 4833 1825 4903 paenitens

975 4948 1005 4991 se
1018 4933 1128 5002 recipit,
1154 4928 1231 4986 unde
1249 4926 1401 4998 sequitur:
1429 4927 1516 4995 Aqua
1538 4926 1609 4978 enim
1632 4926 1710 4976 erant
1743 4935 1826 4990 super

974 5023 1131 5076 natantum
1159 5023 1269 5071 terrum.
1303 5015 1487 5082 Extenditque
1510 5028 1636 5077 manum;
1667 5014 1692 5065 et
1721 5024 1825 5079 appre-

976 5111 1086 5164 beream
1096 5108 1191 5162 intulit
1201 5109 1231 5160 in
1247 5120 1350 5160 orcum.
1372 5101 1538 5174 spiritualis
1565 5100 1679 5170 pandus
1693 5098 1825 5170 pruden-

975 5195 1104 5252 tiaesoiet
1132 5193 1287 5264 reprimere
1315 5191 1416 5248 diutns
1443 5190 1553 5261 ineptos
1585 5195 1680 5244 matus
1708 5186 1824 5243 anima.

977 5288 1066 5354 Aqua
1087 5295 1157 5352 ergo
1179 5281 1276 5338 adhuc
1296 5279 1447 5336 imminent
1463 5285 1556 5342 terrae,
1578 5289 1645 5346 quae
1669 5282 1769 5331 vetant
1782 5274 1827 5332 sui

977 5371 1136 5429 reverentia
1172 5370 1319 5428 hominem
1360 5369 1397 5425 ad
1439 5366 1538 5422 illicita
1571 5364 1662 5420 exire.
1694 5363 1827 5419 Eatendr't

976 5476 1095 5526 menum,
1117 5460 1209 5516 exerit
1241 5456 1438 5516 tortitudinem
1467 5468 1599 5526 operum,
1634 5460 1662 5508 et
1686 5452 1827 5508 rationem
