3818 6008
104 254 152 306 til
579 251 609 302 V.
630 250 798 308 colunum
817 250 962 306 austris
980 251 1008 306 S.
1031 249 1149 305 bldeAE
1168 250 1213 305 DE
1232 248 1430 306 NOVIGENTO
1800 244 1852 299 252

103 389 166 439 tum
183 396 290 452 parvus
305 382 341 437 ad
356 381 491 437 vitiorum
510 381 753 452 comparationem
779 389 822 438 est
850 396 952 438 nume·
971 381 1138 448 dadilicat,
1155 381 1225 452 quia
1239 386 1345 436 sanctae
1360 378 1517 436 voluntatis
1535 379 1564 434 in
1581 378 1670 449 ipsius
1685 374 1852 434 mutationis

104 484 165 527 rus.
182 470 244 527 lilla
263 484 332 541 ergo
357 476 531 541 congregata
558 485 623 541 quae
644 484 814 542 expugnare
828 473 953 542 cupistis
1006 470 1147 539 proposito
1161 477 1256 524 statim
1282 468 1394 524 tundat.
1418 470 1538 524 Domum
1554 467 1604 523 Dei
1629 465 1762 538 appellat,
1782 462 1852 534 quia

103 557 222 627 frustra,
242 561 392 629 percutient
409 575 451 612 me
473 565 498 613 ei
515 558 621 614 delebor
634 575 692 628 eqo,
714 565 739 614 et
764 560 858 615 domus
883 576 951 627 mea,
1006 557 1082 628 piam
1097 557 1273 614 allectionem
1290 557 1468 613 solummodo
1490 565 1586 626 aptam
1607 556 1643 611 ad
1658 556 1713 611 Deo
1728 567 1851 609 maneu-

105 646 159 704 boo
178 646 322 703 tantillum
350 647 428 718 quod
448 648 514 704 boni
540 649 680 704 habebam
706 650 835 706 exterius
851 650 954 707 delebi·
1006 646 1076 702 duut
1095 648 1230 713 aestimem
1256 646 1292 702 ibi
1317 646 1403 713 euim,
1430 646 1514 702 idest
1538 660 1588 716 per
1616 646 1690 700 banc
1717 640 1852 699 inclaruit

105 745 163 801 tur,
178 743 206 793 et
219 736 321 792 donans
336 737 518 792 carascientiae
537 738 767 808 depopulabitur.
793 739 845 795 Sed
862 739 954 796 virtus
1005 734 1096 791 eidem
1110 736 1195 801 Deus,
1212 749 1277 790 cum
1294 734 1437 791 carnalem
1455 733 1567 790 timeret
1580 733 1722 788 affectum.

104 823 332 880 rationalitatum
363 824 504 881 divinitus
539 833 633 881 erecta
660 825 729 882 dicit
757 827 855 895 (Vens.
885 830 952 899 iil:
1042 824 1127 880 Vuns.
1152 824 1479 892 8.-Eodemtempcre
1498 826 1656 877 mortuaest
1679 820 1852 874 [laborabu-

104 912 236 981 Nurtquid
264 917 294 966 ut
320 919 407 967 scorto
434 913 512 967 abuti
535 913 648 978 debuere
671 929 761 969 sorore
786 920 904 971 nostra?
922 917 953 972 ld
1008 916 1065 967 triu
1082 914 1213 981 Rebeccae,
1228 912 1425 983 etscpultaad
1440 912 1546 966 radices
1562 911 1651 965 lietbel
1666 910 1757 965 subter
1773 924 1853 977 quer·

104 1007 156 1067 est,
179 1000 313 1072 uunquid
341 1001 540 1070 prostituenda
563 1011 605 1056 cst
632 1002 749 1059 cullibet
771 1012 953 1073 peccatorum
1007 1017 1084 1067 aum;
1109 1006 1285 1070 necatumque
1310 1008 1349 1057 est
1371 1017 1466 1056 nomm
1491 1002 1542 1056 ioci
1565 1000 1683 1065 Quercus
1708 1001 1795 1066 (tetus.
1821 997 1853 1051 lu

104 1089 181 1145 sordi
200 1089 333 1146 discretio
358 1099 454 1146 nostra
479 1086 515 1145 ex
542 1099 643 1158 matre,
667 1106 733 1160 quse
757 1107 809 1147 uus
836 1093 954 1163 protulit
1006 1090 1061 1146 bac
1077 1089 1206 1160 ipsapiae
1229 1090 1394 1146 intentionis
1419 1087 1562 1158 temperie,
1587 1087 1710 1143 moritur
1728 1084 1854 1141 carnalis

105 1179 216 1234 ratione
230 1177 323 1248 proles
340 1178 466 1235 eximia?
1006 1178 1151 1246 stimulus,
1168 1177 1351 1249 quiquidem
1369 1176 1551 1233 dnlcedinem
1565 1175 1678 1245 praelert
1693 1188 1770 1229 more
1789 1187 1854 1243 sug-

402 1268 518 1325 entur
537 1268 655 1325 XXXV.
1007 1267 1153 1339 gesilarus,
1178 1267 1226 1324 sed
1243 1267 1465 1323 amaritudinem
1487 1265 1573 1321 babet
1588 1277 1676 1334 quam
1697 1261 1854 1318 maximam

140 1357 227 1412 Vnus.
244 1359 269 1410 1.
298 1382 335 1397 -
359 1358 465 1411 interea
494 1357 597 1412 mentis
624 1356 783 1414 certamina
812 1361 954 1432 decipien-
1006 1357 1178 1413 inextremo
1203 1371 1253 1427 per
1276 1355 1410 1412 ellectum
1434 1354 1572 1411 criminis.
1589 1353 1701 1411 Debora
1727 1364 1854 1421 namque

104 1450 161 1500 tem
179 1445 254 1501 Deus
269 1445 428 1516 alloquitur
445 1446 565 1501 interius
579 1446 678 1501 iacob.
699 1447 795 1514 Surqe,
811 1451 838 1500 et
862 1459 953 1498 asem·
1007 1446 1113 1501 dicitur
1128 1445 1198 1515 apis,
1214 1443 1414 1501 undeBoetius
1429 1443 1477 1515 (Dc
1491 1443 1618 1498 consolat.
1634 1441 1734 1512 pbilos.
1751 1439 1800 1495 lib.
1814 1454 1854 1505 ιιι,

100 1533 138 1599 ,ιιι
150 1534 242 1587 Betbel
263 1538 287 1587 ιι
310 1534 405 1588 bobila
421 1534 471 1600 ibi,
495 1536 596 1604 facque
613 1536 700 1589 altare
723 1537 772 1589 lieo
797 1535 845 1602 qui
863 1548 954 1602 oppa·
1008 1543 1099 1590 metro
1114 1533 1163 1604 7):

105 1623 162 1675 ruit
185 1621 237 1675 tibi
257 1622 368 1691 quaudo
390 1622 516 1690 sapiebas
531 1625 606 1677 Esau
621 1624 737 1689 fratrem
761 1627 847 1677 tuum.
872 1621 954 1688 Quod
1152 1621 1243 1677 Habet
1259 1621 1305 1676 boc
1320 1622 1445 1690 uoluptas
1459 1621 1556 1685 amuis,

105 1716 146 1765 est
166 1708 258 1765 dicere
274 1725 280 1764 :
300 1709 415 1781 Erigere
436 1711 473 1767 ab
496 1711 559 1767 imis
574 1711 746 1782 cogitatibus
759 1717 786 1767 et
802 1725 953 1781 usquequo
973 1683 995 1739 B
1151 1710 1274 1766 Stimulis
1289 1709 1348 1779 apii
1361 1711 1493 1775 surcarias,

105 1797 158 1854 llas
172 1797 275 1853 domus
297 1798 356 1866 Del,
373 1799 451 1868 quod
474 1807 515 1856 est
531 1800 636 1869 Betbel,
666 1800 821 1870 provehere
836 1799 954 1855 virtuti·
1151 1800 1307 1868 Apiumque
1319 1814 1374 1867 par
1388 1799 1526 1852 uolantum

106 1886 170 1952 bus,
186 1893 213 1941 et
229 1885 272 1942 iac
290 1893 360 1942 tuit
375 1890 463 1942 altare
480 1889 562 1945 bonae
583 1888 742 1945 voluntatis
756 1892 820 1956 lieo,
836 1887 887 1958 qui
918 1888 953 1943 ti·

105 1974 134 2030 bi
148 1975 283 2032 inclaruit
303 1983 334 2032 ut
349 1974 482 2032 affectum
496 1976 643 2033 carnalem
667 1976 818 2049 eiiugeres,
837 1978 865 2032 in
897 1992 954 2048 quo

106 2064 220 2134 piorum
243 2070 361 2121 actuum
375 2065 514 2122 sacrificia
529 2066 665 2122 immoles.
683 2066 780 2132 (Vnus.
807 2067 847 2137 2.)
873 2066 954 2122 iacob

1153 1887 1205 1943 Ubi
1218 1893 1298 1955 prata
1313 1888 1395 1942 mella
1406 1886 1493 1953 fudit,

1151 1975 1245 2042 Fugit,
1259 1978 1285 2028 et
1298 1976 1378 2028 trimis
1390 1976 1478 2028 tenaci

1151 2065 1225 2118 Ferit
1240 2064 1295 2117 icta
1311 2062 1393 2116 cordo
1408 2077 1508 2116 morsu.

104 2166 166 2206 vcro
192 2157 339 2206 conuocato
366 2155 439 2207 omui
464 2153 542 2208 domo
568 2169 628 2221 scra,
658 2156 723 2208 ait:
745 2153 865 2225 abjicite
892 2154 954 2208 deos

106 2238 217 2306 alienos,
244 2243 293 2310 qui
313 2242 342 2294 in
367 2241 455 2297 medio
469 2244 554 2296 vestri
580 2247 652 2310 suat,
677 2249 703 2297 et
725 2243 907 2310 mundamini,
924 2259 954 2296 aa

105 2332 207 2383 mutate
231 2331 391 2383 aestimatio
418 2335 518 2386 vestra.
558 2331 621 2387 Post
647 2332 747 2386 altaris
784 2331 953 2387 erectionem

106 2430 194 2487 quam
212 2426 408 2486 proposuerat,
434 2418 550 2474 domum
576 2426 723 2486 convocat,
747 2419 817 2491 quia
841 2433 952 2475 tuorum

106 2519 140 2561 ac
164 2507 252 2563 totius
276 2507 458 2577 cogitationis
488 2508 676 2578 dispersiones
702 2508 804 2564 frenat.
822 2507 953 2579 Adjicite,

106 2592 211 2663 inquit,
227 2607 270 2660 ea,
286 2594 394 2664 quibus
407 2602 546 2666 tanquam
563 2597 725 2653 simulacris
748 2596 953 2664 inserviebatis

105 2679 177 2736 vitia
189 2695 255 2750 quae
270 2683 298 2735 iu
319 2682 406 2737 media
421 2685 505 2738 vestri
517 2691 608 2739 eraut.
628 2685 659 2740 ld
678 2692 729 2751 est,
753 2685 888 2740 tbrouum
915 2699 956 2740 re·

107 2768 157 2840 gui
171 2768 199 2823 in
213 2776 309 2824 vestra
331 2777 426 2826 mente
442 2771 587 2839 tenebant,
612 2777 637 2826 et
651 2773 822 2827 mundamini
836 2773 865 2828 iu
893 2788 956 2829 cou-

106 2857 233 2924 scientia,
251 2874 282 2912 ac
301 2863 403 2914 mutate
431 2873 550 2929 operum
576 2860 785 2932 integumenta.
805 2863 901 2934 (Vnus.
928 2867 953 2931 3,

1010 2157 1076 2212 llaec
1098 2151 1256 2209 stimulatio
1276 2150 1367 2207 nutrit
1388 2151 1553 2218 Rebeccam,
1569 2149 1596 2206 id
1616 2157 1657 2206 cst
1676 2147 1855 2220 patientiam,

1009 2244 1079 2315 quia
1104 2241 1210 2298 talibus
1233 2239 1388 2296 exercitata
1404 2239 1544 2296 coalescit.
1570 2238 1619 2293 Ad
1644 2238 1750 2294 radices
1769 2236 1857 2292 lietbet

1009 2331 1154 2403 sspelitur,
1177 2329 1311 2400 quiasub
1331 2328 1428 2384 diviua
1446 2327 1555 2394 timore,
1573 2327 1623 2398 qui
1649 2326 1733 2382 radix
1755 2325 1857 2381 domus

1009 2421 1059 2478 Dei
1073 2427 1124 2487 est,
1150 2418 1382 2474 constabiliendae
1406 2417 1581 2473 reconditur.
1605 2416 1703 2473 subter
1731 2429 1857 2500 quercum

1010 2509 1138 2581 ponitur,
1160 2507 1229 2562 dum
1247 2513 1386 2576 perpetua
1412 2505 1599 2577 negligentia,
1616 2511 1643 2561 et
1662 2504 1768 2573 agresti
1786 2516 1855 2572 qua·

1010 2599 1075 2654 dam
1088 2595 1311 2665 despicabilitate
1325 2593 1506 2664 deprimitur.
1521 2593 1597 2649 Talis
1608 2593 1695 2649 arbor
1709 2605 1856 2662 nusquam

1010 2687 1065 2743 uisi
1080 2700 1097 2741 a
1113 2684 1205 2755 porcis
1219 2685 1336 2754 petitur.
1357 2683 1409 2739 Sed
1422 2684 1492 2754 quia
1517 2684 1591 2739 hauc
1607 2680 1684 2738 solus
1700 2680 1855 2753 paenitudi-

1011 2776 1056 2831 nis
1085 2774 1167 2831 debot
1193 2772 1273 2828 dolor
1307 2770 1439 2839 invisere,
1468 2769 1612 2836 Quercum
1640 2769 1725 2826 lletus
1750 2768 1858 2839 placuit

1011 2862 1165 2933 appellare.

106 2948 133 3000 1.
152 2948 294 3016 lSurpite,
308 2949 486 3003 ascendamus
500 2951 529 3003 iti
555 2951 656 3015 lietbei,
673 2958 810 3021 utsupra
829 2952 954 3022 positum
974 2962 995 3017 c
1046 2952 1131 3008 Vens.
1146 2951 1173 3016 9,
1193 2952 1232 3004 10.
1250 2977 1286 2989 -
1300 2949 1439 3018 Apparuit
1453 2951 1542 3001 aedem
1559 2948 1627 3001 Deus
1642 2947 1740 2999 iterum
1759 2944 1856 3007 Jacob,

106 3043 157 3093 cst.
183 3036 319 3091 Dederuut
341 3040 366 3091 ei
388 3038 450 3092 deos
473 3039 575 3093 alienos
600 3054 666 3108 quos
691 3041 835 3107 babebaat,
861 3041 887 3097 id
913 3049 953 3097 est
1006 3045 1152 3111 postquam
1175 3052 1297 3093 reuersus
1320 3042 1358 3090 est
1386 3037 1419 3090 de
1442 3038 1636 3105 Mesopotamia
1659 3036 1760 3102 Syriae,
1780 3033 1858 3087 bene·

106 3124 178 3180 vilia
192 3124 360 3182 obtulerunt
377 3127 480 3182 rationi
496 3128 703 3183 consumenda.
721 3129 861 3183 Dederuut
878 3130 954 3185 euim
1007 3130 1134 3199 dixitque
1155 3129 1188 3194 ei,
1205 3128 1295 3181 diceris
1317 3128 1396 3182 :Noa
1408 3124 1544 3180 vocaberis
1568 3125 1642 3178 uitro
1655 3122 1750 3189 Jacob,
1767 3126 1793 3176 ct
1809 3137 1858 3190 ap·

107 3212 223 3280 dicitur,
248 3227 305 3269 non
334 3214 516 3284 restiterunt;
541 3216 609 3272 deos
623 3223 718 3272 autern
743 3216 866 3273 crimina
887 3218 953 3286 dici,
1005 3220 1121 3291 peliauit
1135 3232 1194 3271 eum
1210 3215 1309 3286 llsrael.
1333 3216 1370 3269 lie
1384 3213 1579 3282 Mesopotamia
1603 3212 1699 3280 Suria,
1716 3209 1802 3266 idest
1825 3208 1859 3263 de

107 3300 187 3357 testis
199 3306 242 3357 est
258 3300 396 3369 psalmus.
412 3303 443 3358 si
456 3303 588 3368 audieris,
606 3304 710 3374 iuquit,
726 3321 768 3359 me
780 3321 833 3359 aon
856 3308 907 3360 erit
926 3307 955 3360 iu
1008 3305 1167 3370 vocatione,
1179 3318 1245 3374 quea
1257 3301 1422 3359 uosabimis
1432 3298 1534 3369 elevat,
1546 3298 1857 3362 etsublimlbusiuiert,

107 3388 211 3445 tadeus
231 3405 320 3445 recms
346 3393 429 3458 (Psal.
452 3407 538 3460 cxxx,
557 3393 609 3464 tc).
627 3395 740 3449 laceres
767 3401 862 3450 autem
889 3394 955 3450 deo·
1009 3395 1046 3451 ab
1060 3392 1176 3448 invidia
1191 3392 1298 3448 linibus
1315 3392 1401 3447 babet
1416 3389 1535 3460 spiritus
1548 3397 1643 3445 noster
1655 3389 1857 3452 reversionem,

107 3490 172 3534 rum
188 3485 256 3535 sunt
275 3478 447 3548 obedientia,
464 3495 523 3551 qua
544 3481 667 3550 peccatis
692 3481 954 3552 obtemperabatur.
1009 3483 1060 3539 ubi
1075 3483 1180 3538 iterum
1201 3495 1249 3552 per
1271 3480 1370 3552 gratiae
1395 3478 1644 3549 amplificationem
1667 3484 1695 3533 et
1725 3490 1777 3548 per
1790 3491 1858 3532 cou-

107 3565 205 3621 Atilie
230 3566 334 3631 irtfodit
359 3583 391 3622 ea
414 3569 506 3623 subter
520 3569 710 3635 terebinthum,
737 3583 802 3639 quae
827 3578 869 3625 est
894 3576 957 3638 post
1009 3570 1202 3640 temptationis
1221 3569 1441 3626 illustrationem
1464 3568 1540 3623 Deus
1554 3566 1608 3623 sibi
1624 3573 1753 3637 apparet,
1783 3572 1816 3621 ut
1831 3565 1859 3620 lu

107 3653 209 3709 urlrem
236 3653 357 3711 Siebem.
374 3655 529 3727 Postquam
546 3656 667 3724 Slcbem,
686 3657 712 3711 id
734 3665 775 3713 est
791 3658 955 3714 invidentiae
1010 3661 1104 3732 prima
1116 3659 1296 3729 apparitione
1309 3657 1481 3728 corrigatur,
1496 3656 1524 3710 iu
1535 3656 1661 3712 metenda
1676 3669 1743 3725 quae
1753 3654 1860 3710 amissa

106 3740 233 3798 laborem
248 3743 445 3813 postponimus
455 3744 530 3813 deos,
548 3744 625 3801 idest
636 3745 759 3800 crimina
769 3760 835 3801 curn
855 3759 955 3801 eorum
1010 3749 1103 3805 iuerat
1119 3748 1212 3819 gratia
1233 3752 1392 3816 reparetur.
1421 3747 1489 3811 Noa,
1508 3744 1614 3814 inquit,
1632 3744 1707 3798 ultra
1722 3743 1858 3798 vitiorum

107 3829 269 3898 inauribus,
284 3831 415 3887 videlicet
427 3833 647 3903 obeditionibus,
671 3833 770 3889 subter
791 3833 956 3904 amplitudi·
1010 3832 1218 3893 luctaminibus
1237 3835 1402 3906 jactaberis,
1428 3833 1505 3904 quod
1528 3840 1579 3901 est,
1600 3834 1688 3888 Jacob
1712 3834 1859 3897 vocaberis,

107 3932 172 3975 uem
197 3917 446 3991 fragrantiamque
472 3921 620 3977 charitatis
644 3921 860 3992 abscondimus3
888 3928 958 3979 tere
1010 3926 1058 3981 sed
1071 3927 1159 3980 lsrael
1174 3924 1229 3980 erit
1247 3923 1297 3979 tibi
1319 3937 1434 3988 nomen,
1451 3922 1478 3977 id
1500 3929 1543 3978 est
1562 3922 1703 3977 virtutum
1732 3921 1859 3992 potentia

107 4006 312 4064 bintbuseuim
327 4009 384 4066 lata
399 4018 425 4065 et
440 4010 582 4066 odorliera
597 4011 683 4067 arbor
691 4019 742 4068 est.
1011 4028 1076 4071 cum
1090 4016 1144 4070 lieo
1160 4011 1376 4083 principaberis.
1394 4010 1491 4081 (Vnus.
1513 4009 1566 4081 11.)
1582 4010 1643 4078 Epo
1656 4011 1726 4064 Deus
1741 4012 1861 4078 omnipo

143 4095 229 4152 Vnus.
247 4099 272 4174 5:
290 4128 323 4137 -
349 4099 467 4169 Cumque
488 4102 714 4170 profectiessmt,
732 4105 820 4157 terror
845 4104 893 4157 liei
912 4104 956 4156 iu·
1011 4108 1079 4169 teus,
1100 4110 1153 4158 etc.
1185 4100 1265 4166 Quod
1294 4106 1336 4156 est
1364 4098 1484 4156 dicere:
1512 4097 1538 4154 Si
1566 4096 1791 4167 omniparentem
1816 4113 1860 4154 me

107 4185 181 4237 casii
202 4198 291 4238 amites
316 4202 366 4254 per
381 4188 526 4240 cicatricum
551 4190 684 4251 ciuitates,
702 4192 727 4241 et
742 4202 796 4242 aaa
819 4193 883 4242 suat
897 4190 958 4242 ausi
1011 4191 1112 4259 credis,
1129 4205 1164 4246 nc
1177 4189 1291 4246 dillidas
1306 4197 1415 4261 gentes,
1431 4197 1458 4244 et
1474 4187 1592 4258 populos
1610 4187 1761 4244 nationum
1776 4201 1812 4243 ex
1835 4194 1861 4243 te

104 4274 236 4343 prosequi
259 4273 419 4329 resedeates.
447 4274 519 4331 Cum
554 4275 590 4330 ad
624 4276 712 4331 Deum
750 4274 958 4346 proueismmur
977 4280 1134 4371 l‚tuturos
1151 4278 1254 4335 Gentes
1270 4277 1377 4334 scilicet
1399 4276 1547 4344 vitiorum,
1564 4283 1592 4332 et
1615 4276 1737 4346 populos
1759 4282 1861 4346 sponte

109 4374 212 4418 seusus
222 4363 389 4432 exteriores,
410 4363 519 4434 quibus
535 4364 624 4421 indita
641 4371 709 4420 suut
734 4364 807 4421 livor
821 4372 847 4422 et
872 4364 957 4435 cupi·
1012 4369 1158 4425 mentibus
1174 4368 1362 4434 innascentes,
1380 4380 1445 4436 quaa
1468 4372 1574 4432 tamen,
1595 4365 1666 4435 quia
1681 4362 1862 4432 omnipotens

109 4448 220 4515 ditatos,
235 4450 286 4520 qui
311 4452 396 4508 etiam
420 4452 450 4508 iu
464 4453 555 4509 nostri
578 4453 700 4509 circuitu
723 4454 808 4524 qnasi
823 4453 957 4524 quadam
1011 4464 1069 4513 ate
1092 4456 1203 4522 credor,
1230 4453 1389 4525 superabis.
1416 4456 1512 4508 Caesae
1526 4466 1594 4525 ergo
1609 4453 1667 4524 spei
1697 4451 1859 4518 altitudine,

32 4534 34 4536 ’
109 4544 177 4594 sunt
204 4539 288 4608 positi
319 4539 458 4609 civitates,
485 4541 534 4597 Dei
565 4543 665 4598 timore
692 4548 875 4613 premuntur,
905 4556 957 4598 nec
1012 4546 1060 4602 sed
1086 4545 1167 4614 prius
1190 4544 1373 4613 multiplicare
1394 4541 1549 4598 beneficiis.
1569 4543 1654 4608 ileqes
1676 4540 1754 4596 enim
1771 4539 1859 4596 ratio-

110 4626 217 4684 audeut
243 4627 301 4683 vim
331 4628 435 4686 inierre
465 4644 530 4686 cum
555 4630 720 4687 eorumdem
745 4630 885 4687 desideria
909 4645 955 4687 re·
1012 4632 1153 4688 nabillum
1170 4639 1300 4687 motuum
1325 4629 1470 4685 delumbis
1494 4632 1548 4684 tuis
1563 4629 1746 4698 egredientur,
1770 4627 1797 4683 id
1820 4634 1862 4682 est

107 4723 267 4792 apennine.
283 4718 379 4789 (Vens.
397 4719 436 4787 li.)
456 4721 533 4774 Venit
547 4735 609 4788 erpa
623 4719 707 4775 Jacob
722 4722 834 4785 luzam,
845 4736 905 4791 que
919 4724 958 4774 est
1011 4720 1047 4777 de
1066 4729 1185 4777 tuarum
1215 4719 1302 4775 insita
1319 4718 1430 4790 origiue
1453 4718 1635 4788 voluptatum
1662 4715 1860 4773 carnalitatem

110 4805 139 4859 ia
160 4809 234 4858 terra
258 4806 389 4862 Cbanaaa
414 4812 586 4875 eoqrvomeuia
611 4808 718 4874 betleem
744 4810 848 4877 iperet
872 4810 958 4862 amatis
1011 4808 1175 4867 excedendo
1211 4808 1365 4878 procedent
1394 4807 1492 4879 (Vens.
1524 4809 1577 4875 te),
1605 4813 1633 4863 et
1666 4806 1861 4862 terrenitatem

109 4895 226 4962 populus
262 4910 321 4949 cum
351 4911 390 4949 eo.
416 4894 492 4951 Luna
519 4895 625 4952 dicitur
649 4896 836 4965 ampqdatum.
862 4895 958 4952 Betbel
1012 4903 1093 4953 tuam
1108 4897 1192 4953 sicuti
1209 4896 1332 4952 abrabae
1346 4903 1374 4952 ιι
1387 4897 1477 4959 lsaae,
1488 4895 1517 4951 id
1530 4903 1573 4951 est
1584 4894 1687 4951 rationi
1703 4901 1730 4950 et
1740 4902 1862 4950 aeterno·

111 4981 206 5036 domm
228 4984 285 5037 liei.
308 4983 445 5038 Cbanaau
469 4988 585 5038 mutata.
610 4985 693 5040 iacob
716 4984 752 5040 ad
772 4984 958 5056 amygdalum
1012 5001 1077 5044 rum
1091 4986 1149 5057 spei
1165 4985 1268 5056 subjici
1284 4985 1377 5052 debet,
1394 4985 1446 5039 tibi
1462 4983 1625 5055 subjiciam,
1652 4989 1677 5037 ιι
1689 4984 1788 5038 semini
1806 4988 1861 5048 tuo,

110 5070 193 5136 venit,
210 5083 275 5125 cum
296 5070 416 5140 spiritus
438 5078 532 5128 noster
554 5085 605 5141 per
625 5072 777 5142 passiones,
803 5078 830 5127 et
849 5071 957 5127 amari-
1013 5076 1057 5133 bis
1072 5075 1179 5132 scillcet
1195 5074 1245 5144 qul
1261 5080 1287 5130 te
1301 5072 1503 5130 imitabuntur.
1519 5072 1616 5144 (Vens.
1633 5072 1687 5141 13.)
1704 5072 1863 5127 naricam

111 5154 227 5212 tudiues
241 5159 413 5228 corporales,
434 5159 505 5216 acsi
531 5160 644 5216 corticis
666 5173 701 5217 ac
725 5160 844 5216 internae
867 5159 959 5216 dulce
1012 5165 1047 5221 ab
1059 5181 1098 5233 eo,
1115 5178 1181 5220 eum
1195 5163 1302 5220 scilicet
1319 5161 1435 5233 proprio
1449 5161 1616 5217 dimittendo
1630 5159 1762 5216 arbitrio.

111 5242 186 5299 dinis
200 5247 335 5304 nucleum
352 5247 502 5320 pertingit3
518 5249 596 5320 quod
615 5249 757 5305 tamenin
774 5256 859 5316 terra,
875 5249 959 5305 idest
1050 5251 1135 5308 Vnus.
1153 5251 1195 5318 li,
1214 5252 1255 5305 tt.
1278 5279 1313 5292 -
1334 5251 1387 5305 Iiie
1400 5265 1462 5305 uero
1477 5251 1564 5303 eremi
1588 5249 1699 5303 titulum
1722 5247 1860 5318 lapideum

111 5331 141 5388 iu
158 5337 251 5390 mente
263 5337 323 5407 jam
338 5336 458 5395 cultibili
476 5351 509 5393 ac
523 5344 636 5394 mutata
650 5337 691 5404 lit,
706 5341 813 5392 mutata
828 5336 960 5394 videlicet
1013 5342 1043 5395 ia
1058 5338 1115 5394 iaco
1141 5353 1193 5408 quo
1217 5339 1320 5393 locutus
1334 5339 1426 5404 meret
1450 5338 1568 5403 citieus,
1587 5335 1677 5390 libans
1698 5349 1783 5404 super
1803 5347 1860 5388 eura

112 5421 149 5476 ad
164 5420 228 5490 hoc,
246 5431 278 5480 ut
301 5424 458 5482 liatdomus
480 5427 826 5497 canceraremur
851 5426 958 5498 cogita·
1013 5429 1156 5495 libamina,
1181 5431 1206 5482 et
1229 5425 1370 5494 effunderis
1390 5426 1486 5491 oleum,
1512 5439 1663 5493 vocansque
1686 5438 1784 5477 nomeu
1812 5421 1861 5475 ioci

110 5509 221 5568 tionum
237 5528 293 5570 non
319 5515 380 5585 jam
405 5523 503 5572 contra
530 5530 608 5584 cunr,
624 5515 673 5573 sed
698 5531 758 5571 cum
774 5530 813 5584 eo,
842 5515 872 5572 in
896 5515 960 5588 ejus
1012 5517 1087 5573 itlius
1114 5516 1215 5571 Βιιιιιι.
1240 5514 1354 5571 Titulus
1376 5513 1507 5585 lapideus
1534 5512 1658 5584 erigitur
1676 5513 1707 5566 ia
1731 5512 1788 5568 loca
1810 5525 1859 5581 que

112 5596 219 5655 scilieet
241 5601 417 5661 adminiculo
438 5609 490 5660 est.
514 5604 611 5674 (lans.
633 5602 798 5674 ilduara
822 5619 891 5677 ergo
919 5607 960 5661 ibi
1014 5605 1090 5663 Deus
1105 5603 1250 5674 apparuit,
1273 5617 1340 5661 cum
1356 5603 1455 5661 lumen
1470 5601 1728 5673 humilitatisque
1754 5599 1796 5657 nil
1820 5602 1860 5654 est
