3818 6008
499 261 613 322 cusan
631 263 691 322 pm
712 265 780 323 ιιι
801 264 1098 323 romeos-me.
1119 265 1169 323 ιιι.
1281 277 1286 284 ·
1367 221 1369 225 ¹
1657 273 1710 329 ιιι

56 406 153 449 scitum
170 391 286 462 vulgus,
303 389 344 447 illi
366 391 454 448 nobili
468 393 582 450 obviam
599 394 659 451 viro
678 409 803 453 concur·
822 396 889 453 ltin
904 397 1066 454 latitudine.
1080 398 1237 469 Frangitur
1262 397 1381 454 illustris
1395 396 1518 457 bominis
1533 400 1585 458 bac
1599 401 1709 472 pollici-

64 478 201 553 quaelibet
232 480 345 536 venalia
374 495 426 551 pro
460 490 584 553 tompore
621 484 806 542 conterebat:
862 486 968 542 tatione
991 487 1141 554 severitas;
1169 500 1222 543 neo
1247 485 1344 561 dillert
1372 497 1551 545 sacramenta
1573 497 1707 561 tyranno,

56 592 68 637 ι,
97 567 194 624 triduo
216 576 282 623 ante
310 583 398 625 crenae
422 570 576 627 Dominicae
605 572 689 635 diem,
713 583 807 629 eastra
860 574 976 644 etquod
992 574 1076 646 llugo
1090 576 1213 646 ldagnus
1227 590 1293 632 cum
1316 577 1492 645 necessitate,
1509 586 1570 633 tum
1587 581 1710 649 pecunia

56 670 89 713 ιι.
119 655 302 711 Boemnndns
327 665 424 712 autem
450 659 563 727 proprio
586 658 643 715 illic
670 660 807 718 comitatu
861 662 1039 719 lenocinante
1060 662 1220 734 iuraverat,
1246 663 1299 719 boo
1326 664 1349 719 is
1373 678 1408 720 eo
1432 665 1584 731 consensit,
1613 674 1709 724 tenore

56 759 85 811 o,
99 743 364 810 Constantinopolin
380 744 580 815 proficiscitur,
597 748 805 818 paucissocum
858 748 966 819 jurare,
989 757 1022 808 ut
1047 773 1058 799 ι
1084 750 1108 806 ιι
1131 750 1229 806 Alexis
1252 765 1287 806 ca
1306 765 1366 821 qua
1386 751 1514 822 iurando
1538 752 1603 827 [ol.,
1632 752 1707 827 viro]

56 846 97 890 ins
109 832 230 900 eductis,
247 846 314 889 oum
339 832 508 903 imperatore
528 834 705 906 colloquium
720 837 805 893 babi—
860 838 1093 905 pasciscebantur
1126 839 1189 909 lot,
1207 839 1429 910 pasciscebatur]
1445 840 1622 912 infringeret,
1662 842 1710 899 ille

67 921 185 977 interim
208 922 372 978 Tancredus
397 921 569 991 procurabat
587 924 757 993 exercitum,
778 932 806 982 et
858 925 895 980 ab
914 925 968 993 bis,
990 941 1056 996 quae
1077 926 1269 996 iureiurando
1292 927 1467 996 firmaverat,
1492 929 1567 985 libor
1592 938 1675 986 esset.
1693 952 1708 979 ιι

56 1008 122 1066 ridet
137 1023 299 1079 quousque,
311 1008 372 1079 iam
384 1011 526 1067 exlrausto
542 1013 697 1082 marsupio,
715 1012 804 1069 victui
859 1013 949 1083 Sedsi
966 1015 1033 1085 quis
1053 1023 1257 1084 percunctetur
1279 1031 1371 1087 quare
1387 1017 1410 1072 ιι
1423 1025 1450 1074 ιι
1465 1017 1512 1073 ιιιι
1536 1032 1553 1073 ι
1578 1033 1630 1075 suo
1651 1020 1708 1076 sint

56 1097 118 1153 aria
141 1097 294 1154 dilllcnlter
324 1112 427 1166 emere,
465 1100 610 1169 proposuit
645 1101 721 1171 apud
763 1116 802 1170 se,
858 1101 961 1172 rigore,
984 1102 1021 1157 ad
1045 1102 1198 1159 delercnda
1229 1111 1351 1174 tyranno
1376 1114 1566 1173 sacramenta,
1588 1107 1707 1174 dellexi;

56 1187 147 1243 tritam
162 1186 239 1241 viam
255 1174 452 1252 desereret3et
466 1189 503 1244 ad
523 1196 618 1258 partes
633 1190 729 1246 minus
743 1189 804 1246 sre—
857 1191 928 1245 sciat
957 1204 1087 1260 proceres
1114 1205 1234 1247 suornm
1270 1192 1298 1247 in
1334 1192 1454 1249 Domino
1481 1194 1709 1251 oomnsilitonum

56 1281 111 1331 itas
131 1275 329 1330 itinerantium
349 1275 525 1344 assiduitate,
549 1292 616 1334 suos
634 1278 801 1346 deflecteret,
859 1278 1026 1335 subvenisse
1049 1280 1220 1345 necessitati,
1248 1280 1356 1350 quibus
1377 1289 1438 1337 erat
1459 1282 1551 1338 multa
1575 1285 1708 1354 penuria,

56 1363 129 1435 rgior
142 1362 328 1419 emendorum
344 1362 492 1419 allluentia
505 1365 615 1421 eunctis
629 1375 800 1436 suppeteret.
857 1366 879 1420 si
908 1376 1068 1422 mercatum
1089 1368 1232 1423 euntibus
1251 1376 1408 1439 negaretur
1437 1370 1581 1439 stipendii.
1611 1373 1709 1436 Alexis

57 1452 78 1509 it
97 1451 185 1524 igitur
207 1466 255 1508 eos
279 1466 296 1507 a
320 1460 409 1508 strata
429 1453 552 1522 publiea,
574 1454 737 1525 vallemque
756 1455 802 1510 di·
857 1468 974 1525 qnoque
989 1455 1078 1511 nihilo
1094 1455 1224 1511 secluset
1239 1455 1298 1526 ipse
1313 1458 1418 1512 nostris
1432 1456 1517 1513 fidem
1529 1472 1708 1519 sacramento

58 1554 106 1598 um
134 1540 337 1597 alimentorum
376 1541 504 1597 ubertate
532 1543 698 1610 conlcrtam,
725 1549 801 1600 888
855 1542 1036 1613 prestiterat,
1052 1543 1121 1614 qnia
1136 1565 1151 1592 ι
1176 1544 1235 1613 ιριι
1251 1560 1318 1600 cum
1342 1545 1393 1612 eis,
1416 1559 1468 1601 suo
1489 1548 1597 1616 pariter
1620 1551 1707 1606 comi-

56 1628 178 1686 rioribus
210 1643 329 1685 snorum
363 1629 548 1698 consulendo,
583 1632 743 1702 subintrat;
773 1633 800 1688 in
858 1638 938 1687 tante
951 1631 1089 1699 exercitu,
1106 1631 1263 1691 deveniret.
1280 1640 1416 1702 terraque
1439 1632 1707 1705 mariqueJuvarot

56 1717 182 1774 :Pascha
195 1717 377 1773 Dominicum
399 1716 494 1774 debita
514 1720 636 1789 populus
660 1735 727 1783 cum
747 1722 806 1792 ipso
826 1691 846 1745 Β
861 1734 894 1775 ιι
907 1719 1063 1790 utrobique
1075 1721 1196 1776 convehi
1212 1719 1300 1776 victui
1323 1720 1444 1776 emenda
1465 1722 1580 1792 juberet
1587 1739 1596 1792 3
1611 1725 1635 1779 si
1650 1740 1709 1796 qna

56 1820 105 1862 one
119 1805 307 1862 concelebrat.
334 1805 482 1861 stateris
503 1807 702 1865 Boemnndum
726 1810 762 1865 ιιι
776 1825 806 1868 ιι
859 1808 945 1865 etiarn
971 1808 1027 1864 illis
1048 1808 1163 1864 evenire
1178 1809 1284 1863 damna
1311 1808 1499 1880 contingeret,
1523 1812 1585 1866 siue
1614 1814 1707 1870 immi-

84 1895 271 1965 comperiens,
303 1894 456 1962 plurimam
480 1895 648 1952 adventanti
669 1911 805 1954 reveren·
860 1898 980 1954 untione
1003 1898 1163 1954 restitueret
1191 1897 1227 1952 ad
1252 1896 1485 1966 supplementum
1516 1899 1581 1971 lei..
1610 1915 1709 1972 supre-

56 1984 124 2040 ussit
140 1981 276 2051 impendi,
293 1990 320 2038 et
345 1983 496 2052 hospitalia
518 1983 548 2038 in
574 1984 664 2054 ipsius
683 1985 806 2043 civitatis
861 1984 969 2058 mum];
986 1986 1130 2041 neminem
1154 1985 1183 2040 in
1208 1985 1263 2040 bac
1285 1985 1467 2055 expeditione
1492 1988 1603 2055 vexari,
1628 1988 1702 2056 laedi,

66 2071 199 2142 praeberi.
214 2069 274 2138 Quo
289 2079 412 2141 recepto,
428 2072 464 2127 ad
479 2072 657 2143 colloquium
680 2075 805 2131 accersi·
860 2072 960 2140 occidi,
973 2081 1025 2128 aut
1044 2071 1127 2128 vellet
1142 2080 1193 2128 ant
1206 2073 1321 2140 sineret,
1338 2080 1480 2144 quantum
1508 2074 1561 2130 sibi
1585 2075 1707 2133 lacultas

56 2161 214 2230 eniensque
238 2160 315 2229 apud
337 2159 431 2230 ipsum
455 2168 563 2217 secreto
583 2169 702 2219 aeturus
725 2164 805 2220 exci—
860 2167 1057 2232 suppeteret.»

56 2299 58 2307 .
1188 2248 1304 2306 CAPUT
1323 2249 1371 2304 lll.

56 2333 70 2409 J
93 2336 207 2393 Interea
234 2334 295 2391 dux
324 2335 503 2406 Godelridus,
532 2352 598 2394 cum
621 2337 708 2395 lratre
741 2339 804 2395 Bal·
896 2335 954 2409 [it]
981 2338 1079 2393 comes
1102 2343 1239 2405 preterea
1265 2335 1361 2393 Sancti
1385 2337 1490 2408 Egidii,
1516 2353 1582 2395 cum
1605 2343 1707 2400 eastris

56 2437 109 2481 ,aa
122 2423 224 2481 deinde
249 2423 345 2479 sancti
368 2423 461 2495 Egidii
481 2439 585 2492 comes,
604 2427 720 2497 utrique
738 2442 805 2484 cum
861 2426 922 2481 suis
941 2432 1109 2495 occupasset
1136 2425 1275 2494 byzantea
1294 2424 1446 2493 suburbia,
1463 2440 1530 2496 pars
1545 2441 1613 2484 vero
1627 2429 1707 2484 mili-

62 2525 120 2568 non
134 2512 252 2583 exigna,
268 2512 388 2583 attigere
401 2512 715 2583 Constantinopolitana
732 2515 804 2572 snb·
858 2517 904 2569 tiae
923 2513 1048 2570 necdum
1072 2513 1106 2567 ad
1130 2512 1274 2582 integrum
1295 2513 1482 2582 convenisset,
1503 2516 1586 2586 coepit
1606 2522 1705 2586 tyran-

75 2600 156 2655 l'unc
176 2598 272 2656 Alexis
293 2600 430 2669 perudus,
453 2601 503 2671 qui
524 2601 590 2657 olim
615 2610 714 2658 contra
735 2604 805 2660 'lur-
859 2616 915 2658 nus
942 2602 1072 2658 comitem
1094 2600 1245 2657 sollicitare
1270 2615 1320 2671 per
1348 2602 1495 2671 nuntium,
1524 2611 1565 2671 nt,
1590 2605 1631 2660 nti
1656 2605 1706 2660 alli

58 2688 195 2744 xiliorum
211 2688 368 2758 putabatur
390 2688 504 2756 avidus,
521 2691 678 2747 acerbitate
703 2706 804 2749 ranco-
857 2692 992 2758 lecerant,
1020 2688 1113 2746 facere
1136 2697 1164 2746 et
1192 2690 1245 2760 ipsi
1276 2691 1330 2746 sibl
1359 2698 1505 2761 pateretur
1532 2692 1704 2750 hominium.

56 2776 192 2845 lrepduit,
216 2785 244 2833 et
267 2792 326 2847 qua
341 2777 442 2833 lraude
466 2786 505 2834 tot
528 2779 654 2846 militias,
684 2782 748 2849 sibi,
774 2789 804 2838 ut
858 2779 1012 2837 Mandabat
1026 2778 1088 2834 baee
1102 2779 1217 2848 tyranni
1232 2777 1379 2834 insolentis
1393 2780 1509 2848 astutia,
1531 2781 1579 2837 ιιιι
1598 2796 1614 2837 ι
1633 2797 1706 2838 con-

56 2872 87 2932 tt,
103 2863 279 2936 ingruentes,
304 2866 383 2936 turpi
411 2867 600 2936 praecipitaret
622 2868 706 2925 exitio
732 2884 804 2939 sape
857 2875 912 2933 ιιι,
949 2864 1092 2936 quomodo
1141 2865 1311 2936 nequissimi
1341 2865 1527 2923 ulcisceretur
1555 2868 1703 2935 invidiam,

56 2953 88 3009 it.
100 2951 153 3009 Sed
166 2955 250 3020 bens,
275 2955 359 3024 eujus
384 2954 432 3010 illa
456 2954 503 3024 pia
523 2955 641 3026 agmina
662 2956 802 3013 duceban·
822 2954 971 3036 cremitis
986 2953 1101 3025 gloriosi
1115 2961 1239 3023 ceperat
1258 2955 1318 3024 jam
1343 2968 1440 3010 secum
1464 2959 1613 3013 ruminare
1633 2972 1705 3026 prn-

56 3041 168 3108 stinetu,
184 3041 223 3096 ita
235 3055 282 3097 eos
296 3049 339 3098 est
354 3043 444 3099 tuitus
468 3050 500 3098 nt
522 3044 620 3100 nullus
645 3044 681 3100 ιιι
701 3059 800 3101 eornm
853 3042 960 3102 dentia.
978 3044 1015 3098 m
1041 3043 1194 3112 principes,
1217 3043 1280 3098 dux
1295 3043 1395 3113 utique
1414 3043 1594 3112 Godelridus,
1617 3046 1700 3117 llngo

56 3142 100 3186 em
113 3129 290 3198 nequissimo
312 3138 418 3199 pateret
436 3130 526 3198 locus,
551 3131 616 3200 imo,
635 3133 712 3187 omni
734 3147 801 3202 pos-
854 3133 987 3204 Magnus,
1017 3132 1217 3201 Robertnsqne
1242 3131 1436 3199 Flandrensis‚
1459 3140 1487 3188 et
1509 3133 1604 3190 caeteri
1620 3134 1703 3190 dixe-

56 3224 90 3274 ιιι
108 3217 229 3286 succisa,
253 3219 351 3288 gravis
373 3219 476 3275 misero
496 3219 674 3277 incuteretur
696 3229 799 3277 metus.
855 3228 924 3278 runt
939 3221 1009 3290 qnia
1029 3231 1189 3289 nunquam.
1204 3225 1305 3274 contra
1320 3217 1446 3289 aliquem
1469 3221 1520 3290 qui
1542 3220 1705 3278 Christiano

56 3305 172 3362 revisis
195 3305 403 3362 confluentium
426 3308 536 3375 cuneis,
563 3307 802 3381 Constantinopo-
855 3314 1006 3364 censeatur
1035 3306 1199 3377 agnomine,
1229 3319 1311 3361 arma
1332 3308 1499 3376 portabunt.
1527 3309 1648 3380 lnsnper
1677 3318 1705 3368 et

63 3393 237 3463 turbantnr;
259 3394 472 3465 consiliumque
502 3396 664 3465 quaesituri,
696 3397 802 3468 glome·
857 3393 1043 3451 Boemnndns
1058 3394 1155 3450 intulit
1168 3394 1239 3465 quia
1254 3393 1277 3449 si
1297 3393 1405 3450 bellum
1427 3395 1591 3465 imperatori
1606 3411 1705 3454 move-

56 3494 69 3534 ι
92 3482 166 3537 llum
189 3482 267 3538 enim
292 3482 391 3537 timent
412 3496 448 3538 nc
469 3483 571 3540 civitas
593 3486 802 3554 supervenien-
856 3489 908 3544 ιιι,
927 3488 955 3538 ιι
987 3490 1167 3537 sacramenta
1188 3481 1350 3538 securitatis
1374 3483 1523 3550 abnueret,
1555 3484 1706 3554 imperato-

56 3568 259 3624 nnmerositate
283 3577 440 3639 prematur,
468 3577 496 3626 et
524 3584 625 3627 eornm
648 3571 803 3641 provincie
855 3569 906 3625 ria
921 3568 979 3638 ipse
995 3569 1202 3625 adminiculum
1219 3569 1460 3639 partisexisteret.
1486 3572 1587 3641 ltaque
1612 3585 1705 3627 comcs

56 3654 170 3712 alationi
192 3657 355 3725 tradantur,
380 3657 408 3712 in
431 3657 541 3714 consilii
555 3658 645 3714 babiti
668 3650 803 3715 eventila·
856 3655 1066 3713 communicato
1090 3670 1156 3711 cnm
1185 3670 1306 3712 suorum
1334 3671 1451 3727 quoque
1478 3660 1703 3715 necessariorum

56 3744 215 3814 reperiunt,
236 3757 381 3814 quatenns
403 3753 615 3802 sacramentnm
639 3746 737 3818 exigat
759 3753 801 3816 ty·
855 3743 972 3800 consilio
996 3741 1057 3816 [ab.
1078 3757 1146 3799 cum
1172 3744 1233 3800 suis
1248 3745 1388 3815 consilio],
1406 3767 1417 3794 ι
1441 3745 1507 3802 vitae
1531 3760 1564 3802 ac
1586 3747 1704 3804 honoris

56 3845 97 3888 sa
113 3832 230 3888 Francis
247 3853 257 3881 ι
274 3833 352 3903 qnod
367 3847 518 3902 nunqnam
534 3833 592 3890 sint
609 3833 664 3890 sibi
679 3834 802 3891 nocituri
856 3831 1083 3898 indemnitatem,
1100 3853 1111 3880 »
1133 3833 1213 3902 jurat
1229 3832 1311 3888 Alexi
1328 3832 1425 3904 impio,
1451 3834 1528 3904 quod
1549 3856 1563 3883 «
1579 3850 1631 3890 nec
1655 3849 1704 3904 per

56 3919 89 3977 is.
103 3940 117 3970 ι
134 3917 215 3986 Quod
230 3920 280 3976 ubi
294 3920 520 3977 luitnostrorum
534 3921 710 3992 primoribus
720 3923 801 3994 agni·
856 3935 886 3977 se
910 3918 1050 3987 videlicet,
1079 3934 1175 3990 nequo
1207 3920 1376 3991 opitulando
1405 3922 1464 3990 alii,
1494 3922 1572 3979 illius
1596 3924 1704 3980 faveret

56 4021 160 4080 magna
182 4016 224 4063 est
251 4006 326 4064 illico
348 4008 573 4066 subsannatione
595 4019 801 4081 contemptum.
854 4008 981 4065 exitio.»
1006 4006 1141 4080 Cumque
1160 4009 1187 4064 ci
1219 4010 1340 4066 verbnm
1364 4008 1399 4066 de
1414 4010 1542 4068 hominio
1567 4012 1704 4082 replicas-

56 4096 168 4153 rderant
183 4095 267 4166 plane
289 4096 358 4167 quia
376 4097 400 4152 si
421 4112 479 4168 quo
495 4107 577 4168 paeto
600 4098 707 4170 primos
720 4114 803 4156 exer·
857 4104 929 4165 ιιιι,
945 4096 1018 4152 dixit
1033 4111 1062 4152 sc
1080 4097 1184 4167 capitis
1202 4097 1286 4153 malle
1311 4096 1410 4154 subire
1431 4098 1593 4168 pericnlum
1616 4115 1705 4172 quam

56 4197 73 4239 ι
95 4191 185 4253 erepto
206 4197 340 4240 exerrare
368 4185 555 4256 contingeret,
586 4194 625 4242 tot
651 4195 803 4258 tantosque
856 4185 906 4241 tali
921 4184 1004 4241 modo
1020 4199 1050 4241 se
1067 4185 1162 4242 eilore
1178 4185 1349 4241 obnoxium.

56 4286 62 4329 t
83 4271 291 4342 stipendiorum
312 4273 410 4342 inopes
437 4272 535 4341 laotos,
557 4282 657 4331 contra
680 4290 714 4332 ιι
737 4271 843 4348 qnaeu
892 4273 1004 4329 Interea
1026 4273 1183 4329 Boemnndi
1212 4273 1358 4331 exercitus
1386 4274 1707 4345 constantinopolitanis

57 4366 90 4417 nt
108 4369 299 4423 sacramenta,
327 4360 433 4429 perfido
458 4361 580 4432 principi
603 4363 708 4421 inferre
728 4379 803 4435 prae-
857 4360 974 4417 arcibus
988 4361 1210 4431 propinquabat.
1227 4362 1394 4418 Tancredus
1416 4361 1522 4432 itaque,
1540 4377 1705 4420 sacramen-

56 4455 197 4518 >perteret
215 4449 249 4504 Et
263 4457 348 4517 certe,
365 4470 380 4497 «
393 4450 417 4505 si
433 4450 525 4516 nobis,
543 4450 690 4522 inquiunt,
706 4452 805 4510 nullus
857 4450 893 4506 tis
909 4463 975 4521 qnae
991 4449 1184 4519 exigebantur
1202 4449 1238 4506 ab
1266 4451 1437 4520 imperatore
1459 4451 1622 4521 compertis,
1639 4465 1705 4508 cum

57 4535 135 4593 beret
160 4537 245 4593 timor
270 4538 447 4605 futurorum,
473 4539 501 4593 id
525 4539 627 4605 solnm,
653 4541 731 4610 qnod
756 4555 805 4611 per
857 4552 891 4594 ιι
914 4551 1002 4608 quarn
1026 4536 1163 4593 ductabat
1175 4538 1253 4594 omni
1266 4552 1336 4608 pene
1351 4537 1508 4594 Boemnndi
1533 4538 1705 4610 trequentia,

56 4623 102 4680 ‚los
125 4624 202 4688 istos,
227 4626 358 4681 omnium
384 4625 582 4694 inertissimos,
604 4628 703 4699 jurare
725 4644 805 4700 coge·
858 4625 954 4682 Sancti
982 4624 1096 4696 Georgii
1124 4625 1252 4682 celeriter
1281 4626 1435 4682 Brachium
1461 4625 1706 4697 praetergreditur.

56 4713 166 4779 ,nobis
179 4721 252 4769 ιιιιι
274 4713 447 4784 sempiterne
462 4714 640 4784 pudendum.
658 4715 745 4772 Plane
757 4730 806 4772 eos
858 4715 902 4771 Ad
917 4713 988 4782 baec,
1005 4712 1101 4769 Sancti
1123 4713 1218 4785 Egidii
1239 4713 1351 4770 comitis
1374 4712 1526 4778 exercitus,
1552 4727 1604 4784 per
1624 4714 1704 4786 ejns·

56 4814 86 4858 os
100 4800 217 4857 minime
231 4801 415 4872 ambigimus,
431 4802 510 4872 quia,
525 4801 648 4858 volimus
669 4802 804 4870 nolimus,
858 4802 921 4858 dem
937 4800 1017 4857 urbis
1029 4800 1154 4857 confinia
1169 4809 1262 4857 castra
1286 4801 1418 4871 ponendo
1443 4801 1630 4873 dispergitur.
1651 4800 1707 4869 Qui

60 4903 86 4945 m
102 4888 221 4959 imperio
232 4889 448 4958 paruerimus.»
859 4903 953 4945 comes
977 4888 1082 4945 ibidem
1105 4903 1172 4946 cnm
1200 4889 1261 4945 suis
1288 4889 1375 4959 copiis
1402 4887 1613 4958 aliquantisper
1638 4888 1708 4945 desi·

56 4976 114 5033 bac
138 4976 300 5046 imperator,
324 4975 509 5032 fortissimum
532 4977 731 5034 boemundum
756 4990 806 5048 ag·
859 4977 925 5033 dere
950 4976 1100 5047 disposuit.
1124 4977 1307 5033 Boemnndns
1329 4976 1417 5033 etiam
1440 4991 1505 5033 cnm
1535 4976 1708 5047 imperatore

55 5077 100 5132 nr,
115 5071 142 5119 ιι
153 5064 323 5121 muneribus
334 5072 416 5134 parat
427 5064 540 5121 allicere
550 5079 636 5136 quem
648 5065 806 5136 plurimum
860 5065 1006 5133 remansit,
1024 5073 1055 5122 ut
1069 5079 1136 5121 cnm
1154 5080 1187 5121 eo
1212 5063 1318 5121 valeret
1333 5071 1456 5121 tractare
1478 5065 1620 5133 licentius,
1636 5078 1707 5136 qua·

56 5158 125 5208 atur.
143 5151 219 5208 Bello
233 5153 310 5208 enim
327 5166 394 5209 eum
412 5165 487 5223 sape
506 5153 626 5224 vicerat;
638 5161 667 5209 et
682 5153 743 5209 ideo
766 5152 807 5209 illi
861 5160 945 5210 tenus
964 5153 1105 5223 imperiali
1130 5152 1233 5221 edicto,
1262 5167 1313 5223 pro
1336 5153 1522 5210 convehendo
1536 5152 1708 5210 victualium

70 5252 159 5309 quarn
175 5240 285 5295 caeteris
300 5237 466 5295 imminebat
490 5253 577 5310 quern
597 5238 806 5308 suumspccia-
862 5239 992 5309 undique
1016 5239 1141 5310 negotio,
1176 5239 1311 5309 gentibus
1348 5246 1429 5294 trans
1451 5238 1577 5295 Nicaeam
1609 5239 1708 5309 positis

56 5325 193 5384 amulum
221 5325 403 5398 agnoscebat.
428 5325 553 5396 Spondet
577 5340 646 5397 ergo
669 5326 695 5382 ei
721 5326 808 5397 qnin-
861 5326 1054 5385 denuntiaret.
1075 5326 1245 5383 (lodelridns
1268 5333 1364 5383 autem
1382 5327 1456 5395 dux,
1481 5326 1532 5398 qni
1560 5340 1709 5396 praecesse

79 5412 189 5471 dietum
219 5415 320 5471 itinere
347 5420 452 5470 terram
480 5414 572 5471 eidem
599 5427 630 5470 se
658 5414 807 5479 daturum,
862 5423 927 5487 rat,
952 5430 1018 5474 oum
1046 5414 1192 5472 Tancredo
1230 5420 1306 5471 m
1343 5417 1473 5486 pervenit
1499 5414 1707 5487 Nicomediam,

56 5501 297 5572 assimulamus
320 5500 510 5574 longitudine,
535 5509 599 5560 octo
621 5501 811 5558 nibilominus
862 5503 1014 5562 Nicomede
1035 5512 1162 5569 anctore,
1184 5503 1235 5574 qni
1260 5503 1406 5575 subegisse
1431 5504 1582 5571 Cesaram,
1607 5511 1636 5561 et
1650 5518 1709 5562 non
