3794 6008
1882 40 1886 91 l

1884 114 1889 183 ἰ

43 356 45 363 A
105 290 157 343 11115
565 288 717 346 secudu.
739 291 787 346 ab
808 291 873 347 LlB.
894 290 945 347 lll.
966 290 1132 349 turudum
1153 289 1196 344 DE
1215 288 1297 345 VITA
1317 287 1392 344 SUA.
1806 286 1854 340 9911

107 425 270 483 wasconia.
288 425 324 481 Ut
346 425 421 480 enim
439 425 473 480 de
494 424 558 480 aliis
574 433 692 493 taceam,
709 441 746 483 ex
762 427 821 483 sola
838 427 955 498 3331313
970 427 1103 497 3313331
1126 425 1265 481 333333
1299 423 1477 481 Bernardum
1510 423 1642 479 31113133
1664 422 1856 480 3133331133-

108 513 202 570 Sancti
225 512 340 569 blartinl
367 511 494 581 ecclesia,
530 514 576 570 oui
608 515 704 572 adhuc
736 516 847 586 primus
866 517 955 574 abbas

108 601 231 657 domnus
254 599 406 657 Gualterus
430 609 540 671 333331,
562 602 623 673 jam
641 603 791 659 duodecim
816 605 954 674 3113313-

108 695 254 745 cesserunt
278 689 458 744 monasteria.
479 688 537 745 1133
558 704 625 745 vero
639 690 732 746 solum
759 693 955 748 1131331333

107 775 161 832 boc
191 775 301 832 lumine
338 776 552 847 perlustrantur
592 779 757 848 provinciae,
793 781 840 837 333
868 783 953 837 etiam

107 877 186 920 mare
198 865 257 935 jam
274 863 363 935 hujus
378 866 444 921 novi
456 865 524 922 solis
536 867 635 923 radius
650 868 792 936 transivit,
812 876 839 925 et
855 868 954 924 urbem

108 950 285 1009 Hierusalem
321 953 498 1009 transmissis
528 955 637 1026 aliquot
670 956 836 1013 clarissimis
867 956 956 1013 stellis

107 1039 272 1097 irradiando
291 1041 510 1112 splendificavit.

142 1128 216 1197 Quid
243 1130 291 1185 alii
313 1132 438 1188 sentiant
471 1131 583 1203 ignoro,
616 1146 670 1204 ego
699 1133 784 1190 corde
808 1134 903 1201 credo,
927 1141 957 1191 ct

107 1217 228 1275 tidenter
250 1232 298 1275 ore
323 1219 487 1289 pronuntio,
508 1221 639 1277 omnium
663 1220 815 1289 bonorum,
837 1236 903 1292 333
927 1225 955 1278 13

107 1312 148 1363 131
162 1306 306 1376 predictis
332 1309 511 1365 monasteriis
533 1309 615 1378 dunt,
646 1310 690 1366 vel
706 1309 855 1380 331333333
876 1309 954 1375 ssent,

107 1394 246 1451 domnum
264 1395 503 1452 bartholomaeum
518 1397 682 1467 episcopum
704 1403 862 1453 consortem
883 1411 954 1466 3333,

1009 514 1177 572 33333333
1204 522 1400 584 1333333333
1424 511 1739 580 3113331333111133333,
1763 520 1859 567 tamen

1007 604 1030 661 si
1056 603 1121 673 quis
1137 602 1304 674 diligentius
1322 601 1459 669 attendat,
1486 608 1555 670 puto
1585 600 1860 670 3333Ν331133133

1009 692 1170 763 3333311333
1193 705 1251 748 333
1276 689 1403 761 negabit.
1430 689 1559 745 1133333
1579 689 1720 759 31331333
1737 689 1860 744 Bernar-

1009 784 1064 838 333
1087 781 1165 837 111133
1188 778 1335 850 religionis
1364 792 1419 834 non
1453 778 1507 834 luit
1538 777 1688 847 13333133,
1721 778 1772 833 333
1801 779 1861 849 jam

1008 868 1107 924 33333
1120 866 1221 937 religio
1236 864 1356 922 llorebat
1366 865 1393 919 in
1405 863 1564 920 cistellensi
1579 863 1652 934 131,
1665 861 1860 935 Cistertiensi]

1008 955 1148 1023 ooenobio,
1172 955 1201 1010 iu
1217 968 1275 1025 quo
1290 951 1427 1024 33313133
1442 952 1608 1008 Bernartius
1631 958 1704 1007 esset
1727 950 1863 1017 31331333,

1009 1043 1109 1100 333113
1132 1040 1261 1114 ejusdem
1284 1040 1430 1111 religionis
1453 1040 1539 1106 lama,
1563 1039 1754 1095 monasticum
1779 1037 1862 1094 habi-

1010 1140 1071 1189 tum
1097 1130 1152 1190 sub
1175 1130 1278 1187 abbate
1302 1127 1445 1199 Stephano
1473 1129 1605 1198 sumpsit.
1629 1128 1669 1183 113
1692 1141 1751 1198 333
1775 1126 1862 1182 etiam

1009 1219 1137 1277 coenobio
1152 1217 1362 1276 clarevallense
1376 1216 1584 1272 monasterium
1606 1217 1752 1287 processit,
1777 1216 1862 1286 cujus

1010 1308 1083 1364 idem
1108 1305 1283 1373 Bernardus,
1307 1318 1358 1374 pro
1382 1317 1438 1362 sua
1462 1304 1614 1360 sanctitate
1637 1302 1748 1374 primus
1773 1302 1862 1359 abbas

1008 1404 1050 1453 est
1067 1395 1222 1452 institutus.

108 1483 335 1554 participemque
355 1491 382 1539 et
408 1484 957 1554 333333313333.(]333313131133
1046 1485 1108 1553 lpse
1131 1496 1211 1554 ergo,
1235 1481 1370 1552 quamvis
1398 1493 1452 1538 333
1484 1479 1686 1551 predicatione
1720 1479 1862 1550 plurimos

108 1569 137 1626 in
162 1566 319 1641 Evangelio
347 1571 422 1627 31331
448 1586 455 1626 :
481 1570 570 1639 «Qui
605 1572 704 1643 recipit
730 1574 899 1644 prophetam
926 1574 955 1630 13
1009 1573 1182 1628 converterit
1212 1570 1362 1640 multaque
1391 1568 1564 1626 monasteria
1594 1570 1630 1625 33
1657 1567 1859 1624 Clarevallensi
1890 1556 1893 1587 ³

107 1661 224 1716 333133
255 1659 409 1729 prophete,
444 1660 601 1716 mercedem
644 1662 789 1731 prophetae
838 1663 956 1732 accipiet
1010 1659 1103 1730 gratia
1119 1656 1167 1714 1131
1187 1658 1328 1729 genuerit,
1355 1665 1450 1713 13333
1475 1656 1564 1725 133133
1586 1655 1733 1726 religionis
1753 1658 1860 1725 rigator

107 1747 224 1818 (1113111.
239 1762 267 1816 11,
283 1748 340 1817 ll),
358 1769 372 1797 »
386 1747 510 1818 33313313
536 1748 718 1819 1133313333
743 1736 1128 1819 333111331313,Β331333
1159 1760 1294 1817 magnus,
1326 1755 1352 1801 31
1378 1752 1560 1816 propagator,
1590 1743 1718 1800 333333
1751 1744 1859 1814 primus

107 1835 159 1907 qui
182 1835 334 1905 praelatum
358 1849 475 1892 servum
495 1837 544 1892 1131
573 1851 628 1892 333
653 1839 744 1893 33133
767 1840 883 1909 recepit,
908 1841 956 1895 333
1011 1834 1066 1891 1311
1091 1835 1242 1905 plantator.
1276 1833 1434 1890 Norbertus
1466 1840 1562 1889 autem
1591 1845 1651 1888 333
1674 1831 1858 1888 1331113113313

107 1924 205 1993 31133,
231 1931 373 1993 utsupra
396 1925 534 1993 33313133
560 1932 612 1992 331,
646 1925 815 1982 intermissis
845 1927 957 1997 331333-
1011 1926 1122 1996 331333
1143 1925 1196 1981 1311
1211 1925 1355 1995 313313133
1374 1922 1543 1993 331333333
1558 1921 1606 1977 1131
1622 1921 1696 1976 3333
1713 1921 1856 1990 inmemor,

108 2011 222 2082 palibus
245 2011 375 2082 negotiis,
400 2026 451 2082 per
475 2019 515 2069 131
530 2013 670 2069 silvarum
695 2015 777 2070 devia
792 2022 819 2070 31
841 2014 957 2071 horrida
1011 2009 1564 2084 3333133113131333333333333311
1586 2007 1742 2080 Augustini
1767 2007 1858 2063 dicant

108 2099 169 2157 loca
190 2100 417 2169 circumducere,
440 2101 518 2158 3133
543 2102 678 2158 ultimum
703 2101 732 2157 13
749 2102 957 2161 Praemonstra-
1011 2116 1041 2158 33
1067 2111 1161 2158 133333
1185 2099 1326 2172 regulam,
1360 2108 1465 2165 tamen,
1488 2105 1520 2154 ut
1552 2096 1679 2167 ejusdem
1703 2096 1856 2152 113311113-
1892 2126 1895 2135 ·

109 2187 181 2243 13331
213 2187 368 2244 3311133133
409 2188 529 2245 firmiter
563 2191 701 2259 plantare,
736 2191 957 2262 plantatumque
1011 2191 1118 2262 gustini
1141 2204 1211 2260 3333
1234 2188 1374 2254 3133333,
1402 2187 1493 2242 multo
1509 2185 1684 2257 rigidiorem,
1703 2185 1857 2255 multoque

104 2274 215 2347 jugiter
237 2277 332 2346 rigare
357 2277 477 2340 studuit,
511 2277 622 2334 1333133
653 2277 755 2350 311333
780 2279 857 2336 111133
879 2278 957 2336 33131
1011 2278 1181 2335 severiorem
1206 2278 1338 2334 videmus
1352 2289 1413 2333 esse
1432 2274 1565 2332 Norberti
1589 2286 1677 2345 quam
1702 2273 1855 2345 Augustini
1892 2310 1895 2319 .

105 2364 237 2420 mercede
261 2379 319 2420 non
336 2364 454 2421 carebit.
479 2365 585 2422 Beatus
600 2366 743 2437 siquidem
758 2366 913 2438 Gregorius
928 2368 956 2423 iu
1012 2367 1229 2423 institutionem.
1891 2338 1895 2447 Ι

107 2450 225 2508 bomilia
240 2453 415 2525 Evangelii«
435 2455 836 2527 33333313133331331333.
851 2457 953 2526 1131)»
1046 2456 1186 2511 Praeterea
1211 2454 1240 2509 13
1264 2452 1420 2511 cistellensi
1452 2450 1581 2509 coenobio
1612 2447 1662 2506 3311
1685 2448 1741 2505 viri
1775 2449 1858 2506 susci·
1891 2462 1896 2531 3

107 2539 255 2611 praefatam
289 2543 458 2599 sententiam
483 2541 620 2599 subtilius
645 2557 793 2613 exponens
817 2559 823 2599 :
846 2543 957 2600 113133-
1010 2543 1144 2614 3133133,
1168 2542 1292 2598 333333
1315 2554 1383 2596 vero
1407 2540 1565 2596 Norbertus
1589 2552 1655 2594 333
1680 2551 1754 2593 sexu
1786 2535 1857 2593 virili
1891 2536 1895 2573 ¹

106 2628 187 2695 dum,
206 2629 311 2700 inquit,
329 2630 406 2700 quod
430 2644 486 2686 non
503 2631 543 2686 ait
561 2630 703 2688 Dominus
728 2632 908 2689 :blercedem
923 2634 958 2688 de
1010 2632 1096 2688 etiam
1118 2630 1272 2687 femineum
1296 2629 1333 2685 ad
1349 2629 1563 2686 conversionem
1577 2625 1682 2697 suscipi
1702 2626 1858 2692 3333111311,
1890 2630 1894 2661 ³

107 2717 244 2787 propbeta
276 2716 405 2787 accipiet,
439 2718 489 2774 sed
521 2720 678 2775 mercedem
707 2720 861 2790 propbeta,
887 2719 958 2790 3313
1011 2718 1051 2776 ita
1070 2727 1102 2775 ut
1124 2719 1209 2776 etiam
1232 2717 1382 2775 arctiorem
1398 2726 1426 2774 et
1450 2715 1650 2773 districtiorem
1672 2715 1701 2769 in
1721 2714 1785 2785 ejus
1800 2728 1859 2769 mo·
1891 2704 1895 2753 1

107 2806 266 2862 33333333
288 2819 376 2876 3333
399 2805 537 2876 propheta
554 2806 588 2863 de
609 2805 684 2863 bono
698 2821 783 2878 opere
797 2821 850 2864 suo
866 2820 884 2862 a
900 2807 957 2864 Deo
1011 2808 1144 2864 nasteriis
1167 2808 1316 2864 videamus
1338 2820 1399 2863 3333
1422 2804 1665 2862 conversationem
1687 2802 1859 2860 laminarum

106 2892 226 2962 accepit,
247 2892 376 2948 eamdem
408 2893 492 2949 31133
524 2894 592 2964 1333,
627 2895 768 2965 quicum
797 2895 957 2965 3331313333
1011 2908 1099 2965 3333
1124 2894 1263 2951 virorum.
1288 2894 1332 2949 1111
1355 2901 1451 2950 33133
1469 2900 1525 2949 133
1547 2906 1597 2962 pro
1612 2891 1781 2947 necessariis
1793 2903 1860 2960 333-
1893 2936 1896 2941 .

106 2980 132 3037 31
157 2980 273 3052 adjutor
295 2981 414 3048 exstitit,
438 2996 469 3038 se
489 2990 689 3052 percepturum
713 2985 824 3040 noverit
840 2983 956 3056 (113311.
1011 2983 1093 3040 ribus
1107 2997 1195 3054 quam
1216 2996 1266 3048 pro
1285 2982 1349 3038 31113
1371 2981 1493 3053 negotiis
1511 2989 1572 3051 post
1596 2979 1811 3036 conversionem
1826 2977 1859 3032 ad

107 3066 151 3137 20,
168 3068 222 3125 sub
239 3068 389 3139 medium).
1012 3072 1161 3141 publicum
1194 3070 1417 3142 progredientes,
1450 3068 1649 3125 ecclesiasticis
1684 3067 1857 3137 1333333133,

142 3157 186 3213 Ad
206 3158 291 3228 cuius
304 3158 345 3213 rei
361 3159 561 3215 certitudinem
580 3159 741 3218 evidentius
754 3161 956 3217 demonstran·
1011 3160 1166 3216 autetiam
1189 3158 1378 3216 secularibus
1407 3157 1559 3228 responsis,
1593 3155 1638 3212 vel
1668 3155 1857 3227 legationibus

107 3246 185 3311 dam,
210 3246 284 3302 idem
309 3246 409 3303 beatus
433 3247 588 3319 Gregorius
610 3248 697 3305 etiam
718 3249 798 3304 133133
812 3249 956 3319 propbetas
1011 3247 1197 3318 implicantur
1217 3256 1244 3303 31
1268 3247 1412 3304 331131133
1437 3261 1511 3317 3333
1533 3245 1561 3301 13
1586 3243 1675 3315 priori
1695 3244 1756 3299 vita
1778 3242 1855 3299 3311-

108 3334 302 3392 13311333133
327 3335 489 3407 subjungit,
512 3337 562 3407 331
593 3336 664 3394 13133
685 3339 813 3405 cedrum,
838 3337 956 3406 olivam,
1011 3351 1096 3403 mus,
1120 3344 1171 3393 aut
1194 3342 1269 3392 54⁸
1298 3337 1420 3392 33311333
1448 3335 1546 3402 131333,
1577 3341 1628 3388 331
1652 3345 1804 3402 pauperes,
1831 3330 1855 3384 in

108 3422 240 3491 abietem,
279 3430 456 3494 ceterasque
493 3426 675 3495 pretiosiores
710 3427 838 3496 arbores,
869 3426 957 3483 etiam
1010 3423 1158 3496 religionis
1180 3423 1282 3480 babitu
1304 3423 1387 3494 quasi
1409 3423 1535 3478 13313333
1558 3422 1703 3477 cernimus
1724 3421 1857 3490 equitan-

108 3510 180 3568 ulmi
193 3509 260 3567 lacit
279 3513 464 3578 mentionem,
480 3527 545 3583 333
562 3513 626 3571 licet
646 3528 695 3584 per
709 3529 739 3571 33
752 3513 880 3571 1333133
899 3529 956 3570 333
1010 3519 1066 3583 133;
1093 3511 1206 3568 1331313
1226 3518 1322 3568 33133
1346 3523 1413 3565 mox
1436 3517 1468 3566 ut
1492 3522 1637 3565 conversa
1665 3507 1773 3564 luerint
1797 3520 1858 3577 per·

107 3600 191 3669 terat,
216 3607 312 3656 tamen
341 3614 406 3657 cum
432 3602 517 3657 vitem
544 3617 610 3659 333
642 3603 721 3661 botro
744 3612 846 3674 portat,
871 3603 956 3660 etiam
1011 3608 1098 3670 petua
1129 3598 1263 3670 deinceps
1296 3599 1342 3656 1311
1375 3605 1481 3666 33331,
1515 3610 1628 3668 semper
1659 3597 1736 3653 intra
1759 3596 1860 3652 domus

109 3687 339 3760 133331133133
361 3695 547 3759 3333313133
569 3689 645 3745 inter
659 3690 776 3747 arbores
796 3691 957 3748 fructiferas
1011 3688 1151 3745 ambitum
1174 3688 1288 3745 clausas
1312 3685 1438 3752 retineri,
1474 3699 1620 3757 nusquam
1651 3684 1775 3743 ulterius
1800 3698 1861 3755 pro

109 3779 258 3846 (133131,
286 3777 338 3847 m).
363 3776 454 3844 Quam
477 3777 551 3834 beati
574 3777 704 3850 Gregorii
729 3780 909 3846 sententiam,
932 3781 955 3835 si
1011 3776 1101 3847 gredi,
1122 3776 1288 3839 331113133.
1313 3775 1469 3832 33331333
1492 3783 1639 3842 extraneo,
1656 3773 1705 3830 sed
1727 3787 1781 3830 nec
1795 3786 1860 3844 ger-

108 3866 176 3938 quis
199 3866 365 3937 diligentius
389 3866 455 3921 velit
479 3867 627 3937 inspicere,
654 3875 723 3938 puto
739 3868 816 3938 quod
833 3882 877 3924 me
899 3882 956 3924 non
1011 3879 1106 3932 mano,
1136 3872 1187 3922 aut
1214 3864 1375 3935 propinquo
1406 3862 1497 3935 loqui,
1519 3863 1575 3918 nisi
1596 3863 1631 3919 ad
1654 3862 1809 3918 fenestram
1834 3861 1861 3914 13

109 3953 247 4011 3331331111
280 3953 333 4009 boo
366 3953 522 4023 3331331333,
557 3955 606 4011 333
639 3955 760 4012 tidenter
788 3956 873 4013 etiam
898 3956 957 4027 ipse
1010 3953 1138 4020 33313313,
1154 3952 1269 4008 duobus
1294 3951 1364 4007 viris
1378 3949 1522 4006 conversis
1545 3963 1611 4006 cum
1635 3946 1859 4015 viroexterius,

110 4040 319 4113 pronuntiabit,
337 4028 428 4110 'quod
461 4042 598 4112 praelatus
626 4043 779 4113 episcopus
806 4044 957 4101 Bartholo-
1010 4048 1038 4097 31
1052 4041 1169 4097 duabus
1183 4039 1296 4096 1331313
1310 4054 1377 4096 333
1400 4040 1449 4095 1113
1474 4039 1595 4095 13133133
1617 4036 1821 4104 residentibus,
1836 4043 1861 4090 31

110 4142 200 4185 3333
221 4127 285 4184 licet
307 4127 504 4184 ecclesiasticis
526 4129 626 4186 ciliciis
646 4138 812 4201 occupatus,
837 4131 955 4188 3333313-
1011 4128 1154 4199 33133313
1168 4128 1273 4185 dicitur
1284 4126 1478 4184 audientibus.

109 4216 193 4273 ribus
219 4214 339 4288 negotiis
365 4214 505 4286 implicari
533 4216 613 4274 visus
640 4217 734 4286 luerit,
764 4227 859 4275 tamen
886 4220 956 4276 dnm
1048 4218 1079 4272 ln
1105 4217 1164 4287 ipso
1186 4217 1272 4273 etiam
1305 4214 1499 4273 conversionis
1528 4214 1607 4270 initio
1629 4227 1696 4270 mox
1719 4220 1753 4270 ut
1776 4212 1862 4270 susci·

110 4317 207 4361 servos
232 4302 282 4358 1131
306 4302 484 4359 mundanam
513 4304 601 4361 vitam
635 4303 778 4376 rugientes
810 4313 958 4377 tantopere
975 4316 998 4371 p
1014 4304 1144 4375 piuntur,
1169 4304 1205 4360 ad
1229 4304 1413 4360 resecandam
1430 4316 1544 4360 omnem
1564 4301 1731 4372 superbiam
1752 4310 1862 4357 31333-

110 4405 222 4464 semper
242 4390 382 4462 adjuvare
405 4392 526 4458 studuit,
549 4392 636 4449 etiam
656 4393 710 4463 piae
734 4395 959 4451 conversationis
1012 4393 1107 4449 nalem
1131 4392 1319 4464 voluptatem,
1352 4392 1439 4449 31133
1470 4391 1565 4463 capilli
1585 4405 1687 4447 earum
1709 4388 1862 4462 usquead

109 4495 210 4538 eorum
241 4480 319 4537 dulci
352 4480 492 4537 desiderio
523 4495 574 4551 per
600 4481 723 4553 gratiam
745 4482 796 4538 1131
818 4483 960 4554 particeps
1013 4495 1100 4537 aures
1113 4480 1287 4549 tunduntur,
1305 4488 1396 4551 utque
1410 4480 1502 4552 magis
1516 4477 1628 4536 Gbristo
1638 4478 1745 4535 3313311
1759 4491 1862 4548 sponso

109 4569 228 4638 exstitit,
251 4570 329 4628 uude
351 4569 432 4625 etin
455 4569 554 4625 tuturo
580 4570 709 4626 mercede
728 4585 827 4628 eorum
843 4586 900 4628 non
915 4587 960 4628 33-

110 4658 193 4715 rebit.
218 4658 298 4725 Quod
322 4671 389 4713 cum
412 4657 452 4713 ita
474 4657 520 4722 311,
541 4657 630 4714 131333
653 4659 886 4716 3331131333331
910 4661 959 4717 de-

110 4744 177 4802 bere
191 4744 270 4801 illam
293 4743 391 4800 domni
407 4742 501 4800 Leonii
518 4743 629 4800 abbatis
643 4746 670 4801 S.
696 4745 804 4802 Bertini
826 4747 960 4818 superius

110 4840 296 4890 memoratam
329 4831 510 4900 sententiam,
545 4834 615 4903 quia
637 4834 770 4891 eumdem
793 4835 960 4906 episcopum

110 4921 210 4978 domni
223 4919 353 4977 Norberti
371 4920 480 4976 socium
508 4921 613 4978 coelesti
637 4936 705 4979 voce
721 4923 859 4980 intellexit
874 4923 961 4981 131333

109 5011 324 5067 33333113133.

110 5097 177 5156 Gna.
202 5095 267 5155 Vll.
292 5127 326 5137 -
349 5095 506 5169 Multipletc
532 5098 740 5156 commendatio
759 5097 858 5155 333131
878 5099 961 5155 Nor-

497 5186 578 5241 berti.

147 5273 200 5329 Sed
223 5280 254 5331 ut
274 5275 335 5345 jam
357 5273 509 5331 3333333
532 5274 671 5333 Norberto
695 5275 821 5333 breviter
843 5277 959 5333 conclu-

110 5360 314 5428 damonibus
337 5369 400 5433 post
418 5363 559 5433 apostolos
581 5363 827 5419 conversationem
844 5363 960 5434 plurimi

111 5455 254 5506 testantur
275 5450 305 5506 13
322 5458 420 5508 sancta
439 5450 565 5508 Ecclesia
581 5458 693 5508 tantum
708 5450 835 5509 1333133
850 5452 881 5509 13
901 5463 960 5510 133

111 5533 193 5592 brevi
215 5534 309 5606 spatio
339 5535 474 5607 temporis
506 5536 615 5596 1331333.
649 5537 727 5596 Licet
758 5538 836 5596 enim
868 5540 960 5611 aliqui

1014 4568 1154 4639 placeant,
1180 4583 1231 4639 pro
1251 4570 1315 4639 ejus
1336 4582 1433 4625 amore
1462 4569 1492 4625 13
1526 4566 1623 4639 fragili
1645 4575 1674 4624 31
1697 4566 1863 4624 illecebrosa

1013 4670 1099 4714 carne
1125 4657 1242 4714 omnino
1272 4657 1472 4728 deturpentur.
1501 4656 1579 4714 Nulli
1604 4656 1740 4726 deinceps
1761 4656 1863 4726 pretio

1013 4757 1074 4801 sam
1099 4753 1205 4802 vestem
1227 4745 1282 4802 nisi
1304 4760 1340 4801 ex
1365 4745 1433 4801 lana
1455 4745 1499 4802 vel
1524 4745 1619 4802 ovinis
1643 4743 1766 4815 pellibus
1801 4743 1862 4800 liret

1014 4833 1128 4902 habere,
1163 4833 1236 4890 33111
1269 4832 1366 4891 velum
1395 4833 1519 4891 sericum
1557 4847 1636 4890 more
1667 4832 1862 4903 quarumdam

1014 4922 1286 4992 sanctimonialium,
1310 4924 1359 4979 sed
1388 4922 1560 4979 vilissimum
1593 4921 1785 4993 panniculum
1817 4920 1860 4977 ni-

1014 5025 1100 5082 grum
1122 5026 1210 5082 super
1227 5019 1315 5083 caput
1330 5019 1452 5082 portare.
1470 5013 1505 5068 Et
1529 5026 1596 5067 curn
1621 5012 1746 5066 intanta
1765 5008 1862 5083 distri·

1014 5099 1107 5157 ctione
1120 5108 1148 5157 31
1170 5100 1278 5158 vilitate
1296 5116 1363 5158 cum
1385 5100 1496 5158 silentio
1510 5101 1640 5158 sciantur
1658 5113 1719 5156 esse
1734 5098 1861 5164 reclusae,

1014 5187 1087 5244 miro
1113 5197 1207 5245 tamen
1231 5190 1325 5258 modo,
1351 5189 1455 5246 Christi
1485 5197 1621 5261 operante
1644 5189 1764 5256 virtute,
1796 5201 1864 5258 quo

1014 5276 1082 5332 tidie
1095 5277 1227 5334 videmus
1243 5277 1364 5334 laminas
1388 5292 1444 5334 non
1463 5277 1549 5334 modo
1572 5277 1704 5345 rusticas,
1730 5274 1776 5332 vel
1789 5289 1863 5346 pau-

1014 5379 1106 5435 33333,
1131 5366 1180 5422 333
1211 5367 1306 5438 331133
1338 5366 1531 5424 nobilissimas
1562 5374 1590 5424 et
1617 5364 1784 5432 ditissimas,
1805 5370 1863 5419 tam

1013 5453 1117 5509 viduas
1139 5455 1312 5526 juvenculas
1337 5469 1426 5527 quam
1446 5456 1532 5512 etiam
1554 5453 1709 5527 puellulas,
1731 5453 1772 5510 ita
1792 5466 1863 5509 con-

1015 5542 1155 5600 versionis
1167 5543 1262 5614 gratia
1277 5545 1380 5615 spretis
1393 5543 1496 5602 mundi
1510 5542 1719 5614 voluptatibus,
1735 5540 1773 5598 ad
1788 5539 1863 5597 illius
