3818 6008
84 106 137 160 337
565 106 612 161 ΔΙ)
630 104 871 164 teutobocus
889 106 928 164 IN
946 107 1047 173 OSEE,
1068 107 1142 165 ETC.
1164 106 1372 166 euomlttuu.
1784 112 1835 166 338

84 235 135 290 bas
157 237 216 291 sais
233 250 241 290 ε
259 237 322 291 Post
347 240 459 290 mortem
481 251 567 290 meam
590 238 659 290 ileos
681 237 806 292 visitabit
826 252 884 307 oos,
909 243 934 292 et
952 241 973 295 Α
988 238 1013 308 (l
1027 240 1087 295 Gor.
1112 252 1142 305 x,
1161 237 1215 309 13).
1235 239 1275 293 De
1289 238 1344 293 loeo
1367 238 1419 293 isto
1433 251 1494 292 osso
1508 252 1567 293 meo
1587 242 1735 309 asportata,
1752 238 1837 295 idest

83 324 228 379 accudere
249 339 296 379 uos
323 324 408 391 toeiet
432 323 465 378 oe
490 329 563 379 terro
586 327 642 379 isto
663 324 700 379 od
724 330 824 380 terram
852 342 934 395 quom
988 327 1022 383 de
1046 326 1177 396 prasenti
1202 326 1308 383 saeculo
1323 340 1462 397 nequam,
1486 326 1564 398 quod
1590 326 1778 397 spiritualiter
1795 335 1837 385 est

80 413 191 482 juravit
209 413 364 479 Abrabam,
387 414 464 467 lsooc
479 418 505 467 et
526 413 617 468 Jacob.
643 414 715 469 [lum
733 421 772 470 tot
797 413 932 482 tiliorum,
988 413 1109 470 Sodoma
1130 418 1159 471 ει
1171 416 1324 486 AEgyptus,
1348 414 1491 485 quidquid
1508 415 1708 472 intellectualis
1721 415 1836 473 virtutis

84 498 112 555 id
131 506 175 556 cst
198 500 442 556 incrementorum
469 500 673 557 numerositate
697 500 834 569 tenditur,
859 500 934 557 inter
987 500 1098 558 habetis
1112 503 1148 557 ad
1165 503 1350 559 intentionem
1365 517 1499 573 supernae
1515 503 1683 559 aeternitatis
1698 503 1834 575 attollite;

83 587 280 654 miseriarum,
303 588 381 658 quod
402 596 444 645 est
468 589 618 660 AEgyptus,
636 590 868 646 circumstantias
882 605 932 660 po·
987 603 1039 644 ncc
1058 589 1187 646 habeatis
1210 589 1258 645 hic
1272 596 1436 646 manentem
1456 589 1611 656 civitatem,
1629 590 1678 645 sod
1694 589 1834 658 iuturam,

82 676 146 733 sitis
170 675 328 733 virtutibus
355 682 423 732 m
451 678 576 748 propriis
596 677 748 734 discretive
774 678 930 748 eloquitur.
988 676 1073 748 cujns
1099 679 1229 734 Deusest
1244 677 1408 745 fabricator,
1434 678 1572 748 inquirite
1589 678 1682 749 (liele.
1699 693 1759 746 xttr,
1777 680 1833 749 ll).

82 768 146 821 Post
169 772 291 834 mortem,
308 765 413 835 inquit,
436 782 532 834 mecm,
556 780 623 823 cum
645 767 752 823 scilicet
776 768 933 823 carnalita·
986 766 1057 823 Ossa
1072 766 1195 836 prolecto
1217 766 1303 823 habet
1317 769 1346 821 io
1363 767 1488 835 AEpppto
1511 768 1647 837 quisquis
1670 766 1754 823 tortia
1768 782 1834 837 quae

82 862 145 910 tum
169 853 557 925 surculosintelligibilitatis
581 869 650 911 meaa
672 855 825 913 vivacitate
843 857 933 913 succi·
986 857 1045 927 agit
1060 871 1117 912 non
1135 870 1185 927 pro
1201 859 1416 926 ucooperatur,
1433 855 1482 911 sed
1498 857 1675 926 prosecuto.
1694 857 1791 915 Deliis
1804 859 1834 914 in

81 942 161 1010 dero,
181 949 242 998 lum
265 956 283 997 a
306 942 363 998 llco
390 941 579 998 visitabimini
603 943 722 1013 superni
741 945 933 1001 amoriscon-
985 944 1096 1015 psalmo
1122 960 1128 1000 :
1159 949 1238 1013 Deos,
1267 944 1373 1016 inquit,
1408 945 1556 1014 dissipabit
1578 959 1638 1000 ossa
1665 961 1755 1001 eorum
1785 949 1835 1016 oui

81 1038 166 1100 cepto
185 1029 324 1100 plenario,
340 1035 368 1086 et
391 1028 425 1085 dc
442 1031 562 1087 terrenis
584 1031 630 1087 his
650 1032 758 1103 quibus
780 1032 932 1088 irretimini
986 1034 1138 1088 bominibus
1157 1035 1266 1104 placent
1279 1034 1364 1104 (Psoi.
1381 1048 1445 1100 cxc,
1461 1031 1498 1104 t).
1516 1032 1586 1089 Ossa
1601 1047 1729 1104 namque
1745 1034 1834 1091 robur

81 1117 261 1190 imaginibus
275 1133 324 1188 per
345 1118 505 1188 Abrabam,
521 1119 600 1189 quod
613 1127 655 1176 εει
671 1121 830 1190 paternitas
844 1118 932 1191 spiri·
986 1121 1112 1190 virtutis,
1127 1129 1155 1179 et
1169 1136 1270 1178 carnes
1284 1121 1448 1193 significant
1463 1121 1574 1190 pondus
1589 1121 1761 1192 tragilitatis.

83 1215 138 1274 tus,
163 1215 192 1263 et
216 1209 306 1274 isaac,
334 1207 412 1278 quod
438 1215 480 1264 est
508 1208 566 1278 spei
595 1208 693 1280 gloria
719 1208 804 1277 risus,
831 1210 931 1265 sedet
1021 1208 1205 1265 Postmodum
1219 1223 1289 1280 ergo
1310 1210 1371 1280 jam
1386 1222 1437 1278 per
1458 1207 1671 1264 observantiam
1688 1206 1832 1280 Decalogi,

80 1295 178 1364 Jacob,
203 1296 466 1365 supplantationem
486 1297 618 1354 videlicet
642 1298 727 1354 totius
743 1297 822 1355 noxii
838 1306 930 1366 actus,
986 1304 1018 1354 ut
1030 1297 1210 1367 promissum
1227 1305 1279 1364 cst,
1295 1297 1331 1353 ad
1342 1297 1542 1353 certitudinem
1557 1303 1671 1353 aeternae
1686 1296 1833 1366 perlectio-

81 1383 307 1441 sublevabimini
331 1385 368 1441 ad
395 1385 474 1443 illam
498 1401 563 1457 utrae
590 1401 648 1442 non
672 1386 858 1458 dejectionem
883 1387 931 1443 sed
985 1385 1031 1441 nis
1046 1386 1201 1457 attingens,
1218 1386 1306 1443 totius
1318 1385 1490 1443 terrenitatis
1502 1385 1740 1456 concupiscentiae
1750 1385 1835 1442 mori·

79 1472 253 1530 soliditatem
274 1473 417 1545 significat
440 1482 557 1544 terram,
583 1489 672 1546 quam
696 1476 835 1545 promittit
857 1477 932 1532 Deus
986 1481 1043 1531 tur.
1060 1475 1249 1531 centenarius
1263 1475 1348 1545 plano
1362 1473 1506 1530 asinistra
1517 1474 1620 1530 transit
1633 1473 1663 1529 in
1672 1476 1831 1541 dexteram,

78 1562 241 1619 amitibus
273 1563 472 1633 possidendam
505 1563 613 1636 (dtottb.
641 1580 668 1632 v,
700 1565 749 1634 bl,
774 1565 930 1636 puritatem
951 1536 1053 1634 B(piria
1069 1563 1217 1633 plenitudo
1234 1563 1352 1620 interior
1367 1562 1671 1633 divinamultiplicata
1686 1560 1833 1634 legisclle-

79 1647 186 1705 scilicet
200 1649 237 1704 ad
261 1650 350 1706 Deum
366 1651 561 1708 contuendum
575 1651 705 1708 stabilem
726 1659 754 1709 et
777 1652 931 1710 inconvul-
983 1652 1087 1721 ctibus,
1102 1667 1119 1708 a
1135 1653 1268 1724 prasenti
1288 1652 1392 1709 saeculo
1408 1651 1444 1706 ad
1467 1652 1609 1720 loturum,
1624 1652 1689 1707 totis
1703 1658 1833 1707 contem-

78 1751 151 1793 sam.
178 1737 316 1808 Superbis
340 1739 425 1809 plane
447 1741 521 1796 Deus
545 1741 658 1807 resistit,
686 1741 805 1798 mitibus
832 1750 929 1799 autem
983 1740 1090 1812 plaudo
1102 1741 1241 1799 altissima
1253 1741 1354 1798 transit
1368 1740 1699 1811 aflectibuslleponitur
1708 1739 1832 1795 conditus

78 1825 129 1882 dat
154 1827 278 1896 gratiam
310 1827 379 1897 (loc.
406 1844 444 1895 rv,
479 1830 516 1898 6).
542 1832 614 1887 cum
646 1843 773 1901 namque
803 1830 929 1888 vivimus
983 1831 1152 1886 aromatibus
1161 1834 1190 1886 to
1199 1832 1253 1886 loco
1263 1833 1291 1885 io
1303 1833 1432 1902 AEoypto,
1443 1830 1512 1900 quia
1523 1828 1725 1885 contracarnis
1735 1842 1833 1885 corru-

78 1914 194 1984 spiritu,
217 1923 245 1972 ει
271 1930 322 1986 per
345 1916 480 1986 spiritum
502 1916 597 1987 ipsum
622 1916 658 1973 ad
673 1933 798 1988 superna
821 1920 930 1990 gaudia
981 1919 1101 1990 ptiones,
1125 1921 1267 1975 virtutum
1281 1918 1409 1975 custodia
1433 1918 1572 1985 munitus,
1593 1917 1669 1973 inter
1683 1917 1832 1987 praesentis

78 2000 140 2072 spei
166 2001 258 2058 beatas
283 2002 470 2060 ambulamus
498 2004 612 2060 incessu
639 2004 711 2075 (dol.
736 2020 764 2072 v,
788 2007 844 2073 ab),
867 2005 929 2061 sine
982 2006 1081 2064 saeculi
1096 2007 1235 2078 procellas
1249 2007 1304 2064 sub
1317 2006 1489 2063 humilitatis
1500 2005 1654 2063 stabilitate
1666 2005 1830 2076 deponitur.

78 2088 168 2145 dubio
209 2088 431 2160 supplantanda
462 2091 598 2161 nequitia
634 2104 769 2161 prospero
802 2092 930 2160 potimur
982 2098 1131 2165 Reponitur
1151 2096 1237 2152 etiam
1252 2096 1322 2151 solet
1342 2094 1397 2150 dici
1421 2108 1518 2165 proco
1537 2094 1614 2165 quod
1638 2101 1689 2160 est,
1714 2094 1830 2148 abscon·

78 2175 195 2247 ellectu,
209 2191 227 2233 a
243 2178 351 2249 quibus
365 2180 458 2236 tribus
473 2193 507 2236 ac
528 2179 552 2235 si
568 2181 695 2250 patronis
710 2179 927 2250 principalibus,
982 2185 1068 2239 ditor.
1088 2185 1124 2241 Et
1145 2184 1279 2254 quisquis
1298 2181 1417 2239 humilis
1430 2196 1491 2239 esse
1509 2182 1597 2251 cupit,
1618 2181 1654 2238 ab
1666 2182 1744 2237 omni
1761 2194 1831 2252 pro-

78 2266 183 2323 merito
201 2267 330 2340 exigitur
354 2268 516 2325 sanctitatis
537 2269 662 2340 gratiae
686 2269 753 2337 Deo,
780 2270 928 2340 quondam
982 2272 1054 2329 lecto
1077 2273 1284 2343 spectabilitate
1306 2286 1335 2328 se
1356 2271 1469 2328 occulit.
1495 2271 1592 2340 Ipsum
1619 2283 1737 2340 quoque
1752 2268 1830 2340 posi-

78 2354 172 2411 divini
185 2356 260 2427 juris
282 2356 406 2427 objectu.
422 2355 476 2425 Qui
499 2356 620 2413 enimin
638 2372 668 2413 so
684 2358 738 2426 piis
752 2356 864 2415 actibus
884 2358 928 2415 di·
982 2362 1068 2418 tionis
1082 2376 1184 2418 numen
1202 2352 1263 2417 ¹hoc
1278 2360 1382 2416 innuit.
1399 2360 1480 2417 Unde
1495 2359 1622 2429 psalmus
1637 2373 1644 2412 :
1661 2360 1714 2426 Qut
1725 2361 1828 2427 posuit,

78 2443 180 2501 vinam
205 2445 341 2515 resculpit
366 2446 538 2517 imaginem,
555 2447 640 2516 justa
663 2453 690 2502 et
714 2460 830 2517 prorsus
855 2446 927 2503 iclici
983 2450 1086 2521 lnquit,
1114 2449 1210 2506 idest
1237 2448 1380 2518 deposuit,
1412 2450 1533 2502 citimam
1560 2462 1647 2500 meam
1676 2446 1713 2500 orl
1743 2448 1830 2500 uitam

78 2533 217 2589 violentia
239 2533 288 2590 Dei
312 2533 524 2604 quodammodo
548 2534 602 2590 sibi
618 2535 797 2605 promissam,
822 2543 849 2592 et
860 2536 928 2607 jure
981 2541 1065 2610 (Psol.
1076 2554 1141 2606 axv,
1156 2539 1197 2607 9);
1211 2538 1293 2594 multi
1304 2537 1381 2593 enim
1391 2535 1541 2591 elevantur
1551 2535 1586 2591 ad
1595 2541 1725 2590 mortem.
1737 2533 1829 2590 Locus

78 2619 205 2677 debitam
248 2622 376 2678 vindicat
405 2623 639 2679 sanctitudinem.
671 2623 783 2690 Sancti,
812 2623 925 2694 inquit,
981 2641 1082 2697 nempe
1102 2627 1258 2683 electurum
1283 2625 1312 2681 in
1334 2623 1466 2695 prasenti
1490 2623 1646 2679 humilitas.
1672 2623 1753 2679 Unde
1775 2629 1826 2678 est.

76 2717 177 2778 estote,
194 2709 544 2781 quoniamsanctussum
561 2711 861 2783 (Leo.tt,dl,x1x,2l.
980 2718 1056 2771 Auro
1081 2717 1153 2771 locus
1178 2720 1227 2783 est,
1256 2716 1286 2770 iu
1309 2730 1361 2784 quo
1387 2715 1516 2782 εοείιειεε
1545 2712 1613 2784 (lob.
1638 2711 1748 2782 xxvut).
1769 2711 1826 2766 Et:

112 2798 201 2855 Vltus.
226 2799 270 2863 ll,
294 2799 338 2854 25.
362 2828 399 2841 -
432 2801 550 2870 Gaioque
577 2802 735 2869 adjurasset
763 2816 816 2867 eos,
845 2805 926 2870 alque
945 2806 1013 2889 (1¹²²
1039 2805 1110 2859 nolle
1142 2805 1325 2874 lacrymarum
1356 2805 1386 2856 io
1424 2803 1479 2857 loco
1511 2817 1589 2870 quem
1614 2802 1707 2870 posuit
1740 2800 1826 2871 (Psoi.

76 2886 217 2942 dixisset:
237 2891 306 2943 Deos
328 2889 454 2944 visitabit
473 2905 530 2950 oos,
555 2896 695 2960 asportate
715 2904 777 2944 osso
796 2905 855 2944 mea
878 2906 924 2944 oo·
978 2907 1096 2957 nxxxut,
1128 2894 1166 2961 t).
1185 2892 1259 2948 Licet
1281 2905 1350 2963 ergo
1368 2891 1454 2946 totius
1484 2890 1646 2960 tragromus
1668 2887 1828 2944 sanctitatis

76 2975 180 3030 lberam
193 2975 305 3034 deloco
326 2980 389 3045 isto,
407 2983 528 3032 mortam
551 2984 600 3044 est,
616 2978 730 3047 captetis
754 2983 859 3034 ceritum
878 2978 924 3033 de·
978 2981 1165 3048 aromatibus,
1182 2995 1217 3037 ne
1240 2978 1374 3036 favorum
1389 2979 1557 3050 vulgarium
1579 2991 1653 3034 aura
1672 2977 1826 3048 jactemur,

76 3080 131 3118 cem
146 3067 212 3119 vita
225 3080 280 3120 soa
294 3067 384 3120 coeris.
405 3067 446 3121 Ει
460 3066 582 3121 conditos
598 3068 775 3134 aroeoote'bos,
791 3069 926 3135 repositos
978 3069 1031 3125 loci
1048 3069 1136 3140 liujus
1152 3069 1313 3124 modicitate
1339 3068 1528 3139 stringamur,
1552 3065 1623 3136 quia
1645 3064 1696 3121 etsi
1710 3063 1825 3133 losepb,

76 3155 276 3208 estioloeoto
296 3156 422 3222 AEpppto.
449 3154 583 3226 Adjurat,
603 3156 722 3212 cumad
746 3154 927 3212 rectitudinis
979 3156 1066 3214 idest
1098 3157 1351 3213 intellectualitatis
1381 3155 1537 3212 auctoritas
1559 3153 1596 3209 ad
1628 3154 1686 3210 alta
1705 3151 1825 3218 teratur,

73 3241 143 3312 jura
167 3241 317 3299 interiores
343 3247 435 3299 status
456 3243 579 3300 instituit
601 3251 629 3301 et
650 3245 780 3312 advocat,
804 3251 837 3302 ul
859 3259 926 3301 cum
978 3259 1061 3302 nosse
1075 3252 1170 3300 tamen
1192 3244 1365 3301 omnimodis
1381 3244 1473 3311 debet,
1490 3244 1560 3314 quia
1576 3243 1671 3298 adhuc
1684 3241 1713 3298 in
1729 3240 1826 3298 saeculi

77 3329 269 3386 tentationum
308 3330 473 3388 infirmitate
495 3339 678 3402 torquentur,
699 3334 785 3402 Deus,
819 3332 924 3403 inquit,
978 3334 1209 3405 hujusAEgypto
1237 3340 1377 3401 moratur,
1401 3332 1452 3389 ubi
1476 3332 1568 3400 lacile,
1596 3330 1650 3386 nisi
1675 3329 1730 3388 sibi
1752 3331 1828 3385 lleus

76 3432 127 3474 vos
159 3416 268 3487 visitat,
296 3425 328 3475 ut
358 3433 425 3476 cum
459 3421 614 3478 tentatione
638 3428 811 3492 proventum
841 3420 927 3478 iaciat
977 3421 1137 3493 provideat,
1154 3421 1184 3477 in
1201 3420 1341 3478 deteriora
1358 3420 1499 3478 flectatur.

646 3926 820 4030 VEN.
869 3923 1255 4030 GUIBERTI

845 4129 1048 4203 assuris

201 4319 283 4457 lu
326 4320 716 4460 Teutobodus
752 4322 812 4458 tt
853 4320 1194 4459 taurulus
1236 4320 1381 4456 utili
1427 4321 1499 4456 ut
1540 4322 1693 4458 llus

523 4567 592 4654 AC
633 4567 1095 4653 LAMENTATIONES
1128 4565 1376 4652 JuuuussAE

759 4764 1135 4856 PROOEMIUM.

110 5095 184 5147 m
199 5086 408 5147 Amantissimo
419 5087 497 5145 Patri
511 5095 539 5145 et
547 5088 706 5146 venerabili
719 5087 845 5156 domino,
862 5088 925 5144 uni·
943 5087 966 5142 ll
980 5094 1111 5159 peccator
1125 5089 1271 5162 operibus,
1285 5086 1428 5161 prosperis
1442 5085 1488 5144 sui
1502 5101 1683 5159 suorumque
1698 5088 1825 5161 gaudere

72 5193 158 5237 versa
172 5175 326 5236 charitatis
338 5174 487 5234 allectione
498 5176 625 5243 calendo,
638 5176 726 5234 totins
739 5183 845 5234 sancte
856 5176 927 5232 inte·
979 5176 1169 5234 successibus.

72 5267 214 5325 rioritatis
228 5278 298 5322 vero
318 5264 423 5324 cultori
440 5279 475 5322 ac
488 5278 565 5323 verae
586 5264 765 5323 discretionis
787 5264 925 5337 magistro
1015 5264 1149 5322 Arduum
1160 5266 1281 5325 nimiset
1289 5266 1434 5340 magistris
1442 5264 1589 5325 veteribus
1599 5264 1826 5325 horrescendum

72 5357 238 5425 somnos,
269 5353 360 5414 irater
395 5353 571 5423 emmens,
599 5353 759 5412 monachus
790 5354 924 5421 nomine,
980 5353 1127 5424 presentis
1150 5355 1307 5428 prophetia
1326 5356 1446 5429 pelagus
1470 5355 1647 5429 aggressuri,
1673 5355 1710 5413 ad
1735 5361 1772 5425 te,
1788 5355 1826 5412 li-
