<?xml version="1.0" encoding="UTF-8"?>
<!DOCTYPE html PUBLIC "-//W3C//DTD XHTML 1.0 Transitional//EN"
    "http://www.w3.org/TR/xhtml1/DTD/xhtml1-transitional.dtd">
<html xmlns="http://www.w3.org/1999/xhtml" xml:lang="en" lang="en">
 <head>
  <title>
</title>
<meta http-equiv="Content-Type" content="text/html;charset=utf-8" />
  <meta name='ocr-system' content='tesseract 3.04.00' />
  <meta name='ocr-capabilities' content='ocr_page ocr_carea ocr_par ocr_line ocrx_word'/>
</head>
<body>
  <div class='ocr_page' id='page_1' title='image "./patrologiaecurs05unkngoog_0077.png"; bbox 0 0 3818 6008; ppageno 0'>
   <div class='ocr_carea' id='block_1_1' title="bbox 108 233 159 287">
    <p class='ocr_par' dir='ltr' id='par_1_1' title="bbox 108 233 159 287">
     <span class='ocr_line' id='line_1_1' title="bbox 108 233 159 287; baseline 0.078 -3"><span class='ocrx_word' id='word_1_1' title='bbox 108 233 159 287; x_wconf 79' lang='lat' dir='ltr'>tlt</span> 
     </span>
    </p>
   </div>
   <div class='ocr_carea' id='block_1_2' title="bbox 549 231 1413 289">
    <p class='ocr_par' dir='ltr' id='par_1_2' title="bbox 549 231 1413 289">
     <span class='ocr_line' id='line_1_2' title="bbox 549 231 1413 289; baseline 0.001 -1"><span class='ocrx_word' id='word_1_2' title='bbox 549 233 583 288; x_wconf 82' lang='lat' dir='ltr'>t.</span> <span class='ocrx_word' id='word_1_3' title='bbox 606 232 772 288; x_wconf 76' lang='lat' dir='ltr'>ebiberant</span> <span class='ocrx_word' id='word_1_4' title='bbox 790 232 936 288; x_wconf 77' lang='lat' dir='ltr'>nubitis</span> <span class='ocrx_word' id='word_1_5' title='bbox 955 235 983 288; x_wconf 81' lang='lat' dir='ltr'>S.</span> <span class='ocrx_word' id='word_1_6' title='bbox 1003 232 1125 289; x_wconf 76' lang='lat' dir='ltr'><strong>MARIAE</strong></span> <span class='ocrx_word' id='word_1_7' title='bbox 1145 233 1190 289; x_wconf 86' lang='lat' dir='ltr'>DE</span> <span class='ocrx_word' id='word_1_8' title='bbox 1211 231 1413 289; x_wconf 85' lang='lat' dir='ltr'>NOVIGENTO</span> 
     </span>
    </p>
   </div>
   <div class='ocr_carea' id='block_1_3' title="bbox 1806 234 1855 287">
    <p class='ocr_par' dir='ltr' id='par_1_3' title="bbox 1806 234 1855 287">
     <span class='ocr_line' id='line_1_3' title="bbox 1806 234 1855 287; baseline -0.02 0"><span class='ocrx_word' id='word_1_9' title='bbox 1806 234 1855 287; x_wconf 76' lang='lat' dir='ltr'>lli</span> 
     </span>
    </p>
   </div>
   <div class='ocr_carea' id='block_1_4' title="bbox 107 368 1855 442">
    <p class='ocr_par' dir='ltr' id='par_1_4' title="bbox 107 368 1855 442">
     <span class='ocr_line' id='line_1_4' title="bbox 107 368 1855 442; baseline -0.002 -16"><span class='ocrx_word' id='word_1_10' title='bbox 107 372 146 426; x_wconf 81' lang='lat' dir='ltr'>dc</span> <span class='ocrx_word' id='word_1_11' title='bbox 169 370 192 426; x_wconf 92' lang='lat' dir='ltr'>si</span> <span class='ocrx_word' id='word_1_12' title='bbox 207 371 283 427; x_wconf 94' lang='lat' dir='ltr'>Deus</span> <span class='ocrx_word' id='word_1_13' title='bbox 306 377 403 442; x_wconf 90' lang='lat' dir='ltr'>aperte</span> <span class='ocrx_word' id='word_1_14' title='bbox 416 369 521 426; x_wconf 91' lang='lat' dir='ltr'>diceret</span> <span class='ocrx_word' id='word_1_15' title='bbox 537 385 543 422; x_wconf 91' lang='lat'>:</span> <span class='ocrx_word' id='word_1_16' title='bbox 560 368 588 426; x_wconf 90' lang='lat' dir='ltr'>Si</span> <span class='ocrx_word' id='word_1_17' title='bbox 611 370 645 426; x_wconf 93' lang='lat' dir='ltr'>de</span> <span class='ocrx_word' id='word_1_18' title='bbox 664 378 714 426; x_wconf 91' lang='lat' dir='ltr'>tua</span> <span class='ocrx_word' id='word_1_19' title='bbox 741 368 857 425; x_wconf 85' lang='lat' dir='ltr'>infirme</span> <span class='ocrx_word' id='word_1_20' title='bbox 873 370 957 426; x_wconf 91' lang='lat' dir='ltr'>bomo</span> <span class='ocrx_word' id='word_1_21' title='bbox 976 369 1171 439; x_wconf 78' lang='lat' dir='ltr'>dintrogerit,</span> <span class='ocrx_word' id='word_1_22' title='bbox 1199 370 1256 425; x_wconf 91' lang='lat' dir='ltr'>Deo</span> <span class='ocrx_word' id='word_1_23' title='bbox 1280 375 1440 438; x_wconf 78' lang='lat' dir='ltr'>prestante,</span> <span class='ocrx_word' id='word_1_24' title='bbox 1458 369 1494 424; x_wconf 89' lang='lat' dir='ltr'>ad</span> <span class='ocrx_word' id='word_1_25' title='bbox 1523 369 1644 438; x_wconf 89' lang='lat' dir='ltr'>pristina</span> <span class='ocrx_word' id='word_1_26' title='bbox 1660 369 1732 424; x_wconf 91' lang='lat' dir='ltr'>bene</span> <span class='ocrx_word' id='word_1_27' title='bbox 1751 368 1855 439; x_wconf 90' lang='lat' dir='ltr'>agendi</span> 
     </span>
    </p>
   </div>
   <div class='ocr_carea' id='block_1_5' title="bbox 106 457 956 1233">
    <p class='ocr_par' dir='ltr' id='par_1_5' title="bbox 106 457 956 1233">
     <span class='ocr_line' id='line_1_5' title="bbox 106 457 954 527; baseline -0.002 -15"><span class='ocrx_word' id='word_1_28' title='bbox 106 458 256 515; x_wconf 89' lang='lat' dir='ltr'>voluntate</span> <span class='ocrx_word' id='word_1_29' title='bbox 271 459 394 526; x_wconf 89' lang='lat' dir='ltr'>dubitas,</span> <span class='ocrx_word' id='word_1_30' title='bbox 412 458 459 514; x_wconf 92' lang='lat' dir='ltr'>cui</span> <span class='ocrx_word' id='word_1_31' title='bbox 475 472 542 513; x_wconf 92' lang='lat' dir='ltr'>cum</span> <span class='ocrx_word' id='word_1_32' title='bbox 559 471 611 513; x_wconf 90' lang='lat' dir='ltr'>nec</span> <span class='ocrx_word' id='word_1_33' title='bbox 629 457 701 513; x_wconf 92' lang='lat' dir='ltr'>velle</span> <span class='ocrx_word' id='word_1_34' title='bbox 724 457 760 513; x_wconf 93' lang='lat' dir='ltr'>ad</span> <span class='ocrx_word' id='word_1_35' title='bbox 776 458 847 513; x_wconf 90' lang='lat' dir='ltr'>bene</span> <span class='ocrx_word' id='word_1_36' title='bbox 862 470 954 527; x_wconf 88' lang='lat' dir='ltr'>agen-</span> 
     </span>
     <span class='ocr_line' id='line_1_6' title="bbox 106 545 955 618; baseline -0.004 -16"><span class='ocrx_word' id='word_1_37' title='bbox 106 546 177 602; x_wconf 92' lang='lat' dir='ltr'>dum</span> <span class='ocrx_word' id='word_1_38' title='bbox 192 547 330 618; x_wconf 76' lang='lat' dir='ltr'>adjaceat,</span> <span class='ocrx_word' id='word_1_39' title='bbox 348 545 482 616; x_wconf 88' lang='lat' dir='ltr'>perlicere</span> <span class='ocrx_word' id='word_1_40' title='bbox 499 559 555 600; x_wconf 91' lang='lat' dir='ltr'>non</span> <span class='ocrx_word' id='word_1_41' title='bbox 581 546 653 614; x_wconf 92' lang='lat' dir='ltr'>dico,</span> <span class='ocrx_word' id='word_1_42' title='bbox 684 545 731 601; x_wconf 91' lang='lat' dir='ltr'>sed</span> <span class='ocrx_word' id='word_1_43' title='bbox 757 560 810 601; x_wconf 90' lang='lat' dir='ltr'>nec</span> <span class='ocrx_word' id='word_1_44' title='bbox 831 545 955 614; x_wconf 84' lang='lat' dir='ltr'><strong>incipere</strong></span> 
     </span>
     <span class='ocr_line' id='line_1_7' title="bbox 107 632 955 702; baseline -0.004 -14"><span class='ocrx_word' id='word_1_45' title='bbox 107 633 248 699; x_wconf 86' lang='lat' dir='ltr'>invenias,</span> <span class='ocrx_word' id='word_1_46' title='bbox 266 634 314 689; x_wconf 92' lang='lat' dir='ltr'>Dei</span> <span class='ocrx_word' id='word_1_47' title='bbox 325 633 561 702; x_wconf 75' lang='lat' dir='ltr'>omnipotentiam</span> <span class='ocrx_word' id='word_1_48' title='bbox 577 647 630 688; x_wconf 93' lang='lat' dir='ltr'>cur</span> <span class='ocrx_word' id='word_1_49' title='bbox 644 632 821 701; x_wconf 88' lang='lat' dir='ltr'>desperando</span> <span class='ocrx_word' id='word_1_50' title='bbox 835 632 955 687; x_wconf 85' lang='lat' dir='ltr'>subsan-</span> 
     </span>
     <span class='ocr_line' id='line_1_8' title="bbox 106 720 954 790; baseline -0.002 -14"><span class='ocrx_word' id='word_1_51' title='bbox 106 736 170 789; x_wconf 88' lang='lat' dir='ltr'>nas,</span> <span class='ocrx_word' id='word_1_52' title='bbox 186 736 253 778; x_wconf 91' lang='lat' dir='ltr'>cum</span> <span class='ocrx_word' id='word_1_53' title='bbox 276 735 334 790; x_wconf 72' lang='lat' dir='ltr'>prae</span> <span class='ocrx_word' id='word_1_54' title='bbox 359 720 449 775; x_wconf 91' lang='lat' dir='ltr'>oculis</span> <span class='ocrx_word' id='word_1_55' title='bbox 465 727 504 775; x_wconf 86' lang='lat' dir='ltr'>lot</span> <span class='ocrx_word' id='word_1_56' title='bbox 530 720 594 790; x_wconf 78' lang='lat' dir='ltr'>eius</span> <span class='ocrx_word' id='word_1_57' title='bbox 616 721 645 775; x_wconf 92' lang='lat' dir='ltr'>in</span> <span class='ocrx_word' id='word_1_58' title='bbox 668 720 747 775; x_wconf 91' lang='lat' dir='ltr'>omni</span> <span class='ocrx_word' id='word_1_59' title='bbox 774 727 954 789; x_wconf 89' lang='lat' dir='ltr'>peccalorum</span> 
     </span>
     <span class='ocr_line' id='line_1_9' title="bbox 107 808 954 881; baseline -0.004 -16"><span class='ocrx_word' id='word_1_60' title='bbox 107 824 211 881; x_wconf 87' lang='lat' dir='ltr'>genere</span> <span class='ocrx_word' id='word_1_61' title='bbox 226 809 435 865; x_wconf 80' lang='lat' dir='ltr'>misericordias</span> <span class='ocrx_word' id='word_1_62' title='bbox 452 809 581 863; x_wconf 77' lang='lat' dir='ltr'>babeas?</span> <span class='ocrx_word' id='word_1_63' title='bbox 604 808 669 864; x_wconf 84' lang='lat' dir='ltr'>Vita</span> <span class='ocrx_word' id='word_1_64' title='bbox 685 823 773 879; x_wconf 84' lang='lat' dir='ltr'>quam</span> <span class='ocrx_word' id='word_1_65' title='bbox 791 808 843 864; x_wconf 90' lang='lat' dir='ltr'>tibi</span> <span class='ocrx_word' id='word_1_66' title='bbox 866 808 954 877; x_wconf 92' lang='lat' dir='ltr'>inspi-</span> 
     </span>
     <span class='ocr_line' id='line_1_10' title="bbox 106 896 956 966; baseline -0.004 -13"><span class='ocrx_word' id='word_1_67' title='bbox 106 899 197 954; x_wconf 89' lang='lat' dir='ltr'>rando</span> <span class='ocrx_word' id='word_1_68' title='bbox 222 897 390 962; x_wconf 88' lang='lat' dir='ltr'>contradidi,</span> <span class='ocrx_word' id='word_1_69' title='bbox 425 898 462 952; x_wconf 91' lang='lat' dir='ltr'>sit</span> <span class='ocrx_word' id='word_1_70' title='bbox 489 898 769 966; x_wconf 87' lang='lat' dir='ltr'>perseverantissima</span> <span class='ocrx_word' id='word_1_71' title='bbox 803 896 831 951; x_wconf 92' lang='lat' dir='ltr'>in</span> <span class='ocrx_word' id='word_1_72' title='bbox 862 897 956 952; x_wconf 92' lang='lat' dir='ltr'>omnis</span> 
     </span>
     <span class='ocr_line' id='line_1_11' title="bbox 107 984 955 1056; baseline -0.004 -14"><span class='ocrx_word' id='word_1_73' title='bbox 107 986 173 1042; x_wconf 90' lang='lat' dir='ltr'>boni</span> <span class='ocrx_word' id='word_1_74' title='bbox 196 985 290 1056; x_wconf 90' lang='lat' dir='ltr'>operis</span> <span class='ocrx_word' id='word_1_75' title='bbox 310 985 486 1041; x_wconf 83' lang='lat' dir='ltr'>exhibitione</span> <span class='ocrx_word' id='word_1_76' title='bbox 508 999 611 1052; x_wconf 87' lang='lat' dir='ltr'>comes,</span> <span class='ocrx_word' id='word_1_77' title='bbox 639 993 666 1040; x_wconf 91' lang='lat' dir='ltr'>et</span> <span class='ocrx_word' id='word_1_78' title='bbox 681 985 762 1040; x_wconf 90' lang='lat' dir='ltr'>sicin</span> <span class='ocrx_word' id='word_1_79' title='bbox 791 985 843 1041; x_wconf 92' lang='lat' dir='ltr'>boc</span> <span class='ocrx_word' id='word_1_80' title='bbox 857 984 955 1040; x_wconf 89' lang='lat' dir='ltr'>eodem</span> 
     </span>
     <span class='ocr_line' id='line_1_12' title="bbox 106 1073 955 1144; baseline -0.002 -14"><span class='ocrx_word' id='word_1_81' title='bbox 106 1081 243 1144; x_wconf 88' lang='lat' dir='ltr'>tempore,</span> <span class='ocrx_word' id='word_1_82' title='bbox 261 1074 315 1129; x_wconf 89' lang='lat' dir='ltr'>hoo</span> <span class='ocrx_word' id='word_1_83' title='bbox 340 1073 446 1130; x_wconf 86' lang='lat' dir='ltr'>scilicet</span> <span class='ocrx_word' id='word_1_84' title='bbox 466 1075 526 1144; x_wconf 91' lang='lat' dir='ltr'>ipso</span> <span class='ocrx_word' id='word_1_85' title='bbox 543 1074 686 1129; x_wconf 86' lang='lat' dir='ltr'>interioris</span> <span class='ocrx_word' id='word_1_86' title='bbox 700 1074 741 1129; x_wconf 93' lang='lat' dir='ltr'>tui</span> <span class='ocrx_word' id='word_1_87' title='bbox 759 1073 882 1129; x_wconf 89' lang='lat' dir='ltr'>bominis</span> <span class='ocrx_word' id='word_1_88' title='bbox 897 1075 955 1128; x_wconf 88' lang='lat' dir='ltr'>ier·</span> 
     </span>
     <span class='ocr_line' id='line_1_13' title="bbox 106 1162 956 1233; baseline -0.002 -15"><span class='ocrx_word' id='word_1_89' title='bbox 106 1175 175 1218; x_wconf 85' lang='lat' dir='ltr'>vore</span> <span class='ocrx_word' id='word_1_90' title='bbox 197 1162 344 1233; x_wconf 85' lang='lat' dir='ltr'>perdures,</span> <span class='ocrx_word' id='word_1_91' title='bbox 376 1170 408 1218; x_wconf 91' lang='lat' dir='ltr'>ut</span> <span class='ocrx_word' id='word_1_92' title='bbox 432 1176 544 1231; x_wconf 86' lang='lat' dir='ltr'>semper</span> <span class='ocrx_word' id='word_1_93' title='bbox 575 1163 678 1218; x_wconf 88' lang='lat' dir='ltr'>borum</span> <span class='ocrx_word' id='word_1_94' title='bbox 707 1162 835 1218; x_wconf 92' lang='lat' dir='ltr'>subsidio</span> <span class='ocrx_word' id='word_1_95' title='bbox 862 1169 956 1217; x_wconf 89' lang='lat' dir='ltr'>motas</span> 
     </span>
    </p>
   </div>
   <div class='ocr_carea' id='block_1_6' title="bbox 1008 455 1860 1233">
    <p class='ocr_par' dir='ltr' id='par_1_6' title="bbox 1008 455 1858 1058">
     <span class='ocr_line' id='line_1_14' title="bbox 1008 455 1857 527; baseline -0.004 -14"><span class='ocrx_word' id='word_1_96' title='bbox 1008 473 1038 514; x_wconf 89' lang='lat' dir='ltr'>sc</span> <span class='ocrx_word' id='word_1_97' title='bbox 1057 458 1218 514; x_wconf 90' lang='lat' dir='ltr'>rediturum</span> <span class='ocrx_word' id='word_1_98' title='bbox 1240 457 1388 514; x_wconf 87' lang='lat' dir='ltr'>exercitia.</span> <span class='ocrx_word' id='word_1_99' title='bbox 1408 458 1525 527; x_wconf 86' lang='lat' dir='ltr'>Propter</span> <span class='ocrx_word' id='word_1_100' title='bbox 1544 457 1690 514; x_wconf 80' lang='lat' dir='ltr'>Abrabam</span> <span class='ocrx_word' id='word_1_101' title='bbox 1708 455 1786 512; x_wconf 90' lang='lat' dir='ltr'>enim</span> <span class='ocrx_word' id='word_1_102' title='bbox 1803 456 1857 511; x_wconf 92' lang='lat' dir='ltr'>ad-</span> 
     </span>
     <span class='ocr_line' id='line_1_15' title="bbox 1009 545 1857 616; baseline -0.002 -15"><span class='ocrx_word' id='word_1_103' title='bbox 1009 546 1088 601; x_wconf 86' lang='lat' dir='ltr'>ducit</span> <span class='ocrx_word' id='word_1_104' title='bbox 1103 545 1243 602; x_wconf 86' lang='lat' dir='ltr'>Dominus</span> <span class='ocrx_word' id='word_1_105' title='bbox 1259 560 1324 616; x_wconf 85' lang='lat' dir='ltr'>quae</span> <span class='ocrx_word' id='word_1_106' title='bbox 1339 545 1453 601; x_wconf 91' lang='lat' dir='ltr'>locutus</span> <span class='ocrx_word' id='word_1_107' title='bbox 1471 553 1513 601; x_wconf 90' lang='lat' dir='ltr'>est</span> <span class='ocrx_word' id='word_1_108' title='bbox 1527 546 1634 612; x_wconf 89' lang='lat' dir='ltr'>omnia,</span> <span class='ocrx_word' id='word_1_109' title='bbox 1655 546 1724 601; x_wconf 93' lang='lat' dir='ltr'>dum</span> <span class='ocrx_word' id='word_1_110' title='bbox 1741 552 1857 615; x_wconf 91' lang='lat' dir='ltr'>propter</span> 
     </span>
     <span class='ocr_line' id='line_1_16' title="bbox 1010 633 1856 704; baseline -0.002 -15"><span class='ocrx_word' id='word_1_111' title='bbox 1010 634 1172 690; x_wconf 88' lang='lat' dir='ltr'>interiorem</span> <span class='ocrx_word' id='word_1_112' title='bbox 1187 634 1275 689; x_wconf 91' lang='lat' dir='ltr'>animi</span> <span class='ocrx_word' id='word_1_113' title='bbox 1291 634 1326 689; x_wconf 91' lang='lat' dir='ltr'>de</span> <span class='ocrx_word' id='word_1_114' title='bbox 1341 648 1393 690; x_wconf 88' lang='lat' dir='ltr'>sua</span> <span class='ocrx_word' id='word_1_115' title='bbox 1408 647 1496 704; x_wconf 89' lang='lat' dir='ltr'>quam</span> <span class='ocrx_word' id='word_1_116' title='bbox 1511 635 1641 700; x_wconf 88' lang='lat' dir='ltr'>attendit,</span> <span class='ocrx_word' id='word_1_117' title='bbox 1658 648 1711 690; x_wconf 92' lang='lat' dir='ltr'>nec</span> <span class='ocrx_word' id='word_1_118' title='bbox 1725 633 1856 689; x_wconf 77' lang='lat' dir='ltr'>evincere¹</span> 
     </span>
     <span class='ocr_line' id='line_1_17' title="bbox 1008 721 1857 793; baseline -0.005 -15"><span class='ocrx_word' id='word_1_119' title='bbox 1008 722 1115 778; x_wconf 89' lang='lat' dir='ltr'>sullicit</span> <span class='ocrx_word' id='word_1_120' title='bbox 1129 723 1270 791; x_wconf 87' lang='lat' dir='ltr'>pravitate</span> <span class='ocrx_word' id='word_1_121' title='bbox 1288 722 1429 793; x_wconf 86' lang='lat' dir='ltr'>rugitum,</span> <span class='ocrx_word' id='word_1_122' title='bbox 1446 721 1530 792; x_wconf 80' lang='lat' dir='ltr'>quasi</span> <span class='ocrx_word' id='word_1_123' title='bbox 1555 722 1652 777; x_wconf 90' lang='lat' dir='ltr'>Israeli</span> <span class='ocrx_word' id='word_1_124' title='bbox 1669 722 1698 777; x_wconf 92' lang='lat' dir='ltr'>in</span> <span class='ocrx_word' id='word_1_125' title='bbox 1722 722 1857 793; x_wconf 83' lang='lat' dir='ltr'>AEgyptia</span> 
     </span>
     <span class='ocr_line' id='line_1_18' title="bbox 1009 810 1858 880; baseline -0.004 -14"><span class='ocrx_word' id='word_1_126' title='bbox 1009 811 1147 866; x_wconf 86' lang='lat' dir='ltr'>servitute</span> <span class='ocrx_word' id='word_1_127' title='bbox 1166 810 1311 876; x_wconf 78' lang='lat' dir='ltr'>clamanti,</span> <span class='ocrx_word' id='word_1_128' title='bbox 1336 810 1460 867; x_wconf 85' lang='lat' dir='ltr'>victoriae</span> <span class='ocrx_word' id='word_1_129' title='bbox 1476 811 1633 880; x_wconf 89' lang='lat' dir='ltr'>aliquanda</span> <span class='ocrx_word' id='word_1_130' title='bbox 1656 811 1858 866; x_wconf 90' lang='lat' dir='ltr'>subministrat</span> 
     </span>
     <span class='ocr_line' id='line_1_19' title="bbox 1010 898 1858 967; baseline -0.002 -13"><span class='ocrx_word' id='word_1_131' title='bbox 1010 898 1165 955; x_wconf 87' lang='lat' dir='ltr'>auxilium.</span> <span class='ocrx_word' id='word_1_132' title='bbox 1181 898 1303 954; x_wconf 86' lang='lat' dir='ltr'>Suscitat</span> <span class='ocrx_word' id='word_1_133' title='bbox 1318 898 1395 954; x_wconf 92' lang='lat' dir='ltr'>enim</span> <span class='ocrx_word' id='word_1_134' title='bbox 1412 899 1507 955; x_wconf 85' lang='lat' dir='ltr'>viduae</span> <span class='ocrx_word' id='word_1_135' title='bbox 1523 898 1663 954; x_wconf 88' lang='lat' dir='ltr'>Dominus</span> <span class='ocrx_word' id='word_1_136' title='bbox 1683 899 1785 967; x_wconf 82' lang='lat' dir='ltr'>illium,</span> <span class='ocrx_word' id='word_1_137' title='bbox 1800 911 1858 952; x_wconf 89' lang='lat' dir='ltr'>ma-</span> 
     </span>
     <span class='ocr_line' id='line_1_20' title="bbox 1009 986 1672 1058; baseline -0.005 -15"><span class='ocrx_word' id='word_1_138' title='bbox 1009 987 1061 1043; x_wconf 92' lang='lat' dir='ltr'>tris</span> <span class='ocrx_word' id='word_1_139' title='bbox 1075 989 1227 1043; x_wconf 89' lang='lat' dir='ltr'>miseratus</span> <span class='ocrx_word' id='word_1_140' title='bbox 1241 986 1374 1043; x_wconf 85' lang='lat' dir='ltr'>allectum</span> <span class='ocrx_word' id='word_1_141' title='bbox 1387 988 1436 1054; x_wconf 83' lang='lat' dir='ltr'>llll</span> <span class='ocrx_word' id='word_1_142' title='bbox 1451 990 1515 1054; x_wconf 85' lang='lat' dir='ltr'>lieg.</span> <span class='ocrx_word' id='word_1_143' title='bbox 1532 1002 1600 1054; x_wconf 88' lang='lat' dir='ltr'>xvrr,</span> <span class='ocrx_word' id='word_1_144' title='bbox 1615 986 1672 1058; x_wconf 72' lang='lat' dir='ltr'>ii).</span> 
     </span>
    </p>

    <p class='ocr_par' dir='ltr' id='par_1_7' title="bbox 1009 1074 1860 1233">
     <span class='ocr_line' id='line_1_21' title="bbox 1045 1074 1860 1145; baseline -0.005 -13"><span class='ocrx_word' id='word_1_145' title='bbox 1045 1076 1129 1132; x_wconf 74' lang='lat' dir='ltr'>Vens,</span> <span class='ocrx_word' id='word_1_146' title='bbox 1146 1078 1191 1142; x_wconf 77' lang='lat' dir='ltr'>ab,</span> <span class='ocrx_word' id='word_1_147' title='bbox 1212 1078 1257 1130; x_wconf 74' lang='lat' dir='ltr'>il.</span> <span class='ocrx_word' id='word_1_148' title='bbox 1279 1105 1314 1116; x_wconf 97' lang='lat'><em>-</em></span> <span class='ocrx_word' id='word_1_149' title='bbox 1339 1075 1420 1130; x_wconf 81' lang='lat' dir='ltr'>Dicit</span> <span class='ocrx_word' id='word_1_150' title='bbox 1448 1078 1540 1145; x_wconf 86' lang='lat' dir='ltr'>itaque</span> <span class='ocrx_word' id='word_1_151' title='bbox 1567 1076 1720 1130; x_wconf 84' lang='lat' dir='ltr'>Dominus:</span> <span class='ocrx_word' id='word_1_152' title='bbox 1746 1074 1860 1129; x_wconf 83' lang='lat' dir='ltr'>Clamor</span> 
     </span>
     <span class='ocr_line' id='line_1_22' title="bbox 1009 1165 1860 1233; baseline -0.002 -14"><span class='ocrx_word' id='word_1_153' title='bbox 1009 1165 1184 1220; x_wconf 83' lang='lat' dir='ltr'>Sodomorum</span> <span class='ocrx_word' id='word_1_154' title='bbox 1217 1172 1242 1218; x_wconf 87' lang='lat' dir='ltr'>et</span> <span class='ocrx_word' id='word_1_155' title='bbox 1268 1165 1501 1219; x_wconf 77' lang='lat' dir='ltr'>Gomorrlraearum</span> <span class='ocrx_word' id='word_1_156' title='bbox 1529 1165 1727 1233; x_wconf 85' lang='lat' dir='ltr'>multiplicatus</span> <span class='ocrx_word' id='word_1_157' title='bbox 1754 1168 1803 1230; x_wconf 85' lang='lat' dir='ltr'>est,</span> <span class='ocrx_word' id='word_1_158' title='bbox 1835 1169 1860 1217; x_wconf 89' lang='lat' dir='ltr'>el</span> 
     </span>
    </p>
   </div>
   <div class='ocr_carea' id='block_1_7' title="bbox 106 1236 1861 1765">
    <p class='ocr_par' dir='ltr' id='par_1_8' title="bbox 106 1236 1861 1765">
     <span class='ocr_line' id='line_1_23' title="bbox 106 1236 1858 1323; baseline -0.001 -17"><span class='ocrx_word' id='word_1_159' title='bbox 106 1251 232 1306; x_wconf 84' lang='lat' dir='ltr'>carnalis</span> <span class='ocrx_word' id='word_1_160' title='bbox 246 1250 402 1306; x_wconf 89' lang='lat' dir='ltr'>voluntatis</span> <span class='ocrx_word' id='word_1_161' title='bbox 421 1250 537 1306; x_wconf 89' lang='lat' dir='ltr'>studeas</span> <span class='ocrx_word' id='word_1_162' title='bbox 554 1250 658 1305; x_wconf 91' lang='lat' dir='ltr'>rationi</span> <span class='ocrx_word' id='word_1_163' title='bbox 680 1250 838 1320; x_wconf 76' lang='lat' dir='ltr'>subiugata</span> <span class='ocrx_word' id='word_1_164' title='bbox 861 1249 956 1305; x_wconf 91' lang='lat' dir='ltr'>rebel·</span> <span class='ocrx_word' id='word_1_165' title='bbox 1006 1236 1147 1323; x_wconf 80' lang='lat' dir='ltr'>peccatum</span> <span class='ocrx_word' id='word_1_166' title='bbox 1162 1268 1253 1307; x_wconf 89' lang='lat' dir='ltr'>eorum</span> <span class='ocrx_word' id='word_1_167' title='bbox 1274 1246 1610 1319; x_wconf 73' lang='lat' dir='ltr'>aggravatamest&#39;ntmis.</span> <span class='ocrx_word' id='word_1_168' title='bbox 1635 1252 1813 1319; x_wconf 83' lang='lat' dir='ltr'>Descmdum,</span> <span class='ocrx_word' id='word_1_169' title='bbox 1833 1257 1858 1305; x_wconf 86' lang='lat' dir='ltr'>et</span> 
     </span>
     <span class='ocr_line' id='line_1_24' title="bbox 108 1338 1858 1410; baseline 0 -16"><span class='ocrx_word' id='word_1_170' title='bbox 108 1338 158 1406; x_wconf 92' lang='lat' dir='ltr'>les,</span> <span class='ocrx_word' id='word_1_171' title='bbox 174 1346 202 1395; x_wconf 94' lang='lat' dir='ltr'>et</span> <span class='ocrx_word' id='word_1_172' title='bbox 221 1346 291 1395; x_wconf 92' lang='lat' dir='ltr'>tunc</span> <span class='ocrx_word' id='word_1_173' title='bbox 316 1339 351 1394; x_wconf 93' lang='lat' dir='ltr'>ad</span> <span class='ocrx_word' id='word_1_174' title='bbox 378 1338 604 1394; x_wconf 85' lang='lat' dir='ltr'>remunerandos</span> <span class='ocrx_word' id='word_1_175' title='bbox 619 1352 664 1393; x_wconf 91' lang='lat' dir='ltr'>me</span> <span class='ocrx_word' id='word_1_176' title='bbox 693 1339 729 1394; x_wconf 89' lang='lat' dir='ltr'>ad</span> <span class='ocrx_word' id='word_1_177' title='bbox 755 1349 781 1394; x_wconf 90' lang='lat' dir='ltr'>te</span> <span class='ocrx_word' id='word_1_178' title='bbox 796 1345 955 1394; x_wconf 88' lang='lat' dir='ltr'>revertente</span> <span class='ocrx_word' id='word_1_179' title='bbox 1009 1341 1105 1396; x_wconf 85' lang='lat' dir='ltr'>uidebo</span> <span class='ocrx_word' id='word_1_180' title='bbox 1128 1346 1220 1394; x_wconf 88' lang='lat' dir='ltr'>utrum</span> <span class='ocrx_word' id='word_1_181' title='bbox 1253 1343 1396 1395; x_wconf 89' lang='lat' dir='ltr'>clamorem</span> <span class='ocrx_word' id='word_1_182' title='bbox 1419 1344 1468 1410; x_wconf 88' lang='lat' dir='ltr'>qui</span> <span class='ocrx_word' id='word_1_183' title='bbox 1485 1341 1608 1395; x_wconf 84' lang='lat' dir='ltr'>omitad</span> <span class='ocrx_word' id='word_1_184' title='bbox 1636 1357 1677 1395; x_wconf 84' lang='lat' dir='ltr'>me</span> <span class='ocrx_word' id='word_1_185' title='bbox 1695 1356 1774 1410; x_wconf 86' lang='lat' dir='ltr'>opere</span> <span class='ocrx_word' id='word_1_186' title='bbox 1788 1355 1858 1394; x_wconf 85' lang='lat' dir='ltr'>com·</span> 
     </span>
     <span class='ocr_line' id='line_1_25' title="bbox 108 1426 1861 1499; baseline -0.001 -16"><span class='ocrx_word' id='word_1_187' title='bbox 108 1428 281 1499; x_wconf 89' lang='lat' dir='ltr'>triumphos,</span> <span class='ocrx_word' id='word_1_188' title='bbox 294 1426 459 1483; x_wconf 84' lang='lat' dir='ltr'>clarissimae</span> <span class='ocrx_word' id='word_1_189' title='bbox 475 1426 526 1482; x_wconf 90' lang='lat' dir='ltr'>tibi</span> <span class='ocrx_word' id='word_1_190' title='bbox 539 1427 598 1495; x_wconf 91' lang='lat' dir='ltr'>spei</span> <span class='ocrx_word' id='word_1_191' title='bbox 613 1427 725 1483; x_wconf 90' lang='lat' dir='ltr'>oriatur</span> <span class='ocrx_word' id='word_1_192' title='bbox 740 1426 833 1496; x_wconf 91' lang='lat' dir='ltr'>proles</span> <span class='ocrx_word' id='word_1_193' title='bbox 849 1442 855 1481; x_wconf 94' lang='lat'>:</span> <span class='ocrx_word' id='word_1_194' title='bbox 876 1427 956 1496; x_wconf 92' lang='lat' dir='ltr'>prius</span> <span class='ocrx_word' id='word_1_195' title='bbox 1006 1430 1151 1499; x_wconf 82' lang='lat' dir='ltr'>pteoeriat,</span> <span class='ocrx_word' id='word_1_196' title='bbox 1167 1445 1203 1483; x_wconf 81' lang='lat' dir='ltr'>aa</span> <span class='ocrx_word' id='word_1_197' title='bbox 1217 1445 1271 1483; x_wconf 87' lang='lat' dir='ltr'>aaa</span> <span class='ocrx_word' id='word_1_198' title='bbox 1285 1433 1325 1483; x_wconf 89' lang='lat' dir='ltr'>est</span> <span class='ocrx_word' id='word_1_199' title='bbox 1342 1431 1392 1492; x_wconf 89' lang='lat' dir='ltr'>ita,</span> <span class='ocrx_word' id='word_1_200' title='bbox 1418 1434 1449 1482; x_wconf 87' lang='lat' dir='ltr'>ut</span> <span class='ocrx_word' id='word_1_201' title='bbox 1461 1431 1555 1483; x_wconf 84' lang='lat' dir='ltr'>sciam.</span> <span class='ocrx_word' id='word_1_202' title='bbox 1582 1428 1742 1485; x_wconf 88' lang='lat' dir='ltr'>Gomorrha</span> <span class='ocrx_word' id='word_1_203' title='bbox 1763 1429 1861 1497; x_wconf 80' lang='lat' dir='ltr'>papuli</span> 
     </span>
     <span class='ocr_line' id='line_1_26' title="bbox 107 1514 1861 1586; baseline -0.001 -14"><span class='ocrx_word' id='word_1_204' title='bbox 107 1530 209 1572; x_wconf 84' lang='lat' dir='ltr'>exerce</span> <span class='ocrx_word' id='word_1_205' title='bbox 237 1516 417 1582; x_wconf 88' lang='lat' dir='ltr'>medicinam,</span> <span class='ocrx_word' id='word_1_206' title='bbox 447 1528 506 1585; x_wconf 87' lang='lat' dir='ltr'>qua</span> <span class='ocrx_word' id='word_1_207' title='bbox 531 1514 658 1570; x_wconf 80' lang='lat' dir='ltr'>febribus</span> <span class='ocrx_word' id='word_1_208' title='bbox 686 1529 793 1580; x_wconf 83' lang='lat' dir='ltr'>careas,</span> <span class='ocrx_word' id='word_1_209' title='bbox 821 1524 882 1585; x_wconf 91' lang='lat' dir='ltr'>post</span> <span class='ocrx_word' id='word_1_210' title='bbox 905 1515 956 1571; x_wconf 87' lang='lat' dir='ltr'>tibi</span> <span class='ocrx_word' id='word_1_211' title='bbox 1009 1517 1119 1585; x_wconf 86' lang='lat' dir='ltr'>seditio,</span> <span class='ocrx_word' id='word_1_212' title='bbox 1132 1517 1177 1573; x_wconf 89' lang='lat' dir='ltr'>vel</span> <span class='ocrx_word' id='word_1_213' title='bbox 1193 1520 1275 1571; x_wconf 87' lang='lat' dir='ltr'>timor</span> <span class='ocrx_word' id='word_1_214' title='bbox 1301 1518 1425 1584; x_wconf 89' lang='lat' dir='ltr'>dicitur;</span> <span class='ocrx_word' id='word_1_215' title='bbox 1444 1517 1471 1571; x_wconf 93' lang='lat' dir='ltr'>in</span> <span class='ocrx_word' id='word_1_216' title='bbox 1497 1525 1589 1572; x_wconf 88' lang='lat' dir='ltr'>mente</span> <span class='ocrx_word' id='word_1_217' title='bbox 1611 1530 1739 1586; x_wconf 88' lang='lat' dir='ltr'>namque</span> <span class='ocrx_word' id='word_1_218' title='bbox 1760 1529 1861 1572; x_wconf 83' lang='lat' dir='ltr'>eversa</span> 
     </span>
     <span class='ocr_line' id='line_1_27' title="bbox 109 1603 1861 1677; baseline 0 -19"><span class='ocrx_word' id='word_1_219' title='bbox 109 1604 247 1660; x_wconf 90' lang='lat' dir='ltr'>virtutum</span> <span class='ocrx_word' id='word_1_220' title='bbox 263 1619 416 1675; x_wconf 80' lang='lat' dir='ltr'>suggeram</span> <span class='ocrx_word' id='word_1_221' title='bbox 428 1604 523 1674; x_wconf 88' lang='lat' dir='ltr'>dapes,</span> <span class='ocrx_word' id='word_1_222' title='bbox 536 1603 689 1674; x_wconf 87' lang='lat' dir='ltr'>quibusab</span> <span class='ocrx_word' id='word_1_223' title='bbox 701 1603 876 1671; x_wconf 89' lang='lat' dir='ltr'>inlirmitate,</span> <span class='ocrx_word' id='word_1_224' title='bbox 891 1620 956 1675; x_wconf 74' lang='lat' dir='ltr'>quae</span> <span class='ocrx_word' id='word_1_225' title='bbox 1013 1606 1121 1677; x_wconf 91' lang='lat' dir='ltr'>populi,</span> <span class='ocrx_word' id='word_1_226' title='bbox 1139 1605 1299 1661; x_wconf 89' lang='lat' dir='ltr'>carnalium</span> <span class='ocrx_word' id='word_1_227' title='bbox 1315 1605 1417 1675; x_wconf 89' lang='lat' dir='ltr'>utique</span> <span class='ocrx_word' id='word_1_228' title='bbox 1433 1606 1612 1661; x_wconf 84' lang='lat' dir='ltr'>tumultuum</span> <span class='ocrx_word' id='word_1_229' title='bbox 1637 1605 1747 1668; x_wconf 85' lang='lat' dir='ltr'>seditio,</span> <span class='ocrx_word' id='word_1_230' title='bbox 1778 1612 1805 1660; x_wconf 92' lang='lat' dir='ltr'>et</span> <span class='ocrx_word' id='word_1_231' title='bbox 1824 1617 1861 1658; x_wconf 85' lang='lat' dir='ltr'>cx</span> 
     </span>
     <span class='ocr_line' id='line_1_28' title="bbox 108 1673 1860 1765; baseline -0.001 -17"><span class='ocrx_word' id='word_1_232' title='bbox 108 1692 235 1749; x_wconf 80' lang='lat' dir='ltr'>febribus</span> <span class='ocrx_word' id='word_1_233' title='bbox 247 1701 393 1749; x_wconf 88' lang='lat' dir='ltr'>contracta</span> <span class='ocrx_word' id='word_1_234' title='bbox 408 1700 449 1748; x_wconf 88' lang='lat' dir='ltr'>est</span> <span class='ocrx_word' id='word_1_235' title='bbox 472 1692 648 1748; x_wconf 84' lang='lat' dir='ltr'>revalescas:</span> <span class='ocrx_word' id='word_1_236' title='bbox 675 1692 699 1748; x_wconf 95' lang='lat' dir='ltr'>si</span> <span class='ocrx_word' id='word_1_237' title='bbox 719 1693 818 1748; x_wconf 90' lang='lat' dir='ltr'>leceris</span> <span class='ocrx_word' id='word_1_238' title='bbox 842 1699 885 1746; x_wconf 67' lang='lat' dir='ltr'>st</span> <span class='ocrx_word' id='word_1_239' title='bbox 906 1707 956 1762; x_wconf 93' lang='lat' dir='ltr'>pro</span> <span class='ocrx_word' id='word_1_240' title='bbox 976 1673 1109 1764; x_wconf 81' lang='lat' dir='ltr'>Bpravae</span> <span class='ocrx_word' id='word_1_241' title='bbox 1132 1694 1311 1750; x_wconf 75' lang='lat' dir='ltr'>conscientiae</span> <span class='ocrx_word' id='word_1_242' title='bbox 1331 1694 1445 1765; x_wconf 89' lang='lat' dir='ltr'>objectu</span> <span class='ocrx_word' id='word_1_243' title='bbox 1460 1694 1544 1749; x_wconf 91' lang='lat' dir='ltr'>timor</span> <span class='ocrx_word' id='word_1_244' title='bbox 1557 1708 1615 1749; x_wconf 92' lang='lat' dir='ltr'>non</span> <span class='ocrx_word' id='word_1_245' title='bbox 1629 1692 1688 1760; x_wconf 90' lang='lat' dir='ltr'>Dei,</span> <span class='ocrx_word' id='word_1_246' title='bbox 1705 1692 1754 1748; x_wconf 90' lang='lat' dir='ltr'>sed</span> <span class='ocrx_word' id='word_1_247' title='bbox 1768 1691 1860 1747; x_wconf 90' lang='lat' dir='ltr'>bomi-</span> 
     </span>
    </p>
   </div>
   <div class='ocr_carea' id='block_1_8' title="bbox 106 1780 959 2908">
    <p class='ocr_par' dir='ltr' id='par_1_9' title="bbox 106 1780 959 2645">
     <span class='ocr_line' id='line_1_29' title="bbox 108 1780 955 1851; baseline 0 -15"><span class='ocrx_word' id='word_1_248' title='bbox 108 1781 200 1837; x_wconf 88' lang='lat' dir='ltr'>salute</span> <span class='ocrx_word' id='word_1_249' title='bbox 226 1781 268 1837; x_wconf 90' lang='lat' dir='ltr'>tui</span> <span class='ocrx_word' id='word_1_250' title='bbox 284 1781 360 1851; x_wconf 90' lang='lat' dir='ltr'>quod</span> <span class='ocrx_word' id='word_1_251' title='bbox 384 1781 510 1846; x_wconf 90' lang='lat' dir='ltr'>condixi,</span> <span class='ocrx_word' id='word_1_252' title='bbox 537 1781 614 1850; x_wconf 93' lang='lat' dir='ltr'>quod</span> <span class='ocrx_word' id='word_1_253' title='bbox 642 1789 669 1836; x_wconf 91' lang='lat' dir='ltr'>et</span> <span class='ocrx_word' id='word_1_254' title='bbox 693 1782 771 1836; x_wconf 87' lang='lat' dir='ltr'>iactu</span> <span class='ocrx_word' id='word_1_255' title='bbox 800 1780 881 1836; x_wconf 91' lang='lat' dir='ltr'>lacile</span> <span class='ocrx_word' id='word_1_256' title='bbox 904 1789 955 1848; x_wconf 83' lang='lat' dir='ltr'>est,</span> 
     </span>
     <span class='ocr_line' id='line_1_30' title="bbox 108 1869 957 1940; baseline -0.001 -15"><span class='ocrx_word' id='word_1_257' title='bbox 108 1871 285 1926; x_wconf 87' lang='lat' dir='ltr'>incrementa</span> <span class='ocrx_word' id='word_1_258' title='bbox 300 1870 335 1926; x_wconf 92' lang='lat' dir='ltr'>de</span> <span class='ocrx_word' id='word_1_259' title='bbox 356 1869 465 1940; x_wconf 90' lang='lat' dir='ltr'>quibus</span> <span class='ocrx_word' id='word_1_260' title='bbox 480 1870 631 1939; x_wconf 93' lang='lat' dir='ltr'>desperare</span> <span class='ocrx_word' id='word_1_261' title='bbox 646 1869 751 1924; x_wconf 85' lang='lat' dir='ltr'>videris</span> <span class='ocrx_word' id='word_1_262' title='bbox 771 1869 823 1925; x_wconf 88' lang='lat' dir='ltr'>tibi</span> <span class='ocrx_word' id='word_1_263' title='bbox 843 1869 957 1926; x_wconf 92' lang='lat' dir='ltr'>submi-</span> 
     </span>
     <span class='ocr_line' id='line_1_31' title="bbox 107 1957 958 2014; baseline 0 -1"><span class='ocrx_word' id='word_1_264' title='bbox 107 1957 230 2014; x_wconf 89' lang='lat' dir='ltr'>nistrare</span> <span class='ocrx_word' id='word_1_265' title='bbox 246 1957 360 2013; x_wconf 89' lang='lat' dir='ltr'>diliicile</span> <span class='ocrx_word' id='word_1_266' title='bbox 373 1958 442 2013; x_wconf 89' lang='lat' dir='ltr'>milri</span> <span class='ocrx_word' id='word_1_267' title='bbox 468 1972 525 2013; x_wconf 92' lang='lat' dir='ltr'>non</span> <span class='ocrx_word' id='word_1_268' title='bbox 547 1966 599 2013; x_wconf 86' lang='lat' dir='ltr'>est.</span> <span class='ocrx_word' id='word_1_269' title='bbox 616 1957 696 2013; x_wconf 84' lang='lat' dir='ltr'>Victa</span> <span class='ocrx_word' id='word_1_270' title='bbox 713 1958 894 2013; x_wconf 89' lang='lat' dir='ltr'>convenienti</span> <span class='ocrx_word' id='word_1_271' title='bbox 914 1972 958 2013; x_wconf 93' lang='lat' dir='ltr'>ra-</span> 
     </span>
     <span class='ocr_line' id='line_1_32' title="bbox 108 2045 955 2116; baseline -0.001 -13"><span class='ocrx_word' id='word_1_272' title='bbox 108 2046 183 2103; x_wconf 89' lang='lat' dir='ltr'>tione</span> <span class='ocrx_word' id='word_1_273' title='bbox 206 2047 351 2111; x_wconf 90' lang='lat' dir='ltr'>voluntas,</span> <span class='ocrx_word' id='word_1_274' title='bbox 376 2060 405 2102; x_wconf 90' lang='lat' dir='ltr'>se</span> <span class='ocrx_word' id='word_1_275' title='bbox 422 2046 505 2116; x_wconf 89' lang='lat' dir='ltr'>quasi</span> <span class='ocrx_word' id='word_1_276' title='bbox 523 2061 580 2100; x_wconf 93' lang='lat' dir='ltr'>non</span> <span class='ocrx_word' id='word_1_277' title='bbox 600 2045 764 2115; x_wconf 89' lang='lat' dir='ltr'>desperasse</span> <span class='ocrx_word' id='word_1_278' title='bbox 783 2045 955 2112; x_wconf 85' lang='lat' dir='ltr'>dissimulat,</span> 
     </span>
     <span class='ocr_line' id='line_1_33' title="bbox 106 2133 958 2205; baseline 0 -15"><span class='ocrx_word' id='word_1_279' title='bbox 106 2141 134 2190; x_wconf 90' lang='lat' dir='ltr'>et</span> <span class='ocrx_word' id='word_1_280' title='bbox 152 2133 214 2204; x_wconf 78' lang='lat' dir='ltr'>J&#39;am</span> <span class='ocrx_word' id='word_1_281' title='bbox 229 2134 265 2189; x_wconf 90' lang='lat' dir='ltr'>ad</span> <span class='ocrx_word' id='word_1_282' title='bbox 291 2133 409 2189; x_wconf 90' lang='lat' dir='ltr'>meliora</span> <span class='ocrx_word' id='word_1_283' title='bbox 423 2133 582 2205; x_wconf 86' lang='lat' dir='ltr'>gerendum</span> <span class='ocrx_word' id='word_1_284' title='bbox 609 2133 847 2204; x_wconf 86' lang='lat' dir='ltr'>pollicitationum</span> <span class='ocrx_word' id='word_1_285' title='bbox 865 2134 958 2204; x_wconf 83' lang='lat' dir='ltr'>maje-</span> 
     </span>
     <span class='ocr_line' id='line_1_34' title="bbox 106 2221 957 2292; baseline 0 -14"><span class='ocrx_word' id='word_1_286' title='bbox 106 2230 178 2278; x_wconf 88' lang='lat' dir='ltr'>state</span> <span class='ocrx_word' id='word_1_287' title='bbox 193 2236 340 2289; x_wconf 88' lang='lat' dir='ltr'>suecensa,</span> <span class='ocrx_word' id='word_1_288' title='bbox 377 2221 521 2278; x_wconf 86' lang='lat' dir='ltr'>erubescit</span> <span class='ocrx_word' id='word_1_289' title='bbox 546 2221 699 2292; x_wconf 88' lang='lat' dir='ltr'>cogitando</span> <span class='ocrx_word' id='word_1_290' title='bbox 730 2221 868 2290; x_wconf 88' lang='lat' dir='ltr'>replicare</span> <span class='ocrx_word' id='word_1_291' title='bbox 891 2236 957 2291; x_wconf 88' lang='lat' dir='ltr'>quae</span> 
     </span>
     <span class='ocr_line' id='line_1_35' title="bbox 107 2309 959 2381; baseline 0 -15"><span class='ocrx_word' id='word_1_292' title='bbox 107 2318 244 2378; x_wconf 87' lang='lat' dir='ltr'>senserat,</span> <span class='ocrx_word' id='word_1_293' title='bbox 272 2324 359 2381; x_wconf 90' lang='lat' dir='ltr'>quam</span> <span class='ocrx_word' id='word_1_294' title='bbox 385 2318 481 2366; x_wconf 89' lang='lat' dir='ltr'>tamen</span> <span class='ocrx_word' id='word_1_295' title='bbox 507 2325 593 2366; x_wconf 90' lang='lat' dir='ltr'>verus</span> <span class='ocrx_word' id='word_1_296' title='bbox 613 2309 689 2366; x_wconf 89' lang='lat' dir='ltr'>testis</span> <span class='ocrx_word' id='word_1_297' title='bbox 705 2317 736 2365; x_wconf 94' lang='lat' dir='ltr'>ut</span> <span class='ocrx_word' id='word_1_298' title='bbox 760 2310 795 2365; x_wconf 93' lang='lat' dir='ltr'>ad</span> <span class='ocrx_word' id='word_1_299' title='bbox 821 2311 959 2379; x_wconf 84' lang='lat' dir='ltr'>poeniten-</span> 
     </span>
     <span class='ocr_line' id='line_1_36' title="bbox 108 2397 958 2469; baseline 0 -16"><span class='ocrx_word' id='word_1_300' title='bbox 108 2397 177 2454; x_wconf 86' lang='lat' dir='ltr'>tiam</span> <span class='ocrx_word' id='word_1_301' title='bbox 192 2398 282 2468; x_wconf 88' lang='lat' dir='ltr'>ipsius</span> <span class='ocrx_word' id='word_1_302' title='bbox 295 2399 398 2469; x_wconf 73' lang='lat' dir='ltr'>ineptae</span> <span class='ocrx_word' id='word_1_303' title='bbox 413 2397 619 2469; x_wconf 90' lang='lat' dir='ltr'>desperationis</span> <span class='ocrx_word' id='word_1_304' title='bbox 640 2406 781 2468; x_wconf 90' lang='lat' dir='ltr'>provocet,</span> <span class='ocrx_word' id='word_1_305' title='bbox 799 2399 958 2455; x_wconf 89' lang='lat' dir='ltr'>intellectus</span> 
     </span>
     <span class='ocr_line' id='line_1_37' title="bbox 108 2484 957 2558; baseline 0.001 -19"><span class='ocrx_word' id='word_1_306' title='bbox 108 2484 316 2556; x_wconf 89' lang='lat' dir='ltr'>improperator</span> <span class='ocrx_word' id='word_1_307' title='bbox 330 2494 463 2543; x_wconf 89' lang='lat' dir='ltr'>accusat:</span> <span class='ocrx_word' id='word_1_308' title='bbox 489 2486 565 2542; x_wconf 91' lang='lat' dir='ltr'>unde</span> <span class='ocrx_word' id='word_1_309' title='bbox 580 2485 704 2543; x_wconf 88' lang='lat' dir='ltr'>dicenti:</span> <span class='ocrx_word' id='word_1_310' title='bbox 720 2515 757 2527; x_wconf 95' lang='lat'><em>-</em></span> <span class='ocrx_word' id='word_1_311' title='bbox 781 2486 877 2554; x_wconf 82' lang='lat' dir='ltr'>(Vens.</span> <span class='ocrx_word' id='word_1_312' title='bbox 900 2487 957 2558; x_wconf 78' lang='lat'><strong>15.)</strong></span> 
     </span>
     <span class='ocr_line' id='line_1_38' title="bbox 108 2574 472 2645; baseline 0.003 -17"><span class='ocrx_word' id='word_1_313' title='bbox 108 2574 168 2629; x_wconf 86' lang='lat' dir='ltr'>Noa</span> <span class='ocrx_word' id='word_1_314' title='bbox 181 2577 242 2642; x_wconf 87' lang='lat' dir='ltr'>risi,</span> <span class='ocrx_word' id='word_1_315' title='bbox 255 2578 353 2641; x_wconf 78' lang='lat' dir='ltr'>risisti,</span> <span class='ocrx_word' id='word_1_316' title='bbox 367 2575 472 2645; x_wconf 90' lang='lat' dir='ltr'>inquit.</span> 
     </span>
    </p>

    <p class='ocr_par' dir='ltr' id='par_1_10' title="bbox 109 2662 957 2908">
     <span class='ocr_line' id='line_1_39' title="bbox 143 2662 956 2732; baseline 0 -14"><span class='ocrx_word' id='word_1_317' title='bbox 143 2662 230 2718; x_wconf 81' lang='lat' dir='ltr'>Vsus.</span> <span class='ocrx_word' id='word_1_318' title='bbox 250 2666 290 2717; x_wconf 80' lang='lat' dir='ltr'>tc.</span> <span class='ocrx_word' id='word_1_319' title='bbox 318 2694 352 2702; x_wconf 96' lang='lat'><em>-</em></span> <span class='ocrx_word' id='word_1_320' title='bbox 376 2665 493 2732; x_wconf 85' lang='lat' dir='ltr'>Cumque</span> <span class='ocrx_word' id='word_1_321' title='bbox 519 2667 702 2719; x_wconf 71' lang='lat' dir='ltr'>surrexissent</span> <span class='ocrx_word' id='word_1_322' title='bbox 726 2665 791 2719; x_wconf 86' lang='lat' dir='ltr'>inde</span> <span class='ocrx_word' id='word_1_323' title='bbox 818 2666 882 2727; x_wconf 87' lang='lat' dir='ltr'>uiri,</span> <span class='ocrx_word' id='word_1_324' title='bbox 912 2664 956 2718; x_wconf 90' lang='lat' dir='ltr'>di·</span> 
     </span>
     <span class='ocr_line' id='line_1_40' title="bbox 109 2752 957 2820; baseline 0 -15"><span class='ocrx_word' id='word_1_325' title='bbox 109 2757 237 2806; x_wconf 81' lang='lat' dir='ltr'>reaerurtt</span> <span class='ocrx_word' id='word_1_326' title='bbox 263 2753 351 2806; x_wconf 86' lang='lat' dir='ltr'>oculos</span> <span class='ocrx_word' id='word_1_327' title='bbox 366 2767 428 2806; x_wconf 87' lang='lat' dir='ltr'>suos</span> <span class='ocrx_word' id='word_1_328' title='bbox 452 2757 546 2806; x_wconf 85' lang='lat' dir='ltr'>contra</span> <span class='ocrx_word' id='word_1_329' title='bbox 560 2752 713 2820; x_wconf 81' lang='lat' dir='ltr'>Sodomam,</span> <span class='ocrx_word' id='word_1_330' title='bbox 727 2758 754 2806; x_wconf 83' lang='lat' dir='ltr'>et</span> <span class='ocrx_word' id='word_1_331' title='bbox 764 2753 906 2807; x_wconf 83' lang='lat' dir='ltr'>Abrabam</span> <span class='ocrx_word' id='word_1_332' title='bbox 920 2755 957 2806; x_wconf 88' lang='lat' dir='ltr'>si·</span> 
     </span>
     <span class='ocr_line' id='line_1_41' title="bbox 109 2840 957 2908; baseline 0.001 -13"><span class='ocrx_word' id='word_1_333' title='bbox 109 2842 167 2895; x_wconf 90' lang='lat' dir='ltr'>mui</span> <span class='ocrx_word' id='word_1_334' title='bbox 180 2841 360 2908; x_wconf 69' lang='lat' dir='ltr'>erudiebatur</span> <span class='ocrx_word' id='word_1_335' title='bbox 375 2841 507 2895; x_wconf 83' lang='lat' dir='ltr'>deducens</span> <span class='ocrx_word' id='word_1_336' title='bbox 517 2855 570 2896; x_wconf 89' lang='lat' dir='ltr'>eos.</span> <span class='ocrx_word' id='word_1_337' title='bbox 587 2841 658 2897; x_wconf 87' lang='lat' dir='ltr'>Cum</span> <span class='ocrx_word' id='word_1_338' title='bbox 670 2856 728 2897; x_wconf 94' lang='lat' dir='ltr'>non</span> <span class='ocrx_word' id='word_1_339' title='bbox 742 2840 797 2896; x_wconf 89' lang='lat' dir='ltr'>nisi</span> <span class='ocrx_word' id='word_1_340' title='bbox 812 2841 848 2896; x_wconf 90' lang='lat' dir='ltr'>ab</span> <span class='ocrx_word' id='word_1_341' title='bbox 864 2840 957 2896; x_wconf 89' lang='lat' dir='ltr'>bumi-</span> 
     </span>
    </p>
   </div>
   <div class='ocr_carea' id='block_1_9' title="bbox 1010 1770 1864 2912">
    <p class='ocr_par' dir='ltr' id='par_1_11' title="bbox 1010 1770 1864 2912">
     <span class='ocr_line' id='line_1_42' title="bbox 1012 1770 1862 1852; baseline -0.002 -15"><span class='ocrx_word' id='word_1_342' title='bbox 1012 1797 1084 1838; x_wconf 91' lang='lat' dir='ltr'>num</span> <span class='ocrx_word' id='word_1_343' title='bbox 1111 1783 1236 1852; x_wconf 84' lang='lat' dir='ltr'>suspicio</span> <span class='ocrx_word' id='word_1_344' title='bbox 1262 1791 1404 1839; x_wconf 86' lang='lat' dir='ltr'>versatur.</span> <span class='ocrx_word' id='word_1_345' title='bbox 1437 1783 1482 1838; x_wconf 83' lang='lat' dir='ltr'>Ex</span> <span class='ocrx_word' id='word_1_346' title='bbox 1510 1770 1631 1838; x_wconf 88' lang='lat' dir='ltr'>Sodoma</span> <span class='ocrx_word' id='word_1_347' title='bbox 1658 1795 1726 1852; x_wconf 89' lang='lat' dir='ltr'>ergo</span> <span class='ocrx_word' id='word_1_348' title='bbox 1753 1787 1780 1836; x_wconf 91' lang='lat' dir='ltr'>et</span> <span class='ocrx_word' id='word_1_349' title='bbox 1811 1779 1862 1835; x_wconf 83' lang='lat' dir='ltr'>Go</span> 
     </span>
     <span class='ocr_line' id='line_1_43' title="bbox 1012 1867 1861 1940; baseline -0.004 -15"><span class='ocrx_word' id='word_1_350' title='bbox 1012 1870 1139 1928; x_wconf 91' lang='lat' dir='ltr'>morrba.</span> <span class='ocrx_word' id='word_1_351' title='bbox 1155 1871 1250 1926; x_wconf 92' lang='lat' dir='ltr'>cordis</span> <span class='ocrx_word' id='word_1_352' title='bbox 1264 1871 1370 1926; x_wconf 91' lang='lat' dir='ltr'>scilicet</span> <span class='ocrx_word' id='word_1_353' title='bbox 1385 1870 1519 1935; x_wconf 77' lang='lat' dir='ltr'>caecitate,</span> <span class='ocrx_word' id='word_1_354' title='bbox 1537 1883 1570 1925; x_wconf 89' lang='lat' dir='ltr'>ae</span> <span class='ocrx_word' id='word_1_355' title='bbox 1597 1869 1772 1940; x_wconf 89' lang='lat' dir='ltr'>llagitiorum</span> <span class='ocrx_word' id='word_1_356' title='bbox 1787 1867 1861 1923; x_wconf 92' lang='lat' dir='ltr'>sedi-</span> 
     </span>
     <span class='ocr_line' id='line_1_44' title="bbox 1011 1956 1862 2028; baseline -0.005 -14"><span class='ocrx_word' id='word_1_357' title='bbox 1011 1960 1087 2014; x_wconf 90' lang='lat' dir='ltr'>tione</span> <span class='ocrx_word' id='word_1_358' title='bbox 1099 1959 1207 2015; x_wconf 87' lang='lat' dir='ltr'>clamor</span> <span class='ocrx_word' id='word_1_359' title='bbox 1221 1959 1361 2024; x_wconf 90' lang='lat' dir='ltr'>oboritur,</span> <span class='ocrx_word' id='word_1_360' title='bbox 1379 1973 1445 2015; x_wconf 90' lang='lat' dir='ltr'>cum</span> <span class='ocrx_word' id='word_1_361' title='bbox 1465 1959 1573 2028; x_wconf 91' lang='lat' dir='ltr'>pudore</span> <span class='ocrx_word' id='word_1_362' title='bbox 1586 1957 1706 2027; x_wconf 91' lang='lat' dir='ltr'>depulsa</span> <span class='ocrx_word' id='word_1_363' title='bbox 1717 1956 1862 2027; x_wconf 90' lang='lat' dir='ltr'>quidquid</span> 
     </span>
     <span class='ocr_line' id='line_1_45' title="bbox 1010 2046 1861 2117; baseline -0.006 -14"><span class='ocrx_word' id='word_1_364' title='bbox 1010 2062 1137 2117; x_wconf 91' lang='lat' dir='ltr'>nequam</span> <span class='ocrx_word' id='word_1_365' title='bbox 1151 2057 1178 2103; x_wconf 90' lang='lat' dir='ltr'>et</span> <span class='ocrx_word' id='word_1_366' title='bbox 1198 2047 1376 2117; x_wconf 90' lang='lat' dir='ltr'>impudicum</span> <span class='ocrx_word' id='word_1_367' title='bbox 1397 2055 1439 2104; x_wconf 88' lang='lat' dir='ltr'>est</span> <span class='ocrx_word' id='word_1_368' title='bbox 1462 2047 1539 2102; x_wconf 90' lang='lat' dir='ltr'>intra</span> <span class='ocrx_word' id='word_1_369' title='bbox 1562 2047 1702 2113; x_wconf 87' lang='lat' dir='ltr'>animum,</span> <span class='ocrx_word' id='word_1_370' title='bbox 1729 2053 1760 2102; x_wconf 93' lang='lat' dir='ltr'>ut</span> <span class='ocrx_word' id='word_1_371' title='bbox 1775 2046 1861 2101; x_wconf 84' lang='lat' dir='ltr'>etiam</span> 
     </span>
     <span class='ocr_line' id='line_1_46' title="bbox 1010 2133 1862 2206; baseline -0.004 -15"><span class='ocrx_word' id='word_1_372' title='bbox 1010 2136 1137 2191; x_wconf 89' lang='lat' dir='ltr'>exterius</span> <span class='ocrx_word' id='word_1_373' title='bbox 1147 2144 1316 2206; x_wconf 83' lang='lat' dir='ltr'>exercetur3</span> <span class='ocrx_word' id='word_1_374' title='bbox 1333 2137 1356 2190; x_wconf 92' lang='lat' dir='ltr'>is</span> <span class='ocrx_word' id='word_1_375' title='bbox 1371 2135 1568 2205; x_wconf 85' lang='lat' dir='ltr'>multipliciter</span> <span class='ocrx_word' id='word_1_376' title='bbox 1581 2142 1770 2206; x_wconf 86' lang='lat' dir='ltr'>aggravatur,</span> <span class='ocrx_word' id='word_1_377' title='bbox 1787 2133 1862 2204; x_wconf 52' lang='lat' dir='ltr'>,dum</span> 
     </span>
     <span class='ocr_line' id='line_1_47' title="bbox 1010 2220 1862 2280; baseline -0.006 0"><span class='ocrx_word' id='word_1_378' title='bbox 1010 2224 1202 2280; x_wconf 86' lang='lat' dir='ltr'>diuturnitate</span> <span class='ocrx_word' id='word_1_379' title='bbox 1215 2224 1432 2280; x_wconf 88' lang='lat' dir='ltr'>consuetudinis</span> <span class='ocrx_word' id='word_1_380' title='bbox 1453 2224 1618 2280; x_wconf 89' lang='lat' dir='ltr'>induratur.</span> <span class='ocrx_word' id='word_1_381' title='bbox 1635 2223 1712 2278; x_wconf 92' lang='lat' dir='ltr'>Deus</span> <span class='ocrx_word' id='word_1_382' title='bbox 1727 2236 1797 2278; x_wconf 90' lang='lat' dir='ltr'>vero</span> <span class='ocrx_word' id='word_1_383' title='bbox 1826 2220 1862 2275; x_wconf 92' lang='lat' dir='ltr'>ad</span> 
     </span>
     <span class='ocr_line' id='line_1_48' title="bbox 1011 2309 1863 2382; baseline -0.005 -14"><span class='ocrx_word' id='word_1_384' title='bbox 1011 2312 1158 2368; x_wconf 82' lang='lat' dir='ltr'>Abrabam</span> <span class='ocrx_word' id='word_1_385' title='bbox 1175 2313 1236 2368; x_wconf 83' lang='lat' dir='ltr'>baec</span> <span class='ocrx_word' id='word_1_386' title='bbox 1252 2312 1389 2382; x_wconf 92' lang='lat' dir='ltr'>loquitur,</span> <span class='ocrx_word' id='word_1_387' title='bbox 1419 2326 1486 2368; x_wconf 88' lang='lat' dir='ltr'>eum</span> <span class='ocrx_word' id='word_1_388' title='bbox 1510 2312 1546 2368; x_wconf 89' lang='lat' dir='ltr'>ab</span> <span class='ocrx_word' id='word_1_389' title='bbox 1574 2311 1633 2381; x_wconf 91' lang='lat' dir='ltr'>ipso</span> <span class='ocrx_word' id='word_1_390' title='bbox 1663 2310 1752 2366; x_wconf 90' lang='lat' dir='ltr'>nostri</span> <span class='ocrx_word' id='word_1_391' title='bbox 1780 2309 1863 2365; x_wconf 91' lang='lat' dir='ltr'>nobis</span> 
     </span>
     <span class='ocr_line' id='line_1_49' title="bbox 1012 2397 1860 2471; baseline -0.005 -15"><span class='ocrx_word' id='word_1_392' title='bbox 1012 2402 1120 2471; x_wconf 85' lang='lat' dir='ltr'>peccati</span> <span class='ocrx_word' id='word_1_393' title='bbox 1155 2401 1322 2456; x_wconf 87' lang='lat' dir='ltr'>immanitas</span> <span class='ocrx_word' id='word_1_394' title='bbox 1355 2400 1513 2456; x_wconf 88' lang='lat' dir='ltr'>intimatur.</span> <span class='ocrx_word' id='word_1_395' title='bbox 1544 2400 1614 2455; x_wconf 93' lang='lat' dir='ltr'>lnde</span> <span class='ocrx_word' id='word_1_396' title='bbox 1647 2406 1675 2454; x_wconf 93' lang='lat' dir='ltr'>et</span> <span class='ocrx_word' id='word_1_397' title='bbox 1703 2397 1860 2465; x_wconf 88' lang='lat' dir='ltr'>descendit,</span> 
     </span>
     <span class='ocr_line' id='line_1_50' title="bbox 1011 2486 1863 2559; baseline -0.005 -15"><span class='ocrx_word' id='word_1_398' title='bbox 1011 2489 1039 2544; x_wconf 92' lang='lat' dir='ltr'>id</span> <span class='ocrx_word' id='word_1_399' title='bbox 1050 2496 1138 2544; x_wconf 87' lang='lat' dir='ltr'>estex</span> <span class='ocrx_word' id='word_1_400' title='bbox 1149 2489 1290 2559; x_wconf 84' lang='lat' dir='ltr'>superbiae</span> <span class='ocrx_word' id='word_1_401' title='bbox 1302 2496 1404 2544; x_wconf 86' lang='lat' dir='ltr'>naslrae</span> <span class='ocrx_word' id='word_1_402' title='bbox 1416 2487 1492 2545; x_wconf 88' lang='lat' dir='ltr'>lastu</span> <span class='ocrx_word' id='word_1_403' title='bbox 1505 2487 1675 2543; x_wconf 80' lang='lat' dir='ltr'>descendere</span> <span class='ocrx_word' id='word_1_404' title='bbox 1684 2501 1736 2542; x_wconf 90' lang='lat' dir='ltr'>nos</span> <span class='ocrx_word' id='word_1_405' title='bbox 1746 2486 1825 2553; x_wconf 87' lang='lat' dir='ltr'>iacit,</span> <span class='ocrx_word' id='word_1_406' title='bbox 1835 2492 1863 2541; x_wconf 89' lang='lat' dir='ltr'>et</span> 
     </span>
     <span class='ocr_line' id='line_1_51' title="bbox 1011 2574 1861 2645; baseline -0.002 -15"><span class='ocrx_word' id='word_1_407' title='bbox 1011 2577 1098 2643; x_wconf 91' lang='lat' dir='ltr'>videt,</span> <span class='ocrx_word' id='word_1_408' title='bbox 1113 2587 1212 2633; x_wconf 90' lang='lat' dir='ltr'>nostra</span> <span class='ocrx_word' id='word_1_409' title='bbox 1223 2591 1274 2633; x_wconf 95' lang='lat' dir='ltr'>nos</span> <span class='ocrx_word' id='word_1_410' title='bbox 1284 2578 1389 2632; x_wconf 86' lang='lat' dir='ltr'>scilicet</span> <span class='ocrx_word' id='word_1_411' title='bbox 1401 2576 1540 2633; x_wconf 87' lang='lat' dir='ltr'>desideria</span> <span class='ocrx_word' id='word_1_412' title='bbox 1553 2590 1589 2630; x_wconf 90' lang='lat' dir='ltr'>an</span> <span class='ocrx_word' id='word_1_413' title='bbox 1600 2589 1684 2645; x_wconf 90' lang='lat' dir='ltr'>opere</span> <span class='ocrx_word' id='word_1_414' title='bbox 1694 2574 1728 2629; x_wconf 91' lang='lat' dir='ltr'>ad</span> <span class='ocrx_word' id='word_1_415' title='bbox 1745 2574 1861 2643; x_wconf 91' lang='lat' dir='ltr'>plenum</span> 
     </span>
     <span class='ocr_line' id='line_1_52' title="bbox 1010 2662 1864 2735; baseline -0.006 -14"><span class='ocrx_word' id='word_1_416' title='bbox 1010 2665 1230 2735; x_wconf 74' lang='lat' dir='ltr'>expleverimus</span> <span class='ocrx_word' id='word_1_417' title='bbox 1247 2665 1345 2721; x_wconf 90' lang='lat' dir='ltr'>videre</span> <span class='ocrx_word' id='word_1_418' title='bbox 1360 2679 1412 2721; x_wconf 93' lang='lat' dir='ltr'>nos</span> <span class='ocrx_word' id='word_1_419' title='bbox 1425 2664 1513 2731; x_wconf 88' lang='lat' dir='ltr'>lacit;</span> <span class='ocrx_word' id='word_1_420' title='bbox 1537 2664 1599 2734; x_wconf 89' lang='lat' dir='ltr'>ipsa</span> <span class='ocrx_word' id='word_1_421' title='bbox 1612 2677 1739 2733; x_wconf 88' lang='lat' dir='ltr'>namque</span> <span class='ocrx_word' id='word_1_422' title='bbox 1754 2662 1864 2718; x_wconf 89' lang='lat' dir='ltr'>clamor</span> 
     </span>
     <span class='ocr_line' id='line_1_53' title="bbox 1011 2749 1862 2824; baseline -0.006 -15"><span class='ocrx_word' id='word_1_423' title='bbox 1011 2764 1079 2810; x_wconf 91' lang='lat' dir='ltr'>sunt</span> <span class='ocrx_word' id='word_1_424' title='bbox 1094 2754 1121 2809; x_wconf 92' lang='lat' dir='ltr'>in</span> <span class='ocrx_word' id='word_1_425' title='bbox 1133 2754 1253 2810; x_wconf 89' lang='lat' dir='ltr'>auribus</span> <span class='ocrx_word' id='word_1_426' title='bbox 1265 2754 1324 2821; x_wconf 85' lang='lat' dir='ltr'>Del,</span> <span class='ocrx_word' id='word_1_427' title='bbox 1337 2759 1367 2808; x_wconf 91' lang='lat' dir='ltr'>ut</span> <span class='ocrx_word' id='word_1_428' title='bbox 1380 2757 1475 2821; x_wconf 87' lang='lat' dir='ltr'>sciam,</span> <span class='ocrx_word' id='word_1_429' title='bbox 1494 2753 1597 2824; x_wconf 92' lang='lat' dir='ltr'>inquit,</span> <span class='ocrx_word' id='word_1_430' title='bbox 1611 2760 1643 2808; x_wconf 90' lang='lat' dir='ltr'>ut</span> <span class='ocrx_word' id='word_1_431' title='bbox 1653 2751 1725 2807; x_wconf 90' lang='lat' dir='ltr'>scire</span> <span class='ocrx_word' id='word_1_432' title='bbox 1737 2749 1862 2821; x_wconf 90' lang='lat' dir='ltr'>prolecto</span> 
     </span>
     <span class='ocr_line' id='line_1_54' title="bbox 1011 2837 1860 2912; baseline -0.005 -16"><span class='ocrx_word' id='word_1_433' title='bbox 1011 2842 1123 2910; x_wconf 75' lang='lat' dir='ltr'>faciam,</span> <span class='ocrx_word' id='word_1_434' title='bbox 1142 2842 1171 2898; x_wconf 95' lang='lat' dir='ltr'>in</span> <span class='ocrx_word' id='word_1_435' title='bbox 1194 2857 1284 2912; x_wconf 89' lang='lat' dir='ltr'>quarn</span> <span class='ocrx_word' id='word_1_436' title='bbox 1306 2842 1519 2898; x_wconf 89' lang='lat' dir='ltr'>destitutionem</span> <span class='ocrx_word' id='word_1_437' title='bbox 1536 2841 1639 2896; x_wconf 90' lang='lat' dir='ltr'>misera</span> <span class='ocrx_word' id='word_1_438' title='bbox 1662 2853 1744 2895; x_wconf 92' lang='lat' dir='ltr'>mens</span> <span class='ocrx_word' id='word_1_439' title='bbox 1759 2837 1860 2905; x_wconf 92' lang='lat' dir='ltr'>ruerit,</span> 
     </span>
    </p>
   </div>
   <div class='ocr_carea' id='block_1_10' title="bbox 108 2927 1863 3088">
    <p class='ocr_par' dir='ltr' id='par_1_12' title="bbox 108 2927 1863 3088">
     <span class='ocr_line' id='line_1_55' title="bbox 110 2927 1824 3025; baseline -0.002 -42"><span class='ocrx_word' id='word_1_440' title='bbox 110 2927 189 2985; x_wconf 91' lang='lat' dir='ltr'>libus</span> <span class='ocrx_word' id='word_1_441' title='bbox 202 2936 229 2985; x_wconf 92' lang='lat' dir='ltr'>et</span> <span class='ocrx_word' id='word_1_442' title='bbox 255 2928 354 2985; x_wconf 91' lang='lat' dir='ltr'>divino</span> <span class='ocrx_word' id='word_1_443' title='bbox 380 2929 480 2985; x_wconf 89' lang='lat' dir='ltr'>timore</span> <span class='ocrx_word' id='word_1_444' title='bbox 494 2929 649 2985; x_wconf 87' lang='lat' dir='ltr'>contractis</span> <span class='ocrx_word' id='word_1_445' title='bbox 671 2930 811 2996; x_wconf 83' lang='lat' dir='ltr'>sensibus,</span> <span class='ocrx_word' id='word_1_446' title='bbox 832 2937 858 2985; x_wconf 94' lang='lat' dir='ltr'>et</span> <span class='ocrx_word' id='word_1_447' title='bbox 883 2944 955 2999; x_wconf 94' lang='lat' dir='ltr'>quo·</span> <span class='ocrx_word' id='word_1_448' title='bbox 977 2931 1083 3025; x_wconf 77' lang='lat' dir='ltr'>Cquid</span> <span class='ocrx_word' id='word_1_449' title='bbox 1099 2931 1260 3000; x_wconf 88' lang='lat' dir='ltr'>appetierit.</span> <span class='ocrx_word' id='word_1_450' title='bbox 1275 2931 1346 3001; x_wconf 90' lang='lat' dir='ltr'>quid</span> <span class='ocrx_word' id='word_1_451' title='bbox 1361 2931 1520 3000; x_wconf 91' lang='lat' dir='ltr'>appetitum</span> <span class='ocrx_word' id='word_1_452' title='bbox 1537 2942 1655 3000; x_wconf 92' lang='lat' dir='ltr'>quoque</span> <span class='ocrx_word' id='word_1_453' title='bbox 1671 2927 1824 2998; x_wconf 82' lang='lat' dir='ltr'>peregerit.</span> 
     </span>
     <span class='ocr_line' id='line_1_56' title="bbox 108 3016 1863 3088; baseline -0.003 -16"><span class='ocrx_word' id='word_1_454' title='bbox 108 3016 260 3073; x_wconf 89' lang='lat' dir='ltr'>dammodo</span> <span class='ocrx_word' id='word_1_455' title='bbox 275 3018 450 3085; x_wconf 86' lang='lat' dir='ltr'>sedentibus,</span> <span class='ocrx_word' id='word_1_456' title='bbox 476 3019 594 3088; x_wconf 85' lang='lat' dir='ltr'>superni</span> <span class='ocrx_word' id='word_1_457' title='bbox 606 3017 731 3074; x_wconf 88' lang='lat' dir='ltr'>convivii</span> <span class='ocrx_word' id='word_1_458' title='bbox 747 3017 867 3073; x_wconf 89' lang='lat' dir='ltr'>dulcedo</span> <span class='ocrx_word' id='word_1_459' title='bbox 892 3032 959 3088; x_wconf 87' lang='lat' dir='ltr'>gas·</span> <span class='ocrx_word' id='word_1_460' title='bbox 1049 3018 1134 3074; x_wconf 85' lang='lat' dir='ltr'>Vnus.</span> <span class='ocrx_word' id='word_1_461' title='bbox 1150 3020 1192 3072; x_wconf 76' lang='lat'>22.</span> <span class='ocrx_word' id='word_1_462' title='bbox 1208 3049 1241 3058; x_wconf 95' lang='grc'><strong>-</strong></span> <span class='ocrx_word' id='word_1_463' title='bbox 1266 3020 1510 3087; x_wconf 81' lang='lat' dir='ltr'>conuerteruatque</span> <span class='ocrx_word' id='word_1_464' title='bbox 1539 3033 1568 3072; x_wconf 87' lang='lat' dir='ltr'>se</span> <span class='ocrx_word' id='word_1_465' title='bbox 1593 3016 1668 3084; x_wconf 88' lang='lat' dir='ltr'>inde,</span> <span class='ocrx_word' id='word_1_466' title='bbox 1692 3022 1717 3070; x_wconf 89' lang='lat' dir='ltr'>et</span> <span class='ocrx_word' id='word_1_467' title='bbox 1736 3016 1863 3070; x_wconf 82' lang='lat' dir='ltr'>obierunt</span> 
     </span>
    </p>
   </div>
   <div class='ocr_carea' id='block_1_11' title="bbox 110 3105 961 4235">
    <p class='ocr_par' dir='ltr' id='par_1_13' title="bbox 110 3105 961 4235">
     <span class='ocr_line' id='line_1_57' title="bbox 111 3105 960 3173; baseline 0.001 -12"><span class='ocrx_word' id='word_1_468' title='bbox 111 3112 197 3173; x_wconf 90' lang='lat' dir='ltr'>tetur,</span> <span class='ocrx_word' id='word_1_469' title='bbox 212 3113 287 3161; x_wconf 85' lang='lat' dir='ltr'>recle</span> <span class='ocrx_word' id='word_1_470' title='bbox 302 3105 462 3162; x_wconf 85' lang='lat' dir='ltr'>surrexisse</span> <span class='ocrx_word' id='word_1_471' title='bbox 473 3106 621 3173; x_wconf 90' lang='lat' dir='ltr'>dicuntur,</span> <span class='ocrx_word' id='word_1_472' title='bbox 637 3121 704 3163; x_wconf 88' lang='lat' dir='ltr'>cum</span> <span class='ocrx_word' id='word_1_473' title='bbox 719 3106 755 3161; x_wconf 86' lang='lat' dir='ltr'>ad</span> <span class='ocrx_word' id='word_1_474' title='bbox 767 3113 888 3162; x_wconf 87' lang='lat' dir='ltr'>externa</span> <span class='ocrx_word' id='word_1_475' title='bbox 904 3113 960 3162; x_wconf 89' lang='lat' dir='ltr'>stu·</span> 
     </span>
     <span class='ocr_line' id='line_1_58' title="bbox 111 3193 958 3266; baseline -0.002 -16"><span class='ocrx_word' id='word_1_476' title='bbox 111 3193 158 3250; x_wconf 92' lang='lat' dir='ltr'>dia</span> <span class='ocrx_word' id='word_1_477' title='bbox 172 3193 291 3250; x_wconf 86' lang='lat' dir='ltr'>sollicito</span> <span class='ocrx_word' id='word_1_478' title='bbox 304 3194 394 3249; x_wconf 90' lang='lat' dir='ltr'>animi</span> <span class='ocrx_word' id='word_1_479' title='bbox 410 3194 503 3266; x_wconf 85' lang='lat' dir='ltr'>rigare</span> <span class='ocrx_word' id='word_1_480' title='bbox 519 3195 685 3250; x_wconf 87' lang='lat' dir='ltr'>tenduntur.</span> <span class='ocrx_word' id='word_1_481' title='bbox 701 3195 801 3250; x_wconf 84' lang='lat' dir='ltr'>Contra</span> <span class='ocrx_word' id='word_1_482' title='bbox 816 3194 958 3250; x_wconf 86' lang='lat' dir='ltr'>Sodomam</span> 
     </span>
     <span class='ocr_line' id='line_1_59' title="bbox 111 3282 960 3354; baseline 0.002 -17"><span class='ocrx_word' id='word_1_483' title='bbox 111 3290 207 3338; x_wconf 92' lang='lat' dir='ltr'>autem</span> <span class='ocrx_word' id='word_1_484' title='bbox 233 3283 322 3338; x_wconf 88' lang='lat' dir='ltr'>oeulos</span> <span class='ocrx_word' id='word_1_485' title='bbox 345 3282 485 3354; x_wconf 88' lang='lat' dir='ltr'>dirigunt,</span> <span class='ocrx_word' id='word_1_486' title='bbox 512 3297 579 3338; x_wconf 89' lang='lat' dir='ltr'>cum</span> <span class='ocrx_word' id='word_1_487' title='bbox 607 3283 643 3338; x_wconf 88' lang='lat' dir='ltr'>ad</span> <span class='ocrx_word' id='word_1_488' title='bbox 680 3283 896 3339; x_wconf 87' lang='lat' dir='ltr'>similitudinem</span> <span class='ocrx_word' id='word_1_489' title='bbox 926 3298 960 3339; x_wconf 89' lang='lat' dir='ltr'>ac</span> 
     </span>
     <span class='ocr_line' id='line_1_60' title="bbox 110 3370 957 3439; baseline 0.002 -13"><span class='ocrx_word' id='word_1_490' title='bbox 110 3370 337 3427; x_wconf 86' lang='lat' dir='ltr'>conlormitatem</span> <span class='ocrx_word' id='word_1_491' title='bbox 366 3371 528 3427; x_wconf 89' lang='lat' dir='ltr'>carnalium</span> <span class='ocrx_word' id='word_1_492' title='bbox 558 3379 698 3436; x_wconf 87' lang='lat' dir='ltr'>motuum,</span> <span class='ocrx_word' id='word_1_493' title='bbox 727 3372 771 3427; x_wconf 90' lang='lat' dir='ltr'>vel</span> <span class='ocrx_word' id='word_1_494' title='bbox 796 3371 957 3439; x_wconf 91' lang='lat' dir='ltr'>bominum,</span> 
     </span>
     <span class='ocr_line' id='line_1_61' title="bbox 110 3458 959 3531; baseline 0.001 -18"><span class='ocrx_word' id='word_1_495' title='bbox 110 3458 282 3515; x_wconf 88' lang='lat' dir='ltr'>intentiones</span> <span class='ocrx_word' id='word_1_496' title='bbox 307 3460 421 3531; x_wconf 86' lang='lat' dir='ltr'>ligant:</span> <span class='ocrx_word' id='word_1_497' title='bbox 440 3458 561 3515; x_wconf 92' lang='lat' dir='ltr'>Sodoma</span> <span class='ocrx_word' id='word_1_498' title='bbox 584 3475 711 3530; x_wconf 83' lang='lat' dir='ltr'>numque</span> <span class='ocrx_word' id='word_1_499' title='bbox 733 3462 884 3516; x_wconf 84' lang='lat' dir='ltr'>similitudo</span> <span class='ocrx_word' id='word_1_500' title='bbox 913 3476 959 3515; x_wconf 90' lang='lat' dir='ltr'>ea·</span> 
     </span>
     <span class='ocr_line' id='line_1_62' title="bbox 112 3548 959 3619; baseline 0.004 -18"><span class='ocrx_word' id='word_1_501' title='bbox 112 3563 184 3615; x_wconf 86' lang='lat' dir='ltr'>rum,</span> <span class='ocrx_word' id='word_1_502' title='bbox 200 3554 251 3602; x_wconf 87' lang='lat' dir='ltr'>aut</span> <span class='ocrx_word' id='word_1_503' title='bbox 265 3551 370 3602; x_wconf 79' lang='lat' dir='ltr'>cacitas</span> <span class='ocrx_word' id='word_1_504' title='bbox 390 3555 440 3603; x_wconf 91' lang='lat' dir='ltr'>aut</span> <span class='ocrx_word' id='word_1_505' title='bbox 452 3563 534 3618; x_wconf 85' lang='lat' dir='ltr'>pecus</span> <span class='ocrx_word' id='word_1_506' title='bbox 558 3549 640 3603; x_wconf 86' lang='lat' dir='ltr'>sileas</span> <span class='ocrx_word' id='word_1_507' title='bbox 653 3548 880 3619; x_wconf 84' lang='lat' dir='ltr'>interpretatur3</span> <span class='ocrx_word' id='word_1_508' title='bbox 897 3556 959 3619; x_wconf 89' lang='lat' dir='ltr'>post</span> 
     </span>
     <span class='ocr_line' id='line_1_63' title="bbox 115 3635 958 3706; baseline 0.002 -16"><span class='ocrx_word' id='word_1_509' title='bbox 115 3635 343 3692; x_wconf 86' lang='lat' dir='ltr'>conlorntitatem</span> <span class='ocrx_word' id='word_1_510' title='bbox 353 3636 502 3703; x_wconf 89' lang='lat' dir='ltr'>sanevitii,</span> <span class='ocrx_word' id='word_1_511' title='bbox 514 3640 565 3692; x_wconf 89' lang='lat' dir='ltr'>aut</span> <span class='ocrx_word' id='word_1_512' title='bbox 575 3637 769 3706; x_wconf 69' lang='lat' dir='ltr'>secularium,</span> <span class='ocrx_word' id='word_1_513' title='bbox 782 3638 958 3694; x_wconf 88' lang='lat' dir='ltr'>incurrimus</span> 
     </span>
     <span class='ocr_line' id='line_1_64' title="bbox 113 3724 959 3793; baseline 0.004 -14"><span class='ocrx_word' id='word_1_514' title='bbox 113 3725 269 3780; x_wconf 73' lang='lat' dir='ltr'>caecitatem</span> <span class='ocrx_word' id='word_1_515' title='bbox 296 3725 437 3793; x_wconf 89' lang='lat' dir='ltr'>cordium,</span> <span class='ocrx_word' id='word_1_516' title='bbox 464 3732 492 3781; x_wconf 92' lang='lat' dir='ltr'>et</span> <span class='ocrx_word' id='word_1_517' title='bbox 519 3724 655 3781; x_wconf 89' lang='lat' dir='ltr'>distracta</span> <span class='ocrx_word' id='word_1_518' title='bbox 681 3728 866 3782; x_wconf 88' lang='lat' dir='ltr'>sensualitate</span> <span class='ocrx_word' id='word_1_519' title='bbox 892 3741 959 3782; x_wconf 90' lang='lat' dir='ltr'>cum</span> 
     </span>
     <span class='ocr_line' id='line_1_65' title="bbox 113 3811 959 3884; baseline 0.004 -18"><span class='ocrx_word' id='word_1_520' title='bbox 113 3811 368 3884; x_wconf 80' lang='lat' dir='ltr'>imaginationibus</span> <span class='ocrx_word' id='word_1_521' title='bbox 384 3813 413 3868; x_wconf 93' lang='lat' dir='ltr'>in</span> <span class='ocrx_word' id='word_1_522' title='bbox 429 3813 543 3880; x_wconf 85' lang='lat' dir='ltr'>luxum,</span> <span class='ocrx_word' id='word_1_523' title='bbox 562 3815 676 3870; x_wconf 91' lang='lat' dir='ltr'>venitur</span> <span class='ocrx_word' id='word_1_524' title='bbox 690 3815 725 3869; x_wconf 88' lang='lat' dir='ltr'>ad</span> <span class='ocrx_word' id='word_1_525' title='bbox 739 3815 856 3884; x_wconf 90' lang='lat' dir='ltr'>pecuale</span> <span class='ocrx_word' id='word_1_526' title='bbox 870 3814 959 3870; x_wconf 91' lang='lat' dir='ltr'>silen-</span> 
     </span>
     <span class='ocr_line' id='line_1_66' title="bbox 112 3899 960 3973; baseline 0.002 -17"><span class='ocrx_word' id='word_1_527' title='bbox 112 3899 197 3964; x_wconf 88' lang='lat' dir='ltr'>tium,</span> <span class='ocrx_word' id='word_1_528' title='bbox 213 3901 283 3957; x_wconf 91' lang='lat' dir='ltr'>dum</span> <span class='ocrx_word' id='word_1_529' title='bbox 299 3901 380 3957; x_wconf 91' lang='lat' dir='ltr'>nulla</span> <span class='ocrx_word' id='word_1_530' title='bbox 395 3901 514 3957; x_wconf 92' lang='lat' dir='ltr'>rationis</span> <span class='ocrx_word' id='word_1_531' title='bbox 529 3903 691 3973; x_wconf 82' lang='lat' dir='ltr'>congressio</span> <span class='ocrx_word' id='word_1_532' title='bbox 707 3903 738 3958; x_wconf 86' lang='lat' dir='ltr'>lit</span> <span class='ocrx_word' id='word_1_533' title='bbox 750 3911 851 3958; x_wconf 89' lang='lat' dir='ltr'>contra</span> <span class='ocrx_word' id='word_1_534' title='bbox 865 3901 960 3958; x_wconf 87' lang='lat' dir='ltr'>carnis</span> 
     </span>
     <span class='ocr_line' id='line_1_67' title="bbox 112 3989 960 4062; baseline 0.005 -19"><span class='ocrx_word' id='word_1_535' title='bbox 112 3989 263 4055; x_wconf 86' lang='lat' dir='ltr'>assultum,</span> <span class='ocrx_word' id='word_1_536' title='bbox 287 3989 333 4044; x_wconf 88' lang='lat' dir='ltr'>sed</span> <span class='ocrx_word' id='word_1_537' title='bbox 360 3989 519 4059; x_wconf 89' lang='lat' dir='ltr'>perniciosa</span> <span class='ocrx_word' id='word_1_538' title='bbox 532 4005 601 4059; x_wconf 86' lang='lat' dir='ltr'>pace</span> <span class='ocrx_word' id='word_1_539' title='bbox 616 3998 730 4046; x_wconf 89' lang='lat' dir='ltr'>tenetur</span> <span class='ocrx_word' id='word_1_540' title='bbox 744 3991 779 4047; x_wconf 90' lang='lat' dir='ltr'>ad</span> <span class='ocrx_word' id='word_1_541' title='bbox 799 3991 960 4062; x_wconf 81' lang='lat' dir='ltr'>cujuspiam</span> 
     </span>
     <span class='ocr_line' id='line_1_68' title="bbox 112 4077 959 4150; baseline 0.005 -18"><span class='ocrx_word' id='word_1_542' title='bbox 112 4077 220 4146; x_wconf 91' lang='lat' dir='ltr'>peccati</span> <span class='ocrx_word' id='word_1_543' title='bbox 235 4077 413 4147; x_wconf 82' lang='lat' dir='ltr'>dominium3</span> <span class='ocrx_word' id='word_1_544' title='bbox 440 4077 521 4133; x_wconf 88' lang='lat' dir='ltr'>sileat</span> <span class='ocrx_word' id='word_1_545' title='bbox 547 4078 635 4143; x_wconf 91' lang='lat' dir='ltr'>enim,</span> <span class='ocrx_word' id='word_1_546' title='bbox 664 4093 721 4134; x_wconf 89' lang='lat' dir='ltr'>usu</span> <span class='ocrx_word' id='word_1_547' title='bbox 736 4093 824 4135; x_wconf 84' lang='lat' dir='ltr'>sacrae</span> <span class='ocrx_word' id='word_1_548' title='bbox 848 4079 959 4150; x_wconf 84' lang='lat' dir='ltr'>paginae</span> 
     </span>
     <span class='ocr_line' id='line_1_69' title="bbox 114 4163 961 4235; baseline 0.002 -16"><span class='ocrx_word' id='word_1_549' title='bbox 114 4165 217 4221; x_wconf 88' lang='lat' dir='ltr'>teritur</span> <span class='ocrx_word' id='word_1_550' title='bbox 231 4179 282 4234; x_wconf 93' lang='lat' dir='ltr'>pro</span> <span class='ocrx_word' id='word_1_551' title='bbox 299 4163 454 4235; x_wconf 81' lang='lat' dir='ltr'>quiescere,</span> <span class='ocrx_word' id='word_1_552' title='bbox 475 4173 502 4221; x_wconf 91' lang='lat' dir='ltr'>et</span> <span class='ocrx_word' id='word_1_553' title='bbox 524 4181 581 4221; x_wconf 85' lang='lat' dir='ltr'>non</span> <span class='ocrx_word' id='word_1_554' title='bbox 597 4167 737 4235; x_wconf 89' lang='lat' dir='ltr'>resistere,</span> <span class='ocrx_word' id='word_1_555' title='bbox 753 4175 786 4223; x_wconf 90' lang='lat' dir='ltr'>nt</span> <span class='ocrx_word' id='word_1_556' title='bbox 798 4176 857 4223; x_wconf 89' lang='lat' dir='ltr'>est:</span> <span class='ocrx_word' id='word_1_557' title='bbox 874 4169 961 4224; x_wconf 84' lang='lat' dir='ltr'>sileat</span> 
     </span>
    </p>
   </div>
   <div class='ocr_carea' id='block_1_12' title="bbox 1012 3105 1865 4236">
    <p class='ocr_par' dir='ltr' id='par_1_14' title="bbox 1012 3105 1865 4236">
     <span class='ocr_line' id='line_1_70' title="bbox 1012 3105 1864 3173; baseline -0.007 -11"><span class='ocrx_word' id='word_1_558' title='bbox 1012 3107 1172 3173; x_wconf 89' lang='lat' dir='ltr'>Sadomom;</span> <span class='ocrx_word' id='word_1_559' title='bbox 1200 3108 1344 3162; x_wconf 80' lang='lat' dir='ltr'>Abrabam</span> <span class='ocrx_word' id='word_1_560' title='bbox 1372 3123 1432 3162; x_wconf 87' lang='lat' dir='ltr'>cere</span> <span class='ocrx_word' id='word_1_561' title='bbox 1455 3107 1545 3161; x_wconf 82' lang='lat' dir='ltr'>adbuc</span> <span class='ocrx_word' id='word_1_562' title='bbox 1568 3105 1661 3161; x_wconf 83' lang='lat' dir='ltr'>stabat</span> <span class='ocrx_word' id='word_1_563' title='bbox 1690 3119 1780 3158; x_wconf 88' lang='lat' dir='ltr'>coram</span> <span class='ocrx_word' id='word_1_564' title='bbox 1817 3105 1864 3157; x_wconf 75' lang='lat' dir='ltr'>Do</span> 
     </span>
     <span class='ocr_line' id='line_1_71' title="bbox 1012 3191 1863 3263; baseline -0.007 -13"><span class='ocrx_word' id='word_1_565' title='bbox 1012 3198 1094 3250; x_wconf 85' lang='lat' dir='ltr'>mino.</span> <span class='ocrx_word' id='word_1_566' title='bbox 1124 3197 1198 3251; x_wconf 90' lang='lat' dir='ltr'>Dum</span> <span class='ocrx_word' id='word_1_567' title='bbox 1224 3196 1350 3251; x_wconf 87' lang='lat' dir='ltr'>exterior</span> <span class='ocrx_word' id='word_1_568' title='bbox 1373 3196 1457 3251; x_wconf 89' lang='lat' dir='ltr'>lromo</span> <span class='ocrx_word' id='word_1_569' title='bbox 1486 3201 1583 3250; x_wconf 90' lang='lat' dir='ltr'>noster</span> <span class='ocrx_word' id='word_1_570' title='bbox 1605 3193 1663 3263; x_wconf 80' lang='lat' dir='ltr'>jam</span> <span class='ocrx_word' id='word_1_571' title='bbox 1690 3191 1863 3262; x_wconf 84' lang='lat' dir='ltr'>cogitatione</span> 
     </span>
     <span class='ocr_line' id='line_1_72' title="bbox 1012 3278 1863 3353; baseline -0.008 -14"><span class='ocrx_word' id='word_1_572' title='bbox 1012 3297 1147 3353; x_wconf 89' lang='lat' dir='ltr'>perversa</span> <span class='ocrx_word' id='word_1_573' title='bbox 1161 3284 1266 3339; x_wconf 79' lang='lat' dir='ltr'>saeculo</span> <span class='ocrx_word' id='word_1_574' title='bbox 1291 3283 1464 3339; x_wconf 81' lang='lat' dir='ltr'>conformari</span> <span class='ocrx_word' id='word_1_575' title='bbox 1492 3282 1645 3348; x_wconf 90' lang='lat' dir='ltr'>desiderat,</span> <span class='ocrx_word' id='word_1_576' title='bbox 1674 3280 1751 3346; x_wconf 91' lang='lat' dir='ltr'>inde,</span> <span class='ocrx_word' id='word_1_577' title='bbox 1776 3278 1863 3333; x_wconf 86' lang='lat' dir='ltr'>idest</span> 
     </span>
     <span class='ocr_line' id='line_1_73' title="bbox 1012 3366 1861 3440; baseline -0.009 -12"><span class='ocrx_word' id='word_1_578' title='bbox 1012 3386 1049 3428; x_wconf 87' lang='lat' dir='ltr'>ex</span> <span class='ocrx_word' id='word_1_579' title='bbox 1064 3372 1109 3427; x_wconf 91' lang='lat' dir='ltr'>sui</span> <span class='ocrx_word' id='word_1_580' title='bbox 1126 3371 1215 3440; x_wconf 93' lang='lat' dir='ltr'>ipsius</span> <span class='ocrx_word' id='word_1_581' title='bbox 1229 3386 1342 3428; x_wconf 90' lang='lat' dir='ltr'>necesse</span> <span class='ocrx_word' id='word_1_582' title='bbox 1352 3380 1393 3428; x_wconf 88' lang='lat' dir='ltr'>est</span> <span class='ocrx_word' id='word_1_583' title='bbox 1408 3371 1510 3427; x_wconf 89' lang='lat' dir='ltr'>humili</span> <span class='ocrx_word' id='word_1_584' title='bbox 1528 3369 1608 3439; x_wconf 82' lang='lat' dir='ltr'>prim</span> <span class='ocrx_word' id='word_1_585' title='bbox 1622 3366 1861 3432; x_wconf 90' lang='lat' dir='ltr'>consideratione,</span> 
     </span>
     <span class='ocr_line' id='line_1_74' title="bbox 1013 3454 1861 3529; baseline -0.007 -15"><span class='ocrx_word' id='word_1_586' title='bbox 1013 3473 1102 3529; x_wconf 89' lang='lat' dir='ltr'>quam</span> <span class='ocrx_word' id='word_1_587' title='bbox 1117 3461 1173 3515; x_wconf 94' lang='lat' dir='ltr'>Deo</span> <span class='ocrx_word' id='word_1_588' title='bbox 1198 3460 1234 3515; x_wconf 90' lang='lat' dir='ltr'>ad</span> <span class='ocrx_word' id='word_1_589' title='bbox 1251 3460 1398 3516; x_wconf 77' lang='lat' dir='ltr'>Abrabam</span> <span class='ocrx_word' id='word_1_590' title='bbox 1412 3467 1543 3514; x_wconf 89' lang='lat' dir='ltr'>nostrum</span> <span class='ocrx_word' id='word_1_591' title='bbox 1562 3457 1696 3527; x_wconf 83' lang='lat' dir='ltr'>loquente</span> <span class='ocrx_word' id='word_1_592' title='bbox 1722 3454 1861 3523; x_wconf 83' lang='lat' dir='ltr'>concepit,</span> 
     </span>
     <span class='ocr_line' id='line_1_75' title="bbox 1013 3543 1863 3618; baseline -0.006 -17"><span class='ocrx_word' id='word_1_593' title='bbox 1013 3548 1050 3602; x_wconf 90' lang='lat' dir='ltr'>ab</span> <span class='ocrx_word' id='word_1_594' title='bbox 1065 3547 1184 3618; x_wconf 91' lang='lat' dir='ltr'>ipsoque</span> <span class='ocrx_word' id='word_1_595' title='bbox 1200 3549 1255 3603; x_wconf 90' lang='lat' dir='ltr'>Deo</span> <span class='ocrx_word' id='word_1_596' title='bbox 1271 3561 1301 3603; x_wconf 91' lang='lat' dir='ltr'>se</span> <span class='ocrx_word' id='word_1_597' title='bbox 1321 3553 1481 3613; x_wconf 88' lang='lat' dir='ltr'>convertat,</span> <span class='ocrx_word' id='word_1_598' title='bbox 1504 3554 1535 3602; x_wconf 93' lang='lat' dir='ltr'>ut</span> <span class='ocrx_word' id='word_1_599' title='bbox 1550 3544 1661 3602; x_wconf 90' lang='lat' dir='ltr'>bestiali</span> <span class='ocrx_word' id='word_1_600' title='bbox 1685 3546 1761 3606; x_wconf 86' lang='lat' dir='ltr'>vitae,</span> <span class='ocrx_word' id='word_1_601' title='bbox 1778 3543 1863 3598; x_wconf 91' lang='lat' dir='ltr'>idest</span> 
     </span>
     <span class='ocr_line' id='line_1_76' title="bbox 1013 3631 1863 3692; baseline -0.008 -2"><span class='ocrx_word' id='word_1_602' title='bbox 1013 3633 1141 3691; x_wconf 77' lang='lat' dir='ltr'>Sodomae</span> <span class='ocrx_word' id='word_1_603' title='bbox 1168 3635 1341 3692; x_wconf 90' lang='lat' dir='ltr'>intendendo</span> <span class='ocrx_word' id='word_1_604' title='bbox 1362 3634 1501 3691; x_wconf 83' lang='lat' dir='ltr'>caecutiat.</span> <span class='ocrx_word' id='word_1_605' title='bbox 1524 3634 1576 3690; x_wconf 89' lang='lat' dir='ltr'>Sed</span> <span class='ocrx_word' id='word_1_606' title='bbox 1599 3633 1696 3689; x_wconf 90' lang='lat' dir='ltr'>adhuc</span> <span class='ocrx_word' id='word_1_607' title='bbox 1719 3631 1863 3687; x_wconf 77' lang='lat' dir='ltr'>Abrabam</span> 
     </span>
     <span class='ocr_line' id='line_1_77' title="bbox 1013 3719 1864 3793; baseline -0.007 -14"><span class='ocrx_word' id='word_1_608' title='bbox 1013 3740 1103 3779; x_wconf 88' lang='lat' dir='ltr'>aarum</span> <span class='ocrx_word' id='word_1_609' title='bbox 1117 3727 1228 3779; x_wconf 83' lang='lat' dir='ltr'>Domino</span> <span class='ocrx_word' id='word_1_610' title='bbox 1239 3726 1304 3792; x_wconf 88' lang='lat' dir='ltr'>stat,</span> <span class='ocrx_word' id='word_1_611' title='bbox 1320 3723 1391 3793; x_wconf 89' lang='lat' dir='ltr'>quia</span> <span class='ocrx_word' id='word_1_612' title='bbox 1406 3723 1564 3779; x_wconf 88' lang='lat' dir='ltr'>intellectus</span> <span class='ocrx_word' id='word_1_613' title='bbox 1579 3721 1718 3776; x_wconf 91' lang='lat' dir='ltr'>divinitus</span> <span class='ocrx_word' id='word_1_614' title='bbox 1738 3719 1864 3775; x_wconf 88' lang='lat' dir='ltr'>sentiens</span> 
     </span>
     <span class='ocr_line' id='line_1_78' title="bbox 1014 3808 1864 3883; baseline -0.007 -16"><span class='ocrx_word' id='word_1_615' title='bbox 1014 3812 1091 3868; x_wconf 89' lang='lat' dir='ltr'>intra</span> <span class='ocrx_word' id='word_1_616' title='bbox 1120 3812 1244 3882; x_wconf 92' lang='lat' dir='ltr'>seipsum</span> <span class='ocrx_word' id='word_1_617' title='bbox 1270 3812 1299 3867; x_wconf 93' lang='lat' dir='ltr'>in</span> <span class='ocrx_word' id='word_1_618' title='bbox 1314 3827 1379 3883; x_wconf 85' lang='lat' dir='ltr'>quae</span> <span class='ocrx_word' id='word_1_619' title='bbox 1402 3812 1479 3868; x_wconf 90' lang='lat' dir='ltr'>mala</span> <span class='ocrx_word' id='word_1_620' title='bbox 1498 3818 1631 3881; x_wconf 91' lang='lat' dir='ltr'>properet</span> <span class='ocrx_word' id='word_1_621' title='bbox 1660 3808 1864 3880; x_wconf 87' lang='lat' dir='ltr'>gemebundus</span> 
     </span>
     <span class='ocr_line' id='line_1_79' title="bbox 1012 3896 1862 3971; baseline -0.008 -14"><span class='ocrx_word' id='word_1_622' title='bbox 1012 3909 1132 3971; x_wconf 87' lang='lat' dir='ltr'>pensat;</span> <span class='ocrx_word' id='word_1_623' title='bbox 1150 3903 1201 3958; x_wconf 93' lang='lat' dir='ltr'>iste</span> <span class='ocrx_word' id='word_1_624' title='bbox 1221 3901 1341 3957; x_wconf 90' lang='lat' dir='ltr'>Domino</span> <span class='ocrx_word' id='word_1_625' title='bbox 1363 3901 1588 3971; x_wconf 88' lang='lat' dir='ltr'>appropinquat,</span> <span class='ocrx_word' id='word_1_626' title='bbox 1617 3913 1684 3954; x_wconf 90' lang='lat' dir='ltr'>eum</span> <span class='ocrx_word' id='word_1_627' title='bbox 1699 3896 1862 3953; x_wconf 89' lang='lat' dir='ltr'>secundum</span> 
     </span>
     <span class='ocr_line' id='line_1_80' title="bbox 1015 3984 1865 4060; baseline -0.008 -15"><span class='ocrx_word' id='word_1_628' title='bbox 1015 3989 1188 4059; x_wconf 90' lang='lat' dir='ltr'>Scripturas,</span> <span class='ocrx_word' id='word_1_629' title='bbox 1212 3996 1305 4045; x_wconf 90' lang='lat' dir='ltr'>status</span> <span class='ocrx_word' id='word_1_630' title='bbox 1332 4002 1464 4060; x_wconf 92' lang='lat' dir='ltr'>quosque</span> <span class='ocrx_word' id='word_1_631' title='bbox 1488 3988 1591 4043; x_wconf 89' lang='lat' dir='ltr'>mentis</span> <span class='ocrx_word' id='word_1_632' title='bbox 1619 3984 1801 4049; x_wconf 81' lang='lat' dir='ltr'>examinans,</span> <span class='ocrx_word' id='word_1_633' title='bbox 1828 3984 1865 4038; x_wconf 91' lang='lat' dir='ltr'>de</span> 
     </span>
     <span class='ocr_line' id='line_1_81' title="bbox 1013 4072 1862 4149; baseline -0.011 -16"><span class='ocrx_word' id='word_1_634' title='bbox 1013 4078 1135 4149; x_wconf 89' lang='lat' dir='ltr'>singulis</span> <span class='ocrx_word' id='word_1_635' title='bbox 1148 4079 1289 4134; x_wconf 88' lang='lat' dir='ltr'>discutere</span> <span class='ocrx_word' id='word_1_636' title='bbox 1300 4079 1376 4148; x_wconf 90' lang='lat' dir='ltr'>apud</span> <span class='ocrx_word' id='word_1_637' title='bbox 1390 4092 1420 4134; x_wconf 92' lang='lat' dir='ltr'>se</span> <span class='ocrx_word' id='word_1_638' title='bbox 1435 4077 1546 4144; x_wconf 88' lang='lat' dir='ltr'>nititur,</span> <span class='ocrx_word' id='word_1_639' title='bbox 1564 4075 1635 4145; x_wconf 94' lang='lat' dir='ltr'>quid</span> <span class='ocrx_word' id='word_1_640' title='bbox 1656 4075 1732 4129; x_wconf 93' lang='lat' dir='ltr'>Deus</span> <span class='ocrx_word' id='word_1_641' title='bbox 1747 4072 1862 4128; x_wconf 86' lang='lat' dir='ltr'>sentiat.</span> 
     </span>
     <span class='ocr_line' id='line_1_82' title="bbox 1013 4162 1865 4236; baseline -0.011 -15"><span class='ocrx_word' id='word_1_642' title='bbox 1013 4167 1161 4235; x_wconf 81' lang='lat' dir='ltr'>-(ls:ns.</span> <span class='ocrx_word' id='word_1_643' title='bbox 1177 4166 1234 4236; x_wconf 75' lang='lat'>23).</span> <span class='ocrx_word' id='word_1_644' title='bbox 1263 4164 1393 4236; x_wconf 76' lang='lat' dir='ltr'>Numquid</span> <span class='ocrx_word' id='word_1_645' title='bbox 1414 4165 1521 4234; x_wconf 87' lang='lat' dir='ltr'>perdes,</span> <span class='ocrx_word' id='word_1_646' title='bbox 1549 4162 1654 4233; x_wconf 85' lang='lat' dir='ltr'>inquit,</span> <span class='ocrx_word' id='word_1_647' title='bbox 1667 4162 1774 4230; x_wconf 77' lang='lat' dir='ltr'>justum</span> <span class='ocrx_word' id='word_1_648' title='bbox 1803 4175 1865 4213; x_wconf 89' lang='lat' dir='ltr'>cum</span> 
     </span>
    </p>
   </div>
   <div class='ocr_carea' id='block_1_13' title="bbox 113 4248 1864 4324">
    <p class='ocr_par' dir='ltr' id='par_1_15' title="bbox 113 4248 1864 4324">
     <span class='ocr_line' id='line_1_83' title="bbox 113 4248 1864 4324; baseline -0.001 -18"><span class='ocrx_word' id='word_1_649' title='bbox 113 4253 199 4306; x_wconf 83' lang='lat' dir='ltr'>omnis</span> <span class='ocrx_word' id='word_1_650' title='bbox 214 4258 287 4307; x_wconf 77' lang='lat' dir='ltr'>temo</span> <span class='ocrx_word' id='word_1_651' title='bbox 301 4255 400 4320; x_wconf 72' lang='lat' dir='ltr'>oracio</span> <span class='ocrx_word' id='word_1_652' title='bbox 412 4256 520 4308; x_wconf 86' lang='lat' dir='ltr'>Domini</span> <span class='ocrx_word' id='word_1_653' title='bbox 541 4255 660 4324; x_wconf 75' lang='lat' dir='ltr'>(Hebae.</span> <span class='ocrx_word' id='word_1_654' title='bbox 677 4270 704 4317; x_wconf 85' lang='lat' dir='ltr'>n,</span> <span class='ocrx_word' id='word_1_655' title='bbox 733 4257 790 4324; x_wconf 74' lang='lat'><strong>20).</strong></span> <span class='ocrx_word' id='word_1_656' title='bbox 812 4256 959 4312; x_wconf 82' lang='lat' dir='ltr'>Abraham</span> <span class='ocrx_word' id='word_1_657' title='bbox 980 4268 1001 4322; x_wconf 83' lang='lat' dir='ltr'>p</span> <span class='ocrx_word' id='word_1_658' title='bbox 1017 4255 1122 4324; x_wconf 81' lang='lat' dir='ltr'>impiet</span> <span class='ocrx_word' id='word_1_659' title='bbox 1136 4255 1177 4310; x_wconf 81' lang='lat' dir='ltr'>dc</span> <span class='ocrx_word' id='word_1_660' title='bbox 1191 4254 1215 4309; x_wconf 93' lang='lat' dir='ltr'>si</span> <span class='ocrx_word' id='word_1_661' title='bbox 1234 4254 1358 4310; x_wconf 88' lang='lat' dir='ltr'>diceret:</span> <span class='ocrx_word' id='word_1_662' title='bbox 1375 4252 1515 4323; x_wconf 89' lang='lat' dir='ltr'>Nunquid</span> <span class='ocrx_word' id='word_1_663' title='bbox 1527 4251 1578 4308; x_wconf 91' lang='lat' dir='ltr'>etsi</span> <span class='ocrx_word' id='word_1_664' title='bbox 1594 4266 1630 4307; x_wconf 84' lang='lat' dir='ltr'>ex</span> <span class='ocrx_word' id='word_1_665' title='bbox 1655 4249 1750 4306; x_wconf 91' lang='lat' dir='ltr'>carnis</span> <span class='ocrx_word' id='word_1_666' title='bbox 1770 4248 1864 4304; x_wconf 91' lang='lat' dir='ltr'>imbe-</span> 
     </span>
    </p>
   </div>
   <div class='ocr_carea' id='block_1_14' title="bbox 111 4341 962 5209">
    <p class='ocr_par' dir='ltr' id='par_1_16' title="bbox 111 4341 961 4837">
     <span class='ocr_line' id='line_1_84' title="bbox 112 4341 958 4414; baseline 0.004 -18"><span class='ocrx_word' id='word_1_667' title='bbox 112 4349 208 4397; x_wconf 88' lang='lat' dir='ltr'>autem</span> <span class='ocrx_word' id='word_1_668' title='bbox 224 4342 275 4397; x_wconf 88' lang='lat' dir='ltr'>bos</span> <span class='ocrx_word' id='word_1_669' title='bbox 294 4341 438 4397; x_wconf 90' lang='lat' dir='ltr'>deducens</span> <span class='ocrx_word' id='word_1_670' title='bbox 453 4342 540 4398; x_wconf 90' lang='lat' dir='ltr'>simul</span> <span class='ocrx_word' id='word_1_671' title='bbox 553 4343 696 4414; x_wconf 86' lang='lat' dir='ltr'>graditur,</span> <span class='ocrx_word' id='word_1_672' title='bbox 710 4343 781 4399; x_wconf 94' lang='lat' dir='ltr'>dum</span> <span class='ocrx_word' id='word_1_673' title='bbox 796 4345 869 4399; x_wconf 80' lang='lat' dir='ltr'>ratio</span> <span class='ocrx_word' id='word_1_674' title='bbox 883 4345 958 4413; x_wconf 91' lang='lat' dir='ltr'>visu,</span> 
     </span>
     <span class='ocr_line' id='line_1_85' title="bbox 112 4429 961 4502; baseline 0.005 -18"><span class='ocrx_word' id='word_1_675' title='bbox 112 4436 139 4485; x_wconf 91' lang='lat' dir='ltr'>et</span> <span class='ocrx_word' id='word_1_676' title='bbox 166 4429 292 4499; x_wconf 88' lang='lat' dir='ltr'>cogitatu</span> <span class='ocrx_word' id='word_1_677' title='bbox 320 4429 500 4498; x_wconf 88' lang='lat' dir='ltr'>phantastico</span> <span class='ocrx_word' id='word_1_678' title='bbox 525 4430 658 4499; x_wconf 90' lang='lat' dir='ltr'>perpulsa</span> <span class='ocrx_word' id='word_1_679' title='bbox 674 4431 710 4487; x_wconf 86' lang='lat' dir='ltr'>ad</span> <span class='ocrx_word' id='word_1_680' title='bbox 736 4432 873 4502; x_wconf 90' lang='lat' dir='ltr'>proclivia</span> <span class='ocrx_word' id='word_1_681' title='bbox 888 4432 961 4488; x_wconf 84' lang='lat' dir='ltr'>laci-</span> 
     </span>
     <span class='ocr_line' id='line_1_86' title="bbox 111 4515 961 4589; baseline 0.004 -18"><span class='ocrx_word' id='word_1_682' title='bbox 111 4529 217 4572; x_wconf 92' lang='lat' dir='ltr'>narum</span> <span class='ocrx_word' id='word_1_683' title='bbox 232 4515 358 4584; x_wconf 90' lang='lat' dir='ltr'>ducitur,</span> <span class='ocrx_word' id='word_1_684' title='bbox 371 4516 424 4572; x_wconf 90' lang='lat' dir='ltr'>scit</span> <span class='ocrx_word' id='word_1_685' title='bbox 440 4531 567 4573; x_wconf 91' lang='lat' dir='ltr'>errorem</span> <span class='ocrx_word' id='word_1_686' title='bbox 583 4532 681 4584; x_wconf 88' lang='lat' dir='ltr'>suum,</span> <span class='ocrx_word' id='word_1_687' title='bbox 699 4533 751 4575; x_wconf 92' lang='lat' dir='ltr'>nec</span> <span class='ocrx_word' id='word_1_688' title='bbox 770 4534 829 4589; x_wconf 85' lang='lat' dir='ltr'>prae</span> <span class='ocrx_word' id='word_1_689' title='bbox 843 4518 961 4576; x_wconf 89' lang='lat' dir='ltr'>inlirmi-</span> 
     </span>
     <span class='ocr_line' id='line_1_87' title="bbox 112 4603 960 4674; baseline 0.005 -14"><span class='ocrx_word' id='word_1_690' title='bbox 112 4611 169 4660; x_wconf 91' lang='lat' dir='ltr'>tate</span> <span class='ocrx_word' id='word_1_691' title='bbox 187 4603 331 4670; x_wconf 89' lang='lat' dir='ltr'>renititur,</span> <span class='ocrx_word' id='word_1_692' title='bbox 349 4603 402 4660; x_wconf 89' lang='lat' dir='ltr'>boc</span> <span class='ocrx_word' id='word_1_693' title='bbox 418 4604 480 4660; x_wconf 85' lang='lat' dir='ltr'>fieri</span> <span class='ocrx_word' id='word_1_694' title='bbox 504 4605 583 4673; x_wconf 92' lang='lat' dir='ltr'>solet,</span> <span class='ocrx_word' id='word_1_695' title='bbox 614 4605 685 4663; x_wconf 90' lang='lat' dir='ltr'>scire</span> <span class='ocrx_word' id='word_1_696' title='bbox 700 4607 807 4664; x_wconf 88' lang='lat' dir='ltr'>scilicet</span> <span class='ocrx_word' id='word_1_697' title='bbox 830 4622 907 4674; x_wconf 91' lang='lat' dir='ltr'>suos,</span> <span class='ocrx_word' id='word_1_698' title='bbox 926 4621 960 4664; x_wconf 91' lang='lat' dir='ltr'>ac</span> 
     </span>
     <span class='ocr_line' id='line_1_88' title="bbox 111 4691 961 4765; baseline 0.007 -19"><span class='ocrx_word' id='word_1_699' title='bbox 111 4691 298 4762; x_wconf 85' lang='lat' dir='ltr'>ingemiscere</span> <span class='ocrx_word' id='word_1_700' title='bbox 312 4692 420 4762; x_wconf 88' lang='lat' dir='ltr'>lapsus,</span> <span class='ocrx_word' id='word_1_701' title='bbox 437 4699 594 4765; x_wconf 89' lang='lat' dir='ltr'>antequam</span> <span class='ocrx_word' id='word_1_702' title='bbox 613 4694 725 4751; x_wconf 85' lang='lat' dir='ltr'>caecitas</span> <span class='ocrx_word' id='word_1_703' title='bbox 741 4695 907 4752; x_wconf 82' lang='lat' dir='ltr'>omnimoda</span> <span class='ocrx_word' id='word_1_704' title='bbox 922 4696 961 4751; x_wconf 90' lang='lat' dir='ltr'>in·</span> 
     </span>
     <span class='ocr_line' id='line_1_89' title="bbox 111 4780 417 4837; baseline 0.007 -3"><span class='ocrx_word' id='word_1_705' title='bbox 111 4786 248 4835; x_wconf 85' lang='lat' dir='ltr'>nascatur</span> <span class='ocrx_word' id='word_1_706' title='bbox 262 4780 417 4837; x_wconf 91' lang='lat' dir='ltr'>mentibus.</span> 
     </span>
    </p>

    <p class='ocr_par' dir='ltr' id='par_1_17' title="bbox 111 4867 962 5209">
     <span class='ocr_line' id='line_1_90' title="bbox 148 4867 959 4942; baseline 0.005 -19"><span class='ocrx_word' id='word_1_707' title='bbox 148 4867 235 4925; x_wconf 83' lang='lat' dir='ltr'>Vtrns.</span> <span class='ocrx_word' id='word_1_708' title='bbox 263 4872 305 4923; x_wconf 83' lang='lat' dir='ltr'>ll.</span> <span class='ocrx_word' id='word_1_709' title='bbox 320 4900 353 4908; x_wconf 88' lang='lat'><em>-</em></span> <span class='ocrx_word' id='word_1_710' title='bbox 369 4871 501 4938; x_wconf 74' lang='lat' dir='ltr'>dicitque</span> <span class='ocrx_word' id='word_1_711' title='bbox 517 4871 670 4927; x_wconf 87' lang='lat' dir='ltr'>Dominus:</span> <span class='ocrx_word' id='word_1_712' title='bbox 682 4873 754 4928; x_wconf 89' lang='lat' dir='ltr'>Num</span> <span class='ocrx_word' id='word_1_713' title='bbox 768 4872 853 4926; x_wconf 85' lang='lat' dir='ltr'>celare</span> <span class='ocrx_word' id='word_1_714' title='bbox 865 4877 959 4942; x_wconf 87' lang='lat' dir='ltr'>potero</span> 
     </span>
     <span class='ocr_line' id='line_1_91' title="bbox 111 4956 960 5027; baseline 0.007 -17"><span class='ocrx_word' id='word_1_715' title='bbox 111 4956 254 5012; x_wconf 79' lang='lat' dir='ltr'>Abrabam</span> <span class='ocrx_word' id='word_1_716' title='bbox 274 4973 334 5027; x_wconf 82' lang='lat' dir='ltr'>quae</span> <span class='ocrx_word' id='word_1_717' title='bbox 357 4963 482 5025; x_wconf 82' lang='lat' dir='ltr'>gesturus</span> <span class='ocrx_word' id='word_1_718' title='bbox 506 4960 590 5014; x_wconf 78' lang='lat' dir='ltr'>sum?</span> <span class='ocrx_word' id='word_1_719' title='bbox 608 4960 688 5017; x_wconf 91' lang='lat' dir='ltr'>Unde</span> <span class='ocrx_word' id='word_1_720' title='bbox 698 4968 725 5017; x_wconf 90' lang='lat' dir='ltr'>et</span> <span class='ocrx_word' id='word_1_721' title='bbox 748 4960 888 5017; x_wconf 88' lang='lat' dir='ltr'>Dominus</span> <span class='ocrx_word' id='word_1_722' title='bbox 902 4975 960 5016; x_wconf 90' lang='lat' dir='ltr'>non</span> 
     </span>
     <span class='ocr_line' id='line_1_92' title="bbox 112 5039 962 5120; baseline 0.005 -20"><span class='ocrx_word' id='word_1_723' title='bbox 112 5057 141 5100; x_wconf 89' lang='lat' dir='ltr'>se</span> <span class='ocrx_word' id='word_1_724' title='bbox 168 5058 246 5114; x_wconf 91' lang='lat' dir='ltr'>posse</span> <span class='ocrx_word' id='word_1_725' title='bbox 261 5045 354 5102; x_wconf 90' lang='lat' dir='ltr'>celare</span> <span class='ocrx_word' id='word_1_726' title='bbox 369 5046 516 5102; x_wconf 83' lang='lat' dir='ltr'>Abrabam</span> <span class='ocrx_word' id='word_1_727' title='bbox 532 5047 609 5119; x_wconf 90' lang='lat' dir='ltr'>quod</span> <span class='ocrx_word' id='word_1_728' title='bbox 635 5056 769 5120; x_wconf 88' lang='lat' dir='ltr'>gesturus</span> <span class='ocrx_word' id='word_1_729' title='bbox 782 5039 823 5104; x_wconf 80' lang='lat' dir='ltr'>est</span> <span class='ocrx_word' id='word_1_730' title='bbox 848 5047 962 5117; x_wconf 86' lang='lat' dir='ltr'>profite-</span> 
     </span>
     <span class='ocr_line' id='line_1_93' title="bbox 113 5133 959 5209; baseline 0.006 -22"><span class='ocrx_word' id='word_1_731' title='bbox 113 5139 171 5201; x_wconf 91' lang='lat' dir='ltr'>tur,</span> <span class='ocrx_word' id='word_1_732' title='bbox 200 5147 268 5189; x_wconf 90' lang='lat' dir='ltr'>cum</span> <span class='ocrx_word' id='word_1_733' title='bbox 295 5133 325 5189; x_wconf 93' lang='lat' dir='ltr'>in</span> <span class='ocrx_word' id='word_1_734' title='bbox 349 5142 462 5206; x_wconf 85' lang='lat' dir='ltr'>gentem</span> <span class='ocrx_word' id='word_1_735' title='bbox 490 5150 637 5209; x_wconf 87' lang='lat' dir='ltr'>magnam,</span> <span class='ocrx_word' id='word_1_736' title='bbox 670 5150 704 5192; x_wconf 93' lang='lat' dir='ltr'>ac</span> <span class='ocrx_word' id='word_1_737' title='bbox 733 5136 959 5192; x_wconf 85' lang='lat' dir='ltr'>robustissimam</span> 
     </span>
    </p>
   </div>
   <div class='ocr_carea' id='block_1_15' title="bbox 1011 4335 1867 5208">
    <p class='ocr_par' dir='ltr' id='par_1_18' title="bbox 1011 4335 1867 5208">
     <span class='ocr_line' id='line_1_94' title="bbox 1012 4335 1863 4411; baseline -0.008 -14"><span class='ocrx_word' id='word_1_738' title='bbox 1012 4342 1128 4397; x_wconf 88' lang='lat' dir='ltr'>cillitate</span> <span class='ocrx_word' id='word_1_739' title='bbox 1144 4341 1173 4396; x_wconf 93' lang='lat' dir='ltr'>in</span> <span class='ocrx_word' id='word_1_740' title='bbox 1199 4341 1300 4397; x_wconf 85' lang='lat' dir='ltr'>vitium</span> <span class='ocrx_word' id='word_1_741' title='bbox 1329 4341 1418 4408; x_wconf 88' lang='lat' dir='ltr'>labor,</span> <span class='ocrx_word' id='word_1_742' title='bbox 1439 4354 1492 4411; x_wconf 87' lang='lat' dir='ltr'>ego</span> <span class='ocrx_word' id='word_1_743' title='bbox 1509 4339 1627 4408; x_wconf 91' lang='lat' dir='ltr'>spiritus</span> <span class='ocrx_word' id='word_1_744' title='bbox 1651 4338 1703 4407; x_wconf 90' lang='lat' dir='ltr'>qui</span> <span class='ocrx_word' id='word_1_745' title='bbox 1726 4335 1863 4392; x_wconf 87' lang='lat' dir='ltr'>condele-</span> 
     </span>
     <span class='ocr_line' id='line_1_95' title="bbox 1011 4424 1864 4501; baseline -0.009 -15"><span class='ocrx_word' id='word_1_746' title='bbox 1011 4437 1073 4487; x_wconf 91' lang='lat' dir='ltr'>ctor</span> <span class='ocrx_word' id='word_1_747' title='bbox 1095 4429 1151 4501; x_wconf 88' lang='lat' dir='ltr'>legi</span> <span class='ocrx_word' id='word_1_748' title='bbox 1180 4429 1240 4495; x_wconf 90' lang='lat' dir='ltr'>Dei,</span> <span class='ocrx_word' id='word_1_749' title='bbox 1266 4437 1293 4485; x_wconf 89' lang='lat' dir='ltr'>et</span> <span class='ocrx_word' id='word_1_750' title='bbox 1321 4428 1482 4484; x_wconf 90' lang='lat' dir='ltr'>seeundum</span> <span class='ocrx_word' id='word_1_751' title='bbox 1518 4427 1683 4483; x_wconf 89' lang='lat' dir='ltr'>interiorem</span> <span class='ocrx_word' id='word_1_752' title='bbox 1715 4424 1864 4480; x_wconf 89' lang='lat' dir='ltr'>hominem</span> 
     </span>
     <span class='ocr_line' id='line_1_96' title="bbox 1011 4513 1867 4590; baseline -0.007 -18"><span class='ocrx_word' id='word_1_753' title='bbox 1011 4519 1110 4574; x_wconf 90' lang='lat' dir='ltr'>vivere</span> <span class='ocrx_word' id='word_1_754' title='bbox 1124 4518 1234 4590; x_wconf 88' lang='lat' dir='ltr'>gratius</span> <span class='ocrx_word' id='word_1_755' title='bbox 1254 4516 1355 4580; x_wconf 89' lang='lat' dir='ltr'>babeo,</span> <span class='ocrx_word' id='word_1_756' title='bbox 1380 4531 1418 4572; x_wconf 92' lang='lat' dir='ltr'>ne</span> <span class='ocrx_word' id='word_1_757' title='bbox 1439 4515 1563 4582; x_wconf 87' lang='lat' dir='ltr'>videam,</span> <span class='ocrx_word' id='word_1_758' title='bbox 1592 4522 1642 4571; x_wconf 90' lang='lat' dir='ltr'>ant</span> <span class='ocrx_word' id='word_1_759' title='bbox 1657 4513 1760 4569; x_wconf 90' lang='lat' dir='ltr'>videns</span> <span class='ocrx_word' id='word_1_760' title='bbox 1787 4525 1867 4567; x_wconf 81' lang='lat' dir='ltr'>exse</span> 
     </span>
     <span class='ocr_line' id='line_1_97' title="bbox 1012 4600 1865 4678; baseline -0.009 -16"><span class='ocrx_word' id='word_1_761' title='bbox 1012 4607 1063 4678; x_wconf 92' lang='lat' dir='ltr'>qui</span> <span class='ocrx_word' id='word_1_762' title='bbox 1078 4606 1193 4676; x_wconf 89' lang='lat' dir='ltr'>cupiam</span> <span class='ocrx_word' id='word_1_763' title='bbox 1208 4606 1286 4676; x_wconf 92' lang='lat' dir='ltr'>quod</span> <span class='ocrx_word' id='word_1_764' title='bbox 1300 4606 1413 4676; x_wconf 87' lang='lat' dir='ltr'>justum</span> <span class='ocrx_word' id='word_1_765' title='bbox 1435 4613 1485 4672; x_wconf 90' lang='lat' dir='ltr'>est,</span> <span class='ocrx_word' id='word_1_766' title='bbox 1502 4604 1589 4659; x_wconf 87' lang='lat' dir='ltr'>etiam</span> <span class='ocrx_word' id='word_1_767' title='bbox 1603 4603 1729 4659; x_wconf 74' lang='lat' dir='ltr'>cecitate</span> <span class='ocrx_word' id='word_1_768' title='bbox 1744 4600 1865 4656; x_wconf 87' lang='lat' dir='ltr'>damna-</span> 
     </span>
     <span class='ocr_line' id='line_1_98' title="bbox 1013 4690 1865 4766; baseline -0.011 -16"><span class='ocrx_word' id='word_1_769' title='bbox 1013 4694 1065 4750; x_wconf 85' lang='lat' dir='ltr'>bor</span> <span class='ocrx_word' id='word_1_770' title='bbox 1074 4695 1088 4749; x_wconf 87' lang='lat' dir='ltr'>‘l</span> <span class='ocrx_word' id='word_1_771' title='bbox 1097 4724 1131 4735; x_wconf 96' lang='lat'><em>-</em></span> <span class='ocrx_word' id='word_1_772' title='bbox 1139 4693 1237 4766; x_wconf 83' lang='lat' dir='ltr'>(Vnus.</span> <span class='ocrx_word' id='word_1_773' title='bbox 1249 4693 1307 4764; x_wconf 74' lang='lat'><strong>24.)</strong></span> <span class='ocrx_word' id='word_1_774' title='bbox 1317 4694 1349 4747; x_wconf 90' lang='lat' dir='ltr'>Si</span> <span class='ocrx_word' id='word_1_775' title='bbox 1358 4693 1671 4762; x_wconf 69' lang='lat' dir='ltr'>fuerintquiaquapiata</span> <span class='ocrx_word' id='word_1_776' title='bbox 1677 4690 1750 4759; x_wconf 81' lang='lat' dir='ltr'>justi</span> <span class='ocrx_word' id='word_1_777' title='bbox 1757 4690 1789 4743; x_wconf 75' lang='lat' dir='ltr'>t‘tt</span> <span class='ocrx_word' id='word_1_778' title='bbox 1798 4690 1865 4743; x_wconf 88' lang='lat' dir='ltr'>ciui-</span> 
     </span>
     <span class='ocr_line' id='line_1_99' title="bbox 1013 4779 1863 4854; baseline -0.009 -16"><span class='ocrx_word' id='word_1_779' title='bbox 1013 4788 1068 4838; x_wconf 88' lang='lat' dir='ltr'>tate</span> <span class='ocrx_word' id='word_1_780' title='bbox 1074 4784 1202 4854; x_wconf 81' lang='lat' dir='ltr'>peribam</span> <span class='ocrx_word' id='word_1_781' title='bbox 1216 4783 1298 4837; x_wconf 83' lang='lat' dir='ltr'>simut</span> <span class='ocrx_word' id='word_1_782' title='bbox 1307 4783 1322 4830; x_wconf 79' lang='lat' dir='ltr'>‘l</span> <span class='ocrx_word' id='word_1_783' title='bbox 1335 4781 1387 4837; x_wconf 88' lang='lat' dir='ltr'>Per</span> <span class='ocrx_word' id='word_1_784' title='bbox 1402 4779 1690 4852; x_wconf 90' lang='lat' dir='ltr'>quinquagenarium</span> <span class='ocrx_word' id='word_1_785' title='bbox 1705 4789 1863 4833; x_wconf 88' lang='lat' dir='ltr'>numerum</span> 
     </span>
     <span class='ocr_line' id='line_1_100' title="bbox 1012 4865 1864 4941; baseline -0.009 -14"><span class='ocrx_word' id='word_1_786' title='bbox 1012 4872 1181 4941; x_wconf 90' lang='lat' dir='ltr'>poenitentia</span> <span class='ocrx_word' id='word_1_787' title='bbox 1201 4870 1351 4940; x_wconf 89' lang='lat' dir='ltr'>accipitur,</span> <span class='ocrx_word' id='word_1_788' title='bbox 1371 4870 1449 4940; x_wconf 93' lang='lat' dir='ltr'>quod</span> <span class='ocrx_word' id='word_1_789' title='bbox 1464 4883 1501 4925; x_wconf 89' lang='lat' dir='ltr'>ex</span> <span class='ocrx_word' id='word_1_790' title='bbox 1522 4869 1630 4938; x_wconf 92' lang='lat' dir='ltr'>psalmo</span> <span class='ocrx_word' id='word_1_791' title='bbox 1650 4865 1864 4938; x_wconf 87' lang='lat' dir='ltr'>quinquagesi-</span> 
     </span>
     <span class='ocr_line' id='line_1_101' title="bbox 1013 4957 1865 5030; baseline -0.012 -14"><span class='ocrx_word' id='word_1_792' title='bbox 1013 4975 1060 5015; x_wconf 90' lang='lat' dir='ltr'>mo</span> <span class='ocrx_word' id='word_1_793' title='bbox 1077 4968 1173 5030; x_wconf 85' lang='lat' dir='ltr'>aperte</span> <span class='ocrx_word' id='word_1_794' title='bbox 1189 4958 1327 5029; x_wconf 88' lang='lat' dir='ltr'>probatur</span> <span class='ocrx_word' id='word_1_795' title='bbox 1336 4973 1345 5029; x_wconf 91' lang='lat'>;</span> <span class='ocrx_word' id='word_1_796' title='bbox 1367 4959 1570 5029; x_wconf 81' lang='lat' dir='ltr'>quinquaqinta</span> <span class='ocrx_word' id='word_1_797' title='bbox 1584 4970 1652 5029; x_wconf 88' lang='lat' dir='ltr'>ergo</span> <span class='ocrx_word' id='word_1_798' title='bbox 1663 4958 1736 5025; x_wconf 71' lang='lat' dir='ltr'>justi</span> <span class='ocrx_word' id='word_1_799' title='bbox 1749 4960 1819 5010; x_wconf 91' lang='lat' dir='ltr'>sunt</span> <span class='ocrx_word' id='word_1_800' title='bbox 1834 4957 1865 5007; x_wconf 85' lang='lat' dir='ltr'>ia</span> 
     </span>
     <span class='ocr_line' id='line_1_102' title="bbox 1013 5043 1865 5118; baseline -0.007 -15"><span class='ocrx_word' id='word_1_801' title='bbox 1013 5051 1213 5115; x_wconf 67' lang='lat' dir='ltr'>usitatarum</span> <span class='ocrx_word' id='word_1_802' title='bbox 1241 5047 1321 5118; x_wconf 86' lang='lat' dir='ltr'>digni</span> <span class='ocrx_word' id='word_1_803' title='bbox 1348 5046 1520 5118; x_wconf 81' lang='lat' dir='ltr'>poenitentiae</span> <span class='ocrx_word' id='word_1_804' title='bbox 1549 5053 1644 5102; x_wconf 93' lang='lat' dir='ltr'>motus</span> <span class='ocrx_word' id='word_1_805' title='bbox 1658 5051 1814 5100; x_wconf 90' lang='lat' dir='ltr'>versantur</span> <span class='ocrx_word' id='word_1_806' title='bbox 1836 5043 1865 5098; x_wconf 92' lang='lat' dir='ltr'>in</span> 
     </span>
     <span class='ocr_line' id='line_1_103' title="bbox 1014 5134 1865 5208; baseline -0.009 -15"><span class='ocrx_word' id='word_1_807' title='bbox 1014 5145 1117 5193; x_wconf 86' lang='lat' dir='ltr'>ruente.</span> <span class='ocrx_word' id='word_1_808' title='bbox 1126 5166 1163 5179; x_wconf 96' lang='lat'><em>-</em></span> <span class='ocrx_word' id='word_1_809' title='bbox 1178 5135 1275 5208; x_wconf 83' lang='lat' dir='ltr'>(Vnus.</span> <span class='ocrx_word' id='word_1_810' title='bbox 1288 5135 1344 5207; x_wconf 76' lang='lat' dir='ltr'>ili.)</span> <span class='ocrx_word' id='word_1_811' title='bbox 1358 5137 1531 5203; x_wconf 83' lang='lat' dir='ltr'>Stinueaera,</span> <span class='ocrx_word' id='word_1_812' title='bbox 1544 5135 1648 5205; x_wconf 91' lang='lat' dir='ltr'>inquit,</span> <span class='ocrx_word' id='word_1_813' title='bbox 1661 5134 1865 5203; x_wconf 82' lang='lat' dir='ltr'>quinquaqinta</span> 
     </span>
    </p>
   </div>
   <div class='ocr_carea' id='block_1_16' title="bbox 112 5221 1866 5296">
    <p class='ocr_par' dir='ltr' id='par_1_19' title="bbox 112 5221 1866 5296">
     <span class='ocr_line' id='line_1_104' title="bbox 112 5221 1866 5296; baseline -0.002 -19"><span class='ocrx_word' id='word_1_814' title='bbox 112 5221 230 5278; x_wconf 87' lang='lat' dir='ltr'>iuturus</span> <span class='ocrx_word' id='word_1_815' title='bbox 252 5222 289 5277; x_wconf 91' lang='lat' dir='ltr'>sit</span> <span class='ocrx_word' id='word_1_816' title='bbox 315 5221 393 5293; x_wconf 84' lang='lat' dir='ltr'>(Gen.</span> <span class='ocrx_word' id='word_1_817' title='bbox 414 5238 463 5292; x_wconf 88' lang='lat' dir='ltr'>xrr,</span> <span class='ocrx_word' id='word_1_818' title='bbox 485 5228 521 5294; x_wconf 83' lang='lat' dir='ltr'>t),</span> <span class='ocrx_word' id='word_1_819' title='bbox 551 5226 622 5296; x_wconf 90' lang='lat' dir='ltr'>quia</span> <span class='ocrx_word' id='word_1_820' title='bbox 646 5224 699 5295; x_wconf 92' lang='lat' dir='ltr'>ipsi</span> <span class='ocrx_word' id='word_1_821' title='bbox 724 5233 819 5281; x_wconf 85' lang='lat' dir='ltr'>nostro</span> <span class='ocrx_word' id='word_1_822' title='bbox 844 5225 960 5294; x_wconf 90' lang='lat' dir='ltr'>spiritui</span> <span class='ocrx_word' id='word_1_823' title='bbox 1008 5223 1100 5295; x_wconf 82' lang='lat' dir='ltr'>justos</span> <span class='ocrx_word' id='word_1_824' title='bbox 1123 5227 1153 5280; x_wconf 87' lang='lat' dir='ltr'>iu</span> <span class='ocrx_word' id='word_1_825' title='bbox 1167 5225 1254 5279; x_wconf 88' lang='lat' dir='ltr'>medic</span> <span class='ocrx_word' id='word_1_826' title='bbox 1275 5226 1404 5289; x_wconf 81' lang='lat' dir='ltr'>ciuitatis,</span> <span class='ocrx_word' id='word_1_827' title='bbox 1427 5224 1565 5278; x_wconf 85' lang='lat' dir='ltr'>dimittam</span> <span class='ocrx_word' id='word_1_828' title='bbox 1580 5223 1654 5278; x_wconf 86' lang='lat' dir='ltr'>omni</span> <span class='ocrx_word' id='word_1_829' title='bbox 1677 5221 1732 5276; x_wconf 88' lang='lat' dir='ltr'>ioco</span> <span class='ocrx_word' id='word_1_830' title='bbox 1753 5225 1866 5289; x_wconf 87' lang='lat' dir='ltr'>propter</span> 
     </span>
    </p>
   </div>
   <div class='ocr_carea' id='block_1_17' title="bbox 112 5309 960 5384">
    <p class='ocr_par' dir='ltr' id='par_1_20' title="bbox 112 5309 960 5384">
     <span class='ocr_line' id='line_1_105' title="bbox 112 5309 960 5384; baseline 0.004 -18"><span class='ocrx_word' id='word_1_831' title='bbox 112 5323 163 5380; x_wconf 90' lang='lat' dir='ltr'>per</span> <span class='ocrx_word' id='word_1_832' title='bbox 178 5309 249 5367; x_wconf 88' lang='lat' dir='ltr'>vitia</span> <span class='ocrx_word' id='word_1_833' title='bbox 264 5311 403 5368; x_wconf 87' lang='lat' dir='ltr'>violenter</span> <span class='ocrx_word' id='word_1_834' title='bbox 417 5321 489 5382; x_wconf 90' lang='lat' dir='ltr'>acto,</span> <span class='ocrx_word' id='word_1_835' title='bbox 514 5313 648 5384; x_wconf 84' lang='lat' dir='ltr'>quaedam</span> <span class='ocrx_word' id='word_1_836' title='bbox 671 5312 841 5384; x_wconf 89' lang='lat' dir='ltr'>plerumque</span> <span class='ocrx_word' id='word_1_837' title='bbox 858 5313 960 5369; x_wconf 91' lang='lat' dir='ltr'>inlun-</span> 
     </span>
    </p>
   </div>
   <div class='ocr_carea' id='block_1_18' title="bbox 1013 5312 1865 5384">
    <p class='ocr_par' dir='ltr' id='par_1_21' title="bbox 1013 5312 1865 5384">
     <span class='ocr_line' id='line_1_106' title="bbox 1013 5312 1865 5384; baseline -0.006 -15"><span class='ocrx_word' id='word_1_838' title='bbox 1013 5330 1065 5369; x_wconf 87' lang='lat' dir='ltr'>eas.</span> <span class='ocrx_word' id='word_1_839' title='bbox 1082 5314 1213 5369; x_wconf 86' lang='lat' dir='ltr'>lumedio</span> <span class='ocrx_word' id='word_1_840' title='bbox 1232 5316 1351 5368; x_wconf 88' lang='lat' dir='ltr'>civitatis</span> <span class='ocrx_word' id='word_1_841' title='bbox 1376 5313 1449 5384; x_wconf 86' lang='lat' dir='ltr'>justi</span> <span class='ocrx_word' id='word_1_842' title='bbox 1471 5312 1671 5379; x_wconf 90' lang='lat' dir='ltr'>inveniuntur,</span> <span class='ocrx_word' id='word_1_843' title='bbox 1699 5323 1768 5366; x_wconf 91' lang='lat' dir='ltr'>cum</span> <span class='ocrx_word' id='word_1_844' title='bbox 1783 5323 1865 5365; x_wconf 93' lang='lat' dir='ltr'>com-</span> 
     </span>
    </p>
   </div>
   <div class='ocr_carea' id='block_1_19' title="bbox 112 5397 1865 5563">
    <p class='ocr_par' dir='ltr' id='par_1_22' title="bbox 112 5397 1865 5563">
     <span class='ocr_line' id='line_1_107' title="bbox 112 5397 1864 5473; baseline -0.002 -17"><span class='ocrx_word' id='word_1_845' title='bbox 112 5400 191 5456; x_wconf 93' lang='lat' dir='ltr'>ditur</span> <span class='ocrx_word' id='word_1_846' title='bbox 217 5415 277 5456; x_wconf 78' lang='lat' dir='ltr'>snae</span> <span class='ocrx_word' id='word_1_847' title='bbox 291 5401 396 5458; x_wconf 82' lang='lat' dir='ltr'>suturae</span> <span class='ocrx_word' id='word_1_848' title='bbox 418 5402 510 5459; x_wconf 87' lang='lat' dir='ltr'>ruinae</span> <span class='ocrx_word' id='word_1_849' title='bbox 527 5417 561 5458; x_wconf 89' lang='lat' dir='ltr'>ac</span> <span class='ocrx_word' id='word_1_850' title='bbox 573 5402 791 5459; x_wconf 88' lang='lat' dir='ltr'>resurrectionis</span> <span class='ocrx_word' id='word_1_851' title='bbox 806 5403 959 5473; x_wconf 84' lang='lat' dir='ltr'>provideo·</span> <span class='ocrx_word' id='word_1_852' title='bbox 1012 5404 1177 5473; x_wconf 88' lang='lat' dir='ltr'>punctionis</span> <span class='ocrx_word' id='word_1_853' title='bbox 1193 5411 1286 5460; x_wconf 90' lang='lat' dir='ltr'>motus</span> <span class='ocrx_word' id='word_1_854' title='bbox 1308 5403 1336 5457; x_wconf 91' lang='lat' dir='ltr'>in</span> <span class='ocrx_word' id='word_1_855' title='bbox 1361 5402 1422 5472; x_wconf 90' lang='lat' dir='ltr'>ipsa</span> <span class='ocrx_word' id='word_1_856' title='bbox 1449 5400 1543 5457; x_wconf 91' lang='lat' dir='ltr'>cordis</span> <span class='ocrx_word' id='word_1_857' title='bbox 1571 5399 1730 5456; x_wconf 92' lang='lat' dir='ltr'>meditullio</span> <span class='ocrx_word' id='word_1_858' title='bbox 1753 5412 1812 5454; x_wconf 93' lang='lat' dir='ltr'>non</span> <span class='ocrx_word' id='word_1_859' title='bbox 1827 5397 1864 5453; x_wconf 93' lang='lat' dir='ltr'>ad</span> 
     </span>
     <span class='ocr_line' id='line_1_108' title="bbox 112 5487 1865 5563; baseline 0 -20"><span class='ocrx_word' id='word_1_860' title='bbox 112 5487 162 5557; x_wconf 88' lang='lat' dir='ltr'>tia,</span> <span class='ocrx_word' id='word_1_861' title='bbox 179 5494 206 5544; x_wconf 91' lang='lat' dir='ltr'>et</span> <span class='ocrx_word' id='word_1_862' title='bbox 227 5489 297 5546; x_wconf 90' lang='lat' dir='ltr'>dum</span> <span class='ocrx_word' id='word_1_863' title='bbox 308 5504 337 5546; x_wconf 91' lang='lat' dir='ltr'>se</span> <span class='ocrx_word' id='word_1_864' title='bbox 350 5491 428 5547; x_wconf 86' lang='lat' dir='ltr'>videt</span> <span class='ocrx_word' id='word_1_865' title='bbox 441 5489 539 5562; x_wconf 89' lang='lat' dir='ltr'>spargi</span> <span class='ocrx_word' id='word_1_866' title='bbox 551 5505 601 5562; x_wconf 92' lang='lat' dir='ltr'>per</span> <span class='ocrx_word' id='word_1_867' title='bbox 614 5490 746 5558; x_wconf 89' lang='lat' dir='ltr'>crimina,</span> <span class='ocrx_word' id='word_1_868' title='bbox 768 5506 848 5563; x_wconf 91' lang='lat' dir='ltr'>spem</span> <span class='ocrx_word' id='word_1_869' title='bbox 863 5501 958 5550; x_wconf 87' lang='lat' dir='ltr'>tamen</span> <span class='ocrx_word' id='word_1_870' title='bbox 1015 5494 1125 5559; x_wconf 91' lang='lat' dir='ltr'>boram,</span> <span class='ocrx_word' id='word_1_871' title='bbox 1142 5501 1193 5549; x_wconf 91' lang='lat' dir='ltr'>aut</span> <span class='ocrx_word' id='word_1_872' title='bbox 1207 5506 1243 5546; x_wconf 85' lang='lat' dir='ltr'>ex</span> <span class='ocrx_word' id='word_1_873' title='bbox 1258 5491 1354 5559; x_wconf 90' lang='lat' dir='ltr'>latere,</span> <span class='ocrx_word' id='word_1_874' title='bbox 1383 5497 1415 5546; x_wconf 93' lang='lat' dir='ltr'>ut</span> <span class='ocrx_word' id='word_1_875' title='bbox 1437 5489 1549 5556; x_wconf 90' lang='lat' dir='ltr'>assolet,</span> <span class='ocrx_word' id='word_1_876' title='bbox 1574 5489 1623 5545; x_wconf 91' lang='lat' dir='ltr'>sed</span> <span class='ocrx_word' id='word_1_877' title='bbox 1646 5494 1865 5558; x_wconf 90' lang='lat' dir='ltr'>perseveranter</span> 
     </span>
    </p>
   </div>
   <div class='ocr_carea' id='block_1_20' title="bbox 0 0 1923 6008">
    <p class='ocr_par' dir='ltr' id='par_1_23' title="bbox 0 0 1923 6008">
     <span class='ocr_line' id='line_1_109' title="bbox 0 0 1923 6008; baseline 0 0"><span class='ocrx_word' id='word_1_878' title='bbox 0 0 1923 6008; x_wconf 95' lang='lat' dir='ltr'> </span> 
     </span>
    </p>
   </div>
  </div>
 </body>
</html>
