3818 6008
67 245 103 296 'ill
525 238 555 291 V.
575 234 742 291 obtutari
760 230 906 290 nestris
924 232 951 288 S.
972 231 1089 287 MdeAE
1108 228 1153 287 DE
1172 230 1367 288 novioduno
1785 234 1817 286 tt

185 419 191 430 .
210 377 253 430 lb.

69 377 187 530 ranncst
210 468 388 518 sementeron
411 465 437 514 ct
456 474 544 513 semen
568 460 654 513 illias.
672 458 730 513 line
753 457 784 513 sti
805 455 917 526 quoties

70 554 206 610 voluntas
234 559 332 607 nostra
354 549 459 605 divinae
486 547 621 602 inuititur
649 544 772 612 rationi,
796 551 824 600 et
847 551 918 599 tuna

281 403 313 415 -
331 373 494 430 Inimicitias
516 385 616 440 ponam
639 372 711 423 intes·
728 374 753 424 te
779 372 805 422 et
818 367 918 422 aotic-
936 366 1081 432 astricto,
1107 367 1155 422 liei
1180 365 1362 438 aliquantula
1387 364 1572 435 inspiratione
1591 366 1627 422 ad
1650 364 1762 438 aliquid
1778 366 1819 422 lu·

970 455 1056 510 minis
1082 454 1265 511 sentiendum
1290 453 1458 510 solidamur.
1486 453 1558 510 Nam
1584 454 1659 511 sicut
1681 468 1715 511 eo
1742 462 1818 511 statu
1857 435 1866 477 ²

969 542 1126 613 pascimur,
1142 544 1182 599 sic
1206 543 1423 613 peregrinantes
1437 556 1473 598 ex
1497 542 1551 598 boc
1566 542 1725 609 deliciosus,
1751 543 1820 613 quia
1863 524 1866 531 ¹

70 643 215 713 appetitus
229 640 323 696 caruis
340 638 414 707 apud
433 637 521 706 ipsam
538 642 696 704 respectum
717 648 774 688 uon
794 632 915 697 invenit,
987 631 1014 642 ''
1062 632 1068 643 ‘

70 735 141 804 quia
166 744 260 788 semen
276 729 441 797 sanctique
462 726 634 782 iceoudatur
650 724 791 794 Spiritus,
817 723 915 779 diabo-

70 818 131 876 licae
155 815 332 889 suggestioni
354 829 472 886 prorsus
497 813 652 879 insensum,
679 811 821 868 infinitam
845 810 919 866 iuter

70 914 229 971 utrumqne
256 904 478 973 discrepantiam
503 901 579 957 iacit.
603 902 671 970 Ipsa
698 904 813 953 conteret
837 903 918 968 captet

70 1001 155 1051 ianm.
187 996 288 1063 Caput,
317 993 341 1046 id
366 998 408 1046 est
437 991 550 1046 initium
580 988 660 1058 pravi
685 987 829 1058 appetitus
853 987 917 1049 luit,

70 1083 216 1140 communi
243 1081 365 1138 utilitate
393 1079 501 1142 relicta,
529 1077 660 1133 videlicet
688 1076 756 1143 Deo,
785 1075 918 1146 quadam

70 1171 123 1229 sibi
146 1170 262 1242 propria
277 1168 359 1225 velle.
385 1166 466 1224 Unde
490 1165 630 1221 Damiuus
652 1178 729 1232 eum,
756 1164 806 1234 qui
831 1163 866 1218 ad
890 1175 919 1218 se

72 1260 160 1328 veuit,
177 1273 236 1314 non
252 1258 413 1326 ejecturum
430 1253 505 1309 ieras
527 1253 690 1323 perhibens,
707 1266 811 1308 causas
829 1250 918 1316 addit,

71 1347 141 1417 quia
160 1360 219 1401 nou
234 1344 345 1399 venerit
366 1342 457 1397 lacero
473 1340 651 1397 voluntatem
673 1354 756 1396 suam
774 1339 861 1410 (ioan.
879 1354 918 1405 vu,

71 1437 116 1496 37.
133 1433 188 1504 38).
216 1432 304 1488 licata
326 1430 461 1486 voluutas
485 1429 502 1485 b
511 1444 537 1484 te
553 1437 640 1499 caput
659 1430 764 1496 atterit,
790 1427 918 1498 quaudo,

72 1524 101 1579 in
125 1527 268 1591 quantum
297 1516 442 1588 praevalet,
472 1516 512 1572 uil
539 1517 592 1571 sibi
622 1516 744 1585 turpiter
771 1515 918 1586 proprium

73 1608 229 1678 relinquit;
264 1607 333 1662 ditm
364 1606 439 1661 enim
464 1618 481 1659 a
504 1605 597 1674 primo
631 1604 745 1660 bomine
772 1605 917 1673 privatum

73 1695 211 1766 quiddam
236 1694 367 1764 petitur:
385 1693 542 1761 aparadisi
557 1706 657 1749 sereno
678 1693 849 1757 demittitur,
872 1706 919 1746 se-

72 1797 179 1854 quaces
200 1781 319 1838 secundi
336 1781 404 1837 adse
426 1789 499 1838 totos
513 1794 542 1836 se
556 1781 605 1837 Dei
623 1780 726 1850 placito
748 1780 920 1836 contradeu-

33 1906 37 1913 ,
72 1879 114 1928 tes
133 1871 163 1926 iu
178 1869 256 1925 eoelis
279 1869 482 1925 admittuntur.
500 1870 536 1924 tt
551 1874 579 1922 to
598 1868 774 1922 insidiaberis
798 1869 922 1922 calcatae

72 1960 141 2028 cius.
166 1956 350 2025 calcaneum,
368 1971 434 2027 quae
459 1965 502 2012 est
518 1955 613 2011 finalis
632 1971 699 2026 pars
713 1956 848 2025 corporis,
875 1957 921 2011 in-

73 2048 226 2103 tentionem
254 2045 420 2115 accipimus,
449 2059 515 2116 quae
544 2045 673 2101 omnium
703 2046 848 2101 actionum
880 2052 922 2100 cst

72 2133 148 2189 finis.
175 2133 248 2188 Dum
273 2131 363 2203 igitur
387 2130 437 2186 Dei
461 2130 602 2188 voluntati
629 2139 756 2187 nostram
775 2131 922 2202 postponi-

73 2236 147 2287 mns,
164 2220 233 2275 dum
249 2219 427 2275 claudestina
444 2224 491 2274 tta
504 2227 531 2274 et
547 2227 644 2287 aperta
658 2221 727 2275 vitia
742 2220 920 2281 abdicamus,

72 2307 101 2363 iu
117 2307 257 2362 bonorum
282 2313 445 2361 nostrorum
473 2304 629 2360 intentione
648 2303 809 2360 tendiculas
822 2302 922 2374 praui·

73 2408 129 2465 pue
143 2392 223 2463 pouit
237 2407 303 2464 quac
319 2394 455 2463 gerimus,
480 2400 512 2450 ut
527 2407 601 2462 quas
615 2391 726 2462 llagitio
742 2391 848 2448 irretiri
863 2405 922 2448 uon

73 2483 159 2550 vaiet,
179 2482 279 2537 saltem
295 2479 455 2536 aiicetualis
471 2479 639 2550 improbitas
653 2479 802 2550 popularis
816 2479 923 2535 lavaris

73 2570 172 2640 aliqua
194 2571 369 2640 respectione
390 2569 588 2625 commaculet.
612 2568 648 2623 Αι
660 2567 720 2637 jam
746 2568 807 2637 ipsa
821 2567 923 2623 voluu-

73 2666 117 2715 tas
133 2658 202 2729 quid
218 2658 253 2713 de
267 2672 298 2713 se
311 2659 395 2714 etiam
413 2658 519 2713 sentire
534 2657 642 2720 debeat,
658 2655 798 2712 divinitus
813 2655 924 2711 ratione

75 2746 213 2816 magistra
226 2746 383 2815 exandiat;
398 2745 504 2802 dieitur
518 2745 557 2801 illi
576 2762 583 2800 ε

110 2835 196 2891 linas.
212 2834 301 2889 tit.-
264 2833 646 2904 -lllaitiplicabaaeramnas
660 2840 732 2900 tuas,
748 2836 923 2902 etconceptns

972 815 1128 878 antequam
1152 808 1345 872 comedamus,
1372 807 1564 876 suspiramus,
1584 815 1612 863 et
1633 807 1688 864 boc
1710 808 1821 863 attactis
1857 794 1866 872 s

971 897 1038 952 vitae
1066 903 1170 952 nostrae
1196 895 1307 963 diebus,
1334 895 1361 952 id
1386 904 1429 953 est
1449 896 1562 966 quoties
1585 896 1673 952 vitam
1692 904 1818 952 nostram
1856 910 1861 920 ‘

972 986 1089 1040 unicam
1104 984 1249 1041 Christum
1265 982 1467 1054 intelligimus;
1483 998 1533 1053 per
1544 983 1604 1039 dies
1623 983 1700 1039 euim
1716 983 1819 1040 intelli·
1860 970 1866 1008 ²

973 1074 1098 1143 gentiam
1119 1073 1227 1143 signari
1242 1085 1332 1141 supra
1352 1072 1488 1128 diximus.
1505 1071 1589 1128 lllum
1603 1078 1698 1129 autem
1716 1070 1818 1128 iutelli-

974 1163 1078 1231 gimos,
1094 1175 1158 1217 curn
1175 1161 1215 1216 illi
1226 1160 1414 1232 singulariter
1424 1160 1537 1216 iuterna
1551 1174 1652 1229 sapore
1662 1159 1818 1216 inhiamus.
1862 1172 1866 1181 ⁴

973 1249 1044 1305 Cum
1060 1249 1168 1317 labare,
1190 1251 1319 1320 inquam,
1337 1247 1486 1318 eomedcs;
1502 1248 1541 1303 nil
1555 1248 1631 1303 enirn
1646 1247 1708 1304 sine
1724 1248 1820 1303 labore

974 1344 1060 1394 restat
1085 1336 1255 1393 mortalibus
1275 1336 1361 1392 etiam
1380 1335 1407 1391 iu
1429 1335 1568 1405 terrenis;
1593 1337 1664 1406 quia
1686 1339 1782 1406 spinas
1796 1341 1820 1390 et

974 1426 1086 1480 tribulas
1111 1425 1278 1497 germinabit
1296 1425 1356 1479 tibi.
1385 1424 1428 1481 Tu
1452 1424 1540 1480 menti
1565 1425 1687 1494 propriae
1711 1423 1820 1480 cultum

974 1514 1131 1584 impendes,
1160 1514 1207 1570 scd
1237 1514 1287 1570 illa
1320 1513 1394 1569 iuter
1424 1512 1575 1569 colendum
1612 1513 1769 1584 originaria
1795 1521 1821 1568 et

949 1602 1079 1712 3actuali
1115 1610 1251 1672 corrupta
1278 1602 1343 1657 tabo
1367 1602 1465 1671 spinas
1490 1602 1618 1657 avartiae
1644 1601 1822 1671 tribulosque

949 1660 1124 1746 3libidinum
1141 1689 1262 1746 ieraeins
1279 1689 1461 1761 germinabit.
1479 1689 1556 1745 Siout
1572 1703 1698 1760 namque
1713 1687 1822 1744 densio

975 1779 1056 1834 riltus
1071 1779 1187 1834 horrent
1203 1777 1311 1834 aculeis
1326 1777 1424 1833 tribuli
1442 1792 1529 1848 spiram
1554 1778 1654 1847 spinae,
1672 1776 1710 1832 ita
1734 1775 1821 1831 animi

975 1866 1165 1937 plurimarum
1180 1867 1299 1922 luxuria
1310 1866 1489 1936 frequentius
1499 1865 1717 1930 stimulantur,
1711 1879 1767 1919 rulo
1777 1878 1824 1918 na-

976 1955 1109 2015 turalius.
1125 1969 1215 2025 qnam
1239 1955 1405 2025 cupiditate,
1421 1962 1448 2010 et
1462 1953 1593 2009 comedes
1611 1952 1715 2008 herbas
1729 1961 1821 2020 terrae,

975 2045 1044 2115 quia
1072 2042 1171 2100 molles
1200 2051 1228 2100 et
1255 2043 1378 2099 lascivas
1409 2042 1595 2112 cogitationes
1626 2049 1653 2097 ct
1682 2040 1821 2097 desideria

975 2134 1071 2188 carnis
1096 2140 1153 2189 tuae
1177 2132 1293 2201 patieris
1308 2138 1456 2203 gratanter
1480 2131 1620 2199 excipere,
1647 2130 1714 2200 ipsis
1731 2126 1821 2200 'quasi

978 2222 1083 2292 pabula
1098 2229 1126 2277 ιε
1141 2222 1244 2277 lovere.

1013 2312 1098 2368 Vsus
1117 2313 1159 2365 ta.
1176 2341 1210 2350 -
1224 2300 1370 2364 la'sadore
1389 2309 1481 2363 uultus
1497 2310 1538 2360 tui
1551 2309 1665 2361 vesceris
1682 2322 1755 2376 panc
1769 2312 1821 2360 tete.

976 2400 1106 2456 Percutis
1131 2412 1217 2469 poros
1245 2398 1281 2453 ab
1308 2396 1427 2453 iuteruis
1450 2395 1538 2451 sodor
1566 2403 1690 2450 emanat.
1719 2393 1824 2451 Vultus

975 2496 1071 2545 autem
1087 2487 1264 2544 avoluutate
1277 2485 1394 2549 dicitur,
1412 2484 1482 2556 quia
1500 2482 1527 2537 iu
1544 2482 1627 2537 vultu
1643 2481 1822 2552 potissimum

976 2576 1112 2632 voluutas
1127 2575 1280 2646 cogitantis
1295 2560 1424 2643 tspparet.
1441 2572 1472 2627 ln
1495 2569 1599 2626 sudore
1615 2571 1711 2639 itaque
1725 2570 1824 2626 vttltus

975 2679 1077 2735 panem
1100 2663 1286 2728 comedimus,
1306 2660 1422 2732 equando
1437 2660 1473 2716 ab
1488 2658 1592 2714 animae
1612 2656 1732 2714 occultis
1746 2657 1823 2714 omui

977 2753 1159 2809 voluntatum
1188 2751 1330 2807 exhausta
1360 2749 1485 2817 mollitie,
1517 2755 1544 2803 et
1572 2747 1636 2803 iude
1662 2747 1737 2816 lota,
1765 2760 1823 2816 qua

977 2843 1067 2899 Deum
1087 2839 1238 2896 videamus
1251 2838 1333 2898 iacie,
1357 2838 1408 2908 qui
1424 2837 1459 2892 de
1475 2836 1544 2892 caelo
1562 2834 1716 2902 deseendit,
1732 2835 1824 2890 vesci-

75 2930 142 2978 ¹¹⁰⁸
155 2923 649 2994 M¹¹¹¹¹l¹¹¹⁰¹sae¹¹¹¹¹¹¹¹¹¹⁸l¹‘¹¹¹¹¹1¹¹l¹¹¹
661 2920 921 2992 ¹¹⁰¹¹¹¹¹¹¹¹l¹¹⁰¹¹s¹¹3¹¹
942 2944 1046 3011 emur
1066 2930 1241 2985 intrinsecus
1255 2940 1340 2997 pane
1359 2928 1444 2980 Donec
1459 2926 1606 2979 retentaris
1621 2940 1649 2977 tn
1664 2929 1775 2986 terram
1793 2923 1825 2976 de

74 3010 176 3067 debere
193 3011 271 3067 videt
284 3018 311 3067 et
326 3010 418 3066 iacere
443 3011 528 3072 v.olet
549 3009 670 3066 vanitati
692 3009 841 3079 subJeetns
855 3007 920 3062 velit

74 3100 154 3167 nolit,
190 3100 269 3171 quad
300 3099 441 3156 desiderat
472 3099 594 3163 elicere,
629 3097 740 3154 mortali
773 3096 922 3152 obscessus

73 3189 234 3245 conditione
249 3203 307 3244 nou
331 3188 417 3244 valet.
440 3188 521 3245 Unde
545 3201 622 3244 tinus
638 3202 644 3242 :
660 3189 744 3242 iliser
762 3200 809 3250 cea
834 3185 920 3252 barno,

74 3280 192 3344 quisae
209 3276 336 3330 liberabit
360 3275 393 3330 de
407 3292 518 3346 corpere
537 3279 632 3331 martis
648 3275 751 3345 bajus?
765 3275 852 3343 (llam.
871 3287 919 3341 vu,

74 3365 131 3434 ti.)
157 3365 258 3420 ilelius
284 3365 312 3420 id
333 3365 508 3434 experiendo
526 3364 643 3430 dicitur,
673 3376 762 3433 qoam
791 3361 918 3417 dicendo.

73 3453 232 3525 Conceptus
262 3454 503 3524 multiplicantur,
529 3452 577 3509 sed
607 3451 637 3507 in
663 3451 759 3507 dolore
792 3449 841 3505 dlii
870 3464 919 3519 pa-

74 3541 202 3607 riuntur,
222 3541 340 3612 quaudo
356 3541 416 3611 ipsa
432 3539 544 3598 tantilla
557 3540 632 3597 bona
645 3540 706 3595 sine
721 3552 826 3610 magna
841 3539 920 3610 cogi-

73 3632 212 3688 tationum
235 3631 444 3689 concertatione
458 3645 515 3687 uon
531 3631 728 3702 proponimus,
742 3639 770 3688 et
785 3632 920 3689 destituta

72 3721 169 3776 caruis
196 3721 368 3791 impulsibus
382 3735 448 3777 curn
469 3718 566 3776 labare
592 3721 769 3790 reponimus,
794 3721 841 3778 sed
868 3721 918 3777 etsi

72 3821 139 3865 cum
153 3807 252 3878 aliqua
267 3807 506 3865 delectatiuncula
519 3807 661 3877 spirituali
676 3807 840 3878 incipimus,
854 3806 919 3878 quis

71 3895 174 3962 edicat,
191 3910 249 3966 quo
272 3896 369 3953 dolore
383 3903 410 3951 et
426 3894 550 3951 elamore
575 3895 728 3965 parimus?
742 3895 794 3951 Sed
811 3895 873 3951 baec
896 3894 918 3949 si

73 3983 169 4056 partui
189 3983 375 4055 primumque
388 3985 538 4053 caueeptui
553 3983 684 4040 suidcere
698 3983 787 4055 cupit,
803 3984 852 4039 sab
864 3985 921 4037 oiri

68 4077 210 4143 potestate,
228 4071 256 4127 id
276 4078 318 4128 cst
332 4070 460 4139 rationis,
479 4078 576 4140 utpote
594 4072 753 4143 discipliuae
775 4071 917 4142 indigens,

72 4173 186 4217 necesse
209 4168 260 4226 est,
278 4166 310 4215 ut
334 4160 380 4224 sit,
395 4159 480 4229 cnjus
500 4159 605 4217 damno
625 4160 765 4230 juvenilis
783 4160 916 4231 quaedam

977 3035 1031 3087 qao
1047 3022 1170 3087 sumptas
1185 3033 1221 3073 es.
1245 3017 1314 3072 Pani
1331 3015 1370 3071 illi
1391 3014 1530 3071 vescendo
1546 3012 1731 3077 intendimus,
1754 3011 1822 3067 dnm

975 3108 1006 3162 iu
1030 3114 1147 3173 terram,
1173 3105 1360 3162 stabilitatem
1383 3104 1489 3160 scilicet
1513 3116 1547 3157 ae
1569 3100 1823 3172 impassibilitatem

977 3196 1053 3252 illam
1077 3195 1317 3265 superaetestem
1334 3193 1495 3260 redeamus,
1511 3190 1546 3246 de
1565 3204 1623 3260 qua
1638 3188 1702 3244 dolo
1717 3187 1823 3245 diaboli

976 3285 1010 3341 ad
1027 3283 1149 3340 luendas
1174 3282 1305 3339 miserias
1319 3281 1426 3352 sumpti
1452 3293 1563 3336 sumus
1582 3278 1675 3333 Potest
1699 3276 1783 3346 panis
1797 3283 1824 3331 et

976 3370 1032 3427 alio
1057 3371 1146 3441 accipi
1164 3386 1215 3442 pra
1237 3368 1419 3440 perfeetionis
1442 3367 1535 3424 ruodo.
1562 3365 1660 3421 Pulvis
1683 3364 1821 3428 triticeus,

975 3461 1025 3531 qui
1040 3460 1133 3515 latina
1145 3458 1260 3523 dieitur,
1275 3470 1353 3529 aqua
1368 3456 1581 3526 conspergitur,
1600 3452 1691 3510 multo
1706 3459 1824 3509 versatu

975 3548 1011 3604 ed
1034 3547 1170 3605 duritiam
1200 3559 1294 3602 massa
1308 3545 1470 3611 deducitur,
1498 3543 1612 3599 admoto
1637 3541 1741 3598 debinc
1763 3540 1822 3612 igni

974 3637 1065 3692 sudus
1080 3634 1116 3691 ad
1134 3635 1278 3706 integrum
1295 3633 1377 3704 panis
1391 3632 1514 3688 elicitur
1531 3647 1536 3686 :
1554 3631 1593 3687 ita
1608 3644 1660 3686 uos
1674 3628 1823 3700 quondam

974 3725 1010 3781 ad
1025 3739 1138 3781 omnem
1161 3723 1299 3779 daemonis
1319 3722 1419 3778 ilatum
1442 3718 1585 3777 cessibiles
1600 3727 1632 3775 ut
1647 3717 1742 3787 pulvis
1756 3731 1822 3774 era-

975 3824 1048 3877 mus,
1073 3810 1163 3866 diviui
1189 3809 1312 3880 Spiritus
1338 3809 1417 3865 unda
1444 3806 1530 3864 iuiusi
1551 3821 1662 3871 sumus,
1679 3804 1728 3861 scd
1754 3804 1826 3875 quia

974 3897 1131 3969 primordia
1152 3906 1250 3954 nostra
1265 3906 1366 3954 tenera
1381 3911 1415 3952 aa
1431 3896 1522 3953 liuida
1542 3903 1620 3961 sunt,
1636 3892 1744 3950 crebris
1766 3900 1827 3949 tens

974 3987 1113 4043 tatianum
1125 3985 1353 4042 revolutionibus
1368 3985 1564 4048 induruimus,
1577 3983 1693 4039 demum
1711 3981 1825 4038 trituris

973 4075 1139 4145 passionum
1156 4075 1193 4130 ad
1208 4090 1317 4145 purum
1331 4075 1417 4131 corda
1431 4071 1661 4143 excoquentibus
1676 4069 1757 4142 digni
1773 4083 1825 4126 esu

973 4162 1112 4230 fidelium,
1129 4163 1156 4219 id
1172 4171 1215 4220 est
1229 4163 1360 4234 exempla
1378 4162 1492 4219 tandem
1514 4161 1665 4218 eilieimor.
1681 4161 1753 4216 Cum
1778 4172 1826 4214 su·

71 4246 190 4304 lascivia
204 4247 386 4302 voluntatum
401 4247 527 4304 cobiberi
544 4249 632 4317 possit
650 4263 656 4303 ε
672 4262 775 4305 verum
790 4263 825 4305 ne
840 4263 918 4305 meu·
940 4251 1042 4309 bdore
1070 4267 1138 4325 ergo
1155 4253 1191 4308 ad
1216 4253 1295 4309 bunc
1320 4250 1511 4322 pertingimus
1540 4263 1654 4319 panem.
1682 4246 1776 4302 Paleis
1796 4261 1823 4301 ee

72 4336 183 4405 tisipsa
208 4329 413 4405 principalitas,
433 4349 500 4405 quae
523 4336 614 4392 abniti
636 4336 735 4393 debuit
754 4336 919 4405 cupiditatis

71 4423 245 4486 excessibus,
272 4422 410 4478 immunis
424 4424 525 4492 abiret,
550 4425 644 4481 Adam
667 4425 721 4481 sub
739 4425 833 4497 ligura
855 4426 919 4497 ejus

71 4511 216 4582 arguitur.

107 4600 193 4655 Vnus.
212 4602 253 4664 li,
272 4600 312 4653 ts.
329 4628 364 4640 ·-
380 4600 461 4666 Quia,
479 4600 584 4671 inquit,
600 4599 707 4655 audisti
721 4616 809 4656 vocent
824 4606 918 4659 uaeris

70 4692 123 4742 tata
140 4701 146 4739 :
166 4685 259 4752 idest,
287 4687 357 4756 quia
377 4688 427 4758 qui
450 4687 553 4758 subjici
571 4687 620 4743 tibi
647 4688 785 4745 debuerat
810 4704 918 4760 pravus

72 4784 122 4831 tua
145 4775 222 4830 cordi
250 4776 394 4846 appetitus
419 4776 555 4844 intinniit,
580 4785 607 4832 et
623 4776 691 4847 jura
718 4792 781 4835 mea
810 4781 918 4850 peccati

71 4862 242 4919 admissione
267 4864 415 4934 praeteriit,
432 4872 504 4918 terra
529 4868 651 4935 inopere
674 4872 719 4921 tae
739 4867 919 4924 maledicitur

71 4952 140 5023 quia
164 4953 268 5008 mentis
284 4962 340 5009 tuae
362 4953 594 5024 stabilitasque
616 4954 664 5010 Dei
684 4955 863 5026 agricultura
877 4964 918 5012 est

67 5039 152 5111 juxta
179 5041 344 5110 Apostolum
370 5040 407 5110 (ll
430 5043 495 5096 Coc.
520 5057 560 5110 ru,
586 5043 659 5113 9),a
682 5044 753 5100 bene
780 5043 916 5111 operandi

69 5130 169 5185 studia
188 5129 311 5185 delectui
333 5130 566 5202 nutabilitatique
580 5131 709 5204 subjecta
732 5132 915 5203 praepeditur.

69 5217 159 5274 Terra
182 5218 269 5284 enim,
295 5217 365 5288 quia
386 5219 495 5275 caeteris
517 5219 637 5276 solidius
664 5219 837 5276 elementum
863 5226 915 5286 cst,

70 5321 122 5378 pro
148 5305 301 5362 stablitate
330 5307 457 5377 ponitur.
489 5310 519 5362 ln
546 5308 685 5362 laboribus
712 5308 830 5363 comedes
857 5324 916 5363 eam

70 5397 173 5450 cunctis
196 5395 290 5450 diebus
312 5399 376 5451 oitae
395 5401 455 5451 tae.
472 5396 589 5452 Terram
612 5409 678 5451 eum
701 5394 797 5451 labare
820 5409 916 5452 mme-

69 5482 174 5550 dimns,
198 5495 264 5538 oum
288 5483 386 5540 auimo
410 5495 496 5538 asna
511 5481 669 5540 mobilitate
692 5482 727 5539 ad
744 5481 844 5539 baram
868 5496 916 5540 re·

972 4339 1059 4406 enim,
1086 4345 1111 4394 et
1137 4341 1166 4394 in
1184 4340 1323 4410 palearem
1351 4339 1503 4393 redemeris
1527 4336 1598 4393 Cum
1627 4333 1746 4390 mobiles
1770 4346 1823 4388 na-

972 4428 1105 4486 turaliter
1137 4427 1166 4483 in
1197 4441 1304 4484 morem
1339 4425 1466 4496 pulveris
1489 4426 1590 4491 simus,
1621 4423 1644 4479 si
1678 4422 1713 4477 ad
1743 4421 1823 4477 bunc

972 4515 1228 4573 consummationis
1242 4528 1355 4585 panem,
1369 4513 1413 4570 vel
1424 4520 1529 4571 terram
1546 4511 1714 4569 substantia
1729 4510 1821 4566 redire

972 4604 1141 4675 satagimus,
1167 4617 1284 4660 neeesse
1303 4609 1391 4658 estut
1413 4602 1443 4658 in
1458 4601 1606 4671 pulverem
1629 4606 1820 4663 revertamur,

972 4692 1000 4747 ld
1040 4699 1082 4749 est
1112 4698 1273 4762 peccatores
1303 4703 1355 4745 nos
1392 4690 1592 4746 confiteamur.
1622 4689 1748 4754 Ausees,
1783 4687 1822 4741 ait

973 4779 1113 4843 PsalmuS,
1138 4780 1267 4848 spiritum
1287 4793 1388 4845 eostam,
1404 4784 1429 4833 et
1444 4782 1472 4832 in
1484 4780 1620 4849 puluerem
1636 4791 1714 4830 saum
1732 4790 1820 4829 reven-

972 4869 1063 4920 ientar
1087 4866 1169 4933 (Psoi.
1199 4882 1256 4932 crit,
1280 4867 1339 4933 ts).
1370 4865 1448 4923 Suda
1470 4881 1538 4936 crgo
1566 4865 1639 4921 lacta
1668 4863 1704 4919 ab
1729 4862 1823 4918 omnis

973 4952 1034 5008 vitii
1048 4953 1170 5008 humore
1193 4959 1293 5008 nostra
1313 4952 1472 5020 voluntate,
1488 4953 1572 5023 quasi
1598 4951 1702 5007 sudore
1722 4949 1823 5005 vultus

972 5041 1007 5097 ad
1022 5039 1112 5111 hujus
1132 5040 1214 5110 panis
1229 5048 1347 5111 gustum
1365 5040 1410 5097 vel
1430 5040 1612 5096 existentiam
1629 5038 1820 5105 deducimur;

971 5128 1007 5185 ad
1023 5142 1131 5199 aquosa
1145 5130 1223 5186 enirn
1238 5129 1299 5185 luca
1313 5129 1489 5200 septemplex
1511 5129 1630 5198 spiritus
1645 5127 1820 5197 ingreditur.

1007 5217 1094 5275 Vltus.
1110 5219 1153 5272 ιιι.
1176 5247 1210 5259 -
1235 5221 1270 5273 itt
1293 5222 1399 5273 cacavit
1423 5217 1516 5272 Adam
1538 5232 1632 5271 ttamen
1654 5217 1750 5269 oceanis
1766 5229 1822 5269 sttae

970 5309 1038 5374 an,
1055 5321 1084 5361 ee
1099 5307 1172 5376 quad
1190 5313 1257 5362 esset
1272 5313 1360 5361 mater
1372 5309 1490 5361 amnium
1509 5308 1667 5361 nicentium.
1684 5303 1727 5359 ild
1742 5301 1822 5359 huuc

970 5394 1069 5466 itaque
1091 5405 1199 5454 statam
1213 5396 1352 5467 correptis
1373 5395 1512 5464 moribus,
1533 5394 1593 5465 J'aru
1610 5400 1706 5449 noster
1728 5391 1818 5446 idam

970 5497 1074 5541 nomen
1090 5485 1189 5543 uxoris
1203 5485 1305 5551 livam,
1324 5483 1353 5541 id
1368 5489 1410 5540 est
1424 5490 1501 5540 certa
1520 5481 1702 5549 discretione,
1717 5479 1818 5546 vitam,
