3794 6008
72 195 141 253 ιο33
690 198 802 256 boum
823 201 855 256 L.
879 197 1054 257 u'hcusttt
1073 201 1187 261 NOTAE.
1750 213 1821 271 teat

107 332 247 388 Praeterea
271 332 348 388 haud
365 331 518 389 verisimile
538 340 580 390 est
601 333 743 401 abbatem,
760 336 810 406 qui
836 344 916 406 pote·
935 342 958 389 Α
974 350 1102 403 manum,
1127 346 1179 392 etc.
1211 347 1349 408 regnante
1375 338 1402 394 in
1428 348 1598 409 perpetuum
1623 343 1743 401 Domino
1763 347 1820 403 Deo

71 421 137 477 stati
161 421 278 477 suberat
305 419 388 486 nulli,
416 428 608 491 preterquam
635 423 754 478 llotnaui
777 416 919 495 pontilicis
971 432 1077 490 nostro,
1093 438 1169 488 anuo
1195 425 1378 494 pontificatus
1405 427 1621 486 domniblarini
1648 432 1820 490 universalis

71 510 115 581 (ut
130 509 251 565 antehac
274 509 309 564 de
331 509 665 580 ambianensiepiscopo
687 511 770 582 dixi),
793 513 918 582 pseudo·
972 526 1053 582 papae
1070 514 1170 583 primo,
1187 514 1340 572 indictione
1355 517 1456 587 prima.
1478 540 1488 565 ι

70 607 246 654 conventum
278 599 462 662 Remenscm,
494 597 530 653 ad
560 600 701 656 tuendum
729 599 778 671 Jus
810 616 917 670 suurn,
1007 599 1379 673 Subsequentiumquoque
1392 604 1559 675 pontiticum
1575 607 1821 678 subscriptionum

70 694 98 742 et
129 686 342 759 querimoniam
369 685 403 741 de
429 685 456 740 S.
479 684 630 742 Godelrido
659 688 839 758 habendam,
867 704 920 760 pc·
971 688 1110 745 formulas
1138 690 1306 747 releramus.
1331 691 1422 763 Sergii
1444 706 1524 762 papae
1551 694 1614 750 lv:
1638 695 1820 768 «Scriptum

72 775 161 831 tiisse.
972 790 1022 846 per
1042 792 1147 834 manus
1175 778 1295 835 loannis
1322 781 1465 836 scriniarii
1488 780 1516 836 S.
1546 782 1579 838 ιι.
1596 784 1629 838 Ε.
1656 784 1686 839 in
1720 799 1817 843 mense

107 866 165 934 hge
181 876 259 930 vero,
285 861 334 932 qui
354 861 414 916 heri
438 868 539 931 potest,
554 869 585 919 ut
600 864 629 918 B.
653 864 814 936 episcopus,
832 889 842 914 ι
861 866 920 922 Ve-
971 865 1067 933 lunio,
1084 867 1142 922 ind.
1160 882 1187 922 x.
1205 868 1308 924 Datum
1324 883 1361 923 ιιι
1377 869 1440 924 Κιι.
1461 869 1529 924 lutii
1546 884 1596 940 per
1610 885 1740 941 manum,
1755 880 1821 940 etc,

72 959 113 1009 ste
128 964 182 1007 sua
196 950 297 1006 leviter
321 950 496 1021 abstergens,
518 950 699 1009 membranas
713 961 740 1010 et
763 962 919 1011 attramen·
973 967 1059 1021 anno,
1090 955 1209 1011 Domino
1230 957 1363 1027 propitio,
1389 957 1572 1027 pontihcatus
1598 959 1705 1016 domini
1732 961 1822 1033 Sergii

73 1046 135 1095 tum
162 1038 396 1109 scripturamque
423 1037 505 1108 piane
533 1040 677 1109 recentia,
714 1055 766 1098 nec
793 1043 920 1099 Romano
975 1043 1008 1098 ιιι
1024 1056 1113 1113 pape,
1130 1042 1159 1098 in
1183 1044 1374 1101 sacratissima
1388 1045 1453 1101 sede
1475 1046 1506 1101 B.
1524 1046 1597 1103 Petri
1614 1049 1744 1118 apostoli,
1761 1049 1821 1107 ind.

74 1140 152 1182 more
178 1126 328 1196 obsignata
351 1146 361 1174 ι
384 1125 612 1182 demonstrarit?
640 1128 748 1185 Recens
769 1130 876 1200 quippe
891 1131 920 1186 iu
974 1144 1002 1185 x.
1023 1151 1033 1179 ι
1052 1130 1087 1186 Ει
1110 1138 1173 1201 post
1187 1130 1253 1198 alia,
1278 1133 1344 1189 item
1360 1133 1459 1189 altera.
1476 1134 1620 1205 Scriptum
1643 1150 1693 1206 per
1708 1151 1821 1207 manus,

73 1216 250 1272 membranis
280 1223 400 1271 exarata
429 1230 489 1271 non
523 1214 578 1271 leri
608 1216 783 1273 abstersione
811 1224 922 1287 queunt
974 1225 1026 1273 etc.
1045 1219 1149 1274 batum
1165 1234 1216 1290 per
1232 1234 1346 1289 manus,
1361 1231 1427 1288 etc,
1452 1221 1636 1290 pontificatus
1648 1223 1755 1279 domini
1771 1238 1823 1281 no·

75 1303 173 1372 deleri,
199 1304 255 1360 imo
272 1304 414 1360 inhaerent
437 1302 576 1369 tenacius,
592 1302 737 1360 difficilius
763 1304 922 1362 obliteran-
974 1306 1024 1361 stri
1048 1306 1193 1362 Benedicti
1220 1309 1326 1363 summi
1346 1308 1458 1378 pontit,
1481 1317 1509 1365 et
1537 1310 1708 1367 universalis
1731 1311 1824 1369 octavi

75 1398 133 1448 tur.
149 1391 176 1447 Si
201 1400 296 1448 autem
320 1392 408 1447 infers
423 1391 555 1447 debuisse
573 1403 671 1462 rugas,
698 1392 839 1448 tinearum
865 1391 923 1447 hia·
976 1408 1066 1464 pape,
1085 1395 1113 1449 in
1137 1395 1293 1451 sacrastiss.
1312 1397 1377 1452 sede
1393 1397 1424 1452 B.
1450 1397 1525 1453 Petri
1552 1407 1642 1468 apost.
1658 1415 1696 1467 ιι,
1714 1400 1825 1470 imperii

76 1485 230 1549 tarumque
252 1478 341 1544 rixas,
365 1493 423 1548 prae
450 1492 479 1534 se
494 1478 567 1535 terre
594 1477 786 1546 membranas,
805 1478 922 1548 imperi·
976 1482 1082 1538 domini
1108 1482 1221 1538 Henrici
1247 1484 1313 1553 imp.
1338 1485 1414 1555 Aug.
1440 1498 1517 1541 auno
1542 1485 1633 1553 tertio,
1661 1495 1744 1543 »etc
1768 1490 1825 1544 llas

75 1575 136 1624 tum
154 1567 319 1637 teprolers3
344 1575 459 1624 centum
485 1567 787 1638 siquidemannorum
809 1574 921 1623 aetatem
976 1569 1086 1626 videbis
1113 1570 1337 1640 subscriptiones
1362 1580 1429 1627 tom.
1460 1574 1484 1627 ll
1504 1574 1607 1628 dunat.
1636 1575 1761 1643 Baronii,
1788 1575 1825 1631 ad

75 1669 164 1726 prope
185 1669 243 1712 nou
265 1655 460 1726 excedebant;
476 1656 626 1712 benedicto
649 1654 755 1711 scilicet
776 1669 851 1726 papa
873 1655 922 1711 llll
942 1631 1045 1715 Bann.
1080 1659 1158 1726 ιιιιι,
1183 1668 1210 1715 ιι
1224 1660 1341 1716 Bullarii
1367 1668 1435 1717 tom.
1451 1663 1471 1727 ι,
1499 1676 1564 1733 pag.
1582 1665 1616 1717 50
1632 1664 1660 1719 in
1689 1663 1825 1736 Gregorio

76 1744 119 1813 (ut
141 1743 257 1814 quidem
284 1743 414 1813 conjicio,
440 1757 505 1799 cum
525 1758 604 1814 pape.
629 1757 733 1799 nomen
765 1743 924 1799 monachus
977 1747 1039 1803 Vll.
1062 1769 1076 1797 «
1101 1748 1205 1804 Datum
1230 1749 1376 1815 Laurenti,
1399 1765 1428 1805 ιιι
1444 1750 1516 1806 Non.
1545 1750 1700 1821 septemb,
1724 1751 1824 1809 indict.

76 1830 289 1889 suessionensis
305 1831 425 1887 tacuerit
440 1844 476 1886 ιι
500 1829 666 1899 industria)
679 1830 794 1888 sedente
815 1832 922 1894 Rome,
978 1835 1129 1904 incipiente
1149 1849 1197 1890 ιι.
1215 1856 1229 1884 ι
1252 1836 1321 1892 ltcm
1346 1850 1410 1908 pag.
1427 1840 1470 1906 52,
1492 1852 1528 1893 ιι
1551 1839 1702 1910 privilegio
1726 1839 1827 1896 Vallis·

75 1935 134 1991 quo
163 1928 289 1990 tempore
318 1919 510 1975 instauratum
538 1927 649 1975 constat
677 1918 771 1975 Sancti
800 1919 924 1977 valerici
978 1919 1121 1977 umbrosae
1149 1922 1365 1992 congregationi
1396 1922 1508 1979 indulto
1525 1937 1566 1976 :c
1591 1924 1696 1980 Datum
1729 1924 1826 1981 Roma

76 2008 283 2065 monasterium
298 2008 335 2064 ab
350 2007 563 2079 llugoneduce,
581 2016 642 2078 post
657 2021 724 2078 rege
736 2009 922 2076 Francorum,
979 2022 1029 2078 per
1051 2021 1156 2064 manus
1179 2009 1297 2065 loannis
1312 2008 1339 2065 S.
1365 2010 1398 2065 lt.
1416 2012 1450 2066 Ε.
1474 2009 1547 2065 diac.
1576 2011 1726 2079 cardinal,
1749 2025 1826 2068 anno

76 2106 164 2167 atque
192 2096 251 2166 ipso
276 2104 386 2166 petente
412 2095 523 2152 indulta
547 2094 707 2166 privilegia.
737 2095 773 2151 ht
802 2110 869 2166 quae
896 2094 924 2151 id
980 2095 1136 2152 bominicoe
1169 2096 1314 2152 incarnat.
1351 2098 1562 2165 1090,indict.
1596 2112 1667 2166 ιιιι,
1702 2113 1750 2155 rut
1783 2099 1824 2156 ld.

76 2184 169 2241 aetatis
189 2184 294 2240 habent
321 2182 496 2240 membranae
518 2182 711 2252 (potissimum
727 2181 805 2253 quod
829 2183 925 2254 ejusce
979 2183 1070 2255 April.
1089 2186 1156 2241 »Et
1181 2199 1245 2256 pag.
1263 2185 1297 2240 53
1313 2200 1319 2240 :
1337 2207 1351 2234 ι
1369 2186 1429 2258 Ego
1454 2185 1599 2243 Paschalis
1613 2187 1717 2244 cathol.
1734 2188 1828 2244 Eccle

77 2273 213 2330 momenti
247 2272 378 2344 religiose
410 2280 437 2329 et
475 2271 594 2328 sollicite
627 2270 770 2326 asservari
805 2270 924 2339 soleant)
979 2272 1234 2343 siaeptscopus.·

77 2363 155 2419 sices
183 2375 216 2418 aa
244 2360 414 2417 detrimenta
444 2367 604 2430 temporum
631 2359 750 2416 sentisse
776 2365 926 2429 nequeunt
1015 2361 1104 2432 «Ego
1129 2360 1298 2417 lambertus
1325 2359 1461 2418 Ostiensis
1483 2361 1633 2433 episcopus
1656 2362 1773 2421 interlui
1798 2371 1827 2422 et

78 2450 214 2522 agnosci,
241 2447 486 2520 quemadmodum
514 2447 544 2503 in
569 2447 629 2504 dies
659 2446 853 2515 experimento
882 2446 924 2502 di·
979 2448 1147 2518 subscripsi,
1165 2470 1176 2496 ι
1193 2455 1246 2505 ιιι.

78 2539 196 2595 scinms.
1016 2558 1030 2587 α
1047 2537 1155 2593 Datum
1173 2537 1302 2593 Laterani
1318 2551 1369 2607 per
1383 2551 1487 2594 manus
1507 2540 1588 2595 toan.
1605 2538 1632 2594 S.
1649 2540 1682 2596 tt.
1701 2541 1735 2596 Ε.
1751 2540 1826 2598 diac.

114 2626 177 2693 Sed,
204 2624 328 2697 inquies,
358 2624 567 2682 monachorum
592 2622 798 2679 immunitates.
831 2644 842 2671 ‹
868 2622 926 2679 Nec
979 2625 1058 2682 card.
1083 2638 1117 2679 ac
1139 2623 1356 2692 bibliothecarii,
1378 2640 1404 2680 ιι
1428 2625 1490 2681 Κιι.
1516 2626 1592 2691 ιιι..
1609 2648 1622 2675 ι
1639 2635 1692 2683 ιιι.
1708 2628 1828 2686 Coaevus

78 2713 207 2771 Romano
233 2728 312 2770 more
335 2714 512 2785 obsignatas,
537 2713 697 2784 meritoque
724 2711 924 2783 rejiciendas»
980 2721 1075 2770 autern
1091 2721 1152 2768 erat
1179 2712 1322 2769 Paschalis
1337 2712 1364 2769 S.
1388 2713 1556 2783 Godelrid03
1572 2723 1600 2771 et
1623 2715 1684 2771 haec
1708 2716 1826 2786 quidem

78 2803 346 2859 animadverterunt
378 2790 512 2872 episcopi.
545 2802 591 2868 (Ει
619 2800 666 2857 hic
695 2801 790 2868 cardo,
818 2799 863 2856 ιιι
896 2799 926 2855 in
979 2800 1197 2870 subscriptionis
1226 2800 1350 2857 lormula
1375 2801 1458 2873 louge
1487 2801 1630 2873 discrepat
1654 2818 1672 2859 a
1695 2802 1827 2874 superio-

80 2900 173 2948 mente
201 2890 321 2958 Nicolai‚
353 2891 440 2947 totius
466 2888 667 2960 difficultatis.)
696 2889 769 2957 Quid
793 2888 855 2944 ita?
874 2887 925 2944 lti-
945 2888 1072 2979 Cribus.

79 2978 175 3046 desne,
192 2993 229 3035 au
251 2978 324 3034 serio
349 2975 499 3047 loqueris?
521 2977 604 3033 Prius
624 2976 725 3046 utique
748 2983 927 3031 constantem
1015 2977 1061 3032 Ει
1076 2977 1121 3032 his
1149 2975 1246 3047 itaque
1269 2977 1404 3033 omnibus
1426 2976 1517 3048 liquet
1542 2979 1684 3035 Romanos
1709 2979 1827 3050 pontill-

80 3065 232 3121 traditione
254 3064 422 3120 continuata
443 3077 549 3119 morem
577 3063 709 3120 Ecclesia
724 3064 870 3127 Romane,
896 3061 925 3117 in
980 3080 1027 3122 ces
1040 3065 1168 3120 variasse
1192 3078 1260 3121 suas
1279 3065 1451 3135 obsignandi
1474 3066 1630 3134 formulas,
1646 3076 1734 3139 atque
1756 3070 1828 3125 adeo

79 3153 268 3225 obsignandis
288 3151 530 3224 subsignandisre
553 3151 654 3208 litteris
669 3151 850 3221 probandum
864 3149 926 3206 lue·
980 3151 1130 3209 Nicolaum
1153 3152 1253 3209 stolide
1274 3154 1432 3224 scripsisse,
1455 3154 1558 3211 idcirco
1579 3155 1680 3226 synodi
1703 3156 1828 3214 Romen-

80 3251 126 3301 rat
144 3243 300 3312 exstitisse3
326 3248 369 3297 ast
384 3242 479 3311 potius
505 3241 594 3296 maris
608 3254 701 3311 aquas
721 3240 818 3297 ebibes
836 3252 926 3310 quam
981 3240 1019 3295 sis
1034 3241 1131 3296 Patres
1148 3240 1332 3312 privilegium
1343 3241 1632 3299 Sanvallericensium
1647 3244 1827 3313 amandasse,

81 3331 158 3388 istud
182 3331 368 3387 demonstres.
399 3327 503 3385 Contra
530 3329 636 3398 passim
662 3337 789 3384 mutasse
819 3325 927 3397 stylum
981 3327 1057 3399 quod
1072 3345 1125 3382 nec
1145 3329 1277 3384 Romano
1292 3345 1369 3384 more
1385 3320 1687 3402 tueritobsignatum.
1709 3334 1829 3403 Insuper

80 3434 208 3478 summos
232 3417 379 3490 pontifices
399 3416 508 3474 affatim
535 3423 693 3487 suppetunt
714 3414 863 3486 exempla,
890 3427 927 3470 ιι
981 3415 1029 3471 illo
1062 3415 1154 3472 sancti
1186 3416 1328 3472 Godelridi
1359 3424 1447 3488 atque
1480 3419 1672 3475 anterioribus
1704 3420 1828 3489 seculis,

80 3507 241 3565 innumeris
266 3505 471 3578 propemodum
499 3518 602 3575 pauca,
631 3503 728 3573 lector,
756 3518 792 3559 ne
818 3510 928 3559 stoma·
980 3507 1056 3558 570
1087 3503 1234 3574 pontilloes
1257 3503 1373 3572 summi,
1398 3520 1450 3561 nec
1474 3519 1532 3561 uon
1565 3519 1647 3577 reges
1666 3520 1700 3562 ac
1722 3507 1829 3577 princi·

80 3597 168 3654 chum
190 3609 368 3662 moveamus,
397 3593 563 3665 seligemus.
585 3591 690 3648 concil.
716 3591 777 3647 Gal.
799 3598 866 3646 tom.
891 3590 926 3658 ll,
981 3603 1046 3660 pes,
1076 3590 1230 3660 diplomata
1263 3592 1449 3660 epistolarum
1480 3593 1571 3649 instar
1597 3594 1684 3665 (unde
1716 3593 1828 3664 littere,

81 3700 149 3757 pag.
167 3688 211 3754 75,
237 3683 386 3755 privilegio
400 3682 542 3749 Remensi,
564 3681 641 3752 quod
657 3680 768 3751 Tilpino
783 3678 928 3749 inscripsit
981 3677 1151 3750 rescriptum
1189 3679 1411 3750 nuncupamur)
1439 3680 1609 3750 saepiuscule
1636 3682 1832 3740 transmittere

80 3775 227 3831 Adrianus
241 3786 324 3843 papa,
346 3773 387 3828 sic
410 3770 494 3827 sanem
520 3770 677 3840 imposuit:
697 3769 798 3824 «Bene
822 3767 894 3823 vale.
911 3787 926 3816 ι
982 3768 1119 3826 solebant.
1149 3768 1247 3838 Neque
1263 3768 1301 3823 ita
1324 3775 1384 3824 tum
1411 3768 1548 3838 frequens
1572 3783 1642 3825 usus
1660 3769 1725 3837 luit,
1751 3770 1831 3828 velut

81 3863 257 3932 Subscriptio
279 3860 421 3932 privilegii
445 3859 473 3916 S.
490 3857 627 3927 Ilionysii,
644 3856 747 3913 ibidem
770 3870 837 3927 pag.
852 3856 926 3909 tlh:
983 3855 1168 3926 sequioribus
1190 3855 1220 3910 Β.
1235 3853 1378 3911 Godelridi
1401 3853 1528 3910 maxime
1550 3854 1737 3924 temporibus,
1764 3854 1832 3912 bul-

84 3974 95 4001 ι
111 3951 255 4022 Scriptum
278 3964 328 4020 per
341 3962 460 4004 manum
478 3946 673 4016 christophori
697 3943 802 4001 notarii
818 3947 846 4000 et
857 3942 928 4000 scri·
983 3941 1035 4009 las,
1052 3943 1111 4000 sive
1128 3942 1223 3998 icones
1237 3942 1387 4013 plumbeas
1401 3943 1564 4013 apostoticis
1578 3943 1680 3999 litteris
1696 3943 1831 4015 ailigere3

81 4041 166 4097 niarii
181 4038 257 4095 sedis
270 4045 384 4104 nostra,
401 4036 431 4092 in
455 4049 551 4091 mense
565 4034 661 4100 iunio,
677 4032 776 4089 indict.
799 4043 836 4088 ιι.
854 4031 929 4087 Bone
984 4031 1063 4103 qnod
1079 4045 1115 4088 ιι
1130 4044 1219 4101 supra
1235 4031 1333 4100 positis
1346 4030 1487 4102 exemplis
1501 4031 1685 4101 perspicuum
1698 4031 1831 4089 habetur.

82 4128 188 4184 valete.
212 4127 274 4182 bat.
302 4122 366 4180 Kal.
381 4123 465 4180 tuliis
490 4136 541 4192 per
556 4135 675 4177 manum
699 4116 843 4177 anastasii
867 4118 930 4191 pri·
985 4117 1101 4175 Diutule
1128 4118 1289 4175 notioribus
1315 4119 1468 4185 immorati,
1491 4118 1527 4174 ad
1554 4126 1656 4175 caetera
1680 4118 1835 4176 retellenda

82 4215 202 4277 miseni,
225 4220 364 4284 regnante
389 4210 509 4266 Domino
533 4216 630 4266 nostro
649 4217 677 4265 et
695 4208 842 4265 salvatore
863 4207 929 4263 lesu
948 4215 970 4270 ι)
986 4219 1207 4278 prosequamur.

83 4304 194 4364 Christo
218 4317 283 4358 cum
301 4302 357 4358 beo
371 4300 455 4356 Patre
477 4296 670 4369 omnipotente
686 4304 715 4353 et
737 4295 846 4368 spiritu
860 4310 928 4352 san·
1020 4294 1116 4367 Pergit
1134 4295 1269 4353 Nicolaus
1288 4309 1351 4367 cap.
1368 4297 1401 4350 ιι
1416 4311 1424 4350 :
1440 4316 1455 4346 «
1476 4295 1608 4352 Monachi
1625 4309 1691 4353 vero
1713 4296 1834 4354 Romam

83 4403 193 4464 otoper
216 4391 329 4447 infinita
352 4388 467 4456 saecula,
490 4387 651 4455 anno,1)eo
677 4385 813 4457 propitio,
837 4383 929 4454 ponti·
984 4383 1117 4450 renittnt,
1141 4396 1263 4440 munera
1278 4383 1453 4456 largiuntur,
1469 4384 1591 4440 redeunt
1607 4383 1642 4439 ad
1657 4398 1711 4440 sua
1735 4382 1792 4440 lasti
1807 4389 1836 4440 ιι

84 4483 189 4539 llcatus
221 4479 331 4536 domiui
361 4477 449 4534 nostri
488 4475 517 4531 in
549 4474 704 4545 apostolica
739 4471 932 4529 sacratissima
985 4470 1105 4538 alacres,
1130 4471 1266 4529 omuibus
1298 4486 1348 4541 pro
1380 4480 1446 4528 voto
1477 4472 1635 4542 impetratis
1660 4485 1677 4526 a
1707 4471 1835 4527 Romano

85 4571 163 4628 Beati
188 4568 262 4626 Petri
284 4567 351 4624 sede
373 4581 421 4633 xv,
441 4563 538 4620 indict.
554 4577 592 4630 ur,
610 4582 624 4614 ι
641 4569 709 4619 tom.
736 4561 784 4616 lll.
801 4559 931 4616 Indidem
987 4558 1131 4630 pontifice,
1157 4580 1171 4610 »
1196 4567 1250 4616 etc.
1275 4559 1425 4617 Ridioutat
1451 4559 1552 4627 Semel
1581 4559 1686 4615 iterum
1701 4564 1729 4614 et
1753 4557 1835 4615 tertio

85 4674 153 4732 pag.
169 4660 220 4714 ιιι
237 4673 243 4713 :
261 4679 276 4708 «
298 4655 443 4727 Scriptum
468 4667 518 4723 per
533 4666 637 4708 manus
660 4649 804 4706 Zachariae
828 4647 932 4705 notarii
987 4645 1082 4703 Sancti
1106 4647 1229 4704 valerici
1255 4647 1387 4705 abbatem
1413 4647 1561 4704 insimulat
1582 4646 1629 4702 hic
1651 4653 1761 4714 auctor,
1786 4659 1835 4702 ca-

86 4747 252 4821 regionarii,
280 4752 309 4802 et
332 4741 463 4801 scrinarii
488 4739 520 4796 S.
549 4740 582 4796 a.
604 4739 637 4795 E.
666 4738 695 4794 in
710 4751 806 4794 mense
831 4735 931 4806 aprili,
987 4734 1106 4792 nonieos
1123 4735 1340 4804 ambianenses,
1366 4736 1513 4792 Remensis
1536 4741 1692 4791 concentus
1708 4734 1836 4791 celeber-

87 4837 185 4894 iudict.
202 4851 241 4893 ιι.
266 4834 340 4891 Bene
356 4831 429 4888 vale.
447 4831 510 4886 bat.
534 4843 562 4884 ιι
578 4826 641 4883 Kal.
657 4826 734 4894 Maii,
756 4839 805 4896 per
829 4836 934 4880 manus

87 4925 202 4995 Tyberii
231 4919 387 4995 primicerii
410 4925 515 4974 sanctae
541 4915 616 4973 sedis
643 4913 813 4985 apostolicae,
840 4911 934 4983 impe-

88 5018 170 5068 rante
193 5009 321 5081 piissimo
343 5005 460 5062 domino
489 5004 557 5072 imp.
582 5004 712 5071 augusto
739 4999 893 5067 ludovico,
917 5011 934 5053 a

88 5102 147 5157 Deo
175 5103 321 5164 coronato,
352 5107 468 5164 magno,
493 5089 628 5161 pacitlco,
655 5086 767 5159 imperii
794 5101 842 5143 an.
870 5100 933 5156 ιιι,

89 5187 187 5244 ιιιιιι.
211 5201 250 5243 ιι.
280 5185 348 5254 Pag.
373 5183 435 5236 ιιι.
458 5181 530 5235 bata
552 5193 583 5234 ιιι
606 5176 670 5232 Κιι.
686 5174 868 5246 Septembris,
895 5174 936 5230 in-

89 5276 156 5332 dict.
184 5289 227 5343 ιι,
254 5272 360 5329 Τιιιιι.
378 5270 447 5339 Pag.
476 5268 538 5322 485.
559 5265 704 5336 Scriptum
730 5278 780 5334 per
800 5276 904 5320 manus
918 5282 933 5312 ι

89 5372 156 5432 ιιι,
187 5369 220 5420 ut
250 5361 280 5417 in
302 5355 509 5429 superioribus.
542 5352 591 5410 sed
620 5350 800 5423 imperatoris
828 5349 935 5406 mentio

89 5467 149 5510 non
178 5451 312 5509 habetur.
339 5449 408 5518 Pag.
441 5443 567 5513 denique
590 5442 637 5495 ιιι
658 5454 697 5494 :c
722 5437 866 5509 Scriptum
885 5451 938 5508 per

267 5549 406 5614 Paraot..
433 5541 535 5610 ehvt.

987 4820 1056 4877 νιιιι
1079 4822 1224 4892 presules,
1248 4831 1336 4895 atque
1351 4823 1505 4895 ipsummet
1519 4824 1681 4880 maximum
1704 4823 1836 4880 scelesta

988 4909 1180 4978 hierarcham,
1203 4910 1342 4981 pecuniis,
1368 4910 1540 4968 muneribus
1556 4911 1720 4981 corrupisse
1743 4910 1837 4968 aede

989 4999 1096 5066 linisse,
1126 5012 1184 5068 quo
1209 4999 1357 5055 veritatem
1379 4999 1524 5068 susdeque
1549 4999 1698 5068 haberent,
1725 5007 1753 5056 et
1775 5013 1837 5055 mo·

990 5085 1071 5141 lestis
1094 5092 1226 5141 sanctum
1250 5084 1344 5142 virum
1371 5086 1527 5155 allicerent,
1552 5087 1700 5156 privarent
1717 5088 1784 5157 jure
1803 5099 1839 5142 ac

990 5172 1108 5243 pmiude
1123 5173 1252 5242 corrupti
1265 5187 1363 5230 omnes
1376 5182 1403 5231 et
1417 5174 1622 5231 abominabiles
1636 5174 1744 5231 luerint
1759 5173 1838 5241 lacti,

990 5268 1024 5318 ut
1045 5275 1111 5317 cum
1137 5260 1289 5318 Psalmista
1314 5262 1428 5334 loquar.
1459 5261 1546 5330 Quasi
1575 5263 1775 5321 caenobiarcha
1793 5263 1839 5320 ille

990 5349 1139 5406 immensis
1152 5348 1241 5406 Gtoesi
1261 5351 1363 5420 opibus
1388 5350 1557 5420 allluxisset,
1574 5360 1606 5408 ut
1629 5353 1734 5423 quavis
1756 5365 1840 5409 occa-

992 5436 1073 5494 sione
1087 5438 1127 5494 sic
1143 5437 1279 5508 pecunias
1293 5438 1462 5497 effunderet.

1642 5545 1684 5602 33
