3818 6008
582 109 764 190 nonnlltttl
784 109 816 164 ln
837 103 989 166 GENESlN
1010 109 1075 165 titt.
1096 111 1141 166 ΙΧ.
1644 118 1696 170 idi

58 241 205 299 umanitus
220 247 283 296 acta
297 238 377 306 ratio,
390 239 473 308 quasi
484 238 646 295 demonum
658 247 685 296 et
698 239 795 296 carnis
814 243 836 295 h
852 239 1036 312 telligibiliter
1052 239 1190 311 loquitur,
1208 248 1235 297 et
1251 240 1366 299 lenitate
1378 242 1498 313 spiritus
1512 244 1556 300 vel
1572 257 1697 302 concen-

56 332 91 395 ia,
120 337 219 401 sponte
243 336 321 384 aetas
344 327 488 397 nequitias
515 341 666 384 excusare.
691 328 794 397 loseph
850 336 905 396 tus,
922 343 974 385 uos
993 328 1125 385 stimulos
1141 329 1348 399 titillationum,
1366 332 1413 386 sed
1436 332 1619 389 serenitatem
1639 350 1697 391 om-

55 427 97 475 est
112 418 275 484 devoratus,
292 415 361 487 quia
374 416 410 471 ab
430 415 473 471 bis
492 424 681 486 consumptus
699 417 794 472 credi·
850 418 994 473 nimodam
1017 426 1171 488 operatur;
1195 418 1252 475 dlia
1268 427 1365 475 antem
1387 427 1440 485 est,
1464 420 1533 490 qtria
1556 421 1619 492 ipsi,
1644 421 1694 494 qui

56 509 105 564 ius
134 506 246 576 pietatis
273 513 301 561 et
329 503 497 575 proliciendi
518 508 673 575 appetitus.
694 505 793 573 (Vens.
849 517 963 559 summa
977 505 1050 561 ratio
1062 512 1115 573 est,
1131 506 1232 563 similis
1244 515 1295 564 est.
1316 509 1395 565 llanc
1417 509 1470 565 sibi
1493 510 1569 567 videt
1594 512 1694 580 ludas,

59 597 174 663 iensque
196 594 325 657 cestibus,
354 592 467 647 indatus
492 597 531 647 est
563 594 662 659 cilicio,
701 594 794 662 tepens
850 592 920 662 quia
932 607 994 649 eam
1010 594 1102 651 solum
1118 596 1172 652 sibi
1193 596 1290 652 utilem
1311 597 1346 652 ad
1368 599 1548 668 sequendum
1574 601 1697 657 aestimat

60 685 144 739 mutto
173 688 299 751 tempore.
327 681 424 738 Vestes
447 682 562 750 scindit,
590 696 656 737 curn
684 682 795 738 unitate
849 693 925 736 verse
949 682 1133 740 contessionis
1158 685 1314 741 humilitas.
1341 687 1466 743 Uxorem
1488 688 1542 744 sibi
1568 689 1694 758 copulat,

56 772 112 828 inis
129 770 235 826 amissa
249 783 322 840 opus
340 768 500 839 proprium,
521 784 580 839 quo
594 769 723 824 membra
742 783 795 824 sua
849 769 919 838 quia
938 771 1014 826 hanc
1027 785 1077 840 per
1089 779 1283 842 contemptum
1297 773 1394 830 saeculi
1413 775 1520 843 peccati
1535 776 1697 847 cognitione

63 867 167 916 terram
190 865 340 928 contegere
365 857 457 924 debet,
483 871 531 927 per
556 857 655 912 inania
678 856 793 928 disjicit.
849 857 885 912 ad
899 859 1045 926 operanda
1061 859 1137 914 bona
1156 860 1299 917 fecundat.
1316 863 1412 929 (Vnns.
1433 865 1469 930 3.)
1498 864 1561 930 011ae
1576 869 1695 936 concepit

56 946 194 1013 induitur,
215 960 280 1002 curn
294 945 474 1013 voluptatum
488 943 613 1000 stimulis
632 944 794 1001 circumda·
849 947 946 1013 titiam,
971 950 1129 1016 vocavitque
1146 965 1240 1003 nomen
1257 949 1314 1020 ejas
1334 953 1398 1018 ller,
1413 952 1464 1022 qui
1490 953 1697 1024 interpretatur

55 1043 112 1106 rget
128 1035 218 1100 (iliam
238 1035 320 1089 mutto
343 1038 469 1102 tempore,
491 1047 557 1089 cum
578 1033 658 1089 luctu
673 1034 795 1105 dignum
849 1034 1009 1089 resurreetio
1034 1037 1076 1090 nel
1097 1038 1208 1106 vicilia,
1234 1039 1277 1094 vel
1295 1040 1431 1108 pellicias.
1461 1039 1533 1098 Cum
1558 1042 1636 1099 enim
1660 1044 1696 1100 ad

56 1119 796 1191 »stenditallectnmassidue(versidiconpreqa-
849 1122 1058 1180 rationabiliter
1086 1125 1241 1181 vivendum
1275 1127 1446 1192 accedimus,
1476 1131 1556 1198 prius
1584 1145 1697 1189 necesse

56 1227 87 1266 nn
100 1213 203 1266 canetis
213 1211 306 1264 liberis
318 1211 387 1279 ejas,
403 1214 433 1263 nt
443 1211 555 1264 linirent
565 1209 681 1264 dolorem
690 1212 793 1280 patris,
849 1219 891 1267 est
907 1225 1101 1284 resurgamus.
1117 1215 1293 1286 demumque
1314 1217 1341 1271 in
1361 1219 1450 1273 nostri
1477 1220 1606 1276 custodia
1620 1221 1696 1292 vigi-

56 1300 256 1355 :mactationem
271 1301 389 1368 recipere
404 1303 429 1351 et
443 1301 502 1367 nita
523 1298 690 1353 Descendam
707 1299 744 1353 od
757 1304 794 1370 tt-
850 1299 952 1367 lemus,
980 1302 1049 1372 quia
1077 1309 1139 1372 post
1166 1305 1392 1371 conversionem,
1417 1319 1491 1375 saepe
1514 1315 1695 1365 mortuorum

56 1405 116 1460 pens
126 1390 315 1456 ininternnm.
332 1388 424 1445 Liberi
435 1398 659 1460 congregantur,
671 1405 737 1446 curn
748 1404 794 1447 ra·
849 1402 968 1458 operum
985 1390 1132 1457 memoria,
1146 1396 1222 1460 qnod
1238 1391 1317 1461 pellis
1327 1392 1470 1463 significat
1485 1393 1658 1452 laboramus.

56 1479 132 1546 rires,
143 1478 251 1548 qnaede
263 1477 368 1547 peccati
384 1477 501 1533 servitio
513 1478 548 1532 ad
562 1478 795 1535 libertatemvitae
817 1523 837 1577 B
888 1477 971 1534 Vnns.
983 1478 1008 1531 t.
1025 1507 1061 1518 -
1079 1477 1185 1533 llnrsiis
1200 1487 1323 1549 concepto
1345 1483 1404 1548 seta
1427 1486 1522 1536 reatum
1544 1485 1633 1549 lilium
1655 1501 1697 1540 no

56 1575 169 1631 vocant,
198 1567 245 1622 ltei
261 1567 361 1622 timore
376 1566 412 1621 ad
437 1570 551 1636 tempus
572 1575 793 1639 coaggerantur.
850 1568 965 1619 minavit
984 1565 1087 1631 Onnnn
1103 1566 1271 1637 quidicitur
1285 1584 1385 1623 maeror
1400 1586 1499 1637 eornm,
1517 1572 1593 1640 quod
1605 1571 1696 1628 reler-

56 1664 104 1713 tet
118 1655 259 1712 consolari
274 1654 376 1712 volunt
391 1655 508 1710 dolorem
525 1659 625 1725 patris,
643 1670 709 1711 cum
728 1670 795 1726 pec·
851 1660 898 1710 tur
912 1655 947 1709 ad
963 1654 1119 1711 fastidium.
1145 1655 1219 1711 Solet
1235 1670 1337 1726 nempe
1361 1671 1397 1712 ex
1419 1657 1588 1715 dillrcultate
1612 1660 1697 1715 evin·
1746 1689 1748 1693 ν

59 1745 163 1801 seriam
179 1758 230 1814 per
249 1744 444 1800 conversionis
458 1751 485 1800 et
503 1745 676 1813 penitentiae
702 1759 796 1801 reme.-
850 1742 1007 1798 ccndarum
1032 1743 1209 1813 passionum,
1230 1757 1295 1814 quae
1321 1759 1357 1800 ex
1381 1745 1575 1802 recordatione
1598 1748 1696 1804 saeculi

56 1845 204 1903 emperare
219 1833 364 1888 nituntur.
379 1831 430 1888 Sed
444 1830 633 1900 perellectum
648 1847 795 1902 recusans,
851 1830 1032 1900 voluptatum
1060 1831 1210 1901 contingit.
1245 1832 1402 1889 maximum
1428 1841 1518 1903 capto
1552 1836 1696 1905 proposito

58 1922 125 1978 ienti
141 1936 207 1977 cum
233 1922 288 1976 beo
313 1920 415 1990 spiritu
440 1935 497 1975 non
523 1920 651 1988 credens,
675 1920 796 1976 dolendo
850 1919 982 1989 generari
1001 1918 1157 1975 fastidium.
1174 1919 1254 1975 Unde
1278 1920 1418 1988 Psalmus,
1447 1923 1566 1989 omnnem,
1589 1922 1694 1994 inquit,

59 2009 172 2066 devolvi
205 2024 235 2065 se
269 2009 379 2079 patitur
411 2010 439 2063 in
471 2008 678 2078 desperationis
710 2009 796 2065 bara·
849 2021 936 2060 eseam
950 2007 1105 2061 abominata
1120 2013 1160 2061 est
1181 2010 1275 2062 anima
1288 2024 1379 2064 eornm
1397 2011 1482 2080 (Psat.
1499 2025 1557 2079 cvr,
1578 2011 1620 2082 ts)
1637 2021 1692 2069 etc.

56 2144 57 2156 ,
87 2105 149 2168 post
182 2110 280 2168 pravae
305 2095 500 2152 delectationis
528 2095 673 2164 allectum,
701 2097 728 2152 id
754 2103 796 2153 est
854 2095 945 2165 Usque
964 2095 1001 2148 od
1017 2095 1203 2164 portaseuim
1223 2101 1326 2163 mortis,
1343 2097 1371 2152 id
1386 2105 1428 2154 est
1451 2114 1542 2170 usqne
1567 2099 1603 2155 ad
1627 2100 1696 2157 reii-

850 2182 943 2254 gionis
963 2181 1149 2239 desertionem
1175 2190 1347 2254 torquentur
1368 2186 1458 2242 sancti
1476 2187 1593 2243 aestibus
1615 2188 1696 2259 cegi-

56 2292 70 2330 t.
88 2277 133 2329 36.
150 2305 183 2314 -
203 2277 238 2329 Et
260 2275 309 2329 illo
329 2281 518 2344 perseverante
540 2277 569 2328 in
592 2277 666 2344 fietu,
692 2275 797 2330 diadin-
851 2271 976 2328 rationis.
998 2272 1097 2341 (Vens.
1129 2273 1168 2341 5.)
1198 2274 1314 2329 Tertiam
1343 2289 1448 2343 quoqne
1473 2277 1587 2344 peperit,
1617 2291 1696 2345 quem

56 2362 208 2418 aediderunt
226 2363 324 2432 loseph
342 2365 372 2416 in
390 2364 510 2434 AEpypto
525 2363 662 2432 Pctiphnr
676 2364 795 2417 eunucho
850 2361 999 2429 appellavit
1018 2361 1089 2426 Sela,
1107 2360 1157 2430 qui
1175 2361 1271 2416 umbra
1294 2362 1353 2430 ejas
1376 2362 1592 2432 interpretatur,
1617 2365 1695 2436 quod

56 2452 109 2518 ab,
129 2454 261 2519 manistro
281 2452 396 2506 militie.
417 2450 526 2520 Spiritu
544 2457 641 2507 nostro
659 2450 727 2508 lietu
749 2451 794 2506 di·
850 2448 886 2503 ad
901 2449 991 2506 sancti
1012 2449 1131 2518 spiritus
1151 2449 1353 2519 protectionem
1371 2448 1504 2507 refertur.
1523 2452 1601 2509 Facit
1618 2455 1695 2510 enim

56 2554 108 2597 era
124 2547 339 2611 perseveranter
358 2547 469 2610 agento,
485 2540 599 2610 loseph,
618 2539 722 2604 bonne,
737 2541 795 2595 sci·
830 2533 909 2607 'ipse
934 2545 1116 2607 proventum,
1143 2544 1175 2594 ut
1200 2538 1297 2595 tentati
1323 2539 1464 2595 sustinere
1489 2540 1640 2610 possimus.
1664 2543 1695 2597 ln

56 2636 127 2685 nster
141 2627 286 2699 appetitus
300 2626 432 2697 exemplo
447 2641 547 2683 eorum
565 2628 614 2697 qui
639 2627 673 2682 de
685 2627 794 2697 judicio
849 2626 964 2682 dnobus
986 2626 1141 2695 premissis
1156 2626 1314 2683 clamamus
1339 2627 1538 2697 parturientes,
1558 2629 1588 2684 in
1613 2631 1696 2687 tertia

56 2724 76 2774 it
91 2717 131 2772 ad'
150 2715 311 2787 puniendos
336 2716 489 2785 pertinent,
511 2715 652 2786 AEgyptiae
675 2715 794 2772 caecitati
850 2714 996 2771 masculus
1017 2716 1155 2782 nascitur,
1183 2715 1233 2787 qui
1252 2716 1288 2772 ad
1312 2716 1449 2772 thronum
1475 2717 1535 2784 liei,
1560 2726 1593 2774 ut
1616 2727 1697 2790 regat

56 2805 175 2875 licitnr3
191 2804 331 2874 Putiphar
345 2804 550 2874 interpretatur
563 2819 592 2858 os
608 2806 743 2859 inclinans
759 2804 796 2859 ad
814 2845 834 2901 C
850 2801 934 2874 virga
957 2803 1049 2859 terrea
1064 2803 1147 2874 (Psoi.
1169 2819 1198 2872 u,
1216 2804 1242 2874 9)
1267 2819 1359 2876 genus
1377 2819 1443 2861 cum
1465 2806 1592 2876 quadam
1616 2821 1695 2864 eme·

56 2894 145 2950 ndum
172 2892 209 2949 Os
234 2892 391 2963 appetitum
419 2907 543 2963 nequam
568 2892 721 2964 significat,
744 2893 795 2962 qui
850 2890 912 2947 ritae
939 2891 1175 2962 impassibilitatis
1205 2892 1309 2962 palma,
1341 2892 1517 2962 provehitur.
1546 2896 1604 2961 Qno
1631 2901 1696 2951 nato

56 2995 183 3053 pronus
196 2990 236 3038 est
252 2981 288 3037 ad
304 2981 539 3050 disperdendum.
562 2981 723 3038 Eunuchus
742 2989 793 3050 est,
848 2994 945 3048 parere
967 2980 1042 3035 nitra
1061 2985 1185 3049 cessavit,
1210 2981 1280 3053 quia
1305 2989 1457 3051 postquam
1481 2982 1517 3038 ad
1543 2982 1697 3054 perlectam

59 3071 126 3128 ister
144 3071 264 3138 militie,
284 3071 354 3141 qnia
376 3069 413 3125 ab
428 3071 506 3126 omni
527 3071 599 3126 bono
615 3070 720 3127 sterilis
741 3078 793 3139 est,
849 3068 1017 3125 charitatem
1038 3084 1117 3126 mens
1133 3069 1303 3141 pervenerit,
1318 3069 1378 3141 jam
1394 3085 1451 3127 non
1467 3073 1496 3128 in
1512 3070 1609 3129 dolore
1626 3072 1697 3130 lilios

61 3174 95 3217 us
130 3158 266 3216 vitiorum
297 3159 442 3216 exereitus
477 3159 617 3229 princeps.
650 3159 677 3214 ls
706 3158 795 3229 pretio
849 3156 934 3226 parit,
949 3158 1019 3227 quia
1034 3157 1176 3229 quidquid
1191 3159 1250 3229 agit
1260 3158 1321 3229 jam
1337 3159 1419 3230 quasi
1430 3173 1467 3216 ex
1480 3161 1608 3218 naturali
1623 3161 1692 3219 laci·

56 3247 149 3305 alium
182 3248 365 3319 voluptatum
394 3248 447 3304 sibi
471 3247 604 3303 distrahit
629 3246 795 3317 proficiendi
849 3245 1098 3318 litateconsurgit.

55 3353 94 3394 m,
884 3334 972 3392 Vena.
988 3337 1017 3389 b.
1037 3365 1071 3374 —-
1087 3335 1167 3390 Dedit
1179 3341 1268 3391 antem
1282 3337 1375 3392 dadas
1389 3353 1502 3393 acrorem
1515 3341 1697 3409 primapenito

222 3408 338 3465 CAPUT
358 3408 517 3465 XXXVffl·
848 3438 895 3477 sno
917 3424 978 3476 iter.
1001 3424 1108 3477 nornine
1136 3424 1264 3489 Thamar,
1293 3421 1361 3489 Quae
1390 3425 1547 3479 amaritudo
1576 3425 1694 3483 dicitnr.

60 3558 67 3573 .
97 3520 122 3572 l.
140 3518 232 3571 -Ec
258 3521 384 3586 tempore,
406 3516 492 3571 iudces
507 3516 668 3570 descendens
691 3533 708 3570 a
730 3517 792 3583 (re
849 3510 1005 3581 Disciplina
1014 3527 1023 3581 ;
1042 3525 1168 3581 namque
1183 3510 1405 3567 amaritudinem
1430 3513 1619 3569 tentationum
1643 3512 1698 3568 ille

61 3604 175 3660 divertit
193 3604 230 3658 od
244 3607 334 3658 cirum
353 3604 551 3670 odollamitem,
566 3605 672 3658 nomine
687 3605 792 3658 iliram.
849 3600 941 3657 cebris
955 3613 1097 3669 apponere
1119 3598 1267 3665 debemus,
1288 3613 1353 3668 quie
1375 3600 1492 3670 quidem
1518 3600 1696 3671 inpraesenti

74 3693 228 3758 consessi03
258 3691 350 3756 iliras,
377 3691 476 3757 (rolris
500 3692 553 3745 mei
580 3692 649 3744 visio
677 3688 793 3746 dicitur.
849 3687 1052 3745 amaritudinis
1066 3695 1118 3755 est,
1140 3688 1188 3744 sed
1212 3687 1338 3743 fructum
1363 3688 1578 3759 pacatissimum
1599 3689 1697 3746 reddet

56 3781 160 3838 mimus
186 3780 225 3835 ita
247 3792 263 3834 a
289 3793 318 3834 se
342 3778 492 3844 dividitur,
523 3779 660 3835 memoria
688 3785 794 3834 sanctae
848 3776 1206 3847 exercitatisinealllebr.
1221 3790 1272 3843 xn,
1287 3775 1341 3846 ll).

57 3869 141 3935 ionis,
166 3882 232 3940 quae
248 3880 338 3937 supra
360 3881 450 3938 puero
469 3876 577 3935 tenero,
598 3867 704 3923 scilicet
726 3880 793 3936 pro-
885 3866 970 3922 Vnns.
993 3870 1019 3918 7.
1046 3894 1080 3905 -
1104 3866 1167 3919 Fuit
1188 3879 1293 3934 qnoque
1317 3865 1371 3918 lter
1392 3866 1588 3934 primoqenitas
1608 3865 1696 3933 iada,

74 3959 153 4028 parci
176 3955 297 4023 monuit,
313 3971 330 4012 a
344 3955 481 4026 superbia
505 3956 637 4024 fratrum,
658 3968 794 4023 corpora·
849 3970 965 4024 nequam
991 3957 1022 4009 in
1045 3959 1186 4024 conspecta
1211 3956 1327 4023 Domitii,
1356 3959 1381 4009 et
1403 3955 1438 4009 ab
1466 3971 1495 4010 eo
1520 3958 1621 4011 masas
1646 3961 1696 4012 eet.

56 4046 166 4104 idelicet
181 4045 398 4111 desideriorum,
419 4059 479 4101 sese
495 4044 655 4109 demittens,
680 4043 795 4100 divertit
848 4041 957 4098 Occidit
978 4041 1054 4097 Deus
1075 4043 1132 4098 Her
1155 4041 1184 4097 in
1209 4049 1360 4111 conspectu
1387 4057 1439 4098 suo
1465 4057 1601 4114 nequam,
1627 4045 1696 4102 dum

56 4135 127 4192 clari
148 4134 269 4205 strepitu
293 4134 329 4189 ad
353 4132 426 4203 eius,
452 4134 503 4205 qui
525 4147 592 4189 vere
610 4133 715 4189 unicus
733 4131 794 4187 lra—
850 4129 993 4186 incentiva
1013 4128 1167 4186 libidinum
1183 4138 1239 4186 tam
1262 4131 1456 4201 spiritualium
1480 4147 1569 4204 quam
1592 4148 1697 4204 corpo-

66 4223 133 4280 Jesu
153 4221 258 4279 Christi
277 4221 427 4278 visionem.
452 4221 505 4287 Qui
526 4221 587 4276 ideo
609 4221 655 4276 vir
676 4219 794 4290 dicitur,
849 4217 965 4287 ralium,
978 4233 1043 4289 quae
1065 4220 1140 4276 Deus
1161 4233 1211 4290 por
1227 4219 1352 4276 maxime
1372 4220 1525 4291 improbat,
1541 4221 1570 4276 in
1586 4222 1694 4288 anima,

55 4328 63 4368 ι
83 4325 117 4368 ec
132 4309 172 4366 nil
188 4310 242 4365 nisi
259 4310 375 4367 virtutis
395 4323 510 4366 summa
530 4309 654 4366 videtur.
676 4307 793 4366 odolla·
849 4320 914 4377 quae
942 4305 1002 4362 sola
1028 4307 1082 4363 sibi
1110 4306 1265 4377 conspicua
1297 4315 1348 4376 est,
1375 4308 1483 4365 virtute
1505 4309 1696 4366 constabilita

65 4401 247 4456 testimoninm
269 4403 299 4453 in
324 4414 397 4467 aquo
419 4406 509 4454 sonat.
535 4399 567 4452 ln
592 4411 669 4468 aqua
695 4404 792 4454 autem
848 4393 968 4449 rationis
980 4393 1128 4450 interimit.
1146 4395 1240 4465 (Vens.
1258 4394 1297 4467 8.)
1317 4399 1446 4465 nactaque
1461 4398 1547 4452 indos
1560 4397 1597 4452 od
1609 4399 1695 4455 Onam

56 4489 126 4547 natis
145 4487 289 4544 Christum
307 4486 401 4557 ipsum
423 4486 571 4542 induimus
585 4486 656 4556 (dal.
676 4500 716 4553 ιιι,
734 4486 790 4557 it),
845 4484 1040 4554 iliamraum:
1053 4485 1197 4553 lnqrcdere
1211 4485 1248 4540 ad
1258 4502 1369 4542 acorem
1378 4489 1478 4552 fratris
1490 4489 1540 4556 tui,
1552 4492 1579 4543 et
1592 4491 1696 4543 sociare

56 4591 77 4634 n
95 4575 169 4633 lacto
191 4575 423 4633 contradicimus.
443 4575 472 4629 in
495 4573 549 4629 lrac
565 4588 642 4644 aqua
664 4573 792 4630 testimo-
847 4574 899 4636 iili,
917 4579 946 4628 at
967 4575 1078 4629 suscites
1097 4576 1290 4642 semenstrem
1312 4580 1366 4630 tuo.
1390 4575 1532 4647 Loquitur
1550 4577 1636 4631 Jndas
1658 4576 1696 4632 ad

56 4672 140 4722 ontra
157 4679 208 4720 nos
219 4663 367 4731 terentem,
379 4664 448 4719 dnm
463 4664 487 4719 ei
504 4662 625 4719 videndo
641 4670 792 4734 tamquam
847 4663 944 4729 Onam,
960 4675 1027 4718 cnm
1043 4660 1190 4717 humilitas
1209 4661 1393 4718 contessicnis
1407 4669 1434 4718 et
1458 4661 1633 4732 poeniteutiae
1647 4664 1695 4718 in-

56 4752 227 4820 nteudimus,
244 4752 417 4809 invenimus.
845 4749 1063 4807 lormatacediae
1077 4749 1250 4807 maestitiam.
1265 4748 1354 4805 Filius
1372 4757 1469 4806 autem
1490 4758 1542 4818 est,
1564 4751 1634 4822 quia
1657 4765 1694 4807 ex

56 4847 105 4900 ‚2
127 4872 162 4883 -
182 4841 310 4911 viditque
324 4841 477 4909 sibialiam
495 4840 611 4895 leoninis
629 4840 790 4908 chananei,
845 4838 992 4895 occasione
1012 4852 1071 4894 suae
1088 4837 1208 4894 actionis
1227 4844 1313 4893 natus
1332 4837 1390 4906 ipse
1404 4836 1532 4894 delectus
1550 4846 1602 4895 est.
1619 4839 1693 4895 Con-

56 4931 148 4998 osue,
164 4934 189 4984 et
202 4945 287 4985 acore
299 4933 418 4998 accepta,
435 4931 571 4996 inpressos
583 4932 622 4983 est
636 4928 750 4984 adeam.
763 4927 791 4985 Si
846 4925 963 4991 sociare,
1000 4926 1104 4996 inquit,
1135 4925 1188 4994 piae
1216 4925 1415 4993 amaritudini,
1444 4934 1471 4982 et
1500 4926 1695 4998 intelligenter

56 5018 175 5074 :hristus
191 5022 241 5080 est,
263 5016 444 5073 chananeus
459 5016 591 5085 proiecto,
605 5017 678 5073 sicut
694 5024 721 5073 et
741 5017 792 5073 Sa·
846 5014 930 5086 quasi
958 5014 1145 5087 ingrediendo
1170 5021 1296 5084 penetra,
1320 5023 1349 5071 et
1375 5015 1467 5072 insere
1492 5023 1518 5073 te
1546 5016 1695 5089 presentis

56 5105 192 5173 insideo
210 5104 304 5161 dictus
327 5112 380 5171 est,
406 5104 476 5175 qnia
497 5105 557 5175 ipse
578 5119 647 5161 vera
671 5120 791 5163 suorum
845 5103 943 5161 seculi
959 5102 1149 5171 tribulationi,
1164 5101 1247 5174 quasi
1268 5102 1380 5160 tructus
1397 5112 1519 5160 eternas
1542 5105 1594 5162 tibi
1619 5105 1694 5176 pari·

56 5201 133 5251 test.
149 5191 331 5250 Chananeus
345 5192 432 5260 enim,
463 5201 495 5250 ut
514 5207 589 5264 saepe
606 5193 714 5250 dictum
738 5196 789 5262 est,
846 5199 919 5249 turre
934 5191 1061 5264 conjugi,
1078 5197 1110 5246 ut
1129 5191 1390 5261 lintritno,m0tui
1409 5191 1515 5249 scilieet
1536 5192 1693 5264 corporali,

56 5298 62 5340 t
94 5282 210 5341 dicitur.
242 5283 269 5337 ls
292 5281 378 5338 habet
400 5279 500 5348 liliam,
522 5280 662 5337 rationem
686 5280 792 5337 scilicet
844 5282 957 5336 suentes
974 5295 1072 5347 semen,
1097 5279 1125 5335 id
1150 5286 1194 5335 est
1216 5280 1408 5351 posteritatem
1432 5281 1550 5351 superni
1571 5280 1692 5351 premii.

56 5386 124 5445 qum
155 5376 226 5427 m
252 5384 313 5438 sue,
342 5369 414 5426 idest
440 5371 561 5440 bomne,
589 5368 633 5427 vel
656 5370 792 5424 randena
846 5370 949 5440 corpas
973 5369 1050 5426 enim
1082 5372 1218 5424 morinum
1243 5373 1283 5425 est
1308 5376 1420 5442 propter
1437 5374 1576 5443 peccatam
1604 5368 1693 5439 (Rem.

56 5510 58 5521 ,
74 5460 148 5534 quia
163 5459 225 5531 ipsa
240 5458 299 5516 sola
314 5457 406 5526 nobis,
423 5457 487 5515 aliis
502 5457 724 5526 oblatrantibus,
744 5457 791 5514 in·
845 5471 906 5526 vur,
926 5452 983 5526 ld),
998 5457 1106 5515 suscita
1114 5470 1184 5527 erqo
1197 5456 1267 5514 illud
1284 5471 1334 5528 per
1341 5459 1460 5530 justitiae
1474 5466 1581 5515 actum.
