3818 6008
75 112 129 166 225
666 111 848 169 sustituit
867 114 901 169 lit
920 112 1073 171 transiri
1093 115 1158 170 tiit.
1178 115 1249 171 vtti.
1782 125 1834 178 atii

77 241 173 298 tionis.
196 240 351 312 Nepbtbali
376 254 502 312 namque
527 240 642 309 dicitur,
668 242 797 298 dilatauit
816 243 923 309 merel
943 245 1069 302 illiabes
1091 245 1249 303 devotionis
1270 244 1406 303 allectum
1429 246 1466 303 ad
1488 248 1700 319 contemplandi
1722 255 1830 311 exerci-

76 332 248 401 comparauit
271 345 321 384 me.
352 328 447 386 Solent
471 329 549 386 enim
579 329 705 387 solitarie
730 331 859 388 viventes
891 334 926 389 ad
981 332 1063 389 tium.
1081 333 1295 404 lllarespondit
1310 349 1316 388 :
1333 334 1432 402 (Vsus.
1450 336 1506 406 is.)
1528 337 1666 393 Parumne
1687 340 1830 397 tibiaide-

77 418 194 489 publice
219 418 434 489 predicandam
456 418 599 487 accedere,
622 425 650 474 et
664 419 770 476 exinde
792 421 927 492 gloriolas
980 427 1034 486 tiir,
1059 423 1131 491 quad
1155 425 1332 493 praeripueris
1361 427 1490 478 maritum
1515 426 1594 493 mibi,
1619 429 1675 482 uisi
1698 430 1781 485 etiam
1804 436 1831 487 et

75 507 204 576 exigere.
227 509 399 576 comparata
422 505 522 577 itaque
536 506 687 563 actualiter
710 507 863 565 diffamatis
879 509 926 564 in-
980 511 1179 579 manaraparai
1199 513 1252 582 tilii
1270 514 1323 566 mei
1346 514 1459 568 tuteris?
1483 512 1562 580 Quod
1587 523 1630 571 est
1651 516 1744 574 dicere
1761 534 1768 574 ε
1785 519 1831 575 ln·

75 593 204 650 valuisse
224 608 254 649 se
277 593 356 661 dicit,
378 594 449 650 duni
473 594 550 664 quod
574 594 659 664 valet,
678 596 815 668 quodque
836 605 927 668 potest
981 598 1135 665 tellectum,
1152 613 1169 654 a
1184 613 1241 670 quo
1257 600 1381 656 maritali
1398 608 1495 658 tenore
1510 616 1603 674 regor,
1618 606 1829 678 contemplandi

75 682 234 739 eilicaciter
247 681 343 753 palam
358 683 490 739 ostendit.
596 686 599 693 '
980 687 1152 759 egregieque
1177 688 1290 745 vivendi
1315 691 1418 761 gratia,
1437 691 1581 748 dimovisti
1606 694 1641 750 ab
1661 696 1766 752 actuali
1787 697 1828 754 oi·

112 770 200 827 Vnus.
226 773 254 838 9,
279 773 318 838 itt,
345 774 385 825 li.
407 801 441 810 -
462 771 585 827 Scatieas
604 772 657 826 tia
671 773 744 842 quad
765 789 863 842 parcre
882 774 928 829 de·
982 775 1054 830 ticio.
1077 774 1158 842 Quod
1179 776 1249 831 milii
1270 778 1363 849 magis
1378 779 1504 849 suppetit
1525 794 1559 836 ac
1572 782 1694 853 adjacet,
1717 783 1831 856 hocque

73 862 167 926 sisset,
196 860 300 927 zelfam
320 861 450 914 ancillam
478 875 556 915 suam
577 864 675 916 marita
705 863 832 918 tradidit.
868 865 927 930 Qua
981 879 1084 935 parum
1117 865 1251 933 estimas,
1290 866 1343 922 nisi
1377 868 1463 923 etiam
1495 869 1570 926 baiic
1599 878 1829 930 momentaneam

71 954 136 1018 post
158 955 314 1019 conceptum
334 949 425 1004 edeute
452 955 523 1005 ris
547 952 632 1017 fetum
658 951 732 1005 dicit
753 968 759 1006 :
787 952 925 1021 Feliciter,
981 953 1100 1023 superni
1114 953 1251 1010 odoratus
1270 955 1474 1022 visitationem,
1491 958 1526 1014 ad
1542 958 1630 1015 solius
1650 960 1831 1032 cogitationis

74 1041 183 1093 uocauit
204 1053 373 1107 auaeaomeu
385 1036 443 1109 ejus
461 1038 532 1094 Gad.
552 1039 605 1094 Per
621 1048 775 1111 utramque
791 1040 927 1097 leminam
980 1041 1213 1098 exercitationem
1239 1043 1416 1099 contrahas?
1442 1048 1564 1100 Dormiat
1587 1052 1681 1115 tecum,
1714 1049 1828 1120 inquit,

75 1126 292 1183 demonstratur
307 1127 384 1198 qnod
401 1128 429 1183 in
446 1134 571 1199 utraque
586 1128 644 1184 vita
664 1129 770 1192 agitur.
788 1129 926 1196 Actualis,
982 1130 1031 1183 aaa
1045 1134 1119 1184 nacte
1138 1146 1188 1199 pra
1203 1132 1396 1198 maadi-agaris
1408 1132 1465 1203 filii
1478 1136 1529 1200 tui,
1546 1133 1573 1189 id
1590 1142 1632 1190 est
1645 1138 1831 1208 conquiescat

78 1212 105 1267 id
127 1218 171 1268 est
186 1211 238 1267 Lia
256 1225 359 1283 parere
384 1211 497 1280 desinit,
521 1227 589 1270 cuni
605 1214 680 1269 bona
705 1213 835 1280 intentio,
862 1229 927 1285 quae
982 1224 1076 1273 tecum
1101 1217 1130 1273 in
1153 1218 1208 1275 bac
1229 1220 1409 1291 negotiorum
1432 1221 1619 1290 turbulentia,
1643 1239 1710 1295 qnae
1729 1227 1830 1284 active

77 1299 162 1371 qnasi
191 1307 347 1370 conceptus
370 1301 414 1356 vis
432 1308 483 1368 est,
508 1299 538 1355 in
558 1308 653 1357 mente
672 1300 777 1370 delicit,
802 1302 928 1373 quade·
981 1314 1023 1361 est
1045 1305 1112 1362 vite
1134 1305 1246 1374 infesta,
1270 1316 1383 1365 tantum
1409 1317 1441 1367 ut
1462 1310 1498 1365 ad
1525 1311 1645 1368 interne
1670 1314 1831 1372 dulcedinis

76 1389 195 1445 sistente
218 1388 303 1458 Zella,
325 1389 353 1445 id
376 1397 418 1445 est
439 1389 534 1445 inanis
555 1390 646 1461 gloria
669 1390 840 1457 adhibetur;
866 1391 928 1462 ipsa
982 1395 1134 1464 respirem,
1160 1396 1195 1452 ail
1220 1398 1310 1454 Deum
1337 1412 1426 1468 quam
1452 1398 1545 1455 dulcis
1567 1407 1627 1468 est,
1653 1402 1830 1473 gustandum

75 1477 154 1534 enim
178 1481 290 1546 esicus,
310 1485 446 1549 utsupra
467 1478 644 1547 dictumest,
669 1479 884 1550 interpretatur,
901 1488 928 1536 et
983 1482 1165 1556 fragrantias.

76 1565 244 1638 ingenuitas
258 1566 377 1637 spiritus
396 1566 527 1622 ancillari
542 1567 676 1624 societate
694 1567 827 1625 loedatur.
852 1570 928 1625 Cou—
948 1532 969 1587 B

75 1662 159 1725 cepta
173 1655 305 1725 nequitia
316 1669 389 1726 opus
402 1655 505 1712 emittit
516 1669 649 1725 pravum,
666 1657 839 1713 transitorie
852 1657 929 1713 viiic-

75 1742 141 1800 licet
157 1744 355 1814 prosperitatis
376 1751 522 1800 eventum.
544 1743 617 1800 llicit
631 1759 700 1816 ergo
714 1746 839 1813 feliciter,
861 1760 926 1802 cuni

76 1832 222 1888 bonorum
246 1833 329 1903 copia
354 1832 492 1900 arriserit,
517 1833 564 1890 sed
581 1847 637 1888 non
660 1841 750 1902 potest
769 1833 926 1903 sinceriter,

76 1921 148 1992 quia
162 1919 254 1977 solani
267 1921 365 1978 seculi
380 1921 485 1978 cariem
501 1922 615 1992 querit.
632 1921 691 1977 Gaii
707 1930 803 1979 autem
815 1924 929 1990 fortuita

76 2008 195 2080 dicitur,
212 2016 239 2066 et
261 2009 377 2066 torinna
391 2024 480 2080 qnam
497 2024 610 2079 semper
633 2009 722 2066 dubia
737 2011 772 2067 sit
792 2017 819 2067 et
837 2011 929 2067 insta-

77 2096 143 2153 bilis
166 2096 281 2154 anullo
306 2098 442 2155 nescitur.
468 2098 521 2166 Qui
540 2112 608 2170 ergo
633 2099 690 2155 lilio
713 2099 835 2156 lortnnae
859 2115 928 2171 pro-

78 2185 204 2241 creando
240 2193 267 2242 et
299 2186 401 2243 alendo
432 2187 529 2255 instat,
566 2180 609 2243 in'
626 2188 686 2243 salo
723 2188 928 2246 interminabili

1016 1619 1102 1676 Vnus,
1132 1622 1174 1673 lb.
1200 1648 1237 1660 -
1257 1619 1443 1691 liedeiiiiti'piie
1471 1621 1509 1676 ad
1533 1637 1673 1691 vesperam
1701 1623 1734 1678 de
1763 1640 1831 1694 agro

981 1708 1074 1775 Jacob,
1094 1723 1202 1776 opressa
1218 1713 1257 1762 est
1278 1711 1308 1762 iit
1329 1725 1467 1765 occursum
1486 1711 1545 1780 ejus
1568 1714 1628 1767 tia.
1652 1711 1700 1767 Ad
1713 1728 1763 1782 me,
1786 1717 1830 1769 iii·

983 1799 1052 1866 quit,
1067 1797 1195 1862 intrabis,
1221 1800 1288 1865 puta
1301 1798 1420 1853 mercede
1443 1800 1563 1854 conduci
1582 1805 1606 1854 te
1625 1817 1676 1870 pro
1698 1802 1830 1857 mandra-

982 1888 1055 1952 goris
1074 1883 1130 1956 filii
1148 1887 1212 1939 mei.
1237 1885 1286 1939 Ad
1306 1902 1446 1956 uesperam
1465 1888 1590 1943 redeunti
1610 1889 1644 1943 de
1663 1906 1729 1957 apra
1749 1891 1831 1947 Jacob

983 1975 1036 2028 Lia
1049 1977 1079 2028 ia
1093 1988 1231 2028 accursum
1246 1975 1402 2045 egreditur,
1419 1990 1485 2032 cuin
1506 1976 1715 2035 defervescente
1737 1978 1831 2036 inanis

983 2061 1081 2132 gloriae
1102 2069 1174 2118 aestu
1198 2061 1233 2118 de
1247 2062 1383 2119 exercitio
1401 2063 1540 2131 interiori,
1565 2066 1680 2135 spiritui
1695 2081 1762 2124 vero
1784 2067 1831 2123 vi-

983 2151 1088 2206 tiorum
1111 2150 1323 2221 supplantatori
1353 2151 1389 2207 ad
1412 2152 1461 2208 Dei
1486 2153 1672 2210 intentionem
1699 2155 1830 2213 redeunti

80 2273 214 2331 fluctuat,
231 2274 330 2347 (vm
350 2279 391 2344 η,
409 2276 465 2347 13.)
485 2275 564 2332 Parit
577 2278 654 2345 zelfa
669 2277 783 2332 alterum
804 2277 859 2334 sub
874 2293 929 2335 no·
984 2239 1040 2338 lia,
1064 2238 1093 2294 id
1117 2246 1159 2295 est
1180 2239 1382 2308 opportunitas
1397 2241 1489 2296 sancti
1514 2241 1621 2297 laboris
1644 2244 1778 2312 occurrit,
1804 2249 1832 2301 et

79 2362 158 2419 mine
172 2364 239 2430 tie,
255 2371 283 2420 et
297 2371 370 2420 Aser
381 2372 474 2432 vocat,
490 2380 557 2421 euni
572 2365 707 2421 humane
722 2365 817 2423 laudis
832 2366 929 2422 inten-
983 2326 1133 2383 ”mitum
1154 2328 1494 2427 ⁰⁰n⁵⁰i³f¹²iae.p³.¹⁰⁰¹em
1519 2330 1658 2429 miggem!
1678 2329 1749 2428 9⁰⁵³
1763 2331 1831 2388 ⁰d⁰'

78 2451 116 2508 tio
142 2452 199 2509 snb
222 2453 398 2510 actualitatis
419 2454 543 2526 tegmine
564 2453 697 2510 eliectum
721 2454 820 2526 glorie
845 2455 929 2525 quasi
954 2490 956 2496 -
982 2422 1114 2471 ramenta
1145 2429 1226 2485 ¹³¹³ae
1247 2414 1408 2472 d¹'⁰⁰¹¹⁰¹¹¹⁸
1431 2430 1497 2486 ‘¹¹¹ae
1521 2431 1569 2487 ¹³¹³
1596 2417 1757 2476 ⁸⁰¹¹¹⁰¹md⁰
1780 2433 1832 2476 Μ’

78 2538 171 2596 mium
185 2539 361 2611 assequitur,
375 2540 927 2612 quodbeamudimshonorepraedicat’
984 2503 1123 2561 tualitatis
1146 2503 1255 2560 devotae
1277 2504 1371 2574 proles
1390 2505 1446 2560 sibi
1469 2505 1576 2571 intulit,
1597 2506 1724 2575 liacbeli,
1740 2506 1769 2564 id
1789 2515 1832 2565 est

78 2627 106 2683 in
122 2643 182 2699 qno
196 2628 267 2686 illud
282 2629 380 2695 glorie
394 2643 486 2702 genus
501 2628 680 2702 intelligitur,
698 2645 763 2702 quse
776 2639 842 2704 post
858 2645 930 2688 mor·
983 2592 1214 2692 9⁰⁰2⁰mp¹³¹i⁰¹¹i
1239 2602 1271 2649 ω
1293 2593 1328 2648 ad
1348 2594 1438 2693 ΒῨΠΨ
1460 2608 1553 2692 nique
1572 2594 1728 2695 Vidfflffdum
1750 2609 1832 2698 mppr

77 2722 134 2772 tem
151 2717 188 2773 ad
211 2717 379 2775 memoriam
400 2717 579 2788 providetur,
598 2724 631 2774 ut
654 2726 721 2775 sum
742 2718 929 2776 {edificiorum
982 2695 1043 2753 ipse
1066 2681 1219 2750 redundet,
1244 2681 1446 2738 actionalitatis
1465 2682 1561 2753 digne
1576 2691 1669 2754 gratia
1688 2692 1829 2755 prestitit.

78 2803 216 2905 insignia,
232 2806 416 2878 pyramidum
432 2804 608 2873 discrimina,
628 2806 762 2863 nobilitas
776 2807 927 2906 librorum,
949 2771 1247 2930 (ςέιίᾞίἒοζῖᾝ
1261 2776 1336 2914 'm
1353 2769 1597 2930 'agazi
1612 2773 1724 2930 223}
1742 2790 1832 2932 mn

77 2901 105 2950 et
116 2908 258 2963 carmina,
277 2909 344 2967 que
363 2895 527 2951 solentesse
542 2901 724 2952 mortuorum
740 2904 927 2963 monimenta,
1337 2901 1345 2927 '
1543 2902 1550 2927 '

77 2990 105 3039 et
131 2983 194 3040 baec
216 2990 285 3041 sunt
310 2984 392 3051 Aser,
413 2983 442 3040 id
466 2991 508 3040 est
534 2983 681 3041 beatitudo
711 2985 786 3054 apud
813 2984 929 3041 insanos
983 2949 1127 3089 {uim}
1152 2947 1270 3003 dioe¹¹³²
1287 2947 1367 3049 θεῷ
1390 2947 1535 3002 medem
1561 2951 1631 3050 DQ
1654 2950 1740 3016 miti,
1763 2953 1832 3021 luia

79 3073 218 3129 maxima.
242 3073 314 3130 Aser
328 3087 397 3130 sane
416 3072 508 3128 beatas
522 3073 645 3140 dicitnr,·
668 3074 746 3129 unde
760 3080 788 3130 et
809 3074 856 3129 Lia
871 3089 929 3130 non
1003 3035 1047 3090 θαι
1063 3034 1193 3091 “mnam
1207 3051 1292 3091 mmm
1305 3051 1363 3090 'm
1377 3052 1443 3091 '²¹⁸⁰‘
1461 3037 1676 3107 APP⁶²¹a¹³²¹⁹¹⁴³
1689 3054 1749 3094 Μ
1762 3040 1829 3096 ¹⁶4·

77 3175 158 3230 rera,
181 3162 231 3218 sed
253 3161 424 3233 imaginaria
448 3162 605 3218 beatamse
628 3162 735 3235 gaudet
758 3162 813 3218 dici
829 3176 929 3219 nona
983 3123 1058 3177 Μ’
1088 3121 1176 3222 J.³⁰⁰b
1208 3136 1274 3221 ‚⁰⁰¹⁰
1301 3123 1354 3221 ,ΗΒ
1376 3128 1450 3178 ”we
1474 3123 1595 3223 ‘imin’
1620 3139 1687 3181 ⁰⁸⁰¹
1712 3127 1832 3226 ⁸⁹ffri¹u⁸

79 3250 161 3318 viris,
176 3250 227 3308 sod
246 3251 427 3318 mulieribus,
453 3249 523 3321 quia
543 3251 650 3308 levium
665 3258 693 3307 et
708 3250 928 3309 indiscretorum
983 3218 1079 3267 noster
1102 3226 1131 3266 in
1148 3211 1214 3266 boni
1229 3225 1323 3281 operis
1337 3211 1434 3268 labore
1448 3218 1532 3268 etiam
1550 3221 1624 3270 inter
1642 3213 1831 3274 obscuritates

79 3339 232 3396 hommum
248 3340 395 3396 animatur
409 3338 566 3396 favoribus·
985 3300 1175 3356 tentationum
1190 3299 1361 3369 acquiescit;
1372 3300 1412 3356 sic
1425 3302 1502 3355 enim
1512 3301 1587 3358 Deus
1598 3316 1694 3372 preces
1708 3317 1830 3362 suorum

114 3428 199 3485 Vnus.
217 3428 259 3483 it.
276 3458 311 3470 -
335 3430 466 3496 Egressus
491 3431 580 3482 autem
600 3428 697 3482 Rubrii
721 3432 929 3498 temporarias·
983 3388 1128 3490 psjaeeipue
1160 3387 1281 3444 exaudit
1296 3402 1302 3441 ³
1319 3390 1439 3486 σφω-ι
1463 3387 1586 3457 affectu'
1614 3393 1720 3490 pem.
1744 3407 1829 3464 were

80 3520 118 3572 δὴ
142 3519 255 3572 mm
289 3518 320 3572 in
349 3532 447 3585 amm
479 3518 580 3587 reperit
612 3517 823 3585 mandram,
860 3534 928 3588 quas
983 3479 1080 3547 titiam,
1104 3490 1161 3531 non
1178 3483 1326 3546 quartum,
1344 3476 1426 3532 idest
1445 3490 1496 3546 per
1511 3479 1678 3547 temporalia
1693 3479 1827 3538 dillluen-

79 3606 236 3661 marinae
249 3605 356 3661 aimei.
378 3605 521 3662 scaenai
541 3605 760 3676 eaqnonviuai
779 3606 928 3674 inmania,
984 3573 1059 3633 iem;
1078 3571 1211 3663 ‚quatuor
1233 3563 1316 3663 enim
1334 3571 1403 3620 suni
1416 3573 1555 3664 tempora,
1577 3566 1626 3623 ⁸01¹
1649 3569 1784 3665 quinium,
1800 3570 1829 3627 id

79 3694 108 3750 id
122 3702 166 3751 est
184 3695 334 3752 communi
354 3695 484 3765 provide,
497 3692 575 3750 bono
597 3701 725 3763 vocatus,
747 3695 801 3765 piae
823 3695 930 3752 scium,
983 3660 1025 3710 est
1036 3667 1165 3709 animum
1174 3651 1318 3752 singulari
1328 3660 1496 3710 auctoritate
1508 3653 1570 3710 beo
1579 3667 1677 3710 omnia
1686 3662 1831 3714 transcen-

79 3783 293 3853 procurationis
319 3781 455 3853 allectus,
491 3787 608 3853 tempore
639 3785 733 3839 messis
760 3785 870 3839 triticeae
900 3786 929 3838 iit
984 3742 1104 3798 demem‘
1127 3740 1284 3808 Qfflfflsms
1307 3754 1434 3812 namque
1453 3749 1641 3812 0¹⁶1⁰³¹¹¹⁰s2
1665 3745 1830 3802 θῑῐῦθῧὸᾶθ

78 3888 177 3940 aarum
192 3872 348 3944 egreditur,
369 3886 436 3928 cum
451 3871 656 3942 pievotaiione
670 3871 773 3930 mentis
789 3872 826 3929 ad
842 3872 929 3929 linem
983 3845 1017 3887 ³⁰
1040 3844 1063 3886 ⁵¹
1087 3829 1208 3929 psaes'de
1229 3833 1348 3886 musta*
1373 3830 1400 3930 ξε
1424 3845 1523 3930 ''²⁰5⁰.⁶⁸
1543 3824 1668 3931 d¹⁰¹f⁰f3
1693 3846 1735 3889 ⁸¹⁰
1751 3847 1830 3936 enim

78 3960 178 4018 saeculi
193 3974 244 4031 per
254 3961 435 4017 conscientias
457 3959 691 4017 exercitationem
707 3961 832 4031 rapitur.
857 3961 931 4017 llos-
983 3918 1334 4018 1⁸³⁰h³r.¹n¹⁰spr⁰t³.²t.¹¹r'
1358 3930 1421 3989 ³¹⁰⁸
1436 3919 1542 4019 ΜΨ
1565 3934 1617 3989 Μ’
1633 3921 1711 4020 (ΨΜ
1736 3923 1831 3981 ²⁰⁰⁰*

77 4050 115 4106 sis
138 4049 219 4107 enlin
245 4047 356 4107 triticea
387 4057 554 4106 sanctorum
581 4048 617 4105 ad
648 4049 761 4106 coeleste
791 4050 928 4107 borreum
982 4007 1039 4108 {am
1064 4014 1151 4108 mun?
1173 4014 1319 4077 spumam
1339 4006 1414 4064 κως
1433 4015 1607 4108 ''aninum'’
1629 4023 1715 4112 Μ’.
1734 4012 1762 4067 ¹⁶
1787 4019 1830 4070 ⁸⁸⁸

77 4137 275 4196 collectionem
298 4137 441 4210 significat
463 4137 572 4209 (blatta.
596 4152 660 4202 xiii,
675 4137 730 4209 39).
754 4138 834 4196 Unde
855 4139 928 4195 etin
947 4096 1139 4197 meuemuf
1167 4096 1353 4197 coeroendffm
1374 4096 1541 4197 πψτη·
1573 4098 1645 4198 ΟΨ
1669 4113 1747 4200 emm
1773 4102 1830 4159 ⁰⁰⁰

77 4226 252 4299 Apocalypsi
270 4225 393 4299 augelus
406 4227 460 4282 bac
475 4234 686 4284 maturescente
699 4225 801 4283 laicam
818 4226 929 4284 mittere
983 4185 1212 4287 ¹¹⁰⁸fqbd¹m⁰ss
1237 4193 1378 4257 ”mmm
1393 4199 1427 4241 ³⁰
1448 4199 1472 4242 ⁵¹
1486 4199 1524 4242 ⁶¹
1543 4186 1638 4243 ωηο
1660 4188 1743 4247 ⁰⁰b¹⁸
1757 4193 1828 4248 ”ua

77 4317 220 4373 suadetur
243 4316 336 4387 (Apio.
364 4330 424 4383 xiv,
451 4315 510 4385 isi.
535 4316 613 4387 Ager
640 4330 708 4372 vero
737 4316 853 4373 animus
875 4324 927 4386 est,
983 4275 1099 4345 sumn
1115 4275 1201 4331 ⁰²⁰⁵·

78 4419 167 4477 quem
183 4418 338 4475 nunquam
350 4403 452 4460 melius
465 4403 596 4472 colimus,
612 4418 701 4475 quam
716 4411 929 4461 cumextremee
1018 4404 1104 4462 Vniis.
1129 4406 1171 4472 ts,
1196 4406 1239 4459 tt).
1265 4433 1300 4445 -
1327 4404 1449 4459 Rursum
1469 4406 1520 4460 tia
1547 4407 1700 4477 iiaacipteas
1722 4409 1829 4478 peperit

78 4500 187 4549 nostrie
208 4492 293 4549 sortis
315 4491 547 4560 reminiscimur,
573 4492 601 4548 iri
626 4506 713 4563 quem
745 4493 926 4564 egredimur,
982 4495 1089 4547 sectum
1102 4493 1200 4561 titium,
1216 4495 1241 4546 et
1263 4495 1323 4546 ait:
1342 4492 1450 4545 Ditaiiit
1470 4507 1511 4546 me
1526 4494 1654 4549 Dominus
1677 4493 1738 4549 date
1759 4494 1828 4551 beria

78 4595 177 4639 cuma
192 4580 292 4652 pravis
304 4580 430 4651 expediti
447 4579 569 4653 negotiis
583 4581 619 4637 ad
634 4581 697 4652 eius
712 4595 813 4637 curam
828 4595 929 4639 rever·
982 4583 1065 4636 etiam
1088 4582 1138 4635 baa
1161 4583 1226 4636 uice.
1254 4582 1356 4651 Mecum
1381 4581 1434 4635 erit
1456 4583 1572 4636 maritus
1600 4597 1674 4637 aieiis
1704 4598 1733 4638 eo
1756 4583 1830 4654 quad

79 4671 179 4728 timor.
206 4669 261 4727 Ubi
277 4668 476 4740 mandragoras
491 4668 604 4737 liuben,
622 4668 650 4725 id
666 4677 708 4725 est
727 4670 856 4739 prudens
869 4669 929 4726 sol-
982 4671 1119 4739 geuiterim
1138 4672 1163 4724 ei
1185 4684 1233 4724 sec
1255 4671 1340 4740 titios3
1364 4674 1390 4725 et
1414 4669 1472 4725 ideo
1492 4671 1644 4740 appellauit
1662 4687 1722 4727 eum
1737 4672 1828 4729 Zabu-

78 4759 199 4818 licitudo
222 4757 337 4829 reperit,
362 4764 390 4814 et
409 4759 495 4812 matii
517 4759 573 4813 lia
601 4757 700 4826 deleri,
732 4772 798 4814 cuin
823 4758 929 4816 divinae
983 4758 1037 4813 tou.
1061 4756 1139 4814 Parit
1164 4757 1213 4814 lia
1233 4763 1339 4813 sectum
1358 4757 1457 4830 fitium,
1483 4773 1550 4815 cum
1575 4759 1686 4832 integre
1706 4775 1741 4817 ac
1762 4774 1830 4832 per-

79 4847 279 4920 inspirationis
309 4845 347 4902 ab
388 4845 508 4903 internis
540 4846 655 4903 odorem
684 4853 864 4903 contractum
891 4847 928 4903 ad
981 4846 1051 4903 tecte
1075 4847 1239 4917 assequitur
1263 4845 1438 4917 operationis
1458 4847 1593 4917 gradum.
1618 4847 1703 4905 Sexta
1722 4850 1829 4921 qnippe

79 4935 239 4994 eibcaciaiu
266 4941 372 4992 sanctie
398 4933 587 5002 actualitatis,
611 4948 678 5005 quae
704 4932 792 4991 totius
816 4933 929 5004 pietatis
982 4935 1028 4993 die
1048 4936 1124 4993 Deus
1139 4935 1254 5006 pertecit
1277 4949 1364 5006 opera
1379 4948 1432 4991 sua
1448 4934 1523 5004 (dcis.
1544 4950 1575 5003 ii,
1600 4936 1638 5008 a).
1657 4937 1782 4994 liliatam
1800 4952 1830 4996 se

81 5025 207 5098 genitrix
221 5032 275 5093 est,
299 5022 444 5081 transfert.
460 5022 653 5094 Mandragara
666 5035 769 5092 nempe
794 5022 929 5094 pigmen·
982 5025 1050 5082 dicit
1068 5024 1133 5081 dote
1156 5025 1241 5092 bona,
1257 5038 1315 5081 nan
1340 5022 1435 5080 salum
1453 5021 1484 5078 in
1500 5025 1686 5082 conversione
1710 5027 1829 5085 eumad

81 5118 152 5172 tarta
167 5114 261 5171 berba
279 5120 331 5170 est.
347 5113 472 5181 dicitque
491 5112 591 5168 iactet
606 5126 613 5165 :
627 5112 672 5165 Da
686 5112 756 5166 miti
768 5116 877 5183 partem
895 5112 929 5168 de
983 5113 1031 5170 Dei
1047 5113 1176 5184 pervenit
1192 5113 1331 5181 timorem,
1348 5111 1498 5170 sedetiam
1513 5112 1737 5184 precipuecnm
1756 5120 1830 5172 ne

81 5204 274 5273 umdraporis
284 5201 341 5274 itti
360 5202 412 5256 tui.
425 5199 468 5257 Aa
483 5199 508 5256 si
524 5198 656 5256 rediviva
667 5198 728 5270 jam
744 5199 788 5257 vis
801 5207 927 5258 contem·
983 5202 1020 5260 ad
1047 5216 1142 5274 neque
1165 5210 1272 5270 morie,
1294 5215 1389 5273 neque
1410 5201 1471 5258 rita
1494 5201 1684 5272 separabilem
1708 5197 1830 5263 ederint

80 5291 214 5364 plttianis
237 5297 321 5348 iacta
341 5288 482 5347 divinitus
504 5287 610 5346 actioni
634 5288 748 5345 inierat.
775 5287 865 5357 Quem
889 5290 928 5362 pil
982 5303 1119 5348 amorem.
1143 5290 1216 5349 Cum
1231 5288 1268 5345 ad
1283 5288 1403 5356 lioiaini,
1421 5288 1526 5360 inquit,
1548 5289 1710 5360 possibilem
1725 5292 1831 5349 deveni

80 5384 171 5452 operis
203 5373 336 5450 recepisti
362 5378 542 5446 instinctum,
573 5376 713 5449 participa
740 5392 808 5436 cuin
840 5393 928 5451 quein
982 5379 1193 5451 perlectionem,
1217 5379 1244 5434 iit
1259 5384 1468 5449 estpasiquam
1489 5387 1600 5438 sextam
1618 5378 1694 5436 edidi
1708 5377 1829 5450 prolem,
