3794 6008
104 215 152 269 431
556 206 587 262 V.
608 205 772 262 uuthsttvt
792 205 937 261 tastris
956 206 983 260 S.
1005 202 1125 258 1¹thAE
1143 202 1190 257 DE
1210 203 1402 259 noviuuuro
1802 203 1849 255 itt
1887 236 1892 243 »

106 355 220 403 nostres.
235 347 306 401 Deua
322 345 488 400 exercituum
501 354 595 394 nomeu
610 338 682 406 ejus,
702 337 773 408 quia
789 343 889 405 petens
908 341 949 390 est
968 334 1212 402 ainterpretatur
1240 337 1422 402 oecumenium.
1450 331 1629 387 Conscientia
1655 345 1735 401 ergo,
1769 332 1851 400 eujus
1887 352 1888 359 ι

108 434 206 493 ulcisci
224 429 466 502 transgressiones
478 427 609 484 criminis
621 426 754 496 alicujus.

1008 430 1067 478 teta
1083 423 1200 478 intentio
1222 422 1378 478 exterioris
1393 421 1475 477 iamae
1493 428 1650 491 augmento
1674 419 1850 485 commilitat,
1893 443 1897 456 .

443 515 559 571 CAPUT
580 515 615 570 V.
1007 509 1197 577 comburitur,
1226 524 1292 565 eum
1329 507 1567 579 concupiscentiis
1592 507 1667 563 intro
1691 508 1849 573 addicitur;
1888 521 1895 555 ι

143 611 229 667 Vnus.
247 612 271 662 l.
286 629 344 654 -«
363 605 467 660 Audite
488 605 609 660 verbum
629 602 706 658 istud
728 602 805 672 quod
823 615 875 672 ego
890 600 953 656 levo
1007 599 1111 654 domus
1123 598 1183 664 Dei,
1200 598 1277 668 qued
1296 607 1338 653 est
1352 598 1449 654 Bethel
1466 611 1523 652 non
1545 610 1623 661 vera,
1638 597 1687 652 sed
1708 596 1852 666 imagina-
1888 594 1892 633 ‘·

110 724 123 750 o
139 713 225 768 snper
237 711 287 752 vos
309 695 466 765 planctum,
491 693 594 748 doinus
607 691 704 747 lsrael.
727 713 737 739 ›
755 690 870 745 Verbum
882 688 954 759 quod
1008 687 1062 754 ria,
1075 685 1115 743 ita
1129 693 1227 742 utnon
1248 688 1293 753 sit,
1309 687 1473 752 devoratur,
1486 685 1584 755 quiaa
1599 684 1694 740 iractu
1707 685 1851 754 opinionis

108 801 250 856 supereos
275 786 349 841 Deus
372 782 448 837 levat
467 781 610 852 jubentur
633 779 744 844 audire,
775 793 842 834 cum
868 775 954 832 intel·
1009 790 1122 847 magnae
1135 775 1277 844 privatur.

109 875 259 932 lectualem
286 873 387 929 mentis
410 870 552 937 ordinem,
576 867 719 939 quomodo
743 865 850 923 scilicet
878 866 955 921 Deus
1043 866 1125 921 Vuus.
1151 869 1178 930 7,
1205 864 1232 919 8.
1261 894 1294 901 -
1318 885 1327 911 ι
1350 861 1402 929 Qui
1418 863 1585 919 convertitis
1609 864 1638 919 iu
1666 861 1852 932 absynthium
1888 876 1895 909 r

108 964 252 1030 humiliat,
269 969 296 1018 et
317 961 426 1031 quihus
455 958 564 1014 solatiis
584 965 709 1012 mentem
731 955 873 1022 sublevat,
897 968 956 1008 mo
1012 976 1023 1001 »
1041 953 1195 1024 judicium,
1225 959 1253 1007 et
1282 950 1423 1022 justitiam
1447 950 1575 1006 interra
1599 951 1773 1022 relinquitis.
1802 950 1854 1005 Fa·
1888 969 1897 995 a

110 1061 217 1109 nentur
232 1049 395 1119 intelligere.
414 1049 472 1104 Hoc
486 1046 595 1100 uerbum
608 1045 703 1099 domus
719 1045 805 1099 lsrael
823 1042 956 1114 planctus
1011 1041 1159 1096 »cientem
1182 1041 1348 1106 Arcturum,
1373 1047 1400 1095 et
1421 1038 1564 1107 Orionem,
1591 1047 1618 1095 et
1642 1047 1854 1096 conuertentem
1893 1078 1896 1082 -

109 1138 245 1209 est,quia
268 1134 466 1202 nesciunt,}‚hi
491 1132 542 1203 qui
561 1132 597 1187 ad
617 1132 707 1189 ὓειιηι
731 1130 814 1200 dirigi
842 1128 955 1192 volunt,
1013 1130 1070 1183 »in
1100 1142 1183 1184 mane
1213 1128 1353 1191 tenebras,
1383 1136 1411 1184 et
1439 1127 1513 1183 diem
1543 1136 1625 1183 nocte
1651 1133 1853 1183 mutantem.»
1892 1147 1897 1154 ·

111 1235 208 1284 utrum
227 1226 288 1295 ipsa
312 1222 429 1278 tentatio
453 1221 550 1287 ruina,
576 1233 613 1274 an
639 1218 718 1274 salus
742 1218 787 1273 sit.
814 1218 957 1272 «Domus
1008 1217 1376 1285 ludiciumiuubsgutbium
1391 1223 1572 1284 convertunt,
1595 1216 1646 1286 qui
1661 1215 1853 1280 dulcedinem,

111 1338 124 1364 »
139 1313 225 1370 lsrael
240 1312 350 1378 cecidit,
363 1324 420 1365 noo
435 1308 549 1379 adjiciet
565 1315 596 1364 ut
610 1314 752 1377 resurgat.
771 1328 781 1355 »
799 1306 897 1374 (Vnus.
915 1304 955 1374 i.)
1011 1321 1070 1377 qua
1088 1307 1136 1363 Dei
1157 1306 1286 1362 suavitas
1308 1312 1513 1375 pregustatar,
1535 1305 1563 1359 iu
1587 1304 1769 1375 temporalem
1797 1303 1855 1375 glo·

113 1425 124 1454 ι
144 1404 230 1472 Virga
248 1399 335 1456 lsrael
351 1397 476 1468 projecta
493 1403 535 1451 est
555 1396 706 1451 interram
723 1408 817 1461 suam,
842 1407 900 1449 nen
915 1401 958 1448 est
1010 1394 1093 1461 riam,
1105 1408 1165 1464 qua
1180 1397 1256 1450 Deus
1279 1395 1467 1459 amaricatur,
1483 1407 1615 1462 perverso
1634 1393 1744 1464 judicio
1767 1394 1854 1449 intor-

112 1515 125 1541 ι
141 1490 189 1560 qui
214 1487 330 1544 suscitet
351 1500 424 1543 eam.
451 1505 465 1536 »
488 1487 585 1539 Domus
612 1484 700 1537 isreel
720 1483 805 1548 cadit,
837 1482 955 1549 cumis,
1011 1497 1101 1552 quere
1117 1498 1172 1538 uon
1191 1491 1334 1538 metuunt.
1356 1483 1540 1549 absynthium
1555 1482 1631 1537 euim
1646 1490 1689 1537 est
1713 1480 1855 1551 quidquid

111 1579 160 1649 qm
185 1592 251 1633 cum
273 1577 329 1631 lieo
351 1575 424 1630 inter
444 1580 618 1630 tentamenta
641 1573 797 1642 principari
820 1571 957 1626 debuerat
1013 1572 1192 1628 infructuoso
1207 1586 1360 1642 corporum
1375 1571 1517 1641 supplicio
1533 1571 1686 1641 quesitum
1703 1579 1754 1626 cst.
1768 1572 1858 1624 ducti·

111 1669 274 1732 subsistere,
302 1678 359 1719 uon
374 1663 482 1718 suflicit
498 1677 509 1746 ᾗ
523 1663 607 1717 lsrael
634 1661 709 1717 cuitu
736 1661 869 1731 princeps
891 1674 958 1715 cum
977 1629 1081 1714 Biiam
1095 1663 1211 1714 interra
1235 1660 1414 1730 relinquunt,
1432 1673 1498 1714 eum
1522 1659 1550 1713 in
1573 1658 1693 1714 terrenis
1715 1658 1857 1727 cupidita-

114 1759 169 1812 lieo
192 1763 243 1810 est.
266 1755 324 1810 Nou
346 1752 444 1821 adjicit
472 1758 502 1803 ot
525 1755 661 1818 resurget,
687 1764 753 1805 cum
776 1763 812 1804 ex
843 1748 959 1819 propria
1014 1749 1092 1804 tibus
1113 1756 1294 1804 remanentes
1316 1762 1414 1803 veram
1432 1747 1521 1816 ipsius
1545 1746 1673 1816 justitiae,
1700 1760 1767 1816 quae
1787 1746 1857 1800 lleus

112 1843 284 1901 lentitudine
297 1841 630 1910 desperatusuunquam
646 1837 681 1892 ad
697 1837 815 1892 melima
826 1836 956 1906 respirat.
1012 1845 1065 1902 est,
1087 1836 1238 1893 essentiam
1270 1844 1421 1906 spernunt.
1444 1836 1509 1890 llaec
1523 1834 1635 1903 justitia
1658 1840 1810 1888 Arcturum
1834 1839 1857 1886 et

116 1935 199 1997 Virgo
213 1930 302 1985 isreel
315 1931 345 1982 iu
370 1934 471 1982 terrum
491 1943 568 1980 stiram
591 1926 751 1997 projicitur,
767 1940 833 1981 cum
858 1939 957 1982 corum
1015 1928 1138 1983 Orionem
1153 1925 1228 1992 iacit,
1254 1939 1320 1980 cum
1340 1923 1482 1994 quidquid
1502 1923 1728 1993 preclarissimus
1750 1922 1856 1977 saucti-

112 2020 246 2077 sterilitas
273 2016 362 2073 animi
387 2016 440 2071 suh
466 2015 582 2085 propria
606 2015 763 2070 temeritate
789 2014 957 2071 demittitur.
1015 2017 1081 2071 tatis
1101 2023 1128 2070 et
1154 2015 1183 2069 iu
1208 2014 1333 2085 praelatis
1349 2012 1500 2082 reperitur,
1531 2020 1558 2068 ει
1584 2011 1707 2067 subditis
1728 2019 1807 2067 creat
1831 2015 1856 2065 et

113 2110 172 2165 Nou
194 2112 233 2161 est
262 2109 310 2174 qui
334 2107 444 2158 suscitet
472 2118 541 2169 erim,
576 2103 645 2174 qnia
681 2110 776 2158 ructus
812 2103 960 2158 rationalis
1014 2110 1087 2159 etta
1106 2104 1230 2159 instruit.
1248 2103 1311 2158 Non
1329 2102 1424 2158 absre
1448 2102 1524 2156 euim
1542 2100 1698 2156 Arcturum
1727 2099 1857 2170 praelatos

111 2195 318 2264 exstinguitur,
341 2191 390 2262 qni
407 2191 506 2247 talium
528 2191 594 2246 iacit
616 2190 788 2246 revirescere
811 2191 960 2246 conscien-
1014 2191 1157 2263 intelligas
1167 2191 1189 2246 si
1212 2191 1323 2246 bootem
1348 2205 1414 2246 cum
1438 2190 1565 2260 plaustro
1584 2188 1756 2244 consideras.
1777 2190 1856 2244 Terre-

112 2284 194 2340 tiam.
1014 2282 1077 2336 brus
1094 2283 1123 2333 iu
1138 2295 1216 2334 marre
1231 2280 1381 2345 convertit,
1398 2293 1464 2334 curu
1485 2278 1688 2333 obscuritatem
1715 2277 1857 2333 eonscien·
1896 2310 1897 2327 ι

149 2371 234 2428 Vnus.
252 2374 276 2424 3.
294 2391 352 2418 -ι
370 2367 443 2435 Qttia
469 2368 612 2423 haecdicit
635 2369 794 2422 Dominus:
825 2367 908 2433 Urbs,
925 2367 960 2422 de
1015 2370 1121 2426 riarum
1136 2368 1165 2424 in
1180 2367 1384 2437 crepusculum
1407 2365 1590 2436 aspirationis
1608 2365 1714 2421 divinae
1737 2365 1858 2422 reducit.

117 2474 201 2531 »qua
223 2457 446 2528 egrediebantur
462 2456 547 2518 mille,
573 2456 776 2525 relinquentur
792 2455 820 2510 in
842 2469 875 2511 ea
890 2469 959 2511 ceu·
1014 2458 1133 2514 Atdtem
1153 2462 1228 2512 recte
1257 2463 1359 2523 mutat,
1389 2469 1456 2511 cum
1485 2454 1663 2524 splendorem
1690 2453 1858 2533 hypocrisis,

114 2571 128 2598 ›»
140 2556 200 2604 tum
213 2563 219 2602 :
233 2547 371 2615 etdequa
380 2544 605 2615 egrediebantur
617 2552 742 2608 centum,
759 2544 960 2612 relinquentur
1013 2555 1064 2603 aut
1082 2547 1111 2600 iu
1132 2544 1263 2615 praesenti
1288 2543 1410 2614 proprie
1432 2543 1584 2598 retectione
1608 2543 1745 2614 nequitiae
1772 2542 1815 2597 vel
1830 2541 1860 2596 iu

116 2659 126 2684 »
144 2636 174 2691 iu
189 2649 223 2691 ea
239 2634 335 2689 decem
352 2633 380 2688 in
396 2634 481 2688 dome
498 2633 594 2688 lsrael.
619 2653 629 2680 »
647 2633 686 2687 lie
701 2633 772 2687 urbe
786 2633 860 2686 mitte
876 2645 961 2703 egre·
1013 2635 1112 2691 lntvvro
1132 2640 1270 2704 perpetua
1296 2634 1422 2689 caecitate
1448 2631 1629 2688 condemnat.
1662 2654 1672 2679 ι
1701 2629 1755 2698 Qui
1777 2639 1860 2687 rorat

114 2724 244 2790 diuntur,
269 2736 336 2776 cum
363 2720 401 2791 pii
431 2720 520 2776 studii
546 2721 721 2775 universitas
743 2734 760 2774 a
788 2719 961 2775 conscientia
1016 2736 1139 2792 »aquas
1153 2722 1249 2786 maris,
1266 2729 1293 2777 et
1316 2719 1438 2776 eliuudit
1461 2734 1510 2775 eas
1525 2734 1614 2789 super
1638 2718 1739 2775 taciem
1766 2727 1860 2784 terra,

114 2811 205 2867 solida
224 2809 384 2876 derivatur,
402 2823 467 2878 quae
492 2809 639 2878 plenitudo
654 2808 690 2864 ad
719 2813 824 2862 ceutum
844 2808 960 2879 redigi·
1017 2830 1030 2862 »›
1047 2810 1187 2866 Dominus
1202 2823 1305 2865 nomen
1322 2809 1395 2879 ejus.
1412 2831 1423 2857 »
1440 2810 1539 2877 Aquas
1560 2797 1645 2863 murts
1662 2815 1744 2863 vocat
1758 2807 1809 2877 qui
1825 2809 1860 2864 ad

115 2910 173 2964 tur,
190 2897 259 2953 dum
275 2904 384 2952 remota
402 2895 546 2965 spirituali
563 2895 755 2951 exuberantia
778 2898 813 2950 ad
829 2904 960 2960 externa,

114 2993 141 3040 et
154 2991 185 3041 ut
201 2984 240 3039 ita
254 2982 386 3049 dixerim,
404 2981 527 3051 publica
545 2981 734 3037 humanitatis
746 2981 820 3037 hona
839 2981 960 3037 restrin-

115 3074 203 3146 gitur.
223 3071 412 3129 Centenarius
431 3071 508 3126 enim
528 3069 680 3153 millenarii
696 3083 763 3139 pars
778 3077 819 3125 est
838 3070 958 3135 decima,

114 3170 142 3218 et
170 3162 254 3216 hume
285 3158 413 3214 decimus
447 3158 475 3212 in
505 3157 638 3213 rationali
671 3165 812 3213 creatura.
839 3156 960 3214 Centum

41 3295 43 3298 .
115 3263 230 3320 quoque
244 3255 439 3303 enutrirentur
454 3245 603 3312 indecem,
618 3245 735 3315 quando
749 3246 834 3300 etiam
850 3246 961 3315 abjecto

115 3341 177 3408 ipso
191 3336 384 3392 communiae
400 3334 524 3389 naturali
541 3333 624 3400 hene,
642 3333 676 3388 ad
689 3346 792 3403 puram
808 3334 962 3403 deponitur

115 3422 307 3482 sensualitatis
328 3421 543 3478 hebetudinem.
567 3421 855 3492 [tenariusnamque
871 3422 898 3477 id
915 3423 960 3477 iu-

116 3527 205 3570 uuere
229 3511 385 3572 invenitur,
418 3511 489 3580 quia
510 3508 641 3565 videlicet
663 3509 720 3578 ipse
748 3509 902 3580 quinarius
931 3513 959 3566 in

116 3600 245 3659 interiori
267 3598 442 3656 etextericri
466 3598 649 3654 sensualitate
674 3599 848 3669 geminatur.
881 3599 961 3656 Unde

117 3691 232 3747 cuidam
252 3687 324 3744 lucri
349 3687 394 3742 sui
410 3687 502 3758 gratia
516 3686 677 3742 dominium
696 3701 783 3756 super
810 3685 905 3742 domm
925 3688 962 3742 ci-

117 3779 219 3834 vitates
233 3776 403 3832 attribuitur
418 3777 492 3842 (Luc.
505 3788 565 3840 xix,
583 3778 636 3841 li).

154 3865 239 3922 Vnus.
260 3865 287 3930 l,
305 3866 330 3916 5.
345 3891 382 3903 -
404 3883 414 3908 ι
432 3860 556 3928 Quaerite
573 3869 659 3917 meet
683 3862 795 3917 vivetis.
817 3864 850 3917 tlt
876 3863 962 3918 nolite

115 3953 130 4002 ‘2
150 3968 280 4026 quarere
308 3952 414 4018 Bethel,
444 3959 471 4007 et
495 3950 525 4004 in
554 3949 702 4020 Galgalam
735 3951 822 4005 nolite
842 3950 961 4017 intrare,

122 4051 174 4098 »et
200 4042 230 4096 in
247 4040 383 4096 Bersabee
399 4052 456 4093 non
490 4037 658 4105 transibitis,
688 4037 758 4107 quia
786 4037 903 4108 Galgala
919 4053 961 4093 ca·

122 4129 227 4200 »ptiva
242 4130 373 4193 ducetur,
401 4133 429 4181 et
452 4124 548 4180 Bethel
572 4125 626 4180 erit
648 4125 768 4180 inutilis.
792 4146 806 4172 u
829 4124 909 4192 Quod
922 4135 963 4183 cst

980 2898 1059 2979 esui
1076 2912 1201 2954 amorem
1228 2911 1325 2953 errore
1356 2896 1512 2964 fluitantia,
1529 2904 1557 2952 et
1584 2895 1704 2951 internis
1731 2896 1861 2966 pestibus

1014 2987 1183 3053 amaricata,
1201 2986 1249 3042 sed
1264 2993 1293 3042 et
1316 2985 1473 3056 cupiditate
1496 2983 1663 3054 inexplebili
1685 2984 1760 3041 salsa
1773 2985 1862 3040 corda

1015 3075 1161 3132 contrahit
1174 3083 1202 3131 et
1221 3074 1322 3131 elevat.
1348 3075 1544 3144 superteciem
1567 3079 1704 3127 terruere
1725 3072 1859 3141 effundit,

1015 3179 1081 3220 cum
1102 3164 1137 3218 ad
1165 3163 1422 3219 considerationem
1449 3176 1509 3218 suec
1530 3162 1633 3219 veteris
1655 3151 1863 3232 delinquentia

1015 3265 1116 3308 eorum
1145 3251 1399 3321 contemplationes
1418 3249 1558 3307 extendit.
1584 3250 1672 3305 Terra
1699 3249 1776 3305 enim
1807 3264 1860 3320 pro

1014 3344 1153 3408 peccatore
1170 3339 1299 3409 ponitur,
1325 3346 1357 3394 ut
1384 3346 1449 3395 est:
1475 3360 1486 3387 ι
1511 3338 1599 3393 Terra
1623 3351 1702 3407 es3»
1733 3340 1860 3393 domim

1016 3428 1074 3497 ejus
1088 3443 1184 3481 romeu
1197 3434 1248 3492 est,
1272 3428 1322 3498 qui
1338 3427 1418 3484 aliud
1439 3440 1491 3483 vas
1512 3426 1703 3494 inhonorem,
1721 3425 1801 3483 aliud
1831 3427 1861 3482 in

1016 3515 1219 3572 coutumeliam
1234 3516 1327 3572 iacere
1340 3523 1429 3585 petest
1445 3516 1531 3586 tuom.
1549 3529 1587 3581 vx,
1603 3515 1658 3584 il).

1053 3607 1137 3662 Vsus.
1154 3606 1181 3660 9.
1203 3634 1239 3648 -
1266 3630 1276 3655 ι
1300 3605 1355 3673 Qui
1378 3605 1508 3661 subridet
1531 3605 1693 3660 vastitatem
1713 3618 1864 3673 superro-

1021 3696 1178 3760 »bustum,
1209 3701 1236 3749 et
1261 3694 1511 3764 depopulationem
1538 3705 1625 3762 super
1653 3699 1795 3762 potentem
1826 3693 1867 3747 ai-

1020 3782 1113 3838 »iert
1133 3804 1143 3829 »
1165 3783 1254 3850 Super
1275 3783 1416 3838 robustum
1444 3785 1600 3837 unalitatem
1630 3781 1769 3847 subridet,
1798 3794 1866 3836 cum

1018 3885 1085 3926 cum
1098 3870 1150 3940 qui
1173 3870 1293 3926 internae
1317 3871 1370 3926 sibi
1396 3869 1571 3926 tortitudinis
1593 3869 1714 3935 gloriam
1737 3876 1865 3939 arrogat,

1019 3958 1055 4014 ad
1085 3958 1244 4028 propatulae
1276 3958 1459 4015 desolationis
1483 3957 1631 4013 infamiam
1660 3961 1865 4014 universorum

1019 4046 1169 4103 cachinnis
1181 4047 1352 4116 exponendo
1367 4045 1499 4102 declarat.
1527 4046 1768 4114 Depopulutiouem
1782 4059 1866 4114 super

1017 4139 1151 4206 potentem
1181 4132 1273 4203 aiiert,
1312 4149 1378 4191 cum
1413 4134 1573 4199 interiores,
1604 4147 1678 4204 quas
1704 4149 1733 4188 se
1759 4132 1867 4189 habere

119 4218 232 4274 dicere:
249 4216 276 4271 Si
293 4230 352 4279 vos,
378 4215 428 4284 qm
452 4214 488 4270 ad
504 4215 595 4271 Deum
615 4214 699 4284 dirigi
719 4227 810 4283 opertu
839 4216 962 4284 pretium
984 4223 1139 4279 lisimulat
1165 4223 1308 4279 virtutum
1336 4224 1441 4293 copias,
1471 4224 1506 4278 ad
1530 4224 1701 4278 exteriorem
1725 4222 1866 4291 impoten—

119 4305 260 4361 aestimare
288 4304 462 4372 debueratis,
488 4317 532 4358 me
560 4303 736 4372 quaereretis,
753 4303 838 4359 vitale
863 4305 963 4374 procul

119 4392 207 4449 dubie
222 4392 367 4463 saperetis.
393 4392 480 4447 Porro
492 4391 561 4462 quia
577 4393 672 4446 domus
692 4392 743 4444 bei
766 4392 857 4447 sideri
875 4393 963 4463 hypo-

119 4480 198 4536 critis
231 4481 453 4549 presumptione
484 4480 601 4550 gestitis,
626 4487 654 4535 ct
681 4479 753 4535 elatu
784 4479 964 4536 involvimini

119 4568 256 4624 vitiorum
283 4568 453 4635 volutabris,
479 4577 506 4623 et
527 4568 562 4622 ad
583 4577 700 4637 puteum
726 4569 891 4638 septimum,
914 4569 965 4640 qui

119 4665 160 4714 est
174 4658 314 4723 bersabee,
339 4657 382 4712 vel
398 4658 485 4712 etiam
510 4665 630 4726 puteum
654 4658 803 4725 satietatis,
824 4658 903 4727 quod
925 4666 967 4714 est

122 4746 311 4802 humanitatis
337 4759 455 4816 vorago,
477 4760 541 4816 quae
563 4745 748 4814 quaternario
770 4747 915 4810 exteriori,
939 4755 967 4803 ct

123 4833 254 4889 interiori
270 4835 396 4889 ternario
416 4840 537 4897 constat,
564 4833 665 4888 misera
681 4847 731 4889 vos
754 4833 891 4889 aviditate
914 4835 968 4890 im·

121 4922 259 4992 mergitis,
285 4922 381 4977 sciatis
412 4922 528 4977 indubie
558 4921 628 4992 qnia
653 4921 837 4977 ctutxdeszinre
866 4930 966 4979 vestrae

121 5011 218 5067 sordes
237 5010 421 5080 deprehensae
439 5010 582 5067 ducentur
604 5010 633 5065 iu
656 5010 813 5079 publicum,
842 5019 870 5067 et
896 5012 967 5067 illud

122 5098 183 5165 liei,
199 5101 276 5170 quod
297 5113 347 5155 vos
367 5112 428 5154 esse
441 5098 584 5154 simulatis
609 5098 637 5152 in
653 5097 733 5154 nullo
748 5097 827 5154 vobis
843 5100 968 5168 proderit

122 5187 274 5257 templum.

158 5273 244 5329 Vnus.
261 5277 287 5328 6.
303 5305 337 5314 -
362 5301 372 5324 ι
398 5274 520 5342 Quaerite
549 5275 715 5342 Dominum,
745 5283 773 5330 et
797 5275 909 5331 vivite:
934 5290 969 5330 ne

127 5383 138 5409 »
154 5361 226 5418 terte
241 5361 451 5420 comburantur
464 5372 495 5420 ut
507 5364 582 5457 ignis
594 5363 696 5419 domus
709 5363 825 5433 loseph,
840 5372 867 5419 et
883 5363 967 5419 devo-

125 5467 138 5497 ι
155 5449 239 5522 rabit,
254 5457 281 5506 et
297 5464 356 5506 non
376 5452 430 5508 crit
445 5453 495 5522 qui
514 5451 680 5522 exstinguat
701 5449 808 5507 herou.
826 5471 840 5503 »
865 5451 968 5524 loseph

1020 4312 1099 4376 tiam,
1113 4319 1141 4367 et
1158 4310 1218 4367 vitii
1233 4311 1365 4367 inertiam
1378 4312 1533 4382 redigendo
1548 4310 1652 4381 deplet.

1056 4399 1141 4455 Vsus.
1173 4401 1214 4452 td.
1232 4428 1265 4440 -
1290 4418 1304 4450 u
1328 4399 1399 4454 (idio
1421 4399 1587 4455 habueruut
1616 4399 1645 4454 in
1674 4407 1756 4470 porta
1779 4400 1868 4454 corri-

1023 4486 1186 4555 »pientem,
1205 4493 1232 4541 et
1257 4484 1420 4555 loquentem
1438 4485 1559 4555 perfecte
1582 4486 1739 4541 abominati
1755 4494 1833 4541 sunt.
1855 4507 1865 4532 ·

1022 4575 1053 4628 lu
1078 4579 1160 4643 portu
1182 4574 1308 4643 corripit,
1337 4574 1387 4645 qui
1413 4573 1590 4644 judicialiter
1625 4574 1792 4644 quempiam
1824 4589 1868 4630 co

1022 4660 1127 4731 arguit.
1160 4663 1192 4716 iu
1221 4668 1303 4732 portu
1328 4662 1404 4717 enim
1432 4662 1595 4731 antiquitus
1622 4662 1752 4718 exerceri
1776 4664 1868 4718 solere

1019 4748 1128 4819 judicia
1153 4763 1209 4804 uon
1238 4749 1469 4805 uemioicertum
1486 4758 1536 4805 est.
1565 4749 1636 4807 Odio
1661 4764 1731 4820 erge
1759 4750 1868 4806 habeut

1021 4840 1051 4891 iu
1063 4843 1145 4906 portu
1156 4840 1355 4907 corripientem,
1368 4838 1419 4909 qui
1448 4853 1524 4910 aegre
1554 4839 1649 4895 lerunt
1672 4853 1731 4894 uon
1759 4853 1796 4894 ex
1828 4845 1869 4894 te-

1022 4925 1162 4991 meritate,
1193 4927 1241 4982 sed
1266 4941 1302 4983 cx
1333 4927 1453 4982 veritate
1486 4934 1661 4984 causantem.
1686 4929 1809 4995 Perfecta
1833 4929 1870 4981 te

1022 5021 1145 5084 querelem
1163 5016 1379 5084 abominantur,
1406 5031 1472 5074 cum
1502 5018 1625 5075 aliorum
1654 5019 1804 5075 lenociniis
1829 5032 1871 5074 ae

1023 5105 1107 5172 sueti,
1130 5119 1188 5171 eos,
1213 5105 1264 5175 qm
1284 5105 1393 5162 sincere
1416 5107 1554 5164 suavitla
1581 5106 1754 5177 corripiunt,
1784 5120 1869 5162 exse·

1023 5199 1153 5246 crautur.

1059 5277 1156 5348 (Vnus
1181 5281 1236 5351 tl.)
1256 5299 1317 5330 -u
1348 5280 1465 5348 idcirce,
1492 5295 1543 5350 pro
1556 5283 1678 5353 eoquod
1692 5281 1872 5352 diripiebatis

1026 5378 1210 5436 »pauperem
1237 5375 1266 5423 et
1295 5369 1422 5437 praedam
1451 5369 1571 5426 electam
1599 5370 1739 5427 tollebatis
1767 5370 1805 5427 ab
1828 5386 1871 5438 eo,

1026 5453 1156 5510 »domos
1178 5454 1291 5525 quadro
1314 5453 1406 5524 lapide
1434 5456 1614 5514 edificabitis
1632 5466 1660 5514 et
1681 5471 1740 5513 non
1756 5458 1872 5514 habita-
