3818 6008
578 150 761 209 uenantum
786 153 820 208 la
846 151 993 209 ananam
1021 154 1084 208 tta.
1113 153 1142 208 V.

59 287 176 345 imabus
189 288 314 358 primam
326 286 428 343 stolam
441 287 501 358 jam
511 287 684 344 habentibus
698 286 832 343 diliertur
850 292 869 343 i
886 291 957 343 mine
970 289 1059 356 agor,
1085 289 1160 344 dicit
1175 293 1274 344 morito
1295 305 1361 345 suo:
1391 293 1457 346 licce
1473 293 1602 349 conclusit
1621 311 1661 348 me
1681 297 1732 348 lio-

56 389 81 446 s,
102 376 243 446 patienter
257 377 429 443 sustineant,
455 377 576 433 seientes
599 377 728 433 noudum
753 391 829 433 com·
885 380 985 443 ininius,
999 393 1043 431 ne
1057 393 1192 446 parerem,
1215 379 1356 446 tragoediae
1379 379 1417 433 ud
1438 380 1568 436 ancillam
1593 399 1690 451 meum,
1708 379 1734 437 si

56 480 70 522 s
94 466 339 532 Amorrbaeorum,
363 464 391 520 id
407 471 449 521 est
463 465 686 522 amaricantium
710 465 770 521 suis
784 480 831 521 ne·
885 467 956 532 sorte
971 480 1004 518 ec
1028 466 1077 519 illo
1097 467 1245 535 suscipiam
1268 467 1375 521 liberos.
1398 467 1476 523 Diras
1491 483 1552 524 esse
1568 469 1598 524 iu
1616 469 1733 528 bomine

56 554 80 610 is
104 555 196 610 Deum
225 554 400 624 iniquitates.
425 562 452 609 et
476 554 505 610 lii
525 553 616 622 bouis,
633 568 758 625 quorum
774 570 829 611 nu·
886 552 1058 619 volrintates‚
1070 568 1160 609 nnam
1174 555 1330 622 carnalem,
1347 555 1526 626 spiritualem
1538 563 1588 612 tto
1603 558 1732 627 alteram,

56 642 336 713 isexspectatur,ita
350 643 503 699 necessarii
519 651 597 708 sunt,
614 651 646 699 ut
660 643 733 713 ignis
747 657 829 708 aum,
883 648 1001 709 experto
1035 641 1180 698 norimus.
1219 642 1297 698 Sami
1334 651 1430 699 antem
1457 644 1564 700 dicitur
1601 647 1734 718 princeps

56 732 162 803 ungatis
186 732 221 787 ad
251 732 370 801 plenum
399 745 450 801 per
480 732 555 802 ipsos
580 731 666 801 justis
693 730 831 787 sistentur
885 730 1435 802 mea,etroluntasnoslra‚sireginae
1461 732 1602 790 innitatur
1618 737 1734 804 rationi,

56 820 120 876 endi
132 819 251 890 jardicio.
886 817 1019 887 princeps
1031 818 1095 888 ejus
1108 816 1248 886 sllicitum
1273 819 1334 875 bac
1355 834 1425 890 ergo
1444 821 1546 891 iuncta
1569 823 1688 891 libram,
1705 826 1733 882 id

56 908 280 976 as.l8,19,20,
303 910 399 963 it-
422 907 516 962 indie
539 908 586 961 illo
605 909 712 977 pepigit
737 909 829 962 liomi·
884 913 926 960 est
952 906 1074 975 spiritui,
1098 915 1125 962 et
1146 908 1252 963 caelesti
1292 909 1446 964 fecundata
1479 911 1596 979 serniue,
1630 912 1734 984 dignos

56 1012 120 1053 cum
145 997 250 1051 Abram
282 997 380 1063 sudus.
406 997 523 1051 dicens:
549 998 653 1052 Semini
687 1002 731 1051 tuo
759 997 830 1052 doio
884 994 1024 1061 libertate,
1064 1004 1161 1065 utpote
1200 1010 1273 1066 quos
1309 997 1415 1053 veritas
1449 997 1590 1069 liberarit,
1629 1000 1734 1058 liberos

56 1102 81 1139 m
101 1085 174 1139 banc
193 1088 307 1154 canisio
331 1088 445 1154 AEgypti
466 1101 551 1154 usque
573 1086 612 1141 od
632 1089 744 1154 annium
768 1103 827 1139 mo·
884 1091 1029 1154 procreat;
1052 1085 1101 1139 sed
1117 1084 1212 1140 animo
1236 1085 1264 1141 in
1289 1086 1398 1142 iervore
1423 1087 1612 1144 tentationum
1634 1103 1651 1144 a
1672 1090 1733 1147 dul·

56 1192 60 1226 ι
89 1175 268 1243 Euphratem,
291 1175 408 1240 cirinus,
429 1180 454 1228 et
479 1175 625 1249 cenezaeos,
650 1175 827 1241 cedmonaeos,
883 1171 982 1227 cedine
1006 1172 1125 1243 superni
1154 1173 1353 1243 peregrinante
1375 1172 1504 1242 aiiectus,
1532 1176 1644 1247 torpida
1671 1177 1732 1247 jam

56 1277 109 1328 eos,
136 1268 163 1316 et
192 1263 354 1327 Pherezaea,
379 1264 515 1332 ltoplioim
544 1279 649 1332 qaoque
677 1268 702 1317 et
732 1265 829 1318 Amor·
884 1260 1018 1317 voluntas
1030 1261 1100 1316 dum
1115 1261 1191 1317 videt
1210 1262 1244 1316 ad
1262 1269 1360 1319 votnm
1375 1262 1428 1318 sibi
1442 1263 1541 1319 diviua
1556 1279 1612 1320 non
1627 1279 1732 1336 suppe-

56 1362 74 1410 r,
101 1354 128 1403 et
156 1350 331 1414 chananaeos,
353 1352 517 1418 Gergesaeos,
537 1357 563 1405 et
583 1351 729 1406 lebusaeos.
756 1349 828 1406 Cum
884 1357 951 1417 tere,
970 1350 1182 1420 quodammodo
1201 1351 1242 1405 sie
1265 1349 1396 1421 loquitur
1414 1352 1519 1407 rationi
1544 1367 1618 1409 snae:
1645 1354 1730 1420 Dens,

56 1436 126 1500 :itur
145 1437 262 1503 dirime,
280 1446 310 1493 nt
334 1438 472 1506 diximus,
487 1438 700 1507 compunctioni
722 1437 757 1493 ad
777 1439 827 1493 lm-
884 1435 991 1506 inquit,
1008 1449 1116 1492 munus
1129 1437 1229 1507 gratiae
1242 1436 1278 1492 ad
1290 1437 1516 1509 beneagendnm
1533 1440 1603 1495 milii
1620 1441 1733 1497 subtra-

63 1525 186 1593 abesset,
204 1534 323 1595 apparet
337 1526 469 1582 clibanus
490 1526 614 1591 inmens,
640 1526 668 1581 id
685 1534 727 1581 est
742 1535 829 1583 estiis
884 1523 936 1588 xit,
951 1530 978 1579 et
993 1523 1062 1578 dnm
1077 1524 1113 1579 ad
1130 1525 1291 1594 spiritualia
1308 1541 1364 1582 non
1381 1527 1562 1596 praevaleam,
1580 1543 1644 1599 qum
1660 1529 1751 1585 ratio.

56 1613 96 1668 ior
107 1614 273 1669 tentationis
289 1615 377 1670 aciem
393 1615 497 1670 mentis
511 1614 695 1680 obnubilans,
711 1621 738 1669 ct
753 1614 828 1670 lam-
883 1620 925 1667 est
940 1619 971 1667 nt
993 1626 1010 1667 a
1037 1610 1169 1667 sanctiani
1187 1613 1273 1668 ctiam
1292 1613 1411 1669 bouesta
1426 1614 1524 1684 aliqua
1543 1618 1653 1671 actione
1668 1630 1731 1671 ces-

1687 161 1736 212 tat

56 1701 120 1773 guis
134 1703 288 1764 transiens,
305 1702 411 1758 divinae
427 1702 558 1758 videlicet
583 1703 702 1759 rationis
717 1702 826 1770 radius,

56 1799 227 1847 ranscuuter
243 1791 400 1858 illustrans,
415 1799 442 1847 et
457 1791 624 1846 divisionem
641 1791 715 1847 inter
734 1791 826 1848 lucem

57 1870 164 1934 nebr'as
189 1879 333 1935 subtiliter
360 1880 474 1946 docens,
501 1887 528 1936 et
552 1879 587 1935 ad
609 1887 721 1948 tempus
745 1880 827 1936 dese-

56 1968 162 2038 innod
185 1982 221 2023 ex
246 1983 275 2024 se
296 1968 332 2023 sit
352 1968 437 2023 immo
457 1967 612 2024 salubriter
631 1966 781 2032 intimans;
799 1967 827 2022 in

56 2056 112 2122 die,
136 2056 165 2110 iu
190 2055 245 2111 hac
272 2057 378 2112 scilicet
403 2056 543 2126 lampadis
563 2055 626 2112 lnce
646 2056 828 2112 ludiisiieus

56 2158 128 2201 tcum
144 2145 281 2214 pascitur,
301 2145 371 2200 dum
391 2159 428 2200 ex
451 2145 496 2200 sni
511 2144 722 2213 perseverantia
744 2158 826 2200 auio-

56 2247 110 2288 iem
131 2233 214 2288 nobis
238 2233 266 2288 iu
281 2233 418 2289 conllictu
432 2232 560 2289 victoriae
579 2232 733 2303 aspirando
763 2233 826 2301 pol-

56 2334 101 2376 ir:
127 2320 229 2376 semini
246 2330 352 2383 nostro.
370 2336 427 2376 non
453 2321 535 2376 nobis
557 2321 657 2391 utique
680 2320 827 2377 sterilibus

56 2423 114 2465 um
142 2409 218 2465 hanc
238 2416 356 2477 terram,
379 2409 429 2464 lios
453 2409 576 2479 prolecto
601 2424 674 2480 pinos
700 2409 826 2481 patimur

56 2512 105 2554 nus
129 2508 233 2561 mantus,
264 2498 290 2553 id
314 2506 357 2554 est
380 2506 497 2568 propter
517 2499 592 2554 bona
616 2506 713 2554 nostra
739 2512 826 2568 opera

71 2586 156 2642 uubis
176 2586 374 2653 subditurum,
393 2599 410 2640 a
430 2586 519 2642 llario
541 2587 669 2657 AEgypti,
684 2587 760 2657 qnod
784 2593 825 2643 est

56 2676 103 2743 tia,
135 2689 195 2746 qna
229 2689 274 2730 res
306 2675 465 2746 AEgyptias,
500 2676 654 2731 saeculares
681 2675 822 2742 videlicet,

57 2772 117 2819 tere
129 2764 276 2830 novimus,
292 2764 440 2834 incipient,
456 2763 530 2819 etad
546 2762 669 2819 liuvinm
684 2778 824 2835 magnum

883 1715 945 1756 sere
961 1700 1079 1756 debeam
1097 1716 1103 1754 :
1118 1700 1142 1755 si
1164 1701 1261 1771 itaque
1276 1701 1391 1757 interna
1411 1717 1468 1757 non
1484 1706 1571 1772 poles,
1588 1705 1729 1775 quianon

883 1789 946 1845 vnit
962 1790 1047 1855 Dens,
1064 1789 1162 1844 saltent
1189 1788 1258 1845 utile
1273 1789 1385 1860 aliquid
1408 1790 1535 1846 exterius
1549 1792 1728 1858 administra,

883 1878 960 1934 unde
973 1878 1093 1950 juretur
1105 1877 1265 1947 proximas,
1288 1892 1324 1934 nc
1346 1892 1363 1933 a
1385 1878 1481 1933 lrnctn
1498 1879 1655 1936 inveniaris
1669 1894 1730 1936 om·

882 1966 950 2022 nino
980 1979 1100 2022 vacitns.
1133 1967 1198 2022 ilaec
1226 1974 1268 2023 est
1287 1966 1552 2038 AEgyptiaancilla,
1582 1967 1731 2025 saecularis

883 2056 984 2125 utiquc
1001 2067 1082 2119 cara,
1104 2069 1169 2124 qiiae
1189 2054 1269 2124 Agar
1283 2055 1398 2122 dicitnr,
1416 2055 1501 2112 idest
1518 2057 1639 2122 advena,
1664 2071 1730 2128 quae

882 2157 940 2198 nou
956 2143 984 2197 in
999 2143 1105 2198 sanctis
1120 2130 1263 2199 utentibus
1279 2143 1415 2215 indigena
1429 2153 1480 2212 est,
1496 2144 1545 2200 sed
1560 2145 1727 2216 adventitia,

881 2230 1037 2301 procaciter
1053 2244 1082 2285 se
1101 2230 1245 2301 ingerens,
1263 2245 1318 2287 nou
1336 2239 1416 2302 grate
1431 2240 1570 2302 suscepta.

915 2319 1000 2376 Vens.
1027 2319 1052 2374 3.
1078 2350 1111 2359 -
1135 2321 1258 2388 Cumque
1285 2321 1329 2373 illi
1354 2322 1534 2388 acquiesceret
1560 2320 1726 2390 deprecanti,

881 2409 944 2464 tulit
978 2411 1057 2476 Aoni
1087 2411 1244 2478 AEppptiom
1276 2409 1403 2462 ancillam
1431 2415 1492 2478 post
1526 2424 1611 2465 annos
1638 2411 1729 2466 decem

881 2513 963 2566 pacm
984 2497 1109 2552 babitare
1130 2500 1263 2567 cuperant
1288 2499 1317 2550 in
1343 2501 1416 2551 terro
1436 2497 1577 2566 Obunuun,
1609 2504 1634 2552 el
1651 2499 1728 2554 dedii

880 2603 939 2640 eom
957 2589 1017 2642 uiro
1039 2603 1086 2641 suo
1105 2602 1226 2641 umorem.
1248 2586 1301 2652 Qui
1317 2589 1455 2655 ingressus
1468 2592 1507 2641 est
1531 2587 1569 2641 od
1591 2602 1669 2642 eum:
1698 2593 1728 2643 nt

879 2677 929 2729 illu
953 2680 1101 2745 concepisse
1130 2690 1157 2730 se
1184 2675 1289 2742 cidens,
1319 2674 1443 2745 despeait
1474 2675 1612 2731 docuinam
1639 2692 1726 2732 sunm.

880 2763 959 2820 lilulli
973 2779 1038 2820 cnm
1055 2777 1166 2834 eaquae
1181 2764 1361 2834 praetulimus
1377 2763 1431 2820 sibi
1447 2764 1547 2821 dieunt
1566 2765 1728 2836 gratantius

56 2859 152 2907 ratem
163 2851 461 2921 sapientiamscilieet,
475 2866 535 2922 qna
545 2853 644 2907 divina
654 2852 825 2922 contempla·
843 2855 863 2908 t:
878 2868 907 2909 se
922 2852 1028 2909 divinis
1041 2852 1142 2908 olbciis
1161 2851 1310 2908 instituros
1327 2853 1401 2909 inter
1418 2853 1545 2924 agendas
1559 2855 1656 2910 saeculi
1681 2868 1726 2911 res

60 2939 213 3008 inducens,
236 2941 287 3011 oni
316 2941 522 3011 interpretatur
540 2955 680 3009 crescens,
706 2955 773 2997 nam
789 2941 824 2998 dc

56 3028 170 3085 alatione
196 3030 307 3099 prolicit
325 3029 353 3084 in
380 3043 463 3085 rem:
491 3037 585 3085 motus
607 3038 703 3085 atatem
726 3031 824 3086 decem

56 3125 156 3182 untur,
175 3133 225 3188 per
242 3119 320 3174 bunc
335 3131 490 3173 nanterum
514 3131 656 3173 summam
674 3117 824 3173 anniversa-

56 3205 202 3276 ignrandn
219 3205 364 3260 vitiorum.
388 3205 460 3260 Cum
476 3204 501 3259 ei
522 3205 661 3261 dicuntur
677 3206 824 3274 possiden-

56 3293 170 3364 ieapnt
198 3293 338 3350 malornm
357 3293 510 3348 atraritiam
530 3293 663 3362 pertinet,
688 3293 822 3360 Cenezaei,

56 3383 111 3453 spi,
127 3388 155 3438 et
169 3383 223 3438 boa
243 3383 277 3437 ad
303 3382 389 3437 tiliam
413 3382 477 3452 ejas
493 3381 657 3437 iuvidiam:
686 3382 821 3447 cedmon,

56 3484 95 3526 na
121 3470 255 3536 tristitiem
274 3470 566 3526 haeclttiiniduosuni
582 3484 647 3541 qnae
667 3469 821 3539 antiquum

55 3558 122 3614 iniis
133 3559 302 3628 parentibus
317 3558 399 3614 nobis
415 3558 545 3614 inllixcre
561 3572 710 3614 maerorem
723 3573 731 3627 ;
746 3558 823 3613 iiivi-

56 3661 192 3716 anempe
216 3646 318 3702 diaboii
340 3660 391 3716 par
416 3647 568 3702 avaritiam
592 3653 740 3702 ruerunt:
765 3646 822 3701 lie-

62 3740 226 3804 stupentes;
243 3735 376 3804 sequitur
398 3735 476 3790 enim
500 3734 561 3790 haic
583 3733 696 3804 reprobi
722 3748 823 3790 sensns

57 3825 136 3880 itas:
166 3823 302 3879 Pbcrezaei
334 3830 513 3893 superantes,
553 3823 596 3879 vel
634 3822 821 3890 disseminati,

56 3919 78 3968 at
105 3919 207 3988 turpes
230 3911 339 3982 ubique
362 3912 423 3982 jam
451 3919 556 3979 tuctus,
574 3919 602 3968 et
626 3910 740 3967 illiciti:
766 3911 821 3967 lla·

56 4015 82 4069 n,
110 4001 263 4070 gigantes;
288 4000 350 4056 baec
363 4006 405 4056 est
420 4000 564 4070 snperbia,
588 4014 654 4056 enm
675 4000 709 4055 de
723 3999 822 4056 erimi-

57 4087 145 4159 quasi
169 4088 311 4158 prosperis
335 4088 487 4145 eventibus
503 4087 604 4144 crescit
624 4087 822 4158 peccatoribus
844 4135 863 4186 ii

56 4176 122 4233 siai
138 4176 297 4232 Amorrbaei
313 4178 513 4245 amaricantes,
539 4191 606 4232 nani
621 4175 727 4232 talibus
741 4189 821 4231 ama·

55 4276 82 4319 u·
102 4262 193 4332 licus3
215 4261 381 4332 Cbananaei,
407 4264 615 4329 erubescentes,
632 4262 677 4318 rel
699 4262 823 4332 negotia-

56 4368 58 4413 :
83 4363 152 4406 uam
169 4351 213 4407 liis
229 4351 330 4408 imbuti
349 4352 526 4408 crubescunt
540 4350 574 4407 de
594 4351 760 4421 paenitentia
775 4366 822 4406 ce-

56 4457 70 4507 i,
97 4446 198 4509 utpote
218 4439 325 4509 quibus
347 4439 377 4494 in
400 4438 569 4496 exercendis
590 4437 668 4494 vitiis
691 4438 822 4494 diabolus

56 4527 150 4584 scitur
179 4528 237 4583 otia
261 4541 383 4597 negare3
417 4527 565 4598 negotium
598 4527 677 4583 enim
704 4528 820 4594 dicitnr,

67 4624 155 4687 neget
183 4616 298 4682 otium;
328 4615 480 4686 Gergesaei,
505 4615 640 4671 colonum
664 4615 819 4684 ejicientes,

56 4719 75 4763 s
104 4717 176 4760 sane
200 4706 337 4773 primunr,
354 4711 381 4760 et
392 4705 455 4760 ideo
470 4703 541 4760 alios
565 4704 820 4760 abiuliabitatione

56 4807 94 4850 na
112 4792 151 4849 ad
179 4806 269 4862 qnam
294 4792 388 4849 vocati
415 4800 483 4848 sunt
507 4791 674 4862 ejicientes:
697 4791 818 4847 lebusaei

56 4881 89 4940 ad
115 4881 252 4939 ultimum
278 4882 416 4938 dicuntur
431 4880 543 4947 calcati,
565 4881 594 4935 in
619 4880 667 4936 illo
688 4879 820 4937 videlicet

64 4968 118 5041 qui
133 4966 296 5024 calcabitur
308 4967 396 5038 Juxta
412 4966 613 5037 apocalypsim
633 4967 729 5037 (apoc.
758 4981 817 5035 avt,

56 5066 107 5116 tra
121 5055 278 5123 civitatem,
295 5055 345 5112 nbi
357 5055 470 5125 passuri
486 5063 554 5110 sunt
566 5063 680 5111 eterne
695 5054 819 5109 damua-

67 5157 248 5218 pressuram.

289 5231 405 5289 CAPUT
425 5232 502 5289 XVI.

56 5337 89 5381 ts.
109 5327 134 5390 i,
150 5321 180 5377 2.
200 5351 236 5363 -
258 5322 348 5388 igitur
368 5321 452 5376 Serui
475 5335 546 5375 uuor
575 5320 683 5376 Abram
706 5336 759 5375 non
775 5298 833 5389 pes

56 5416 69 5469 t
94 5410 206 5477 dium,
231 5410 279 5467 ted
301 5409 403 5466 iubam
425 5407 557 5466 onmium
580 5409 750 5482 moestum,
767 5424 817 5467 no·

878 2940 933 2998 sibi
957 2940 1024 3011 ipsis
1040 2939 1210 3010 promittunt
1227 2955 1233 2994 :
1251 2946 1313 3010 post
1336 2939 1432 2996 decem
1444 2955 1514 3012 ergo
1535 2955 1626 2998 annos
1650 2943 1727 2998 acci-

879 3029 957 3099 pitur
972 3030 1062 3098 Agar,
1078 3028 1159 3098 quia,
1186 3036 1365 3099 transgresso
1379 3028 1485 3084 divinae
1501 3029 1572 3101 legis
1596 3031 1725 3101 imperio,

880 3125 1029 3188 postquam
1046 3115 1075 3172 in
1104 3115 1343 3182 terraClianaan,
1373 3117 1402 3172 in
1428 3117 1568 3174 soliditate
1595 3119 1726 3176 videlicet

878 3217 990 3259 morum
1007 3203 1175 3260 mutationis
1189 3204 1354 3261 conversari
1378 3205 1564 3274 devoverant,
1590 3213 1654 3261 totae
1678 3220 1724 3262 ra·

878 3290 963 3347 tionis
978 3291 1052 3348 vires
1070 3291 1097 3347 in
1114 3293 1246 3363 ingressu
1267 3292 1389 3360 ancille,
1406 3292 1488 3349 idest
1504 3293 1532 3348 in
1547 3295 1726 3365 experientia

878 3379 1033 3435 mundialis
1056 3381 1293 3451 concupiscentie
1319 3396 1379 3438 sese
1405 3381 1566 3451 debilitant;
1587 3381 1725 3439 chanaan

876 3469 952 3522 enim
969 3476 1112 3526 mutatum
1138 3476 1276 3536 senatui
1304 3479 1420 3535 terram,
1442 3471 1512 3541 quia
1541 3472 1643 3527 stabile
1669 3471 1725 3528 elc-

878 3565 1007 3613 mentum
1037 3565 1087 3619 est,
1118 3573 1168 3628 pro
1195 3549 1335 3615 soliditate
1369 3562 1433 3630 poni
1470 3568 1605 3616 constat:
1641 3561 1724 3632 qnasi

877 3659 953 3701 uxor
979 3661 1047 3718 ergo
1070 3647 1228 3714 asciscitur,
1248 3647 1317 3703 dum
1348 3648 1434 3703 menti
1461 3648 1600 3704 tenaciter
1621 3648 1724 3719 agglu-

877 3736 996 3801 tinatur,
1010 3743 1054 3790 ast
1068 3734 1114 3789 ubi
1126 3735 1226 3806 aliqua
1237 3734 1518 3805 cupiditatcietatur,
1530 3737 1600 3806 quie
1616 3744 1726 3792 nitriam·

877 3838 934 3893 aare
964 3822 1023 3878 lieri
1056 3837 1114 3877 uon
1142 3825 1243 3893 potest,
1279 3831 1305 3878 et
1335 3823 1391 3879 Deo
1417 3824 1535 3892 servire,
1568 3832 1595 3880 et
1620 3825 1725 3881 seculo

877 3911 1052 3978 incumbere,
1086 3911 1219 3967 noluntas
1248 3911 1408 3982 spiritualis
1447 3926 1464 3967 a
1493 3914 1602 3969 carnali
1632 3913 1725 3982 primo

877 4000 1081 4056 contemnitur.

914 4089 1000 4146 Vane.
1021 4091 1046 4156 5,
1067 4090 1094 4143 6.
1118 4119 1152 4129 -
1167 4089 1275 4158 licique,
1300 4092 1342 4143 nit
1364 4092 1447 4144 Soreoi
1470 4090 1504 4145 ub
1526 4091 1641 4159 aarum,
1666 4095 1726 4159 apis

878 4181 972 4231 coiitru
987 4193 1048 4231 me:
1074 4180 1130 4246 ligo
1152 4177 1216 4231 dedi
1227 4178 1356 4232 circellum
1375 4194 1461 4232 meum
1485 4182 1515 4233 in
1530 4182 1620 4233 sinum
1636 4188 1724 4247 tuum,

877 4280 936 4332 qua
949 4265 1044 4321 cidens
1057 4266 1129 4335 quod
1139 4269 1296 4336 conceperit,
1319 4267 1457 4335 despectui
1476 4283 1517 4321 me
1532 4268 1611 4322 babet
1627 4284 1634 4322 ε
1644 4270 1725 4336 judi·

877 4359 916 4408 cet
942 4354 1073 4409 Dominus
1096 4356 1167 4408 inter
1189 4358 1268 4408 meet
1294 4360 1327 4408 te.
1345 4356 1396 4410 lini
1419 4355 1547 4409 Abram:
1570 4358 1647 4424 Ecce,
1673 4361 1724 4426 uit,

876 4442 977 4495 anciila
995 4447 1052 4509 tuo,
1077 4447 1152 4497 utere
1174 4458 1206 4496 eu
1229 4448 1260 4496 ut
1283 4443 1358 4498 libel.
1384 4444 1532 4511 affligente
1554 4445 1641 4511 igitur
1666 4461 1725 4500 cum

876 4528 959 4581 sonui
980 4530 1078 4593 sunum
1098 4531 1170 4583 iniit.
1189 4529 1230 4585 Ac
1249 4530 1271 4585 si
1293 4531 1338 4599 pia
1361 4531 1495 4585 voluutas
1518 4529 1625 4600 proprii
1642 4533 1724 4587 meti·

874 4615 972 4671 culosa
1000 4617 1098 4687 lapsus
1132 4617 1237 4673 rationi
1271 4619 1383 4684 inierat,
1413 4617 1574 4689 iniquitatis
1605 4620 1723 4690 coargui

874 4704 967 4770 debes,
999 4719 1064 4775 quie
1094 4705 1238 4774 ancillam,
1267 4721 1332 4777 qnae
1361 4721 1424 4763 tineo
1452 4708 1570 4764 suberat
1593 4706 1722 4778 imperio,

874 4791 958 4860 quasi
970 4793 1125 4863 quemdam
1145 4793 1222 4849 intra
1237 4795 1333 4851 sinum
1359 4795 1415 4850 sub
1435 4801 1460 4850 te
1474 4795 1656 4851 ambiendam
1673 4811 1723 4853 co·

874 4880 1088 4953 bibendamque
1112 4881 1279 4951 susceperis,
1311 4891 1344 4938 ut
1368 4882 1409 4939 sic
1434 4891 1549 4939 curaret
1573 4883 1720 4954 forastica,

873 4977 1018 5037 qnamnus
1033 4970 1108 5026 intro
1124 4984 1181 5025 non
1205 4970 1386 5037 minnereris,
1404 4979 1431 5027 ct
1451 4970 1535 5027 niodo
1548 4970 1584 5026 ab
1603 4987 1638 5027 ea
1652 4987 1722 5029 con·

873 5058 993 5127 tcmptui
1009 5073 1053 5115 me
1068 5058 1168 5115 haberi
1183 5074 1239 5114 non
1263 5060 1324 5116 sine
1344 5060 1450 5130 probro
1470 5068 1520 5116 tuo
1543 5060 1656 5131 pateris.
1675 5062 1722 5117 in·

872 5145 945 5202 dicet
969 5147 1119 5215 Dominus,
1148 5147 1176 5202 id
1204 5149 1413 5216 estdiscernat,
1440 5148 1517 5220 quod
1544 5158 1595 5212 cst,
1620 5148 1723 5206 discer-

873 5247 940 5290 nere
959 5241 985 5291 te
1006 5234 1101 5303 iaciat,
1117 5235 1195 5306 quod
1211 5235 1282 5291 milii
1298 5235 1495 5307 potiusquam
1520 5237 1559 5292 illi
1577 5244 1603 5292 te
1628 5238 1721 5294 inllae·

872 5335 934 5378 rere
949 5330 1132 5380 convenerat.
1155 5322 1189 5378 lit
1205 5322 1278 5378 ratio
1305 5321 1328 5377 si
1354 5331 1414 5388 tna,
1431 5332 1464 5380 ut
1484 5325 1596 5392 asseris,
1616 5325 1722 5382 ancilla

871 5418 1027 5480 araneam
1051 5411 1121 5468 nnihi
1138 5409 1267 5483 ingerere
1298 5425 1354 5469 riou
1383 5411 1543 5485 debueras;
1572 5411 1721 5474 ancillatui
