3818 6008
106 205 159 259 28³

550 203 581 258 V.
601 201 769 259 autunum
787 201 933 258 usualis
952 202 980 257 S.
1002 201 1120 257 haute
1137 200 1185 256 DE
1216 201 1408 258 hoviusuto
1504 210 1507 217 '

1802 201 1855 256 ael

106 335 144 391 ad
172 334 305 405 precepti
335 333 437 390 attinet
459 333 682 399 exsecutionem,
705 346 772 402 que
796 332 854 388 duo
882 345 949 388 cum
968 330 992 385 A
1006 335 1106 400 reptem
1120 333 1188 386 anni
1200 333 1308 399 inopte,
1325 346 1392 400 quos
1405 331 1575 400 predixerat
1588 333 1695 401 ioseph,
1712 337 1738 387 et
1752 336 1781 388 in
1793 336 1856 387 aui-

1006 434 1081 475 oerso
1103 416 1169 474 'orbe
1189 423 1276 487 tornes
1295 420 1450 489 prenotati.
1469 419 1578 476 bivine
1603 420 1754 477 infusionis
1767 422 1855 492 pleni·

106 422 190 480 nobis
203 430 272 479 sunt
295 421 324 478 in
345 420 495 488 desiderio,
511 420 581 475 satis
592 419 653 490 jam
677 419 811 491 congruit
837 423 867 474 in
890 436 953 474 eon-

106 516 198 582 speetu
222 512 380 570 Pharaonis,
406 507 484 579 quon
512 516 555 565 est
578 522 703 578 presens
728 508 864 565 violentia
891 509 953 564 de-

107 601 211 665 monis,
225 599 319 665 statio,
330 598 357 654 id
371 605 413 653 est
426 596 462 652 ad
473 597 497 667 ej
506 612 539 653 us
556 597 698 653 illationes
711 597 874 653 decertatio.

143 689 228 746 Vltus.
240 689 284 752 47,
297 689 340 742 tu.
354 715 388 727 -
405 687 534 754 Venitque
545 686 677 752 (utilitas
689 691 789 754 septem
802 701 951 754 annorum

106 779 171 831 etiu
187 776 340 845 manipulos
356 773 472 829 redacte
484 779 584 841 sepcies
594 779 761 842 conprepulae
774 776 874 828 suntin
890 774 952 828 bor-

106 880 153 919 reo
173 865 301 933 AEappti.
323 863 416 920 Omnis
430 865 513 917 etiam
532 864 646 929 [rupem
660 861 834 916 abundantio
846 864 876 916 in
895 864 951 916 siu-

105 954 178 1022 putis
193 953 305 1007 urbibus
318 951 427 1006 condito
441 955 489 1005 est.
512 951 657 1007 Ubertatis
672 957 797 1020 tempore
812 952 841 1004 in
860 952 952 1004 moni·

103 1043 182 1113 pulos
199 1041 370 1112 rediguntur
384 1044 493 1108 sepetes,
505 1053 572 1095 curn
584 1038 772 1108 prosperitate
786 1037 891 1094 divine
906 1052 953 1094 ar-

106 1127 216 1183 ridente
239 1124 409 1191 dulcedinis,
426 1124 501 1179 bona
523 1131 620 1179 nostra
638 1123 795 1192 pessimae
818 1122 954 1193 quelibet

106 1223 170 1273 aeta
184 1214 239 1270 sub
255 1227 377 1270 censura
392 1226 425 1268 ae
441 1213 464 1267 si
477 1211 533 1268 sub
547 1210 664 1267 vinculo
677 1211 795 1281 superni
808 1212 953 1267 constrin-

106 1310 217 1376 guntur
232 1301 349 1368 amoris,
366 1300 443 1371 quod
460 1308 502 1356 est
519 1300 615 1357 oleum
635 1300 741 1356 habere
765 1299 794 1355 in
818 1300 905 1355 vasis.
922 1303 953 1354 ln

105 1387 955 1461 ueramngreqanturfflpypti,qniathesanrornbnncha·

106 1481 207 1538 bomin
219 1478 249 1534 in
265 1477 399 1535 liotilibus
416 1477 502 1534 vasis.
521 1477 644 1544 Frupum
658 1476 832 1533 abundantio
846 1479 876 1531 in
891 1479 954 1532 sin-

105 1569 178 1638 putis
196 1567 308 1622 urbibus
323 1573 526 1637 congregatur,
543 1579 609 1621 curn
626 1564 753 1635 plenaria
771 1566 954 1621 continentie

1008 508 1108 564 tudine
1122 512 1234 576 exacta,
1256 507 1399 565 interioris
1417 509 1510 564 victus
1532 509 1640 564 accedit
1658 509 1761 576 inedia,
1784 512 1854 580 quia

1007 596 1062 652 nisi
1082 597 1175 668 gratia
1198 597 1234 652 ad
1252 605 1365 667 tempus
1389 597 1510 664 deserat,
1533 597 1650 653 tentatio
1671 598 1766 654 locum
1793 611 1850 653 non
1898 629 1899 684 q

1007 684 1207 755 invenitque
1231 699 1260 742 se
1280 684 1392 750 inierat,
1416 691 1443 740 et
1462 688 1490 740 in
1510 689 1635 740 uniuerso
1661 688 1732 752 orbe,
1758 686 1855 741 omni·

1007 774 1092 830 moda
1107 773 1237 830 videlicet
1261 774 1444 844 perlectione,
1461 789 1526 844 que
1546 775 1657 844 pridem
1680 774 1773 831 luerat
1789 775 1853 830 lan-

1007 865 1105 934 guoris
1116 862 1220 918 interni
1236 862 1350 918 miseria
1366 863 1494 919 incubat.
1511 863 1595 919 Orbis
1612 863 1649 919 ob
1665 862 1709 917 sni
1721 862 1854 918 rotundi-

1007 959 1093 1007 tatem
1110 964 1161 1020 pro
1172 952 1291 1020 perfecto
1306 951 1434 1020 ponitur,
1460 958 1494 1006 ut
1508 958 1566 1006 est:
1589 951 1709 1005 Auribus
1723 953 1856 1019 percipite
1898 1001 1899 1034 1

1007 1041 1056 1108 qui
1080 1039 1212 1093 habitatis
1232 1039 1589 1107 anhelantemque).
1614 1039 1758 1094 incuncta
1778 1044 1856 1092 terra

1007 1128 1129 1197 AEpppti
1142 1143 1194 1182 non
1208 1132 1267 1182 erat
1279 1130 1371 1197 panis.
1384 1128 1479 1195 (Vnus.
1498 1128 1555 1195 55).
1566 1132 1624 1196 Qua
1643 1128 1775 1181 esuriente
1799 1127 1855 1181 cto·

1007 1218 1093 1271 mouit
1123 1216 1240 1284 populus
1270 1215 1307 1269 ed
1334 1217 1502 1270 Pbrrraouern
1525 1213 1666 1269 alimenta
1692 1221 1794 1283 petens.
1826 1218 1857 1269 lu

1008 1311 1065 1360 tota
1098 1309 1172 1358 terro
1201 1306 1315 1374 Aipypti
1341 1319 1395 1358 nort
1423 1311 1464 1360 est
1493 1306 1585 1374 punis,
1615 1303 1686 1372 quia
1718 1303 1746 1356 iu
1777 1303 1857 1358 omui

1008 1393 1149 1449 mundiali
1181 1393 1320 1449 desiderio
1344 1399 1467 1447 nonest
1494 1391 1553 1447 ulla
1578 1390 1714 1446 alimonia
1742 1390 1855 1446 mentis.

1008 1484 1066 1538 Non
1084 1485 1157 1537 enim
1171 1485 1287 1547 inuenio,
1304 1481 1344 1537 ait
1362 1481 1524 1550 Apostolus,
1540 1483 1568 1533 iu
1583 1494 1664 1533 came
1682 1495 1742 1532 mea
1757 1479 1855 1533 bonurn

1009 1572 1092 1636 (lton
1112 1584 1161 1636 vu,
1188 1568 1242 1638 18).
1269 1568 1345 1624 Pane
1370 1580 1436 1622 vero
1459 1566 1558 1637 gratie
1580 1573 1749 1636 consumpto
1771 1567 1856 1637 AEgp·

107 1657 200 1713 virtus
215 1656 245 1711 in
268 1668 445 1725 unoquoque
469 1668 607 1709 sensuum
632 1653 787 1719 stabilitur,
813 1653 868 1709 imo
885 1669 953 1710 con·
972 1660 1076 1731 Bptns
1109 1657 1304 1723 tenebrarunt,
1330 1663 1357 1711 et
1385 1655 1532 1711 tribulatio
1562 1661 1767 1724 coangustans,
1797 1669 1855 1710 non

106 1745 194 1810 ditur,
211 1743 289 1814 quod
304 1741 521 1798 occultationem
535 1741 689 1812 vigilanter
700 1755 802 1797 sinuare
813 1740 952 1814 intelligi·

108 1841 164 1889 tur.
174 1832 270 1900 (Vnus
283 1830 340 1902 ts.)
350 1833 488 1899 Tantaque
496 1833 553 1896 suit
562 1829 707 1884 multitudo
718 1831 813 1894 tritici,
825 1835 855 1884 ut
865 1846 953 1886 arete

107 1924 191 1977 moris
201 1925 395 1990 coequaretur,
411 1924 435 1973 et
451 1922 530 1989 eopia
548 1933 701 1972 memorem
716 1918 862 1974 secederet.
880 1921 952 1974 llut-

106 2010 195 2066 titudo
217 2011 304 2064 tritici
328 2011 413 2062 moris
429 2022 518 2062 arene
544 2014 720 2077 coequatur,
748 2021 814 2064 eum
836 2007 953 2065 virtutis

105 2097 304 2162 exuberantia,
319 2105 380 2153 tum
392 2097 494 2152 mentis
513 2095 661 2159 serenitas
680 2109 714 2150 ac
729 2096 830 2151 levitas
846 2111 951 2153 conve·

106 2189 192 2245 niunt
201 2182 598 2258 etjunguntur.hrenaenim
610 2183 702 2239 mollis
711 2191 738 2239 et
747 2191 828 2255 grata
836 2185 953 2254 planitie

105 2283 156 2332 est.
171 2274 259 2345 Copia
272 2286 435 2328 mensnram
449 2270 569 2334 excedit,
586 2286 652 2327 cuni
665 2270 736 2327 bene
749 2272 853 2343 agendi
868 2271 953 2328 lacul-

105 2370 150 2421 tas
175 2363 251 2420 ultra
275 2361 411 2417 humane
432 2358 649 2415 consuetudinis
670 2374 757 2416 usum
781 2360 953 2431 plerumque

105 2451 239 2522 suppetit.

141 2541 227 2598 Vnus.
249 2541 292 2593 50.
308 2569 339 2580 -
355 2539 423 2595 Noti
438 2543 501 2592 suut
520 2543 610 2591 autem
632 2538 730 2607 ioseph
740 2537 799 2607 filii
817 2538 882 2605 duo,
901 2555 953 2592 an-

107 2634 215 2698 tequam
235 2629 338 2681 vestiret
357 2629 461 2693 samem
479 2640 545 2694 quos
569 2628 596 2679 ei
616 2627 723 2694 peperit
746 2627 872 2692 Armati,
897 2635 951 2683 elo.

1009 1745 1117 1801 habens
1147 1745 1223 1801 unde
1251 1744 1418 1800 inanitatem
1453 1743 1563 1799 ventris
1588 1742 1754 1812 adimpleat,
1778 1750 1807 1797 et
1828 1743 1856 1797 in

1007 1832 1120 1904 siliquis
1143 1841 1277 1888 constans
1297 1832 1366 1887 nihil
1391 1831 1523 1901 reperiat,
1550 1831 1650 1887 merito
1674 1830 1772 1886 esurit.
1796 1830 1858 1886 Cla-

1007 1929 1067 1977 mat
1082 1922 1119 1975 od
1132 1922 1308 1988 Pbeoonern,
1327 1919 1406 1989 quia,
1427 1919 1514 1990 juxta
1530 1918 1733 1990 Evangelium,
1749 1919 1857 1988 expetit

1007 2009 1132 2081 regionis
1153 2009 1322 2079 principem,
1342 2007 1391 2063 sed
1412 2008 1482 2063 dum
1504 2021 1560 2062 non
1588 2006 1678 2062 reiicit
1698 2020 1735 2063 ex
1757 2020 1857 2077 porco

1007 2111 1073 2154 runi
1097 2097 1160 2152 cibo
1184 2096 1286 2152 lamera
1311 2097 1386 2165 (bue.
1412 2111 1460 2161 xv,
1477 2099 1521 2162 iti,
1539 2095 1597 2163 lb),
1614 2094 1698 2165 quasi
1719 2109 1756 2150 ex
1781 2094 1857 2164 prin·

1007 2186 1077 2255 cipis
1104 2186 1148 2240 vel
1173 2184 1331 2240 Pharaonis
1362 2197 1496 2253 responso
1525 2182 1636 2252 repetit,
1664 2190 1692 2238 et
1719 2190 1856 2252 exoptare

1007 2273 1121 2343 cogitur
1151 2273 1395 2328 mercenariorum
1424 2284 1537 2342 panem.
1558 2273 1598 2326 lte
1621 2270 1726 2340 inquit,
1749 2271 1787 2325 ad
1809 2275 1856 2326 to·

1007 2363 1082 2429 seph,
1099 2360 1210 2417 celeste
1227 2368 1418 2431 augmentum
1435 2359 1568 2430 appetite,
1588 2364 1614 2413 et
1628 2358 1766 2428 quidquid
1781 2360 1856 2414 cobis

1007 2451 1152 2519 indiderit,
1171 2451 1266 2516 triade.
1288 2449 1458 2505 sicutenim
1478 2448 1621 2518 cupiditas
1641 2448 1795 2515 malorum,
1815 2448 1856 2503 sic

1008 2538 1138 2594 omnium
1155 2546 1196 2594 est
1211 2540 1258 2608 pia
1271 2537 1382 2594 aliectio
1399 2538 1539 2608 magistra
1552 2537 1703 2592 bonorum.

1044 2628 1126 2683 Varis.
1148 2630 1191 2682 56.
1215 2657 1244 2667 -
1281 2626 1420 2683 erescebat
1449 2632 1539 2680 autern
1559 2624 1680 2695 quotidie
1703 2626 1791 2691 lame
1822 2628 1852 2679 iu

107 2717 170 2773 Filii
187 2717 250 2786 ejus
270 2716 374 2770 anime
397 2713 518 2770 celestis
544 2713 691 2783 augmenti
719 2714 811 2770 avide
831 2728 954 2771 nascnn-
1007 2717 1080 2768 omni
1110 2718 1193 2780 rma,
1228 2714 1308 2784 quia,
1337 2714 1472 2784 gliscente
1502 2719 1633 2768 motuum
1662 2711 1855 2782 corporalium

108 2812 165 2873 tur,
196 2804 266 2860 duni
301 2801 446 2873 premisso
486 2801 658 2871 penitentie
692 2801 765 2857 bono
794 2804 954 2859 sanctitatis
1009 2803 1117 2869 morbo,
1142 2817 1198 2857 non
1214 2803 1298 2857 habet
1322 2801 1400 2872 qnod
1425 2799 1549 2856 delectui
1571 2813 1624 2855 suo
1640 2799 1783 2871 propinet,
1804 2808 1857 2856 aut

106 2907 179 2963 opus
201 2890 401 2960 subsequitur.
422 2892 487 2945 liec
507 2904 543 2945 ex
559 2889 645 2945 ruina
671 2889 840 2947 dissecantis
863 2905 952 2962 appe-
1008 2899 1145 2962 suggerat
1160 2891 1241 2960 inops
1262 2889 1455 2959 eonscientia3
1472 2888 1622 2958 querendi
1646 2903 1715 2960 ergo
1735 2889 1856 2945 suntab

108 2981 176 3038 titus
204 2981 272 3045 lllia,
302 2993 389 3050 quem
418 2978 564 3034 ductorem
597 2978 700 3034 habult
729 2979 764 3035 ad
795 2981 950 3036 criminum
972 2951 1101 3036 camico
1123 2979 1227 3048 loseph
1249 2986 1305 3034 tres
1330 2991 1427 3047 panes,
1452 2978 1503 3046 qni
1528 2983 1713 3047 apponantur
1732 2976 1857 3049 AEqypto

107 3068 242 3138 solstitia;
277 3068 449 3138 gignuntur,
490 3072 556 3121 161
593 3066 663 3136 quia
697 3066 858 3125 abundavit
888 3083 953 3139 pec·
1008 3081 1129 3125 reverse
1151 3068 1185 3123 de
1203 3066 1249 3121 via
1268 3068 1343 3132 (true.
1367 3080 1397 3133 n,
1423 3068 1461 3134 5).
1480 3067 1651 3135 aperuitque
1671 3066 1775 3137 ioseph
1794 3069 1856 3119 uai-

106 3160 212 3218 catum.
240 3156 333 3226 gratia
354 3154 470 3211 uberior
491 3155 576 3224 juxta
598 3155 765 3224 Apostolum
792 3155 954 3214 inlunditur
1006 3172 1086 3212 uersa
1118 3159 1223 3222 torreo,
1249 3160 1275 3209 et
1302 3155 1435 3209 cudebat
1469 3156 1623 3223 empuis·
1652 3169 1716 3208 narn
1744 3160 1770 3209 et
1795 3155 1856 3209 illos

107 3245 195 3311 (Rom.
216 3260 242 3310 v,
264 3243 320 3314 20).
344 3242 416 3298 Solis
439 3243 556 3299 nomine
582 3251 685 3299 estuat
714 3245 879 3301 tentationis
905 3259 953 3301 ac·
1007 3251 1178 3314 oppresserat
1205 3247 1302 3311 tomes.
1325 3242 1425 3312 (Vens.
1451 3242 1506 3314 57.)
1532 3243 1682 3311 Omnesque
1707 3245 1856 3312 menistris

105 3333 171 3402 cipi,
196 3339 264 3388 teste
288 3340 331 3389 est
360 3331 441 3398 illud,
473 3331 551 3401 quod
578 3334 640 3387 orto
670 3331 728 3388 sole
755 3340 954 3390 estuaverunt
1006 3335 1150 3390 veniebant
1173 3336 1203 3387 in
1224 3336 1380 3401 AEqpptum,
1401 3337 1432 3387 ut
1457 3335 1573 3386 emerat
1593 3346 1678 3399 escas,
1703 3333 1855 3386 etinctum

106 3420 235 3478 bouvines
251 3422 358 3490 (Metti,
374 3435 434 3484 xllx,
449 3421 487 3487 6),
509 3426 540 3474 ut
556 3419 695 3474 Dominus
710 3419 766 3475 ait:
784 3421 872 3490 (Vnus
896 3421 952 3493 5¹.)
1006 3423 1108 3492 inopie
1134 3427 1323 3491 ternperarent.
1352 3420 1451 3488 ioseph
1475 3423 1603 3475 urrtoersa
1628 3421 1726 3474 terrm
1752 3419 1856 3489 aperit,

106 3509 319 3580 primogenitus
345 3507 451 3563 dicitur
478 3509 630 3574 Manasscs,
656 3508 705 3577 qui
733 3508 839 3565 dicitur
857 3510 953 3564 obliui-
1006 3525 1074 3568 cum
1089 3510 1193 3566 interni
1213 3509 1335 3565 aviditas
1356 3508 1498 3578 proiectus
1518 3522 1683 3579 assurgens,
1700 3508 1791 3564 totius
1807 3523 1857 3565 ra-

105 3612 189 3665 seeus,
206 3597 286 3667 qnia,
300 3597 403 3667 inquit,
419 3595 543 3650 obliuisci
559 3610 600 3648 rne
613 3597 679 3662 tecit
694 3599 765 3652 Deus
782 3599 954 3652 omuiurnto·
1006 3597 1184 3663 tionalitatis,
1206 3599 1292 3667 juxta
1315 3597 1393 3667 qnod
1417 3597 1523 3666 cuique
1549 3596 1589 3653 rei
1614 3609 1778 3667 congruum
1803 3605 1854 3662 est,

106 3686 201 3741 borum
222 3700 350 3753 meorum,
376 3689 400 3738 et
416 3684 510 3738 doinus
532 3685 623 3752 patris
643 3687 706 3738 mei.
732 3684 784 3740 illa
802 3685 880 3742 enim
897 3700 954 3757 pm
1007 3687 1104 3756 copias
1133 3686 1243 3756 pandit.
1266 3687 1405 3757 AEppptiis
1432 3685 1542 3751 vendit,
1566 3685 1636 3741 dum
1659 3685 1696 3740 ab
1720 3685 1763 3741 eis
1779 3685 1856 3756 quod

107 3774 248 3830 nitudinis
261 3781 302 3830 est
327 3772 441 3839 veritas,
463 3772 484 3826 si
501 3779 599 3826 vetera
613 3779 641 3827 et
656 3773 812 3842 preterita,
838 3775 867 3829 in
886 3776 953 3844 qni·
1006 3775 1123 3847 AEgypti
1136 3782 1214 3841 sunt,
1236 3774 1264 3830 id
1287 3774 1421 3844 estquod
1444 3772 1630 3829 secularitati
1655 3773 1853 3839 intenderunt,

106 3864 161 3920 bns
187 3863 382 3920 laboravimus
403 3871 430 3918 et
451 3861 560 3917 onerati
583 3860 703 3926 luimus,
728 3863 951 3934 obliviscentes3
1007 3878 1059 3935 per
1085 3863 1291 3920 contessionem
1324 3863 1429 3931 accipit
1458 3869 1486 3917 et
1510 3860 1691 3931 postmodum
1715 3860 1856 3932 stipendia

105 3956 134 4006 et
158 3950 261 4006 domus
283 3951 431 4006 diobolicae
460 3948 641 4019 paternitatis
664 3950 747 4006 nobis
770 3950 881 4007 aditum
901 3952 953 4007 ob·
1007 3953 1103 4023 digne
1123 3951 1324 4008 consolationis
1356 3951 1502 4020 expendit.
1526 3951 1589 4006 litor
1613 3949 1690 4006 enim
1720 3949 1857 4020 opprimit

106 4045 259 4101 struentes,
303 4038 340 4093 ad
379 4038 506 4093 inturarn
548 4037 704 4094 novitatem
749 4039 951 4096 extendamur.
1006 4037 1457 4111 tomosquianintusprecipue
1477 4038 1675 4110 aegrimoniam
1692 4040 1771 4095 hauc
1792 4052 1856 4108 per·

107 4127 204 4195 (Vnus.
227 4127 283 4194 δι.)
306 4126 453 4182 &candus
475 4124 614 4195 Ephraim
633 4133 763 4193 vocatur,
787 4127 866 4197 quod
888 4128 953 4184 iru-
1007 4128 1104 4185 lerunt
1123 4128 1272 4183 animales.
1299 4130 1395 4185 Omnes
1417 4129 1566 4198 prouincia
1586 4126 1709 4184 veniunt
1724 4126 1754 4182 in
1771 4129 1856 4195 Epp-

106 4212 370 4270 ctiilcansdicitur:
390 4217 510 4271 creseere
524 4215 605 4278 enirn,
628 4214 677 4281 ait,
698 4231 740 4270 me
752 4217 819 4282 feeit
836 4218 907 4272 Deus
921 4219 951 4271 in
972 4230 993 4284 n
1005 4223 1084 4288 ptura
1107 4223 1137 4271 ut
1152 4232 1225 4271 escas
1245 4225 1351 4283 emant,
1374 4231 1441 4272 curn
1462 4229 1561 4271 omnes
1582 4214 1788 4271 exterioritatis
1809 4228 1856 4269 no
1897 4210 1899 4225 ¹

107 4307 182 4356 terra
200 4305 371 4372 paupertatis
390 4318 472 4368 nee3
488 4301 517 4356 in
540 4314 598 4369 quo
621 4301 823 4374 intelliguntur
841 4304 953 4374 pietatis
1007 4315 1074 4363 stre
1089 4305 1280 4375 dispersiones
1294 4305 1328 4359 ad
1346 4304 1540 4361 tribulationis
1554 4303 1708 4376 angustie,
1726 4303 1855 4360 maeroris

106 4390 251 4457 exercitia,
268 4405 334 4462 quae
347 4391 457 4448 tructus
478 4399 546 4447 sunt
570 4390 671 4447 vitales
699 4392 949 4463 emergentcham
1004 4395 1091 4452 etiam
1111 4408 1145 4449 ac
1160 4393 1368 4450 tenebrositatis
1391 4393 1512 4462 proprie
1534 4391 1664 4448 miserias
1678 4391 1855 4447 contuendas

106 4477 136 4533 in
164 4493 292 4548 corpore,
321 4481 397 4550 quod
429 4479 483 4535 luit
514 4482 591 4550 olim¹
618 4480 737 4535 interne
766 4481 952 4550 paupertatis,
1005 4483 1156 4549 accedunt,
1185 4481 1234 4537 ubi
1257 4481 1419 4537 remedium
1441 4480 1495 4537 sibi
1521 4479 1681 4536 relectionis
1703 4479 1853 4550 cuiusdam

107 4567 180 4622 dans
197 4569 345 4623 materiam
356 4575 443 4632 terra,
461 4569 509 4623 ubi
525 4577 552 4625 et
573 4567 734 4638 accipimus
758 4581 840 4624 verso
854 4569 954 4626 ordine
1004 4586 1041 4628 ex
1057 4569 1161 4625 doloris
1173 4567 1488 4639 impensioneexiqnnt.
1503 4568 1632 4624 Fuerunt
1646 4566 1725 4622 enirn
1735 4565 1854 4623 cuidam

108 4655 387 4711 nnneincrementa.
1005 4658 1139 4727 lacryme
1167 4671 1226 4712 sue
1256 4670 1343 4725 panes
1369 4656 1414 4712 die
1448 4670 1481 4711 ac
1509 4663 1590 4711 nocte
1616 4654 1700 4723 (Prot.
1732 4668 1790 4722 ιιι,
1817 4654 1852 4722 i).

144 4743 232 4801 Vnus.
266 4747 309 4811 53,
335 4745 379 4799 et.
403 4775 438 4785 -
466 4747 554 4813 lpitur
578 4748 725 4801 transactis
746 4753 847 4817 septen
873 4749 953 4802 ansuis
1004 4747 1147 4817 AEgpptns
1183 4753 1278 4801 autem
1307 4751 1335 4800 et
1366 4743 1580 4800 tribulationem
1605 4750 1632 4799 et
1657 4749 1763 4799 cetera
1791 4755 1853 4812 que

108 4832 251 4901 ubertiuis,
281 4835 462 4902 putruerunt
488 4837 519 4890 in
541 4835 677 4906 AEpppto,
702 4842 837 4904 caeperunt
862 4839 954 4891 uentre
1005 4833 1198 4905 premisimus
1213 4833 1433 4889 nominesonat.

581 5098 732 5142 EXPLICIT
755 5098 852 5140 alena
872 5096 1052 5141 monaulum
1074 5095 1239 5140 GENESEOS
1262 5095 1385 5141 NONUS.
