3794 6008
124 253 178 307 ast
566 248 600 305 V.
623 246 791 337 culusum
809 246 956 305 labaris
975 246 1003 302 S.
1026 246 1150 304 ΕΔΜ
1168 246 1215 304 DE
1234 245 1429 304 NOWGENTO
1822 247 1875 301 att

126 408 141 438 »
158 386 290 445 deiiceret
313 383 454 456 parvulus
476 391 504 440 et
526 382 633 439 lactens
654 383 683 439 in
709 382 809 453 plateis
827 382 936 453 oppidi.
955 403 965 430 ι
986 384 1010 437 Α
1392 395 1514 437 sannen.

127 476 293 533 Secundum
317 473 448 544 physicos
470 470 564 542 jecore
588 484 730 526 amamus.
752 473 784 526 ln
811 475 885 525 iera
906 484 974 540 ergo
1065 471 1151 528 Vens.
1168 474 1283 527 l5.—«
1315 470 1490 527 Plauserunt
1515 482 1603 540 super
1624 470 1875 526 temanibusom-

120 566 201 634 jecur
225 561 393 623 effunditur,
424 574 492 616 cum
516 559 724 628 supercoelestis
747 572 829 613 amor
861 566 974 614 terreno
1029 581 1043 608 »
1059 574 1110 615 nes
1127 566 1308 634 transeuntes
1329 572 1380 628 per
1400 559 1489 625 viam,
1504 558 1705 626 sibilaverunt,
1731 566 1759 614 et
1780 570 1877 613 move-

127 660 267 708 mutatur.
281 651 317 705 Et
345 649 399 705 boc
420 664 501 718 super
527 649 685 702 contritione
705 648 769 716 atta
788 647 885 716 popuii
900 645 974 702 acci·
1031 654 1127 704 »runt
1149 656 1237 717 caput
1264 661 1349 703 suum
1374 660 1460 715 super
1486 645 1573 701 liliam
1597 644 1795 700 Jerusalem.»
1824 643 1876 700 Sa-

127 741 178 805 dit‚
207 739 277 810 quia
305 737 374 793 tales
404 749 488 793 casus
515 736 606 792 inacta
635 735 766 791 mollities
793 732 976 805 cogitationis
1028 736 1370 805 mccb‚..interpretatur,
1406 734 1586 803 adjutoriam.
1618 732 1764 789 Plaudunt
1795 748 1877 801 saper

126 827 278 883 nutribili
294 826 348 881 boc
366 824 526 881 etiamcum
545 825 679 894 parocias
702 829 728 879 et
751 824 851 878 tociens
870 824 900 877 in
913 824 973 891 pia·
1028 837 1091 881 eam
1115 823 1249 888 menibus,
1274 823 1324 894 qui
1345 823 1492 893 quondam
1509 821 1549 876 in
1576 819 1719 891 adjutorio
1739 820 1876 876 ditissimi

127 919 177 971 teis
201 914 298 984 oppidi
323 912 427 978 deficit,
452 926 517 968 cum
543 912 651 968 scilicet
677 911 742 966 ildei
765 909 923 978 modicitas,
948 915 976 964 et
1028 920 1249 978 commanentes,
1281 911 1359 982 quod
1400 910 1495 967 littera
1527 909 1688 979 praecinuit,
1730 907 1784 978 piis
1814 910 1878 979 ejus

127 1002 288 1060 dulcedinis
311 1001 457 1058 saecularis
479 1000 612 1068 aviditas,
641 1014 692 1071 por
719 998 821 1055 mundi
840 997 976 1054 sollicita·
1030 999 1195 1056 allaetantur
1208 999 1354 1070 operibus.
1372 999 1494 1055 Plausus
1509 998 1586 1054 euim
1602 986 1748 1066 collaetari,
1771 1010 1877 1053 manus

127 1091 210 1147 diues
222 1090 356 1147 interitus
368 1103 471 1146 causas
486 1088 562 1144 lacit.
1030 1089 1125 1161 signat
1138 1087 1260 1159 operari.
1288 1084 1348 1144 lloc
1370 1086 1499 1144 lecerunt
1522 1101 1613 1141 omnes
1639 1090 1806 1141 caussantes
1827 1101 1878 1156 per

490 1188 615 1232 tannem
1029 1177 1198 1248 viem,qula
1216 1176 1331 1234 durnin
1352 1176 1428 1232 bono
1454 1188 1536 1231 mens
1561 1182 1637 1230 statu
1660 1182 1744 1243 esset,
1774 1188 1878 1245 aggra-

164 1266 250 1323 ers.
269 1268 311 1320 la.
327 1287 390 1314 -‹
416 1263 557 1320 llatribus
571 1262 632 1320 suis
654 1262 805 1319 dixerunt:
829 1262 911 1319 Unde
934 1268 977 1317 est
1029 1265 1201 1323 tulabantur
1227 1278 1326 1320 omnes
1349 1263 1399 1335 qui
1422 1277 1473 1334 per
1497 1263 1654 1329 Christum,
1680 1263 1730 1333 qui
1751 1262 1801 1318 via
1825 1270 1875 1329 est,

131 1354 288 1412 »triticum
303 1361 331 1410 et
350 1353 463 1421 vinum,
482 1365 549 1408 cum
564 1350 719 1408 delicerent
733 1350 816 1421 quasi
831 1349 976 1407 vulnerati
1030 1354 1224 1410 desideranter
1245 1353 1376 1423 aspirant
1397 1353 1432 1408 ad
1463 1351 1598 1422 patriam.
1623 1349 1678 1418 Qui
1700 1350 1807 1420 sibilat,
1831 1362 1879 1407 ore

131 1443 187 1498 »in
212 1442 314 1512 plateis
334 1441 469 1508 civitatis,
494 1454 560 1496 eum
584 1437 755 1496 exhalarent
776 1439 886 1495 animas
909 1451 977 1494 suas
1031 1441 1160 1499 restricto
1175 1441 1277 1498 ilatum
1292 1447 1439 1498 extenuat.
1456 1441 1491 1497 m
1505 1440 1555 1511 qui
1570 1439 1605 1496 de
1624 1438 1699 1496 bono
1713 1439 1878 1509 quempiam

132 1532 189 1587 »in
208 1531 276 1588 sinu
298 1537 424 1587 matrum
447 1527 624 1585 suerunt·
651 1526 784 1594 Lamech,
812 1526 979 1596 interpreta·
1030 1544 1115 1601 opere
1142 1531 1286 1600 sapienter
1317 1529 1426 1596 laudat,
1461 1527 1564 1599 partim
1600 1527 1738 1598 loquitur,
1773 1528 1877 1598 partim

129 1627 179 1676 tur
193 1634 290 1674 ammo.
309 1618 436 1674 Mortibus
460 1620 517 1673 suis
537 1616 657 1672 dicunt:
673 1615 726 1671 ilbi
745 1620 785 1670 est
809 1616 931 1669 triticam
951 1619 977 1669 et
1031 1617 1111 1689 loqui
1132 1617 1304 1674 dissimulat.
1335 1617 1376 1674 Nc
1401 1615 1575 1683 laudaveris,
1601 1614 1707 1686 iuquit,
1733 1615 1877 1671 bominem

128 1707 231 1775 einum,
256 1720 324 1762 cum
348 1704 499 1776 aliquoties
525 1702 636 1761 lastidic
661 1701 843 1772 voluptatum
860 1715 886 1757 a
906 1715 977 1757 ron·
996 1684 1062 1761 Bin
1082 1706 1140 1763 vita
1155 1721 1209 1763 sua
1226 1707 1320 1777 (dccii.
1336 1720 1364 1773 ιι,
1387 1704 1442 1775 ab).
1468 1705 1503 1760 Et
1526 1703 1691 1760 laudandus
1709 1707 1752 1760 est
1773 1703 1876 1773 plane,

129 1792 256 1850 scientiis
271 1793 403 1864 exigunt,
420 1806 477 1847 non
500 1791 592 1868 solum
608 1791 749 1846 sermonis
764 1789 864 1858 divini,
890 1803 978 1860 quem
1032 1795 1110 1865 quod
1125 1801 1154 1851 et
1180 1793 1290 1851 Paulus
1313 1793 1379 1849 lacit
1403 1795 1431 1861 (1
1450 1793 1510 1848 cor.
1536 1806 1576 1858 ιι,
1599 1792 1636 1859 2),
1661 1798 1694 1847 ut
1714 1791 1876 1862 animetur3

130 1883 226 1954 signal
247 1880 342 1936 littera
361 1879 627 1950 praescriptum,
649 1876 793 1946 solatium,
820 1877 869 1933 sed
892 1876 977 1933 eliam
1032 1897 1117 1954 parce
1132 1890 1228 1939 lamen
1242 1897 1278 1938 ne
1292 1881 1501 1938 securificetur.
1518 1880 1599 1936 Unde
1617 1884 1699 1949 eaput
1721 1894 1801 1934 suum
1813 1894 1877 1936 mo-

130 1969 235 2026 divinae
248 1968 432 2037 aspirationis
460 1981 519 2037 quo
544 1965 699 2022 alacriores
733 1964 893 2021 reddantur
917 1963 979 2019 ins·
1031 1985 1099 2028 vere
1124 1971 1273 2037 dicuntur,
1302 1971 1372 2042 quta
1399 1970 1451 2026 etsi
1480 1969 1510 2024 in
1536 1969 1577 2025 eis
1596 1969 1687 2024 Deum
1711 1976 1875 2038 operantem

130 2060 261 2115 tinctum.
281 2057 367 2121 Quasi
379 2056 556 2111 eulameiiia
573 2056 676 2125 plateis
695 2053 815 2110 ciuitatis
830 2053 976 2121 deficiunt,
1032 2060 1156 2132 gloriosa
1175 2061 1326 2127 miramur,
1348 2059 1462 2116 interim
1485 2065 1580 2113 tamen
1601 2071 1651 2127 pro
1675 2057 1876 2113 incertitudine

130 2161 197 2203 cum
212 2144 345 2201 diabolici
365 2143 510 2214 appetitus
536 2146 641 2214 sagitta
663 2141 757 2199 adecti
778 2156 815 2198 ex
840 2141 930 2198 nimia
944 2141 978 2196 li·
1033 2148 1098 2204 finis
1112 2148 1244 2205 cohibere
1266 2148 1354 2204 verba
1373 2147 1550 2203 debemus«
1578 2145 1709 2202 Haeccine
1730 2153 1773 2202 cst
1794 2145 1874 2213 urbs,

130 2233 224 2290 centia
250 2233 318 2289 vitae
345 2231 491 2288 saecularis
518 2231 704 2288 occumbunt.
741 2231 849 2287 Civitas
877 2231 925 2286 bic
951 2236 979 2286 ei
1033 2237 1208 2303 »dicentem
1240 2235 1356 2306 perlecti
1397 2235 1517 2302 decoris,
1559 2234 1700 2305 gaudium
1734 2232 1876 2290 universa

130 2321 278 2392 oppidum,
302 2319 375 2376 sieut
398 2319 466 2375 alibi
486 2319 605 2386 atrium,
629 2318 769 2376 saeculum
794 2318 899 2389 signat,
922 2331 979 2373 an·
1034 2324 1200 2382 »terraeit
1230 2325 1337 2380 Eadem
1367 2323 1468 2394 capitis
1494 2323 1593 2389 motio,
1621 2336 1687 2393 quae
1714 2335 1802 2392 super
1826 2322 1876 2378 Job

132 2415 223 2481 8⁰⁸¹ae
237 2408 292 2464 Viae
306 2408 400 2477 platea
418 2415 571 2478 repugnat.
594 2410 712 2462 Animos
733 2409 763 2461 in
782 2409 846 2462 siau
859 2409 979 2461 militm
1031 2412 1179 2483 quondam
1194 2412 1225 2469 iit
1242 2413 1307 2481 (deb
1329 2427 1395 2480 xtra,
1415 2411 1458 2482 ll)
1482 2419 1510 2468 et
1529 2425 1616 2481 super
1633 2410 1802 2467 Jerusalem.
1824 2410 1876 2467 Sed

130 2511 243 2552 suoram
255 2496 400 2564 exhalant,
426 2510 491 2552 cum
517 2495 593 2552 intra
614 2494 813 2561 conscientias,
839 2502 905 2566 quae
921 2508 979 2550 ma·
1032 2507 1094 2572 post
1108 2501 1221 2572 lapsum
1236 2501 1300 2572 ejus
1315 2503 1430 2570 perfecti
1448 2499 1552 2555 decoris
1566 2512 1629 2556 eam
1651 2499 1738 2556 luisse
1751 2513 1878 2570 conque·

131 2590 189 2640 tres
209 2592 237 2641 et
258 2583 399 2640 bonarum
425 2591 453 2640 et
482 2583 626 2639 malarum
654 2583 876 2641 interioritatum
898 2591 976 2651 sunt
1031 2598 1149 2658 rentur,
1176 2589 1247 2660 quta
1271 2589 1461 2659 veterisque
1493 2588 1609 2644 natatus
1632 2585 1875 2657 pulchritudinem

130 2670 235 2742 laqueo
249 2670 502 2740 wssissliiiissiial‘t
517 2685 546 2727 ie
560 2669 756 2742 Siiisssstllissi·
1031 2678 1185 2735 securitate
1223 2677 1283 2749 jam
1319 2677 1414 2734 inutili
1445 2676 1643 2747 predicantes,
1675 2675 1876 2731 recordantur.

521 2773 589 2815 nan.
1032 2766 1085 2822 Sed
1096 2766 1144 2822 ille
1158 2766 1299 2836 perlectus
1314 2767 1399 2823 decor
1415 2765 1444 2821 in
1461 2765 1602 2837 gaudium
1627 2764 1769 2820 universae
1793 2770 1877 2820 terrae

167 2847 253 2905 tens.
268 2849 309 2903 ¹3·
327 2869 390 2896 ··¹
413 2846 466 2903 Cui
489 2847 665 2918 fflffllaiabO
689 2848 737 2904 ¹0?
759 2846 805 2904 iil
829 2846 878 2903 cui
904 2845 978 2903 assi·
1031 2854 1219 2919 convertitur,
1244 2868 1310 2910 cum
1331 2853 1496 2924 exemplum
1520 2852 1613 2910 ruinae
1639 2850 1683 2908 vel
1706 2851 1877 2908 obstinatio-

135 2934 269 2991 ‹milabo
297 2941 332 3004 te,
361 2933 420 2990 filia
442 2934 623 2992 Jerusalem?
643 2935 691 2991 cui
709 2934 869 3006 exaquabo
889 2941 926 3003 te,
950 2940 978 2991 et
996 2942 1087 3032 Cnis,
1115 2941 1258 2999 universis
1291 2949 1405 2999 terrena
1434 2941 1631 3012 quaerentibus
1661 2939 1766 2997 exinde
1789 2940 1876 2997 mini·

134 3023 331 3079 «consolabor
354 3030 391 3092 tc,
416 3022 499 3094 virgo
524 3022 582 3081 lilia
601 3023 692 3080 Sion?
715 3037 821 3095 magna
843 3029 885 3080 est
900 3022 977 3079 enim
1031 3036 1150 3088 stratur.

134 3111 242 3168 «velut
267 3125 346 3168 mare
365 3111 498 3168 contritio
521 3118 579 3169 tua.
604 3111 675 3180 Quis
703 3112 866 3169 medebitur
881 3111 947 3168 tui?
962 3131 976 3162 n
1425 3121 1483 3164 aru.

131 3198 205 3268 lien,
222 3201 337 3268 obsec,
356 3212 414 3254 non
430 3199 488 3255 alia
509 3198 594 3269 plane
608 3214 697 3270 quam
720 3214 820 3257 eorum
837 3199 890 3271 qui
912 3213 979 3257 eum
1032 3197 1204 3267 (insumatis
1217 3199 1272 3253 ioco
1286 3197 1351 3260 Ain,
1368 3202 1408 3252 est
1421 3198 1522 3263 littero,
1541 3196 1608 3260 Phe,
1625 3200 1650 3251 et
1663 3194 1719 3252 ain
1732 3195 1787 3250 loco
1799 3195 1877 3265 Phe.)

131 3287 309 3357 compassive
322 3301 392 3358 erga
407 3286 522 3344 illorum
544 3287 595 3359 qni
609 3289 649 3345 sic
671 3287 869 3358 periclitantur
886 3287 979 3343 inior-
1068 3284 1154 3341 Vnus.
1171 3288 1195 3340 l.
1211 3304 1272 3338 -«
1292 3285 1477 3356 aperuerunt
1490 3297 1579 3354 super
1593 3291 1620 3340 te
1636 3298 1667 3340 os
1681 3297 1769 3340 suum
1780 3296 1878 3340 omncs

132 3377 225 3432 tunia.
242 3378 293 3432 Est
319 3389 388 3446 ergo
415 3388 516 3431 sensus
539 3389 573 3432 ac
599 3375 622 3431 si
649 3375 763 3432 dicant:
796 3377 840 3433 Tu
870 3376 977 3443 anima,
1034 3393 1049 3423 >›
1066 3373 1174 3429 inimici
1189 3373 1240 3442 tui,
1264 3372 1465 3440 sibilaverunt,
1488 3379 1516 3429 et
1538 3372 1719 3429 fremuerunt
1745 3371 1879 3428 dentibus

131 3478 198 3536 quae
212 3461 407 3535 supercoelesti
427 3462 513 3520 matri
527 3472 585 3520 tuae
608 3463 690 3521 cultu
711 3464 830 3521 interne
856 3465 980 3534 pacisci
1036 3468 1092 3516 »et
1115 3461 1273 3519 dixerunt:
1297 3461 1506 3518 Devorabimus
1526 3474 1601 3526 carn,
1623 3475 1660 3516 en
1682 3460 1734 3516 iste
1757 3467 1800 3516 est
1820 3461 1879 3516 dies

134 3552 184 3609 llei
205 3551 399 3622 speculatione
418 3551 593 3608 conlormari
618 3551 768 3619 debueras,
794 3552 879 3623 cujus
901 3566 978 3608 ccm-
1035 3563 1153 3620 »quem
1188 3550 1440 3620 exspectabamus,
1480 3549 1655 3616 invenimus,
1699 3548 1877 3605 videmus·

135 3641 283 3712 paratione
298 3640 410 3710 lapsum
434 3646 518 3695 tuum
539 3639 666 3711 levigare
680 3647 786 3708 potero,
803 3654 869 3696 eum
888 3639 980 3698 teab-
1033 3637 1098 3707 Ain,
1124 3638 1330 3708 iuterpretatur
1365 3641 1486 3708 questio.
1519 3638 1555 3693 Et
1586 3650 1652 3707 quae
1679 3647 1880 3705 perversorum

134 3729 247 3785 sorbeat
271 3735 320 3784 tua
348 3741 399 3796 per
424 3734 451 3783 te
474 3726 646 3797 desperabili
666 3728 810 3784 oblivione
826 3727 980 3785 contritio?
1034 3727 1128 3798 major
1143 3728 1264 3797 quaestlo
1278 3735 1329 3795 est,
1350 3741 1437 3797 quam
1452 3725 1531 3796 quod
1546 3739 1563 3780 a
1577 3724 1684 3781 sanctis
1698 3723 1768 3780 viris
1785 3724 1881 3778 minus

134 3814 249 3870 Etcum
265 3821 297 3869 tu
316 3813 360 3869 tui
384 3814 446 3884 jam
471 3828 530 3870 non
554 3815 730 3884 memineris,
752 3818 812 3884 quis
831 3815 982 3871 medebitur
1034 3814 1244 3872 rationabiliter
1266 3822 1317 3872 aut
1337 3815 1456 3884 dictum,
1483 3822 1534 3871 aut
1555 3812 1662 3869 iactum
1685 3811 1749 3869 esti
1772 3811 1881 3867 Idcirco

135 3901 316 3971 praedicando
329 3903 393 3956 tui?
1034 3917 1116 3972 super
1129 3917 1177 3960 eos
1188 3905 1294 3959 inimici
1308 3919 1336 3958 os
1347 3904 1490 3975 aperiunt,
1508 3902 1655 3974 quadum
1672 3907 1779 3956 statum
1794 3912 1880 3955 suum

524 4004 589 4046 nus.
1035 3991 1108 4049 bene
1138 3999 1279 4062 regerent,
1304 3991 1403 4048 clausa
1439 3997 1604 4047 tenuerunt.
1632 3989 1679 4044 Vel
1712 3987 1799 4044 ctiam
1830 3982 1885 4043 ora¹

169 4077 255 4133 Vens.
272 4076 313 4130 ll:
343 4098 405 4125 -ι
438 4077 585 4147 Prophetae
612 4079 654 4134 tui
678 4078 814 4135 viderunt
835 4078 887 4135 tibi
910 4079 982 4136 ialsa
1035 4079 1179 4150 aperiunt,
1204 4094 1271 4136 cum
1296 4080 1444 4137 mordaces
1467 4077 1655 4134 censcientias
1679 4082 1824 4146 retegunt.
1844 4073 1880 4130 Si·

137 4186 148 4213 »
166 4171 195 4220 et
215 4164 312 4231 stulta,
328 4179 380 4219 nec
405 4164 571 4233 aperiebant
588 4165 768 4238 iniquitatem
797 4174 886 4235 tuam,
909 4174 941 4224 ut
955 4175 982 4224 te
1036 4169 1136 4236 bilant,
1150 4183 1217 4225 cum
1234 4168 1321 4225 totius
1332 4168 1452 4239 justitiae
1468 4165 1621 4237 proposita,
1638 4178 1689 4235 pro
1709 4164 1798 4220 unius
1811 4177 1881 4219 casu

137 4251 202 4307 »ad
230 4251 425 4321 poenitentiam
459 4262 656 4322 provocarent.
689 4276 699 4303 ι
738 4254 814 4322 Νιιιι,
841 4255 980 4326 interpre·
1001 4259 1095 4329 pjam
1118 4256 1270 4313 refutanda
1293 4263 1321 4312 et
1347 4255 1504 4312 decidenda
1532 4253 1702 4324 dijudicant.
1727 4251 1780 4307 Illa
1803 4250 1881 4307 enim

134 4346 214 4395 tatur
226 4354 331 4409 pascuo
345 4355 445 4405 eorum,
470 4342 674 4411 proculdubio
698 4343 813 4400 illorum
836 4345 888 4415 qui
909 4344 981 4401 alie-
1034 4345 1233 4413 exsibilamus,
1250 4344 1316 4416 q'uae
1335 4344 1452 4400 omnino
1475 4342 1648 4412 respuimus.
1672 4340 1802 4395 matilas
1822 4338 1881 4394 ire-

134 4429 180 4484 nis
193 4428 351 4485 mendaciis
378 4430 582 4498 pasccbantur.
607 4433 747 4501 Propheta
760 4434 844 4488 stulta
865 4438 890 4488 et
909 4449 981 4488 oeae
1035 4441 1126 4496 munt,
1141 4448 1207 4490 cum
1221 4431 1300 4489 ineis
1313 4433 1336 4488 si
1355 4432 1426 4503 quid
1451 4431 1558 4488 residui
1585 4429 1671 4486 luerit
1687 4428 1762 4485 bona
1776 4434 1881 4484 caetera

134 4515 217 4573 nobis
238 4515 345 4585 vident,
370 4532 437 4573 curn
466 4525 571 4575 nostra
598 4520 750 4576 seculares
778 4521 892 4577 astutiae
922 4536 980 4577 uon
1034 4522 1202 4593 decoquere,
1219 4521 1285 4588 imo,
1302 4528 1334 4577 ut
1350 4520 1515 4590 expressius
1537 4518 1641 4585 dicam,
1665 4516 1882 4573 commasticare

134 4605 225 4660 solum
250 4603 335 4660 ialsos
361 4613 529 4675 proventus,
552 4615 583 4663 ut
607 4608 720 4676 assolet,
745 4609 896 4678 spondent,
931 4609 980 4665 sed
1034 4609 1220 4667 contendunt.
1246 4609 1281 4664 llt
1303 4608 1387 4665 aliter
1406 4623 1487 4677 super
1509 4621 1573 4662 eam
1594 4622 1623 4662 os
1644 4620 1723 4661 stum
1744 4604 1881 4674 aperiunt

133 4692 220 4749 ctiam
243 4692 277 4748 dc
301 4692 407 4750 tuturis
431 4694 623 4765 conjectantes
645 4696 675 4751 in
696 4710 746 4766 spe
768 4698 908 4767 superbos
929 4711 981 4753 nos
1033 4700 1147 4765 inimici,
1163 4713 1230 4755 cum
1244 4696 1500 4768 supergredientur
1516 4709 1591 4764 eam,
1612 4695 1671 4766 jam
1685 4692 1774 4750 veluti
1789 4692 1882 4748 licen-

134 4790 313 4852 promovent.
337 4782 407 4849 Quae
427 4791 594 4853 sequuntur
624 4784 777 4855 perspicua
809 4794 887 4853 sunt,
913 4799 979 4841 cum
1033 4793 1076 4842 ter
1099 4785 1218 4842 consilia
1241 4800 1271 4841 se
1297 4784 1446 4841 declarant
1474 4784 1562 4840 bostis
1592 4781 1718 4852 antiqui.
1746 4780 1881 4848 sibilant,

133 4871 270 4926 deberent
286 4870 392 4926 scilicet
417 4885 483 4942 quae
512 4879 631 4942 peccant
651 4872 705 4928 sibi
726 4886 894 4942 proponere,
916 4879 980 4928 stu·
1032 4887 1099 4930 cum
1114 4873 1236 4930 crimina
1256 4871 1340 4930 dulce
1363 4872 1600 4929 immurmurant.
1625 4869 1753 4926 bentibus
1783 4874 1883 4924 tamen

132 4957 201 5013 dent
233 4958 325 5029 magis
354 4958 481 5015 fastuosa
508 4959 643 5031 cogitare.
672 4981 683 5008 ι
717 4960 856 5017 Viderunt
883 4967 980 5017 autem
1033 4961 1170 5029 fremunt,
1197 4961 1268 5032 quia
1290 4960 1365 5018 inter
1387 4959 1529 5017 illationes
1552 4959 1600 5030 U,
1622 4955 1811 5028 titillationes]
1831 4971 1882 5013 vo·

134 5044 216 5102 »tibi
237 5047 447 5116 assumptiones
470 5046 566 5113 falsas,
597 5055 625 5104 et
647 5047 837 5118 ejectiones.»
860 5050 981 5103 Assum·
1032 5050 1180 5120 luptatum
1203 5057 1328 5107 mentem
1353 5051 1488 5107 miseram
1512 5049 1655 5106 universae
1676 5053 1760 5103 terrae
1780 5045 1882 5101 malleo

132 5135 238 5201 pianes
259 5141 337 5201 sunt,
362 5135 470 5205 quibus
493 5149 523 5192 se
543 5135 572 5191 in
605 5135 768 5192 mundanas
790 5136 981 5193 sublimitates
1032 5139 1220 5196 commolunt.
1248 5138 1435 5208 Decorcbims,
1461 5137 1566 5209 inquit,
1589 5152 1659 5204 eum,
1684 5134 1713 5191 id
1735 5139 1778 5191 est
1800 5133 1882 5192 nobis

133 5220 321 5277 assumendos
334 5221 475 5289 credunt;
490 5222 538 5278 sed
551 5223 612 5279 ltaec
626 5223 723 5279 omnia
743 5224 782 5279 nil
798 5223 877 5280 aliud
900 5226 978 5293 sunt,
1033 5227 1292 5298 incorporabimus.
1311 5228 1355 5283 lta
1376 5227 1454 5283 enim
1477 5226 1546 5293 dies,
1571 5224 1600 5281 id
1621 5230 1664 5280 est
1686 5221 1883 5292 prosperitatis

133 5318 223 5374 qnam
244 5307 392 5374 ejectiones,
417 5310 488 5379 quia
507 5311 577 5367 dum
598 5318 743 5367 crementa
766 5310 899 5368 forastica
918 5326 979 5368 am·
1033 5322 1138 5371 nostrae
1165 5313 1280 5372 claritas
1295 5320 1346 5383 est,
1375 5321 1404 5371 et
1425 5313 1520 5370 votive
1535 5317 1709 5381 exspectata,
1735 5309 1807 5380 qnia
1830 5308 1881 5366 diu

133 5391 227 5491 blunt,
257 5395 441 5453 certissimae
467 5411 536 5454 vero
567 5398 643 5455 bono
667 5398 804 5471 ejectione
826 5413 887 5457 sese
912 5415 979 5470 pro·
1033 5403 1164 5473 quesita,
1191 5402 1455 5468 audaciuscule,
1482 5402 1599 5457 demum
1621 5396 1797 5469 experiendo
1820 5397 1882 5468 jam

134 5487 271 5538 suillum.
1033 5490 1105 5547 visa.
