3818 6008
71 112 124 165 333

714 111 897 168 bohattbtt
917 113 951 168 IN
964 112 1111 169 ubdhslrt
1127 113 1190 167 tlh.
1204 111 1234 166 X.

1773 117 1825 173 334

71 246 301 318 derelinquerunt
335 247 366 300 ia
401 251 475 301 terra
518 247 625 303 descen.
662 248 725 316 Ipso
764 248 922 303 ascendente
940 250 963 302 h
979 247 1082 316 Sicque
1098 255 1204 317 septem
1220 246 1279 303 dies
1294 246 1460 317 implemur,
1479 247 1549 319 quia
1569 248 1639 306 dum
1659 265 1826 321 persevera-

72 351 163 391 omaes
185 351 259 390 serres
293 336 387 390 domas
418 336 563 396 Pleuronis,
594 350 660 390 cum
683 350 716 391 eo
740 351 796 392 uon
821 351 922 392 asceu-

72 425 152 492 dere,
180 425 229 480 sed
255 425 296 480 ire
317 424 467 491 dicuntur,
492 424 561 495 quia
591 424 779 496 intelligentia
802 425 923 481 summis

74 513 216 580 inhiante,
238 513 298 584 jam
320 512 417 567 carnis
445 521 539 568 motus
560 512 784 569 defervescentes
806 522 834 569 et
857 513 923 568 lan-

73 601 168 671 guidi,
194 600 292 669 velint,
314 600 415 668 nolint,
438 600 636 671 spiritualitati
660 602 857 658 obsecundare
875 617 921 657 co-

73 697 205 760 guntur3
231 697 259 744 et
286 696 350 759 post
375 703 449 757 eam,
478 689 521 745 vel
557 704 624 745 eum
653 705 687 746 ea
713 690 923 762 irrefragabiles

74 778 296 848 pertrahuntur.
313 778 437 846 Maiores
452 783 519 832 notu
532 784 610 833 terra
627 781 739 848 AEpypti
756 787 825 835 sunt
842 779 921 847 vitia,

73 881 141 936 quae
162 865 315 938 originalia
334 876 361 922 et
385 854 446 922 ideo
480 867 646 938 antiquiora
681 869 785 925 saeculo
814 869 921 925 insunt.

76 953 145 1009 llaec
160 962 274 1020 coeunt,
292 953 362 1024 quia
379 953 477 1010 obesse
489 969 547 1010 non
567 963 695 1024 possunt.
712 958 811 1010 Domus
826 958 923 1024 Josepb

74 1057 137 1096 eura
155 1043 292 1108 fratribus
316 1044 383 1109 suis,
412 1043 466 1098 illm
483 1042 589 1099 scilieet
611 1045 741 1110 virtutes,
767 1058 833 1115 quaa
856 1059 923 1114 spe-

74 1129 187 1186 cialiter
203 1129 443 1187 intellectualitati
465 1131 647 1199 adnituntur,
672 1140 703 1187 ut
722 1140 790 1188 sunt
806 1132 923 1187 caaltha-

75 1226 132 1284 tus,
167 1217 313 1274 muuditia
354 1219 454 1286 animi,
489 1219 579 1274 otium
600 1233 617 1274 a
640 1219 803 1275 forensibus
833 1220 921 1284 curis,

74 1320 145 1361 nam
169 1308 279 1362 versari
306 1306 376 1362 solet
410 1307 440 1362 in
469 1307 602 1363 hiscum
625 1307 729 1363 anirnae
755 1316 782 1363 ct
796 1307 924 1377 corporis

978 336 1070 391 turin
1093 335 1198 392 talibus
1220 336 1413 405 spiritualium
1436 338 1643 394 charismatum
1668 339 1825 411 plenitudi-

978 439 1038 480 mes
1051 424 1250 481 cumulantur.

1013 514 1099 570 Vsus.
1118 517 1159 568 ll.
1177 545 1211 553 -
1231 514 1307 580 Quod
1328 530 1388 568 cum
1410 515 1542 571 vidissent
1565 517 1731 572 habitatores
1747 522 1826 573 ferrar

978 601 1123 669 chanaon,
1134 602 1281 656 dixerunt:
1296 604 1423 658 Planctus
1435 620 1550 671 mopraus
1562 607 1612 659 iste
1622 610 1662 659 esf
1675 608 1823 675 AEqpptiis.

977 689 1080 744 idcirco
1120 692 1325 760 appellaverunt
1360 708 1454 746 laomen
1493 693 1545 746 foci
1581 695 1657 748 illius
1696 695 1825 749 Planctus

977 781 1098 848 AEpppti.
1115 778 1270 850 Postquam
1293 778 1323 834 bi
1347 780 1398 849 qui
1426 787 1530 836 terram
1552 781 1692 848 habitant,
1717 791 1824 853 etper-

977 875 1063 936 petuo
1091 867 1190 935 motui,
1219 867 1296 938 quod
1330 877 1372 924 est
1397 868 1546 936 Chanaan,
1575 871 1741 940 subjacen13
1773 872 1824 942 qui

980 962 1128 1011 terrenum
1153 955 1259 1012 hahent
1280 956 1511 1023 fundamentum,
1537 972 1663 1028 quorum
1694 958 1723 1014 in
1747 959 1825 1015 culis

978 1045 1237 1100 conversationen
1270 1054 1322 1112 est,
1356 1045 1480 1101 aliorum
1518 1047 1647 1103 studium
1675 1047 1824 1118 spirituale

978 1131 1140 1199 attendunt,
1188 1133 1373 1188 vehementer
1415 1133 1571 1201 mirantur,
1612 1142 1640 1190 ει
1687 1135 1825 1192 mirantes

977 1218 1143 1284 exhorrent,
1175 1220 1252 1289 quod
1285 1234 1351 1274 cum
1387 1220 1484 1274 saeculi
1517 1220 1623 1289 gaudia
1661 1228 1823 1290 suppetant,

978 1306 1148 1362 indesinenti
1165 1322 1194 1363 εε
1210 1321 1330 1362 trtoerore
1344 1315 1525 1363 consumant.
1544 1307 1624 1363 Uude
1637 1312 1664 1363 et
1677 1309 1826 1380 AEgyptios

73 1393 158 1449 honis
171 1395 299 1465 iustitiae,
318 1394 418 1451 matris
431 1396 572 1462 omnium,
589 1396 665 1452 liliis.
978 1403 1092 1463 vocant,
1118 1410 1192 1465 qnos
1220 1394 1300 1465 jugis
1333 1395 1455 1451 tristitia
1478 1395 1604 1451 tenebris
1629 1397 1827 1465 pessumdatos

111 1482 225 1552 Absque
245 1485 376 1553 parvalis
399 1489 424 1538 et
447 1484 584 1552 gregibus,
618 1491 643 1539 et
665 1490 804 1551 armentis,
834 1485 923 1541 idest
978 1485 1087 1551 vident,
1111 1492 1138 1540 et
1155 1484 1335 1550 nioriasteria,
1354 1483 1403 1539 ubi
1420 1484 1463 1539 hae
1481 1483 1671 1539 cohibitiones
1685 1492 1825 1556 aguntur,

74 1570 185 1641 absque
214 1571 259 1626 bis
283 1587 349 1642 quae
387 1573 543 1628 immatura
573 1574 668 1629 adhuc
691 1580 759 1629 sunt
785 1574 876 1640 bonis,
898 1582 926 1629 et
945 1547 1149 1629 Bbarathrum
1173 1573 1327 1642 appellant,
1352 1572 1400 1627 ubi
1423 1572 1474 1628 lux
1500 1572 1827 1644 transitoriaejucundi-

76 1658 305 1716 hebetudinibus
347 1661 520 1717 naturaliter
555 1662 700 1732 ingenitis,
734 1663 927 1718 exterioribus
981 1662 1047 1719 tatis
1061 1669 1089 1716 et
1103 1661 1261 1732 gloriarum
1277 1660 1413 1717 examina
1427 1676 1484 1715 non
1501 1669 1651 1730 apparent.

77 1747 234 1804 exercitiis.
260 1750 506 1819 Gregesnamque
530 1750 566 1804 ad
592 1750 855 1820 etsimplieitatem,
880 1765 926 1806 ar·
1016 1751 1102 1807 Vens.
1139 1753 1181 1816 la,
1218 1753 1260 1803 lt.
1280 1780 1314 1788 -
1343 1749 1475 1802 Fecerunt
1495 1764 1557 1816 erpo
1581 1751 1633 1818 plia·
1655 1749 1736 1804 Jacob
1756 1751 1827 1804 sicut

78 1841 177 1890 menta
199 1835 235 1891 ad
257 1838 494 1906 procurationum
517 1840 638 1894 attinent
663 1839 883 1895 laboremilaec
898 1843 927 1892 in
978 1840 1204 1907 praeeperoteis.
1218 1839 1253 1891 El
1267 1842 1407 1905 portantes
1430 1852 1489 1890 cum
1512 1838 1542 1890 ira
1565 1843 1665 1890 terrem
1684 1838 1825 1904 chanaan,

78 1929 154 1978 terra
191 1925 293 1979 Gessea
330 1925 585 1995 derelinquuntur,
615 1926 685 1997 quia
720 1941 770 1996 per
796 1927 926 1983 stabilem
980 1927 1143 1994 sepelierunt
1176 1941 1235 1979 eum
1259 1927 1288 1978 ia
1320 1926 1449 1993 spelunca
1480 1924 1673 2005 duplicbetc.
1704 1925 1827 1995 Spiritus

78 2012 261 2069 discretionis
285 2014 482 2082 subtilitatem,
511 2029 570 2085 qua
606 2015 762 2085 palpationi
792 2015 925 2070 vitiorum
982 2023 1077 2069 noster
1105 2022 1256 2084 postquam
1288 2012 1358 2068 vitia
1393 2013 1632 2082 supplantaverit,
1670 2013 1721 2068 lilii
1752 2014 1825 2084 ejus,

78 2103 341 2172 appropinquatur,
365 2103 426 2159 haac
458 2103 494 2158 ad
520 2104 786 2172 contemplationem
817 2104 928 2173 pertin·
982 2112 1075 2159 motus
1094 2102 1236 2167 videlicet,
1253 2100 1601 2171 juxtalob,fortitndine
1622 2102 1731 2159 robusti
1757 2100 1825 2168 (tob,

78 2203 156 2260 gere,
192 2205 252 2245 non
283 2192 408 2260 potentia
433 2190 612 2261 solummodo
644 2199 727 2246 caute
749 2191 928 2246 discutienda
982 2194 1025 2257 36,
1048 2192 1100 2257 19).
1128 2190 1288 2260 facilejam
1315 2189 1441 2259 imperiis
1467 2188 1697 2257 ejnsohediunt,
1720 2188 1769 2245 sed
1792 2203 1828 2244 ne

77 2277 276 2335 dimittuntur.
299 2279 380 2346 Quod
406 2287 496 2335 totum
517 2287 568 2334 est.
600 2279 669 2345 Quae
693 2279 744 2335 soli
768 2278 927 2334 actualitati
981 2282 1015 2337 de
1041 2279 1153 2334 viribus
1180 2277 1423 2348 supplantationis
1456 2277 1624 2344 efferantur,
1659 2280 1689 2330 ia
1726 2281 1828 2332 terram

77 2366 268 2434 conveniunt,
306 2368 350 2423 vel
384 2383 450 2437 quae
490 2368 604 2438 penitus
641 2368 753 2435 stolida,
786 2378 814 2424 et
844 2369 927 2438 quasi
967 2371 1113 2426 'eboriaco
1145 2380 1212 2421 eum
1246 2366 1307 2435 iam
1339 2371 1464 2435 portant,
1496 2364 1563 2420 dum
1598 2364 1773 2420 terrenitatis
1794 2378 1829 2419 ac

78 2452 299 2523 pecualtasunt,
313 2455 516 2524 speculationis
527 2470 641 2511 summa
657 2471 712 2512 non
727 2457 881 2513 scandunt.
982 2455 1182 2514 mutabilitatis
1198 2468 1267 2520 suae,
1283 2452 1331 2508 cni
1352 2452 1498 2522 subjecere
1522 2452 1618 2508 adhuc
1642 2460 1741 2523 potest,
1761 2467 1829 2509 eum

115 2541 203 2598 Vltus.
221 2546 247 2609 9,
267 2547 309 2598 lb.
333 2574 368 2585 -
389 2545 492 2599 liubuil
514 2561 618 2614 quoque
640 2549 669 2600 itt
687 2548 817 2600 comitatu
832 2560 928 2600 currus
981 2550 1215 2602 commemorant.
1231 2542 1403 2610 lrtspeluraca
1416 2554 1553 2596 sensuum
1575 2541 1827 2611 imaginationum·

78 2634 104 2685 et
122 2633 241 2701 equites:
261 2638 286 2686 et
302 2635 379 2699 sueto
402 2639 442 2687 est
456 2634 536 2688 turbo
560 2650 612 2687 raon
635 2633 751 2687 modico.
778 2635 926 2688 Venerunt·
981 2648 1039 2705 que
1051 2631 1233 2688 continentiae
1249 2637 1426 2694 contutatur,
1441 2642 1507 2699 quae
1521 2642 1538 2683 a
1550 2636 1686 2698 potestate
1698 2629 1829 2699 Ephron,

79 2733 132 2787 que
155 2719 194 2773 od
219 2736 312 2775 areum
336 2723 422 2788 Atod,
442 2739 502 2793 qaae
525 2725 581 2777 sito
601 2728 640 2777 est
660 2731 736 2777 troas
763 2722 926 2778 dordonam:
982 2722 1071 2778 idest
1093 2718 1219 2776 carnalis
1242 2714 1356 2783 affectu,
1381 2716 1466 2786 cuius
1488 2716 1714 2773 sollicitudinum
1737 2716 1824 2774 inuti-

78 2808 129 2861 abi
149 2809 312 2864 celebrantes
334 2813 478 2879 easeqar'ns
499 2826 597 2877 moqrto
616 2812 727 2879 plortcta
746 2816 827 2880 atque
850 2812 927 2865 velte·
947 2809 1053 2896 elium
1067 2807 1185 2877 pulvere
1200 2805 1401 2870 obscuramur,
1417 2811 1485 2858 sunt
1499 2803 1577 2859 enim
1591 2809 1618 2858 ει
1635 2802 1718 2858 utiles
1731 2817 1809 2859 cura
1819 2819 1828 2874 ;

79 2899 175 2963 merati,
196 2899 375 2967 impleuerant
393 2905 494 2969 septem
517 2901 585 2954 dies.
612 2900 645 2955 ln
671 2901 808 2956 comitatu
823 2913 928 2965 currus
982 2897 1071 2968 pretio
1095 2894 1215 2951 internae
1234 2891 1391 2948 devotionis
1404 2890 1541 2962 exigitur,
1559 2898 1591 2948 ut
1609 2898 1710 2947 contra
1728 2891 1830 2949 faciem

80 2984 212 3042 habetet
235 2987 356 3057 equites,
391 2988 460 3043 dum
491 2995 519 3044 et
544 2989 614 3045 alios
639 3003 690 3059 per
716 2988 881 3058 patientiam
899 2989 928 3043 in
982 2985 1120 3050 Manibre,
1148 2983 1174 3037 id
1196 2988 1248 3049 εει,
1269 2980 1305 3034 ad
1328 2978 1462 3035 subtilem
1493 2978 1671 3035 discretionis
1691 2978 1829 3051 cognitio-

80 3073 202 3130 modum
226 3088 331 3131 currus
354 3084 466 3145 portare
488 3077 551 3142 scit,
576 3085 604 3133 ct
630 3091 740 3147 equum
766 3078 929 3147 temporalis
983 3088 1047 3129 uem
1063 3072 1216 3142 dirigatur.
1239 3069 1336 3137 (Vens.
1360 3067 1782 3138 t4.t1tenersasqueesttaeepb
1800 3070 1830 3123 in

81 3161 182 3232 gloriae
205 3163 234 3218 in
265 3178 373 3219 morem
399 3169 471 3218 tao
496 3165 593 3221 militis
614 3179 712 3236 regere
735 3166 823 3221 novit.
845 3166 930 3221 Novit
982 3165 1129 3231 AEppptum
1152 3174 1212 3213 cum
1236 3156 1375 3224 tratribus
1398 3158 1457 3210 sais
1482 3161 1507 3210 ef
1530 3158 1603 3210 omiti
1621 3158 1762 3221 comitam.
1785 3171 1830 3210 ιθ·

79 3250 161 3306 enim
185 3234 310 3308 tolerans
325 3266 384 3308 non
409 3266 470 3308 esse
493 3253 651 3324 eoridignas
668 3253 811 3323 passiones
841 3255 931 3324 hujus
981 3254 1057 3320 petto
1081 3253 1170 3318 patre.
1200 3245 1260 3302 Etsi
1288 3243 1407 3314 spiritus
1433 3253 1528 3299 noster
1554 3258 1570 3299 a
1594 3244 1691 3300 saeculi
1717 3243 1831 3301 actibus

80 3339 219 3410 temporis
242 3339 278 3395 ad
301 3339 429 3396 futuram
455 3341 577 3412 gloriam
604 3343 688 3412 (uam.
723 3357 781 3403 tvu.
810 3342 863 3414 ta).
884 3344 929 3410 Et,
983 3339 1062 3409 apud
1082 3352 1112 3392 se
1143 3334 1340 3399 absconditur,
1366 3330 1830 3388 intellectualitatistamencum

80 3440 202 3498 sperare
223 3427 252 3482 in
275 3428 383 3484 incerto
406 3429 573 3486 divitiarum
589 3444 648 3485 non
671 3429 784 3498 debere,
808 3433 931 3501 hposto-
984 3423 1254 3483 caterisehat·itatis
1274 3420 1374 3476 matris
1400 3434 1544 3490 germana
1570 3418 1623 3474 sibi
1637 3419 1746 3489 junctis
1765 3419 1830 3475 feti-

81 3515 143 3573 lum
171 3515 319 3572 monuisse
348 3518 400 3573 scit
429 3518 455 3584 (l
485 3517 551 3572 Tim.
579 3533 616 3584 vr,
644 3520 694 3589 l7).
725 3518 784 3574 Tali
815 3519 931 3574 cuidam
985 3516 1049 3581 hus,
1072 3515 1109 3568 ad
1132 3513 1299 3582 AEgyptum,
1327 3507 1561 3574 recordationem,
1585 3507 1715 3565 videlicet
1736 3507 1831 3562 mndi-

81 3603 274 3661 clamahatur.
300 3605 402 3661 Curras
429 3606 517 3661 lsrael
537 3610 563 3659 et
580 3609 681 3674 euripo
704 3608 762 3674 eius
787 3608 838 3664 ιιι
860 3608 929 3673 Rep.
985 3602 1099 3659 tioualis
1113 3614 1174 3657 sua
1199 3595 1379 3669 ignorantiae,
1403 3603 1431 3650 et
1453 3594 1636 3650 obscuritatis
1656 3608 1770 3651 necesse
1788 3602 1831 3650 est

82 3708 112 3761 u,
132 3694 186 3760 lh).
205 3693 280 3748 Dum
295 3693 373 3748 enim
395 3706 446 3763 per
460 3694 629 3763 patientiam
655 3695 780 3764 seipsum
797 3709 861 3750 cum
879 3708 932 3750 sna
986 3697 1157 3748 revertatur.
1181 3687 1255 3742 sient
1270 3686 1383 3755 typicus
1398 3683 1485 3739 iacob
1510 3682 1545 3737 ad
1570 3690 1675 3739 terram
1693 3683 1831 3741 chanaan

82 3781 319 3852 concupiscentia
342 3780 440 3848 vineit,
463 3790 490 3837 et
508 3796 616 3853 equum
637 3782 784 3839 saecularis
807 3783 932 3839 lasciviae
985 3779 1119 3849 superius
1132 3791 1149 3832 a
1163 3773 1385 3846 cogitationibus
1410 3779 1583 3842 reportatur.
1598 3771 1678 3827 Unde
1694 3772 1832 3828 Dominus

82 3869 226 3940 reprimit,
244 3869 345 3938 purior
368 3869 412 3925 his
431 3870 584 3927 comitibus
602 3870 640 3926 ad
658 3870 796 3927 visionem
820 3870 933 3929 deitatis
985 3882 1037 3940 per
1056 3868 1179 3922 isaiam:
1207 3862 1348 3918 besceadtt
1373 3862 1490 3930 populas
1516 3874 1589 3913 meas
1618 3863 1648 3913 in
1670 3862 1830 3930 AEppptam,

82 3957 226 4025 aseendit,
246 3965 274 4013 et
290 3955 350 4027 jam
366 3971 424 4013 non
439 3958 560 4021 modica,
575 3958 624 4014 sed
644 3958 767 4030 insignis
790 3960 931 4016 virtutum
986 3963 1016 4011 at
1044 3957 1150 4011 coloreas
1179 3955 1246 4006 esset
1265 3952 1304 4004 ibt
1332 3948 1415 4016 (lsai.
1432 3962 1479 4015 cu,
1505 3947 1550 4017 t);
1574 3954 1602 4003 et
1630 3947 1736 4004 diceret
1764 3962 1831 4004 cum

83 4046 278 4103 numerositas
306 4047 345 4100 tlt.
371 4045 505 4101 iordanis
520 4046 626 4103 dieitur
650 4047 792 4102 descensus
820 4064 930 4116 eoram;
986 4043 1153 4099 Psalmista:
1171 4039 1323 4094 Hubttovit
1336 4052 1395 4090 cum
1405 4035 1593 4089 babitantibus
1608 4035 1702 4098 cedor,
1718 4035 1832 4091 mattam

85 4149 142 4191 non
160 4140 204 4189 est
228 4133 314 4190 turba
338 4135 461 4201 modica,
487 4148 576 4205 quam
604 4135 729 4205 prolecto
751 4136 932 4192 conrmendat
952 4140 973 4194 [ι
987 4133 1140 4198 incalescit
1155 4131 1315 4183 “limam
1329 4125 1414 4193 (PM
1431 4137 1507 4186 effla
1523 4121 1559 4193 5).

84 4221 236 4280 humilitas
261 4221 400 4286 maxima,
431 4221 502 4293 quia
533 4237 591 4293 quo
626 4223 774 4295 pulchrior
801 4231 844 4282 est
865 4240 932 4282 con-
1024 4221 1106 4276 Vsus.
1125 4219 1166 4280 l5,
1192 4218 1234 4275 lo,
1257 4218 1298 4268 ιι.
1319 4213 1425 4279 -ouo
1448 4215 1562 4276 mmtao,
1588 4213 1709 4265 timentes
1729 4211 1832 4275 tratres

83 4311 214 4377 scientia,
228 4308 309 4365 novit
320 4309 406 4380 juxta
429 4310 611 4380 Prophetam,
628 4319 655 4368 ct
678 4326 781 4369 sonum
797 4313 930 4383 nominis,

83 4412 152 4456 cum
167 4396 229 4455 suis
239 4396 352 4453 viribus
363 4397 533 4454 descendere
545 4398 575 4454 in
590 4399 692 4469 seipsa.

119 4486 213 4543 Trans
234 4486 386 4542 Jordanem
411 4499 480 4557 ergo
503 4500 570 4542 area
602 4487 658 4544 sita
680 4495 731 4556 est,
764 4488 834 4557 quia
854 4495 933 4558 post-

84 4587 209 4646 quama
228 4574 329 4630 mundi
350 4587 448 4632 amore
467 4581 496 4630 et
522 4576 633 4646 pompis
654 4576 718 4646 ejus
737 4576 824 4632 corda
846 4576 934 4645 depo-

85 4668 195 4729 nimus,
206 4669 235 4718 et
248 4663 284 4719 ad
297 4662 346 4718 bet
362 4663 530 4720 servitutem
543 4677 595 4719 nos
604 4671 631 4720 et
644 4672 741 4719 nostra
752 4663 932 4734 subjicimus,

84 4754 120 4810 ad
135 4765 236 4808 aream
253 4752 454 4809 intestinarum
470 4752 646 4822 passionum,
663 4751 711 4808 ubi
730 4751 851 4808 virtusa
865 4751 934 4806 vitio

86 4840 247 4899 tolerantiae
268 4838 375 4895 tribula
397 4839 562 4906 discutitur,
592 4841 832 4910 propinquamus.
847 4841 934 4895 Acce·

85 4931 151 4986 deas
173 4928 214 4983 ad
227 4931 311 4983 Deum
329 4933 372 4983 sto
395 4930 425 4982 iu
441 4929 554 4998 justitia
572 4933 597 4981 el
620 4931 732 4993 timore;
755 4932 780 4981 et
805 4943 935 4998 praeporo

86 5025 208 5074 mimam
246 5021 321 5071 tuom
350 5019 380 5071 ia
404 5019 550 5071 tertiatione
569 5017 658 5084 (Eccl.
684 5031 713 5083 ιι,
743 5017 777 5086 ll.
808 5016 842 5071 ln
868 5029 936 5072 area

86 5107 164 5165 enim
178 5105 339 5163 triticuma
356 5105 437 5176 palea
457 5105 574 5161 terendo
586 5105 766 5161 discernitur.
790 5105 830 5160 lbi
848 5104 936 5161 funus

86 5196 208 5268 planctu
242 5194 403 5250 vehementi
440 5193 612 5263 celebratur,
651 5194 722 5265 quia
756 5193 936 5251 mortificatio

87 5283 288 5341 membrorum
309 5294 397 5352 super
420 5289 526 5338 terrain
550 5281 682 5339 nonnisi
707 5294 837 5350 moerore,
857 5279 936 5351 qnod

87 5371 169 5429 nullo
186 5368 372 5442 praesentium
400 5368 508 5441 gaudio
530 5369 613 5426 leniri
640 5370 738 5440 possit,
763 5369 935 5440 aequiritur,

987 4308 1055 4380 ejus,
1067 4313 1091 4361 el
1114 4310 1205 4361 mutuo
1226 4302 1420 4372 colloquentes:
1441 4302 1479 4356 Ne
1497 4302 1568 4366 forle
1587 4315 1687 4353 mernor
1705 4301 1742 4353 sit
1761 4297 1853 4366 qvod.

986 4400 1109 4466 lecimus,
1125 4392 1322 4447 mttrrdoeerrott
1332 4391 1375 4443 ei:
1392 4390 1480 4455 Pater,
1494 4387 1641 4458 inquiunt,
1657 4392 1719 4440 taus
1730 4400 1833 4455 prace-

986 4489 1032 4558 pit
1046 4485 1122 4538 nobis
1136 4486 1283 4549 antequam
1295 4482 1454 4541 moreretur,
1475 4480 1504 4529 uf
1519 4476 1573 4529 bac
1590 4474 1640 4527 ttbt
1652 4473 1742 4528 ambis
1757 4475 1833 4528 illius

988 4575 1137 4630 diceremus
1151 4587 1158 4625 ε
1171 4569 1283 4626 Obsecro
1297 4573 1328 4621 ut
1342 4566 1512 4620 obliviscaris
1523 4563 1629 4617 sceleris
1639 4564 1760 4628 fratrum
1773 4567 1832 4616 tuo-

987 4679 1058 4729 rum,
1074 4666 1100 4716 et
1111 4661 1216 4729 peccati
1233 4662 1316 4728 atquc
1330 4655 1442 4710 malitia
1460 4667 1542 4721 quum
1562 4653 1738 4704 eaercaerurtl
1753 4651 1782 4704 in
1797 4655 1831 4704 te.

988 4752 1143 4820 Postquam
1153 4746 1255 4802 mundi
1265 4745 1378 4800 astutiae
1388 4741 1506 4811 spiritus
1517 4748 1611 4794 noster
1621 4737 1770 4806 emoritur,
1782 4738 1836 4795 fra-

990 4840 1090 4896 tresde
1106 4835 1214 4907 injuria
1229 4847 1317 4904 quam
1340 4830 1502 4887 intulerunt
1526 4829 1637 4892 timent,
1653 4827 1724 4898 qnia
1738 4828 1834 4885 virtu·

988 4936 1030 4985 tes
1053 4926 1087 4981 de
1107 4924 1204 4980 nunus
1228 4922 1329 4979 idonea
1355 4918 1507 4975 stabilitate
1525 4931 1559 4972 ac
1582 4915 1725 4973 munditia
1748 4930 1836 4987 penes

990 5013 1151 5070 intellectus
1172 5009 1373 5066 excellentiam
1395 5005 1562 5063 erubescere
1585 5004 1685 5072 solent,
1705 5011 1732 5060 ει
1747 5018 1783 5061 ne
1798 5005 1835 5061 ab

990 5103 1052 5173 ejus
1067 5102 1160 5172 gratia
1177 5097 1325 5168 poeualiter
1349 5094 1481 5150 decidant
1507 5093 1537 5148 in
1555 5093 1636 5158 vitia,
1659 5106 1717 5147 non
1732 5091 1836 5149 imma-

992 5190 1046 5247 rito
1071 5187 1222 5259 trepidant.
1252 5187 1293 5240 Ae
1315 5184 1339 5239 si
1372 5181 1515 5238 dicerent:
1548 5177 1712 5252 Spiritnalis
1734 5180 1835 5247 virtus,

991 5293 1028 5335 ex
1055 5291 1114 5348 qua
1129 5289 1191 5332 esse
1204 5273 1301 5340 habes,
1322 5273 1391 5327 dum
1416 5269 1445 5325 iu
1461 5268 1661 5326 mortificando
1679 5281 1767 5337 super
1780 5276 1836 5323 ter·

993 5380 1054 5422 ram
1073 5363 1202 5419 membra
1228 5360 1338 5416 laborat
1363 5359 1398 5413 ad
1423 5371 1512 5428 quam
1537 5355 1711 5414 universitas
1733 5353 1838 5410 interni
