3818 6008
70 287 74 292 ι
103 214 149 267 elil
546 209 577 266 V.
598 208 764 266 curabam
785 211 930 266 lustris
949 211 977 266 S.
999 210 1118 267 lllhlm
1139 212 1183 268 bb
1205 210 1402 268 bellonime
1806 217 1855 271 892

104 343 215 414 aliquot
238 349 413 399 commorata
429 340 529 397 luisset
552 339 672 408 ibidem,
683 338 810 410 quadam
824 339 869 397 dle
889 346 951 397 tra·
961 344 992 400 Ἀ
1006 341 1056 410 ait,
1070 341 1099 396 in
1114 354 1268 398 occursum
1279 340 1428 410 venientis,
1443 356 1590 413 nusquam
1604 344 1709 401 dextra
1725 345 1855 418 levaque

104 439 150 488 eta
164 434 239 488 esta
264 429 433 501 parentibus
454 430 490 485 ad
514 428 615 485 altare.
630 429 682 486 Cui
706 442 773 483 cum
797 427 949 494 assisteret,
1004 429 1168 500 respiciens,
1183 430 1224 486 nil
1242 431 1378 487 verearis.
1395 430 1522 489 Credidit
1543 432 1650 488 femina
1665 441 1693 490 ct
1708 435 1852 504 prooessit.

105 527 209 576 retorto
236 519 272 574 ad
299 518 418 574 chorum
449 517 543 588 capite
571 517 650 573 videt
673 529 776 587 pueros
795 516 952 573 monachos
1005 519 1055 575 llle
1080 533 1147 576 vero
1174 519 1301 576 substitit
1324 519 1352 576 ln
1374 519 1455 587 ostio,
1482 527 1511 578 et
1533 529 1717 592 praecantans
1742 525 1768 579 ei
1792 538 1856 593 qua

106 616 167 679 post
182 622 211 663 se
227 613 343 675 stantes,
359 613 387 662 et
400 606 441 662 ait
457 622 462 661 :
480 628 492 656 ‹
508 605 601 673 Quam
614 605 759 676 pulchros,
772 605 848 660 Deus
859 619 950 673 meus,
1005 609 1152 676 didicerat,
1178 610 1208 665 in
1227 622 1328 666 canem
1351 623 1414 665 eam
1439 611 1578 667 convertit
1601 612 1854 668 immanissimum.

102 693 291 766 juvenculosl
308 695 357 750 sed
371 702 413 751 est
429 694 503 751 inter
524 693 586 750 illos
601 708 678 750 unus
692 693 743 764 qul
765 706 952 764 nequaquam
1005 698 1155 766 Quacum
1174 698 1305 755 redeunti
1320 699 1462 755 monacho
1478 700 1702 771 propinquasset
1718 716 1725 754 ε
1744 721 1759 750 «
1774 698 1855 756 flaui

104 783 145 839 eis
171 782 337 839 cohabitare
362 782 487 840 deberet.
520 780 610 849 »Quo
634 780 733 837 audito
757 780 842 837 valde
858 781 952 838 mirati
1006 787 1111 858 inquit,
1128 788 1205 843 unde
1230 794 1327 843 tantus
1348 789 1429 843 canis
1443 787 1576 844 advenit?
1592 808 1607 837 a
1621 793 1694 844 aaa
1721 789 1777 845 illa
1792 802 1857 845 vom

105 884 217 939 sumus,
250 884 390 941 quorsum
423 869 487 926 talis
519 868 658 926 sententia
691 875 872 938 respectaret.
896 868 954 925 Nec
1006 876 1132 933 multum
1157 873 1306 945 pavefacta
1328 874 1503 946 pertransiit,
1530 882 1644 933 tantum
1663 891 1700 934 ex
1720 891 1756 935 eo
1770 878 1859 934 verbo

105 972 187 1015 mora
203 959 322 1030 quidam
335 974 372 1016 ex
387 959 457 1030 ipsis
475 958 544 1030 fugo
558 957 693 1026 elabitur,
709 966 737 1014 et
749 957 824 1014 inter
836 955 952 1028 fugien·
1006 965 1061 1021 sup
1078 978 1136 1035 qua
1146 964 1239 1034 specie
1252 963 1397 1030 evasisset,
1413 965 1541 1035 agnovit.
1557 965 1717 1022 Monachus
1732 966 1859 1037 denique

106 1047 176 1104 dum
208 1062 299 1119 prava
333 1049 396 1120 ejus
429 1048 488 1104 vita
520 1046 667 1104 moriendo
686 1045 798 1103 deserta
817 1045 955 1116 religione
1005 1058 1034 1107 et
1055 1051 1116 1121 ipse
1138 1051 1257 1108 domum
1283 1052 1402 1108 veniens
1426 1053 1624 1123 rogitatunde
1653 1062 1713 1111 tam
1738 1053 1859 1110 insolitae

106 1136 258 1208 detegitur.
1007 1139 1216 1211 magnitudinis
1238 1142 1318 1197 canis
1333 1143 1489 1198 emerserit.
1507 1162 1522 1191 o
1537 1141 1631 1199 Vicini
1647 1142 1758 1213 inquit,
1784 1143 1860 1199 illius

407 1259 523 1319 CAPUT
547 1258 651 1316 XXVI·
1008 1229 1098 1285 nostri
1112 1236 1163 1285 est.
1177 1228 1279 1285 Nonne
1295 1244 1363 1286 eum
1373 1230 1434 1301 jam
1449 1230 1560 1287 dudum
1577 1231 1671 1287 nosti?
1689 1253 1699 1280 »
1719 1232 1768 1287 Sic
1782 1232 1860 1288 siluit

736 1367 740 1376 .
1008 1317 1078 1374 dum
1095 1332 1162 1374 vera
1175 1325 1266 1388 putat.
1285 1319 1341 1375 bfo
1355 1319 1444 1391 igitur
1457 1319 1518 1375 sine
1541 1320 1597 1376 Dec
1612 1319 1725 1387 vivens,
1743 1321 1860 1377 demum

142 1405 189 1460 Ad
203 1406 345 1473 sortilegio
366 1403 535 1458 addiscenda
557 1404 647 1457 Solon
667 1401 792 1458 admittit
811 1403 954 1471 neminem,
1009 1407 1091 1478 gravi
1118 1407 1227 1475 morbo,
1254 1408 1309 1463 Deo
1331 1407 1514 1477 propitiante,
1539 1411 1709 1478 percutitur,
1735 1416 1774 1472 et,
1795 1408 1860 1464 velit

107 1495 164 1548 aist'
176 1496 256 1563 prius
279 1493 444 1550 Christiana>
456 1494 622 1562 professioni
634 1492 815 1546 abrmtunlief·
832 1521 866 1530 -
879 1490 955 1558 Quo·
1009 1495 1089 1563 nolit,
1107 1496 1185 1567 quod
1200 1502 1325 1568 gesserat
1346 1497 1507 1553 confitetur.
1529 1497 1584 1554 llcs
1599 1496 1797 1567 adjudicium
1813 1509 1860 1551 sa·

108 1581 186 1637 niam
202 1581 236 1638 de
259 1580 439 1638 damonibus
461 1594 545 1653 agere
560 1582 709 1650 coepimus,
734 1580 869 1650 quaedam
883 1579 955 1636 sub-
1009 1584 1159 1655 pientlum,
1175 1591 1202 1641 et
1216 1585 1343 1641 maxime
1358 1583 1484 1641 anselmi
1500 1584 1719 1641 santuariensis
1734 1591 1858 1654 poslme

108 1677 220 1727 nectere
244 1669 379 1726 idoneum
403 1669 581 1741 judicamus,
613 1681 739 1739 quorum
770 1667 901 1739 exemplo
928 1676 956 1725 et
975 1650 1078 1730 B(lum
1106 1674 1323 1744 archiepiscopi,
1350 1680 1419 1730 tunc
1435 1673 1582 1730 Bcccensis
1603 1673 1729 1742 abbatis,
1755 1687 1860 1743 proro-

107 1773 208 1815 eorum
237 1759 364 1826 oracula,
397 1772 555 1829 eorumque
584 1758 634 1828 qui
662 1756 704 1812 eis
732 1756 957 1813 confabulantur
1009 1770 1102 1829 catur,
1124 1769 1151 1819 et
1174 1762 1228 1820 sub
1259 1763 1323 1834 ejus
1352 1762 1531 1832 potissimum
1557 1776 1691 1830 censura,
1721 1761 1761 1818 ab
1784 1759 1858 1817 omni
1901 1774 1903 1799 ;

108 1847 227 1904 consilia
251 1847 341 1904 vitare
369 1848 520 1918 possimus.
555 1845 705 1902 Neminem
731 1845 808 1901 enlm
838 1846 874 1901 ad
902 1858 956 1902 sua
1010 1851 1175 1907 divinorum
1191 1851 1393 1922 mysteriorum
1416 1851 1572 1908 ministerio
1587 1865 1689 1908 eornm
1705 1849 1859 1922 spurcissi-

108 1936 249 1993 malelicia
281 1936 453 1993 addiscenda
483 1933 649 2002 admittunt,
670 1933 727 1989 nisi
759 1934 957 2005 quamtotius
1010 1955 1075 1996 mus
1099 1939 1265 2010 profanator
1279 1939 1425 2010 abjicitur.
1444 1941 1551 2011 inqua
1565 1947 1662 1996 tamen
1681 1940 1859 1997 abstentione

108 2039 168 2081 suae
196 2024 421 2081 Christianitatis
444 2023 552 2081 bonore
575 2022 734 2080 detestabili
756 2023 884 2093 primum
907 2036 956 2078 sa·
1009 2029 1127 2100 positus,
1145 2042 1297 2099 nunquam
1319 2028 1356 2084 ab
1370 2028 1435 2099 eJ'us
1449 2027 1546 2084 animo
1563 2028 1726 2085 oblitterari
1741 2035 1858 2099 poterat,

109 2114 225 2186 crilegio
245 2120 369 2171 exuunt.
396 2115 428 2169 ln
443 2113 569 2185 quodam
591 2111 682 2169 nobili
704 2111 877 2169 monasterio
892 2126 957 2168 mo-
1010 2117 1082 2187 quin
1106 2116 1202 2173 adhuc
1226 2116 1344 2173 futurus
1366 2123 1440 2173 esset
1469 2116 1630 2186 episcopus.
1655 2115 1753 2184 Quam
1785 2129 1861 2186 spem

109 2203 221 2260 nachus
239 2203 359 2274 quidam
383 2203 420 2259 ab
448 2202 566 2259 ineunte
591 2208 674 2259 aetate
699 2201 828 2258 nutritus
851 2201 955 2270 fuerat,
1010 2205 1129 2261 indubie
1153 2213 1300 2275 acceperat
1316 2218 1334 2261 a
1348 2203 1540 2267 damonibus,
1557 2219 1669 2276 semper
1682 2205 1814 2276 quidem,
1836 2212 1861 2261 et

109 2295 386 2365 grammaticamque
414 2291 624 2363 aliquantisper
657 2289 811 2364 attigerat3
836 2292 888 2363 qui
920 2291 957 2347 ad
1010 2293 1057 2349 hic
1072 2292 1399 2364 quoquemendacibus,
1416 2292 1565 2363 quiaante
1580 2306 1860 2364 paucosannosnon

108 2380 210 2438 cellam
229 2380 354 2438 ecclesiae
378 2381 598 2452 appendicema
621 2395 674 2438 suo
693 2381 798 2438 abbate
819 2381 955 2448 directus,
1010 2383 1094 2439 modo
1124 2381 1218 2456 [uon]
1248 2382 1387 2453 pontifex,
1410 2381 1459 2438 sod
1483 2382 1513 2438 in
1538 2391 1680 2438 aetarnum
1704 2381 1861 2452 expresby-

109 2484 176 2527 cum
208 2470 278 2528 inibi
310 2478 485 2539 moraretur,
517 2469 545 2526 iu
579 2470 714 2526 morbum
741 2469 851 2538 incidit,
872 2470 957 2540 cujus
1011 2477 1105 2527 teresi
1119 2469 1283 2527 defunctus.

109 2572 197 2616 causa
208 2574 276 2616 cum
286 2559 385 2617 Judaeo
395 2558 532 2630 quodam,
545 2573 636 2630 gnaro
646 2559 806 2625 medicinae,
820 2558 958 2629 loquendi
1046 2561 1164 2617 clericae
1190 2560 1334 2615 meacm
1349 2574 1428 2628 quem
1450 2559 1621 2614 consulturus
1645 2558 1770 2623 adierat,
1789 2561 1862 2614 ioca

110 2647 184 2704 malo
208 2662 261 2704 suo
284 2648 460 2704 occasionem
485 2647 617 2717 sumpsit.
643 2648 687 2703 Ex
701 2655 805 2704 mutua
828 2662 895 2720 ergo
914 2646 956 2703 fa·
1010 2655 1071 2705 coto
1094 2650 1190 2704 lfcria
1221 2651 1337 2714 nomiae,
1365 2651 1457 2717 scoot.
1490 2679 1524 2688 -
1546 2649 1681 2705 Alteram
1707 2648 1860 2718 cujusdam
1901 2654 1903 2664 '

109 2734 273 2792 miliaritate
298 2743 443 2793 sumentes
472 2736 634 2804 audaciam,
659 2751 713 2793 sua
733 2736 788 2793 sibi
814 2737 958 2808 incipiunt
1011 2738 1136 2805 initium,
1157 2737 1206 2794 sed
1226 2737 1335 2793 meliori
1351 2737 1408 2793 stne
1427 2736 1607 2794 conclusum.
1636 2735 1763 2803 Quidam
1786 2737 1863 2793 cleri

110 2824 240 2881 revelare
261 2824 406 2895 mysteria.
424 2826 526 2896 ltaque
549 2825 675 2882 sentiens
689 2827 849 2882 monachus
865 2825 957 2882 mala·
1011 2840 1063 2882 cus
1078 2825 1108 2880 in
1121 2825 1286 2882 Beiraccnsi
1300 2839 1374 2897 pago
1389 2825 1546 2897 scriptandi
1556 2832 1619 2882 arte
1632 2825 1765 2894 vivebat,
1780 2840 1862 2897 quem

111 2926 176 2969 rum
192 2913 299 2971 artium
314 2915 446 2971 curiosus
459 2914 592 2971 Judaeum
613 2914 752 2972 maleficia
768 2929 859 2984 nosse,
878 2915 955 2972 mul·
975 2920 1039 3007 Cet
1057 2926 1109 2983 ego
1134 2927 1272 2969 noveram
1306 2915 1383 2983 (narn
1408 2913 1533 2970 Flaviaci
1555 2914 1584 2970 iu
1610 2914 1665 2970 hoc
1698 2914 1761 2984 ipso
1784 2927 1863 2985 opere
1898 2916 1901 2957 l

111 3010 173 3058 tum
195 3002 219 3059 ei
244 3003 354 3059 institit.
381 3004 510 3061 Assensit
530 3004 658 3072 iudans,
675 3011 703 3060 et
727 3011 909 3075 sequestrum
930 3004 956 3061 ei
1012 3002 1172 3058 conductus
1194 3001 1410 3074 laboraverat);
1435 3001 1485 3072 qui
1508 3003 1691 3072 postmodum
1718 3002 1799 3073 apnd
1819 3016 1863 3058 ca·
1896 2974 1900 3035 Ι

110 3091 186 3161 apud
203 3090 348 3147 diabolum
371 3107 402 3149 se
418 3092 550 3149 futurum
571 3091 731 3163 pollicetur.
748 3092 891 3150 Statuitur
914 3093 959 3149 lo·
1011 3097 1103 3146 etrum
1120 3090 1269 3147 britoilum
1286 3104 1354 3147 cum
1368 3090 1457 3146 altero
1471 3090 1599 3147 malefico
1613 3090 1750 3148 fabulam
1760 3093 1862 3149 babens

110 3194 163 3237 cus
181 3180 376 3252 colloquiique
390 3181 458 3238 dies.
484 3181 610 3238 Tandem
625 3196 658 3238 eo
675 3181 829 3238 mediatore
849 3182 960 3238 sistitur
1012 3177 1124 3243 clerico,
1138 3178 1194 3235 tale
1210 3178 1280 3250 quid
1290 3178 1417 3235 audivit:
1433 3178 1459 3234 Si
1471 3179 1595 3250 quaestui
1606 3179 1679 3236 mibi
1688 3186 1776 3250 esset,
1786 3181 1861 3253 qnid·

111 3274 178 3324 ante
200 3268 363 3336 diabolum
379 3271 447 3340 petit
471 3284 501 3326 se
513 3271 649 3327 doctrinae
673 3271 762 3343 hujus
781 3285 813 3327 eo
829 3271 891 3328 fieri
906 3285 958 3328 au·
1012 3266 1079 3322 dam
1091 3274 1117 3323 te
1130 3267 1271 3336 docerem,
1288 3267 1366 3339 quod
1388 3281 1454 3323 eum
1467 3267 1585 3332 faceres,
1605 3266 1791 3336 quotidiana,
1807 3264 1860 3319 sine

112 3365 189 3414 olore
208 3357 385 3430 participem.
403 3358 498 3416 Refert
519 3373 624 3430 praeses
640 3358 845 3417 illenefandus
865 3360 958 3417 neuti-
1013 3355 1074 3411 ulla
1106 3355 1356 3413 administratione
1388 3354 1523 3422 hominis,
1561 3355 1755 3425 pecuniarum
1792 3353 1860 3410 dona

111 3460 200 3518 quam
226 3447 280 3503 hoc
305 3448 377 3517 fleri,
400 3448 452 3504 nisi
477 3448 691 3506 christianitate
713 3457 817 3521 negata
841 3449 896 3505 sibi
911 3463 961 3505 sa-
1013 3444 1183 3515 perciperes.
1209 3444 1317 3513 Quaerit
1332 3444 1378 3501 ille
1393 3444 1463 3515 quid
1487 3443 1561 3500 facto
1575 3458 1649 3514 opus
1667 3451 1754 3500 esset.
1780 3442 1861 3499 infert

111 3536 253 3593 orificium
294 3536 449 3594 deferatur.
490 3538 653 3610 interrogat
686 3537 733 3594 ille
765 3537 853 3609 quod.
880 3537 961 3605 Quod
1013 3533 1162 3590 maleficus
1188 3533 1258 3604 quia
1284 3533 1340 3589 civi
1372 3532 1561 3595 infernorum,
1596 3532 1708 3590 scilicet
1741 3531 1860 3598 diabolo,

111 3625 308 3682 delectabilius
334 3626 430 3683 estin
460 3627 584 3684 bomine.
615 3627 697 3694 Quod
725 3626 819 3684 illud‘l
844 3626 961 3697 Sperma
1013 3622 1156 3679 litandum
1188 3622 1244 3679 sibi
1263 3622 1345 3678 foret.
1377 3620 1449 3689 Qua,
1472 3621 1577 3692 inquit,
1605 3622 1750 3677 victima?
1776 3620 1861 3687 Gallo,

1887 254 1895 331 l

113 3711 227 3781 libabis,
242 3713 304 3781 alt,
322 3713 512 3784 tuum;quod
526 3728 592 3769 cum
613 3712 683 3769 mihi
700 3712 871 3783 profuderis,
895 3711 961 3768 inde
1013 3711 1119 3782 inquit,
1153 3712 1193 3768 ita
1225 3718 1259 3768 ut
1281 3725 1380 3777 ovum,
1406 3711 1441 3766 de
1471 3725 1529 3780 quo
1552 3717 1709 3767 concretus
1739 3716 1794 3776 est,
1822 3708 1865 3764 die

112 3801 190 3871 quod
206 3802 438 3859 sacrificantibus
459 3809 502 3858 cst
517 3802 644 3859 debiturn
669 3799 868 3872 praegustabis.
887 3800 961 3857 Proh
1013 3800 1093 3859 iovis
1118 3800 1147 3856 in
1178 3814 1276 3857 meuse
1308 3799 1412 3856 Martio
1443 3812 1461 3855 a
1493 3799 1602 3870 gallina
1629 3805 1741 3855 constet
1758 3796 1865 3868 expssi

112 3890 222 3945 scelusl
248 3889 322 3944 Proh
347 3887 457 3960 pudorl
484 3891 519 3947 Et
535 3889 659 3960 isaquo
684 3889 745 3945 baec
768 3889 962 3960 exigebantur
1015 3897 1087 3947 tum.
1107 3890 1191 3946 liunc
1216 3903 1284 3959 ergo
1302 3895 1455 3959 postquam
1472 3887 1621 3955 torrueris,
1643 3886 1674 3943 in
1701 3887 1764 3956 ipso
1779 3885 1866 3942 noctis

112 3984 174 4034 erat
197 3980 351 4049 presbyter.
377 3979 413 4035 Et
428 3978 488 4034 haeo
502 3977 538 4034 ad
564 3978 605 4034 tui
621 3977 730 4034 ordinis
751 3984 778 4033 et
794 3984 850 4033 tuae
875 3976 961 4033 bene·
1016 3977 1154 4049 principio
1177 3984 1272 4033 tecum
1292 3991 1419 4043 sumens,
1436 3975 1479 4032 uti
1496 3983 1587 4032 tostus
1604 3981 1657 4043 est,
1680 3988 1757 4031 veru
1773 3973 1866 4030 adhuc

113 4063 196 4120 dictae
220 4065 318 4122 hostiae
342 4065 512 4138 sacrilegam
527 4066 717 4138 ignominiam
742 4064 807 4122 fecit
829 4072 897 4122 tirus
911 4079 962 4120 an·
1015 4066 1040 4124 ei
1055 4067 1158 4134 intuso,
1174 4067 1210 4122 ad
1225 4066 1390 4137 proximum
1408 4064 1552 4121 vivarium
1570 4077 1687 4120 mecum
1702 4063 1770 4118 ibis.
1784 4062 1866 4131 Quid-

115 4152 215 4222 tiquus
237 4152 337 4222 bostis,
354 4154 483 4211 Domine.
499 4154 540 4211 Ne
552 4155 648 4221 sileas,
664 4168 760 4225 neque
773 4151 964 4224 compescaris
1015 4154 1086 4225 quid
1110 4161 1205 4210 autern
1220 4154 1260 4210 ibi
1284 4153 1391 4219 rideas,
1407 4152 1519 4219 audias,
1542 4151 1660 4217 sentias,
1679 4165 1740 4208 non
1763 4151 1864 4210 Deum

114 4240 372 4310 acindicta,1)eus
393 4243 480 4311 (Paci.
496 4259 595 4310 nxxrn,
611 4244 652 4313 a).
667 4241 740 4310 Quid
754 4240 872 4297 dicam?
885 4239 961 4307 Quo·
981 4252 1074 4307 pnon
1102 4243 1214 4299 beatam
1244 4242 1376 4306 blariarn,
1406 4255 1464 4297 nou
1491 4241 1566 4297 ullos
1589 4247 1707 4296 sanctos
1733 4239 1866 4296 invocare

113 4329 198 4386 modo
226 4329 346 4409 dicam?
374 4331 449 4388 Fecit
472 4332 549 4403 quod
572 4331 722 4402 petebatur
746 4329 855 4395 infelix,
871 4344 958 4400 quem
1013 4346 1180 4403 praesumas.
1199 4333 1286 4398 Faxo,
1304 4330 1409 4401 inquit.
1426 4329 1556 4387 Mirabile
1570 4328 1680 4385 lactum
1692 4327 1759 4385 lhd
1776 4327 1866 4385 locum

114 4425 155 4485 tu,
172 4434 188 4474 o
203 4418 314 4476 utinam
333 4419 370 4477 ad
386 4421 516 4491 tempus!
533 4420 710 4477 deserueras.
725 4419 877 4489 fititaque
892 4433 959 4476 cunt
1013 4436 1081 4493 ergo
1096 4428 1183 4477 noctu
1208 4419 1338 4487 veniunt,
1364 4427 1392 4476 et
1408 4419 1528 4476 hostiam
1555 4417 1604 4474 tali
1630 4419 1687 4474 [teo
1707 4430 1866 4488 congruam

114 4507 242 4565 horribili
264 4508 419 4565 libamento
434 4523 521 4579 super
535 4508 601 4565 fidei
624 4507 798 4579 relegatione
812 4507 958 4578 professio.
1014 4523 1112 4568 secum
1140 4509 1245 4565 ferunt.
1279 4507 1411 4578 Cumque
1434 4506 1480 4563 ille
1504 4521 1541 4563 ex
1564 4505 1683 4563 nornine
1708 4505 1868 4562 invocasset

113 4596 190 4665 Quas
210 4605 306 4655 autem
326 4605 401 4655 artes
419 4597 587 4655 exsecrabili
609 4598 663 4655 hoc
680 4597 866 4655 mercimonio
879 4611 960 4654 com-
1013 4597 1199 4665 daemonium,
1215 4603 1243 4652 ct
1256 4608 1365 4666 pravus
1383 4594 1430 4651 ille
1445 4592 1605 4664 discipulus
1621 4600 1732 4650 teneret
1746 4592 1867 4665 gallum,

114 4686 224 4758 pararit
237 4687 312 4744 iacto
327 4687 506 4744 notificemus
521 4687 550 4743 in
566 4701 624 4742 uno
641 4701 648 4742 ε
1014 4688 1150 4745 suscitato
1173 4685 1289 4743 turbine
1318 4683 1429 4741 daemon
1446 4683 1547 4752 astitit,
1571 4681 1684 4754 gallum
1706 4682 1763 4739 sibi
1785 4682 1867 4739 corri-

151 4776 246 4831 Mulier
259 4779 289 4831 ia
310 4792 402 4831 canem
426 4778 598 4831 convertitur.
615 4803 652 4817 —
672 4775 832 4843 Quamdam
854 4774 960 4847 cogniti
1015 4775 1087 4846 pult,
1103 4773 1260 4831 exterritus
1275 4772 1322 4829 ille
1337 4772 1387 4843 qui
1403 4772 1574 4838 ducebatur,
1590 4778 1724 4828 sanctam
1750 4771 1866 4828 llariam

114 4864 227 4934 generis
254 4865 425 4921 monacham
451 4863 594 4935 colloquio
615 4879 667 4921 suo
693 4871 867 4921 assueverat.
893 4865 963 4920 Erat
1016 4863 1193 4920 inclamavit.
1216 4861 1306 4933 Cujus
1319 4860 1440 4930 potentis
1456 4858 1584 4915 Dominae
1598 4857 1702 4915 audito
1716 4857 1768 4915 ille
1782 4856 1868 4915 nomi·

114 4959 211 5008 autem
242 4951 273 5008 in
295 4952 400 5009 cellula
430 4966 625 5018 commanens,
651 4967 710 5009 uno
728 4960 843 5009 tantum
873 4950 962 5008 sodali
1016 4961 1052 5004 ne
1068 4962 1133 5004 oum
1150 4945 1225 5017 gallo
1237 4959 1290 5001 suo
1307 4944 1431 5015 aufugit,
1449 4943 1488 4999 ita
1500 4949 1533 4999 ut
1546 4942 1681 4999 eumdem
1698 4941 1804 5000 efferre
1816 4953 1867 4998 non

114 5041 266 5111 monacho,
294 5041 345 5112 qui
376 5041 494 5113 quidem
519 5042 662 5099 exteriora
686 5041 815 5105 curabat,
836 5041 859 5097 is
886 5040 962 5097 domi
1017 5037 1172 5101 sufficeret,
1189 5034 1236 5091 sed
1260 5047 1327 5089 eum
1344 5033 1374 5088 iu
1397 5032 1523 5103 quadam
1548 5030 1655 5088 vivarii
1680 5029 1867 5102 insulaquis

114 5130 238 5187 vacabat
258 5129 381 5201 ineptiis.
407 5131 458 5188 Die
471 5145 540 5202 ergo
561 5131 690 5202 quadam
712 5144 764 5187 suo
777 5144 843 5186 cum
865 5136 965 5187 contu·
1019 5126 1095 5196 piam
1117 5125 1152 5181 de
1174 5123 1369 5195 piscatoribus
1392 5121 1527 5192 postridie
1541 5120 1735 5190 reperiret.0
1762 5120 1868 5192 regium

116 5217 227 5274 borcali
242 5231 259 5273 a
273 5222 389 5291 negotio
404 5217 782 5286 redeuntedomisedebant,
799 5232 885 5289 quem
898 5234 964 5275 eum
1019 5221 1047 5270 et
1069 5213 1152 5270 dolce
1177 5211 1233 5268 tuis
1249 5225 1363 5278 nomen,
1390 5210 1527 5281 malignis
1553 5208 1688 5279 partibus
1711 5209 1756 5265 sic
1769 5221 1869 5279 paren

116 5317 200 5374 porro
224 5306 372 5375 vicissem,
400 5308 604 5365 divorticulum
630 5307 743 5364 milliari
774 5321 832 5362 non
861 5308 963 5377 patuit,
1019 5300 1384 5360 dumllratusestautem
1401 5298 1549 5356 maleficus
1564 5297 1708 5354 adversus
1724 5297 1867 5360 clericum.

118 5391 166 5446 sed
181 5392 276 5449 exitus
290 5394 354 5465 ejus
376 5395 500 5453 reditum
524 5395 658 5453 monachi
673 5393 845 5452 offendebat.
869 5396 966 5466 Trepi·
1020 5405 1074 5447 cur
1086 5394 1194 5447 tantam
1211 5390 1266 5447 sub
1287 5389 1336 5445 tali
1352 5388 1467 5460 negotio
1483 5387 1621 5444 feminam
1645 5385 1819 5443 invocasset.
1838 5383 1869 5439 lt

117 5476 183 5532 dam
204 5477 302 5549 itaque
326 5495 419 5539 novus
436 5483 597 5540 incantator
622 5483 736 5539 intuens
750 5481 868 5548 sociam,
882 5483 965 5552 vade,
1022 5481 1069 5537 ille
1094 5478 1259 5550 poenitentla
1273 5484 1355 5536 actus
1375 5476 1422 5549 (θ’)
1438 5476 1475 5534 ad
1490 5476 1653 5533 lisiardum
1673 5475 1868 5534 belvacensem
