3818 6008
546 255 576 308 t.
596 252 761 308 colonati
779 251 925 309 nostris
943 252 971 308 S.
991 253 1109 309 MARIAE
1127 250 1172 308 DE
1190 250 1385 308 notificato
1782 253 1836 304 272

87 388 219 447 dinnlur.
247 387 387 457 Quidquid
407 386 446 454 m,
471 387 520 440 sub
541 388 602 455 ipso
618 395 670 451 est,
697 385 767 456 quia
788 385 931 456 quidquid
952 386 1058 457 nortia
1086 389 1179 444 solnm
1208 388 1326 443 meliora
1354 386 1470 457 gerendi
1498 386 1682 452 desiderium,
1707 385 1836 442 deiectus

85 478 266 533 extrinsecus
288 473 518 540 administratur,
541 473 595 528 sub
618 472 737 529 rationis
753 473 933 542 providentia
986 489 1085 532 corum
1101 476 1201 542 reficit,
1217 485 1244 532 et
1260 478 1388 531 innovat.

85 575 137 620 cst.
151 566 186 620 Et
200 580 267 620 cum
285 564 383 619 omnia
398 562 549 617 contradat
574 561 675 616 intima
699 575 752 617 sua
776 561 811 616 ad
837 562 932 630 proie—
1023 563 1113 619 Vnus.
1140 570 1165 618 5.
1189 594 1223 603 —
1240 565 1421 632 Aliquantum
1443 565 1569 631 temporis
1594 565 1722 630 nacerat,
1746 568 1772 616 et
1792 565 1835 616 illi

85 662 149 708 ctus
161 652 299 715 studium,
316 665 372 706 non
390 651 470 705 novit
484 649 611 721 proiecto
626 649 734 718 aliquid
752 657 854 718 practer
870 651 932 704 vir·
986 654 1015 705 in
1044 652 1168 706 custodia
1187 652 1355 706 tenebamur.
1393 651 1575 719 Videruntqne
1595 650 1672 704 ambo
1696 654 1829 704 sominium

85 743 155 795 tulis
183 745 383 810 augmentum.
413 740 541 817 Dominus
562 740 632 792 enim
653 745 695 793 est
725 752 785 792 cum
816 738 873 800 illo,
903 737 931 792 in
985 744 1060 793 nocte
1091 756 1157 804 tina,
1188 741 1273 809 jueta
1307 741 1555 808 interpretationem
1589 754 1737 806 cortgrtcom
1768 741 1832 794 siti.

84 827 249 882 infirmitate
283 826 417 881 virtulem
452 823 592 892 iaciendo,
617 832 644 880 et
680 838 729 895 pet
761 824 933 881 mutationes
987 829 1124 897 Temporis
1144 829 1401 898 ssuitaliquonlum,
1426 842 1491 883 cum
1516 842 1552 883 cx
1573 835 1653 897 parte
1676 828 1712 883 ab
1736 827 1833 882 animo

84 928 181 985 opera,
214 928 248 969 ac
271 912 293 969 si
327 914 401 969 inter
428 913 530 969 hietnis
561 922 688 982 torpores
720 913 831 970 semina
859 912 933 968 diri·
986 917 1151 973 destituitur
1163 916 1285 971 aviditas
1303 917 1510 985 temporalium.
1528 916 1634 971 Partim
1651 930 1718 971 vero
1733 924 1834 972 custo-

85 1003 188 1075 gendo.
986 1004 1034 1060 dia
1061 1005 1129 1060 tenti
1154 1007 1273 1059 omnium
1294 1010 1369 1059 nocte
1390 1020 1446 1058 unc
1470 1004 1578 1070 rident,
1602 1003 1672 1074 quia
1700 1005 1831 1060 nonduin

87 256 135 309 itt

414 1071 529 1130 CAPUT
549 1072 608 1128 XL·
986 1093 1143 1163 corporalis
1160 1101 1291 1162 expertes
1307 1092 1452 1156 molestia,
1471 1101 1503 1147 ut
1523 1093 1559 1147 ad
1575 1091 1769 1148 confitendum
1786 1108 1835 1146 no

120 1179 205 1236 Vnus
223 1183 248 1246 t,
272 1181 297 1233 i.
315 1180 413 1232 -iiis
432 1180 487 1232 istc
505 1181 598 1246 pestis,
623 1177 723 1232 accidit
741 1183 771 1232 ut
791 1181 933 1248 peccarent
986 1181 1056 1237 mini
1087 1182 1136 1236 Dei
1161 1181 1290 1237 custodia
1318 1180 1465 1251 prodeant,
1489 1181 1524 1236 ad
1553 1181 1689 1237 horama
1712 1181 1836 1252 negotiis

85 1267 139 1322 duo
178 1270 302 1328 cuneoli,
345 1269 476 1336 pincerna
514 1269 585 1333 regis
618 1268 741 1337 Aigypti,
778 1272 802 1321 et
834 1268 932 1335 pistor,
985 1269 1154 1326 extrinsecis
1184 1270 1339 1338 sopiuntur
1368 1275 1396 1325 et
1426 1269 1510 1324 corde
1543 1268 1676 1341 vigilant.
1708 1269 1738 1324 in
1773 1283 1832 1339 quo

86 1357 194 1411 domino
209 1370 267 1411 sno.
290 1355 558 1424 trstesquernaruo
584 1361 677 1409 contra
700 1370 742 1409 eos
766 1354 839 1425 (riam
864 1355 933 1408 alter
986 1358 1051 1414 luce
1077 1357 1190 1414 clariori
1217 1371 1316 1414 somno
1339 1357 1442 1414 mentis
1461 1356 1570 1414 inlnitn
1593 1357 1835 1427 olidarumque

84 1448 222 1515 pincernis
233 1450 360 1513 praerat,
377 1445 447 1496 alter
466 1443 623 1513 pistoribus)
639 1445 716 1497 misit
734 1457 777 1497 eos
792 1445 821 1497 in
842 1458 932 1497 carce·
986 1461 1117 1517 congrua
1132 1461 1191 1501 stim
1205 1454 1336 1502 tractant.
1355 1445 1452 1516 (Vens.
1465 1446 1492 1513 6,
1508 1445 1548 1514 7.)
1566 1445 1611 1499 tt
1626 1460 1693 1513 quos
1715 1461 1775 1499 cuni
1794 1448 1836 1498 in·

86 1548 141 1585 rem
162 1533 298 1602 participis
318 1531 445 1592 militum.
463 1535 492 1583 t'rt
517 1545 569 1598 quo
583 1536 642 1583 erat
660 1533 767 1584 vittatus
785 1535 810 1583 et
824 1531 930 1599 totaph-
987 1539 1093 1590 troisset
1106 1536 1203 1604 losepln
1223 1550 1311 1601 mene,
1325 1539 1350 1588 et
1371 1535 1484 1589 uidisset
1500 1549 1543 1588 eos
1562 1536 1664 1600 tristes,
1680 1536 1835 1588 sciscitatus

87 1620 241 1689 Postquam
272 1618 346 1674 iuter
375 1618 545 1674 tentationes
572 1618 612 1673 ita
636 1619 752 1673 animus
780 1618 930 1686 solidatur,
953 1629 1035 1715 Best,
1049 1624 1159 1678 dicens:
1176 1624 1235 1676 Cur
1254 1625 1360 1677 tristior
1375 1628 1415 1676 est
1429 1623 1507 1676 leodic
1521 1624 1599 1676 solito
1617 1624 1703 1688 socies
1720 1623 1836 1677 restro?

86 1716 155 1764 tuuc
169 1706 295 1762 duorum
313 1706 427 1762 iliorum
443 1706 493 1776 qui
508 1720 538 1760 sc
553 1720 605 1775 pro
623 1706 672 1761 Dei
696 1719 785 1777 regno
805 1714 932 1763 castrant
986 1713 1026 1768 td
1047 1711 1098 1769 iios
1121 1711 1224 1781 loseph
1244 1726 1323 1764 mone
1349 1710 1520 1781 ingreditur,
1543 1725 1609 1766 oum
1634 1710 1740 1765 divinae
1765 1711 1834 1765 iliu-

86 1795 286 1850 eunuchorum
303 1801 401 1849 reatus
415 1794 591 1863 agnoscitur.
611 1794 663 1850 Per
687 1794 820 1864 pistorem
844 1796 965 1851 ratio-2
985 1800 1123 1856 stratione
1159 1800 1331 1855 visitationis
1366 1805 1533 1868 penetrante
1560 1796 1706 1864 allectum,
1741 1798 1834 1854 amuis

85 1882 131 1937 nis
155 1883 198 1937 Vis
233 1882 384 1952 accipitur,
422 1897 488 1952 qum
517 1897 606 1938 111stssss
639 1883 816 1938 ᾶῑὲϋιθῑῑῠῐίἰὲ
844 1883 933 1939 dubia
986 1887 1165 1945 conscientiae
1187 1901 1316 1943 recessus
1340 1887 1408 1957 quid
1429 1885 1579 1956 intelligat,
1601 1886 1744 1956 quidquid
1767 1887 1835 1942 velit

85 1969 220 2041 quaettoet
240 1978 318 2025 novit
334 1971 466 2038 pinsere3
483 1984 534 2041 per
550 1971 717 2040 pincernam
739 1970 815 2026 hona
827 1971 930 2028 voiun-
986 1976 1143 2032 secundnm
1161 1976 1249 2031 Deum
1265 1975 1427 2041 discutitur,
1444 1982 1470 2029 et
1487 1981 1555 2030 tnnc
1576 1979 1667 2028 tristes
1687 1974 1832 2041 ridentur,

86 2066 139 2127 tas,
168 2073 234 2128 tpuae
262 2059 420 2127 spiritualis
447 2058 582 2128 poculum
597 2058 758 2114 dilectionis
782 2061 932 2117 consuevit
987 2067 1057 2138 qnia
1078 2072 1156 2120 tanto
1176 2063 1269 2134 magis
1291 2063 1451 2119 intellectus
1468 2076 1501 2118 ac
1526 2061 1659 2117 voluntas
1682 2061 1831 2131 affligitur,

85 2148 227 2217 excipere.
249 2149 403 2216 Postquam
419 2147 516 2217 itaquo
527 2147 619 2218 gratia
634 2147 662 2202 in
678 2156 832 2216 conspectu
849 2149 932 2218 prin·
986 2161 1095 2224 quanto
1109 2152 1145 2207 ad
1161 2153 1297 2207 interiora
1312 2151 1448 2207 subtilius
1459 2163 1509 2220 per
1528 2163 1660 2219 superna
1676 2149 1750 2204 lucis
1763 2161 1834 2203 exa-

84 2236 156 2305 cipis
170 2235 293 2291 carceris
318 2235 475 2301 invenitur,
490 2235 602 2290 tructus
616 2236 745 2304 eiusdem
762 2236 862 2306 gratiae
883 2249 933 2306 per
987 2255 1051 2296 rnen
1072 2240 1206 2296 intratur.
1228 2240 1281 2306 Otii
1292 2243 1363 2293 enim
1379 2239 1459 2294 addit
1478 2241 1630 2303 scientiam,
1653 2236 1733 2290 addit
1756 2237 1830 2290 dolo·

85 2324 303 2396 intelligentiam
323 2323 424 2392 cuipas,
446 2324 565 2379 rationis
583 2323 691 2380 scilicet
712 2337 746 2379 ac
763 2324 929 2391 uoluntatis,
986 2345 1041 2384 rem
1069 2329 1199 2400 (iicclct,
1234 2328 1289 2397 ¹8).
1325 2327 1414 2394 Quem
1449 2337 1544 2382 tamen
1575 2326 1687 2395 pietatis
1720 2323 1831 2381 affectio

85 2415 224 2484 aperitur.
245 2414 373 2483 Utraque
392 2420 490 2468 antem
511 2414 587 2482 regis
607 2412 722 2482 AEgypti
746 2426 806 2468 esse
825 2413 932 2468 dionn-
985 2417 1111 2472 dotorcm
1136 2423 1272 2486 tetnperat
1291 2424 1318 2470 et
1338 2415 1456 2480 solatur,
1480 2422 1507 2470 ct
1523 2413 1622 2468 taciem
1648 2411 1751 2480 cordis,
1775 2425 1835 2481 qua

86 2509 143 2569 tur,
159 2503 229 2572 quio
243 2509 271 2557 et
292 2500 365 2556 ratio
389 2513 422 2555 ao
437 2499 572 2555 voluntas
587 2507 694 2566 nostru,
717 2510 784 2556 aitte
805 2514 931 2556 conver·
985 2506 1061 2560 Deos
1076 2505 1218 2560 videndus
1233 2511 1285 2570 ost,
1304 2505 1331 2558 in
1345 2503 1444 2558 eodem
1467 2503 1526 2571 ipso
1546 2501 1597 2573 qui
1614 2501 1698 2556 hodie
1723 2500 1834 2556 indeie-

84 2589 202 2657 sionctn,
223 2589 337 2644 diabolo
358 2588 460 2644 mundi
477 2588 600 2657 principi
622 2589 742 2644 servisse
759 2597 929 2645 noscuntur.
984 2593 1088 2649 ctihilis
1103 2595 1175 2649 lucis
1190 2593 1275 2649 habet
1287 2593 1482 2657 constitutam,
1497 2605 1550 2646 cur
1569 2591 1605 2645 ab
1630 2589 1736 2644 interni
1760 2589 1833 2643 laeti-

85 2684 170 2734 Porro
196 2686 323 2746 peccant,
352 2691 419 2732 cum
439 2691 493 2731 sua
518 2687 632 2746 precenta
653 2692 710 2732 non
737 2677 929 2734 dissimulant.
984 2682 1024 2738 tia
1037 2682 1155 2738 luminis
1170 2681 1343 2737 attorsiorem
1359 2680 1440 2736 solito
1456 2686 1567 2748 gerant,
1587 2686 1735 2734 causatur.
1759 2677 1833 2732 Solet

85 2765 166 2821 Unde
198 2774 226 2821 et
250 2766 322 2835 jnsti
351 2765 497 2831 dicuntur,
527 2766 579 2835 qui
607 2779 637 2821 sc
664 2765 735 2821 laiso
760 2766 929 2837 justitioant.
984 2771 1061 2826 enirn
1086 2770 1164 2825 utilis
1191 2770 1363 2839 pierumque
1385 2767 1568 2835 tristitia,uisi
1593 2775 1676 2823 conte
1701 2765 1833 2821 modere-

83 2855 143 2910 lton
156 2859 228 2920 oeci,
249 2854 465 2924 inquinacione
485 2857 575 2922 justos
599 2855 708 2923 (nielli.
734 2868 774 2920 tx,
799 2856 851 2921 ta).
877 2854 930 2910 sed
985 2865 1042 2925 tur,
1059 2858 1087 2913 in
1102 2858 1201 2913 acidiae
1215 2858 1346 2913 morbum
1360 2855 1440 2912 verti.

84 2952 202 3012 peccant
220 2957 273 2998 suo
298 2943 427 3009 Domino,
445 2944 514 3013 quia
535 2943 614 3013 quod
635 2957 664 2998 se
688 2957 818 3013 peccasse
841 2943 967 3013 peni-c
1019 2946 1104 3002 Vnae.
1128 2948 1153 3000 8.
1176 2975 1210 2987 -
1233 2946 1382 3011 Sornaium,
1408 2943 1555 3013 inquiunt,
1579 2942 1709 3006 uidimus,
1731 2945 1757 2996 et
1779 2956 1833 2994 non

84 3032 168 3088 tendo
199 3033 326 3087 latentur
358 3040 449 3087 toturn
479 3033 511 3087 tit
541 3031 680 3088 irritando
711 3031 931 3101 adjiciendoque
984 3040 1024 3089 est
1052 3038 1100 3104 qui
1125 3037 1317 3104 interpretetur
1339 3035 1426 3087 notis.
1458 3033 1589 3101 Dicitque
1610 3031 1731 3099 loseph:
1755 3031 1832 3084 Nun-

83 3120 207 3176 diaboio.
237 3121 310 3175 Cum
337 3127 433 3175 autent
461 3120 560 3176 mititte
585 3122 720 3186 rationes,
752 3120 849 3175 tnultae
877 3133 929 3189 pro
985 3125 1051 3191 quid
1079 3139 1131 3177 non
1155 3123 1208 3177 Dei
1236 3127 1275 3177 est
1302 3121 1516 3190 intrerpretutio?
1538 3121 1645 3184 msere
1670 3119 1740 3172 miii
1763 3117 1833 3188 quid

83 3210 180 3265 causis
205 3208 367 3265 voluntates
388 3208 454 3275 sint,
480 3221 538 3263 una
566 3215 661 3263 tamen
680 3207 821 3262 diuinitus
845 3208 930 3277 iuspi-
985 3212 1119 3266 elamitis.
1138 3212 1277 3267 Somnium
1300 3209 1430 3275 uidimus,
1455 3208 1504 3264 scd
1526 3222 1580 3261 non
1604 3212 1645 3261 est
1669 3208 1718 3276 qui
1742 3207 1830 3259 inter·

84 3304 147 3352 rata
172 3296 307 3352 volutitas
333 3309 367 3350 ac
390 3295 472 3362 ratio,
500 3293 585 3365 tpuasi
613 3294 751 3364 pincerna
781 3295 929 3364 pistorque
980 3305 1113 3369 pretetur.
1130 3299 1200 3369 quia
1217 3299 1309 3354 muita
1334 3297 1368 3352 dc
1395 3304 1473 3352 statu
1500 3295 1673 3351 nectarites
1701 3302 1831 3350 contem·

83 3384 258 3455 ptaeetnincl.
283 3385 316 3439 tit
334 3385 490 3440 mittuntur
503 3385 533 3437 iu
549 3398 681 3437 curcrmm
699 3385 834 3452 principis
852 3385 926 3437 rnili-

83 3478 140 3527 tum
154 3487 171 3528 a
186 3473 334 3529 Pharaone
355 3473 437 3540 irato,
453 3486 519 3527 cnm
543 3472 597 3527 suh
619 3471 688 3542 jura
712 3471 840 3536 rationis,
862 3487 929 3542 quac

83 3561 202 3617 internas
244 3560 351 3616 militiae
381 3568 485 3617 nostrae
528 3561 635 3629 priruas
665 3568 716 3628 est,
755 3559 930 3631 rediguntur

81 3657 203 3721 urgente
215 3648 421 3705 diaboioetiam
440 3651 499 3718 ipsa
512 3663 576 3705 oum
594 3647 741 3704 voluntate
761 3650 843 3705 ratio.
865 3650 928 3718 ipsa

81 3739 156 3794 enim
168 3740 240 3795 ratio
254 3738 308 3794 sibi
324 3738 487 3809 subjicitur,
502 3752 567 3794 cum
585 3740 713 3794 humana
728 3738 839 3808 aliquid
854 3739 928 3794 sub-

78 3828 180 3884 tilitate
203 3835 350 3897 appetens,
367 3826 467 3882 divina
492 3826 685 3882 moderatione
708 3827 866 3883 reducitur.
892 3827 928 3882 Et

77 3916 213 3972 voluntas
227 3915 250 3970 si
263 3914 339 3970 bona
353 3922 405 3981 est,
421 3914 462 3969 nii
477 3915 557 3971 aliud
579 3928 668 3985 quarn
686 3915 760 3971 ratio
773 3922 826 3971 est.
842 3914 924 3970 Alta·

77 4018 143 4060 rnen
161 4018 220 4059 non
234 4003 295 4057 sine
316 4004 442 4058 maximo
463 4002 641 4059 discretionis
666 4003 792 4073 iutuilu3
814 4003 855 4058 sic
875 4016 926 4073 pet

78 4093 204 4159 nomina,
222 4100 249 4148 et
273 4091 359 4146 etiarn
384 4107 428 4147 res
442 4092 639 4164 distinguitur.
662 4091 742 4148 Unde
761 4100 788 4147 ct
805 4091 831 4146 in
849 4092 925 4161 Apo·

983 3388 1088 3458 plaudo
1103 3385 1332 3442 intellectualiter
1344 3384 1524 3455 attingimus,
1538 3384 1586 3440 sed
1604 3382 1748 3454 quomodo
1762 3396 1832 3438 con·

983 3476 1064 3547 gruis
1087 3474 1235 3531 effectibus
1258 3473 1401 3530 intellecta
1420 3478 1491 3527 145
1508 3485 1652 3542 exponere
1674 3471 1830 3542 possimus,

981 3569 1092 3635 coptam
1122 3563 1218 3619 adhuc
1247 3577 1305 3618 non
1336 3561 1484 3618 habemus.
1516 3564 1552 3616 At
1580 3558 1696 3630 loseph,
1727 3559 1755 3614 id
1788 3565 1830 3614 est

982 3654 1072 3709 sancti
1103 3651 1246 3722 profectus
1271 3650 1404 3716 aviditas,
1429 3662 1495 3720 quae
1521 3646 1608 3704 nitius
1634 3646 1710 3702 taedii
1738 3646 1830 3702 vincit

981 3741 1155 3807 acredinem,
1179 3739 1232 3793 Dei
1252 3744 1300 3806 est,
1322 3738 1370 3804 ait,
1397 3738 1598 3808 introspectatio,
1624 3735 1696 3806 quia
1718 3734 1748 3790 in
1770 3748 1830 3805 quo

981 3828 1140 3885 mortalitas
1170 3835 1266 3882 nostra
1293 3824 1468 3896 praepeditur
1495 3824 1531 3880 ad
1554 3823 1696 3880 destinata
1726 3836 1828 3893 geren·

980 3919 1058 3985 dum,
1076 3916 1126 3973 Dei
1153 3915 1326 3985 expenditur
1346 3914 1501 3985 adjutorio.
1526 3913 1634 3978 iletme
1655 3911 1724 3980 quid
1747 3911 1827 3965 cide-

978 4007 1052 4072 ritis,
1081 4004 1117 4060 ad
1150 4005 1241 4060 Deum
1274 4003 1380 4058 scilicet
1414 4006 1591 4070 reportantes
1612 4000 1826 4070 opiticemquae

980 4093 1149 4164 proponitis.

77 4180 183 4251 calypsi
206 4180 313 4247 taranti,
339 4180 485 4248 animalia,
510 4181 616 4251 angeli,
639 4181 767 4235 seniores
785 4179 924 4236 dicuntur
1016 4182 1099 4237 Vnus.
1136 4182 1162 4243 9,
1190 4182 1232 4244 to,
1263 4182 1306 4234 it.
1332 4207 1367 4218 -
1394 4179 1528 4232 Numenii
1555 4164 1635 4246 prior
1659 4177 1825 4245 praepositus

76 4270 170 4340 (Apoc.
191 4286 217 4337 r,
240 4273 281 4340 6),
305 4269 379 4325 idom
403 4270 520 4339 quidam
548 4267 752 4340 significantia,
775 4275 803 4323 et
827 4276 923 4323 tamen
943 4251 964 4305 ὓ
976 4271 1170 4339 pincernarum
1201 4270 1334 4323 somnium
1362 4281 1463 4321 situm:
1502 4264 1630 4320 Videbam
1663 4278 1755 4317 coram
1784 4278 1825 4316 me

77 4358 132 4414 alio
156 4361 239 4415 modo
264 4359 387 4415 diversa.
414 4361 452 4414 ile
474 4359 527 4414 inae
551 4357 684 4428 captione
705 4357 733 4411 in
754 4355 923 4426 apocalypsi

75 4446 203 4503 dicitur:
237 4450 304 4502 Ecce
333 4448 466 4502 missuras
496 4451 536 4501 cst
567 4462 601 4500 ea
633 4447 707 4500 cocu
736 4445 860 4500 diabolus
892 4448 923 4500 in

75 4551 208 4591 aaronem
245 4543 270 4591 et
303 4537 436 4590 habebitis
469 4535 669 4589 tribulationem
706 4534 800 4589 dubus
833 4534 922 4588 decem

75 4625 173 4696 (Apoc.
189 4640 219 4692 n,
237 4626 290 4693 to).
305 4625 337 4679 ln
355 4626 406 4680 iioo
421 4637 534 4680 carcere
549 4622 664 4678 vinctus
678 4622 782 4692 loseph
799 4629 920 4690 tenetur,

74 4729 141 4771 oum
154 4714 208 4785 ipsi
225 4712 328 4770 interni
339 4713 482 4783 appetitus
494 4711 641 4781 augmenti
655 4718 819 4780 tempestate
828 4711 922 4768 diabo-

73 4800 128 4858 lica
145 4801 329 4873 praepeditur.
350 4799 446 4868 (Vnus.
462 4799 500 4871 l.)
522 4798 575 4855 Sed
598 4799 688 4870 pistor
708 4807 735 4855 et
752 4799 920 4869 pincernae

73 4892 190 4947 custode
220 4889 343 4947 carceris
373 4889 473 4959 loseph
509 4889 673 4957 traduntur,
702 4903 768 4945 curn
796 4888 869 4944 ratio
892 4895 920 4944 et

72 4980 243 5037 voluntasa
267 4980 365 5035 divino
388 4980 440 5049 qui
461 4978 513 5034 sibi
531 4978 663 5049 presidet
685 4977 841 5044 intellectu,
867 4977 919 5047 qui

72 5067 148 5124 inter
170 5081 316 5124 aerumnas
339 5067 417 5122 solus
436 5067 579 5123 custodire
598 5066 714 5131 suiiicit,
739 5067 775 5122 ad
796 5065 920 5122 ooeiestis

72 5156 220 5227 augmenti
231 5155 402 5212 desiderium
415 5156 499 5226 quasi
517 5155 665 5226 singulare
679 5153 824 5224 retugium
840 5167 917 5208 com·

71 5243 231 5314 peliuntur.
248 5244 335 5301 Aliud
347 5252 389 5300 cst
403 5254 501 5300 autem
519 5244 746 5310 annunciantes,
758 5241 837 5299 alind
851 5243 918 5299 boni

71 5331 217 5402 appetitus
231 5333 389 5403 augmenti,
404 5332 469 5389 licet
479 5333 537 5403 ipse
552 5334 675 5390 silbons
691 5333 834 5400 voluntas,
847 5333 918 5403 quia

71 5426 151 5484 sunt,
173 5419 223 5489 qui
248 5418 329 5475 bonae
354 5421 390 5475 ad
412 5422 560 5490 prosimos
585 5421 742 5477 allectionis
760 5425 840 5486 sunt,
868 5419 917 5476 scd

72 5507 234 5579 promereri
249 5508 286 5564 ad
306 5507 407 5563 altiora
431 5508 544 5564 nolunt.
567 5511 670 5580 loseptr
694 5508 739 5564 his
761 5508 915 5577 ministrat,

976 4360 1068 4425 uitem,
1090 4359 1120 4411 in
1141 4372 1197 4426 quo
1219 4361 1298 4410 eruin
1313 4360 1367 4410 tres
1389 4356 1566 4424 propagines,
1586 4365 1702 4406 creseere
1718 4350 1821 4421 pauta-

977 4448 1025 4502 tim
1041 4461 1169 4515 gemmas,
1194 4450 1293 4515 etpost
1311 4447 1388 4513 flores
1403 4458 1470 4498 uuas
1485 4448 1672 4507 maturescere,
1695 4443 1822 4495 calicem-

976 4550 1028 4604 que
1050 4535 1200 4589 Pharaonis
1223 4537 1253 4586 in
1272 4548 1356 4587 mauu
1373 4548 1441 4586 mea.
1469 4530 1531 4586 Tuli
1544 4546 1607 4597 ergo
1630 4545 1708 4598 unas,
1725 4533 1751 4584 et
1773 4545 1821 4584 ea·

972 4625 1063 4694 pressi
1089 4626 1120 4677 in
1140 4624 1222 4678 calice
1249 4637 1327 4692 quem
1351 4621 1481 4687 tenebam,
1507 4626 1532 4673 et
1559 4618 1666 4674 tradidi
1690 4619 1821 4687 poculum

974 4711 1120 4767 Pharaoni.
1145 4711 1308 4779 Propositus
1330 4712 1523 4779 pincernarum
1545 4706 1627 4763 bonae
1648 4714 1691 4763 est
1714 4705 1821 4763 volun-

973 4800 1039 4856 tatis
1053 4798 1181 4867 alicctns,
1199 4813 1264 4870 quae
1279 4812 1315 4854 eu
1333 4798 1460 4868 eoquod
1478 4797 1526 4852 Dei
1549 4795 1691 4851 voluntati
1718 4794 1820 4849 inniti-

974 4897 1033 4953 tur,
1061 4888 1173 4945 cunctis
1199 4888 1262 4943 aliis
1288 4887 1485 4943 voluntatibus
1518 4884 1709 4956 principatur.
1740 4884 1820 4938 Prior

973 4985 1082 5046 narrat,
1100 4977 1171 5048 quia
1185 4976 1246 5046 ipsa
1261 4976 1315 5032 nisi
1337 4983 1453 5046 praest,
1469 4973 1544 5030 ratio
1567 4972 1692 5029 inaniter
1714 4985 1818 5042 specu-

973 5066 1049 5121 latur
1061 5071 1088 5121 et
1104 5065 1218 5136 cogitat.
1245 5065 1331 5120 Vitem
1346 5064 1424 5120 videt
1434 5076 1530 5119 coram
1546 5076 1585 5128 se,
1601 5073 1668 5118 cum
1683 5061 1815 5130 seipsam,

973 5154 1077 5210 bonam
1101 5152 1206 5210 scilicet
1229 5153 1418 5221 voluntatem,
1443 5152 1504 5208 vini
1529 5148 1698 5220 spiritualis,
1725 5148 1819 5205 idest

972 5244 1121 5300 charitatis
1143 5242 1285 5313 originem
1311 5241 1365 5297 sibi
1391 5241 1523 5312 proponit
1543 5239 1708 5296 amandam.
1735 5236 1815 5306 Quod

971 5333 1046 5389 cuim
1072 5344 1211 5394 amamus.
1230 5344 1289 5401 prae
1314 5328 1406 5385 oculis
1433 5329 1538 5385 hahere
1558 5327 1703 5398 cupimus.
1731 5327 1765 5384 ln
1784 5339 1816 5382 ea

971 5426 1024 5476 tres
1036 5423 1201 5490 propagines
1215 5427 1295 5485 sunt,
1314 5417 1384 5489 attia
1403 5418 1458 5474 tria
1478 5417 1649 5487 principalia
1666 5413 1816 5472 charitatis

970 5508 1100 5565 membra
1116 5516 1194 5565 sunt.
1215 5508 1344 5563 Primum
1370 5506 1487 5578 quidem
1502 5507 1559 5562 Deo
1581 5504 1755 5574 intendens3
1770 5517 1814 5560 se·
