3818 6008
113 210 165 268 863
555 207 586 264 V.
608 206 777 265 culeuurt
797 204 944 263 ebeatts
962 204 993 261 S.
1013 204 1136 263 MARIAE
1154 204 1200 261 bu
1220 203 1414 262 NOViGEiiTO
1504 165 1505 168 Ἴ
1732 168 1735 172 -
1818 201 1868 259 864

114 344 274 409 «crucem,
301 340 404 411 inquit,
432 344 591 408 posuerunt
613 337 769 406 presbyteri
789 336 819 392 in
839 335 958 392 renibus
976 336 999 391 Α
1014 334 1175 402 necessitas,
1191 348 1292 391 earum
1307 342 1404 392 tamen
1426 335 1686 406 providentiarum,
1700 347 1770 405 qua
1792 331 1868 388 iilius
1903 343 1905 351 ·

112 431 185 502 ejus.
202 452 212 479 »
228 429 288 498 Quo
303 428 444 499 siquidem
460 426 522 483 nihi
543 425 651 491 verius,
671 426 734 482 licet
750 433 819 482 tune
847 438 958 495 nequa·
1012 423 1067 479 ervi
1093 423 1264 494 impotentia
1285 424 1472 493 conveniunt,
1501 438 1568 495 quea
1592 423 1655 480 sine
1678 422 1794 479 leminis
1815 421 1868 477 ad-
1902 400 1905 477 l

112 533 201 590 quam
224 517 294 589 quid
315 517 448 572 innueret
471 516 615 571 sciverim.
641 514 714 571 Nam
742 529 799 570 non
828 515 889 581 uni,
911 513 959 569 sed
1014 512 1172 569 ministrari
1188 527 1246 568 nou
1271 519 1402 583 possunt,
1418 525 1464 567 me
1478 511 1583 582 sapius
1608 510 1735 567 vexabat
1761 508 1867 579 inopia.
1902 526 1905 655 ⁴

112 607 211 664 multis
225 606 316 675 seipsa
336 603 437 661 deiude
452 604 603 675 supposuit
626 603 771 659 crucibus.
797 603 855 659 Nec
879 615 960 658 mora
1013 600 1084 658 Cum
1100 614 1168 672 ergo
1193 615 1237 657 me
1263 600 1346 656 sciret
1367 601 1410 657 bis
1433 600 1579 656 addictum
1606 599 1741 665 incuriis,
1768 598 1869 653 timore

111 707 178 750 cum
197 692 304 748 nemini
329 704 375 746 res
393 698 510 761 pateret,
542 699 645 760 praeter
669 690 709 746 iili
724 705 810 761 qrrem
831 690 960 760 praeliba·
1013 696 1040 744 et
1055 703 1152 745 amore
1177 697 1236 755 tuo,
1253 689 1339 755 Deus,
1363 702 1416 745 sue
1436 687 1597 744 obdurante
1627 685 1799 758 praecordia,
1815 686 1868 741 sub

110 782 212 848 verim,
235 781 351 836 cuidam
375 780 479 835 domus
494 794 555 836 sure
573 779 763 849 dispensatori
778 781 831 851 qui
858 781 960 850 etipse
1012 777 1116 848 oppido
1144 776 1199 842 illo,
1220 777 1249 832 in
1279 791 1338 847 quo
1357 776 1506 848 degebam,
1533 776 1603 831 dum
1631 775 1669 832 ad
1697 773 1869 844 praedictum
1902 774 1905 842 l

110 882 278 925 conversam
303 881 366 923 eam
398 868 455 923 cita
484 876 527 923 est
550 869 730 937 postmodum
751 867 848 924 saeculi
877 869 959 924 abre·
1013 865 1219 922 monasterium
1244 864 1426 936 demigraret,
1461 864 1614 921 transitum
1638 864 1759 930 babens,
1778 862 1867 918 tantis

111 957 294 1015 nuntiatione
320 964 446 1023 secutus,
475 956 616 1027 taloquid
642 957 670 1011 in
690 957 798 1012 somnis
813 958 958 1028 apparuit,
1013 954 1107 1010 cordis
1131 953 1312 1010 lacerabatur
1337 953 1455 1009 aestibus
1484 953 1687 1013 uticastellum
1704 953 1800 1020 ipsum
1822 950 1865 1006 rel

111 1046 189 1116 quod
208 1045 340 1101 videlicet
364 1051 434 1100 m
462 1045 559 1101 virum
588 1044 714 1112 duceret,
743 1045 861 1114 nuptias
887 1045 959 1102 cele·
1013 1044 1154 1113 respicere
1191 1056 1241 1113 pro
1286 1049 1426 1097 tormento
1476 1039 1649 1097 intolerabili
1688 1039 1745 1096 sibi
1780 1048 1863 1104 esset,

111 1134 222 1203 braret3
247 1147 313 1204 que
341 1147 386 1189 res
406 1132 591 1204 liberiseJus,
616 1133 717 1189 amicis
738 1146 771 1188 ac
793 1134 960 1203 parentibus
1013 1130 1197 1187 acerbissima
1219 1130 1295 1186 euim
1323 1129 1468 1197 moestitia,
1489 1129 1559 1184 drrm
1588 1128 1695 1199 rogitat
1719 1127 1793 1198 quid
1817 1126 1867 1182 ibi-

110 1222 284 1279 miraculum
304 1229 332 1277 et
358 1229 506 1291 stuporem
531 1221 689 1277 maximum
711 1229 870 1292 generaret.
889 1223 960 1279 Pos-
1013 1219 1076 1276 dem
1107 1219 1266 1290 reliquerit,
1302 1218 1497 1273 mordebatur.
1537 1216 1680 1273 Nimirum
1720 1215 1807 1284 plane
1832 1215 1866 1271 si·

111 1310 297 1366 tridiemater
313 1323 379 1366 eum
400 1308 617 1366 deambulatum
632 1309 733 1366 comite
747 1310 861 1367 doctore
887 1325 958 1380 meo,
1013 1307 1103 1365 veluti
1118 1306 1155 1363 ab
1173 1307 1236 1378 ejus
1260 1320 1378 1376 corpore
1402 1305 1530 1362 membra
1558 1305 1674 1376 propria
1697 1304 1866 1360 viderentur

109 1399 246 1454 eteoclem
257 1411 403 1454 ceconomo
429 1412 479 1454 rus
494 1397 556 1464 iret,
573 1398 671 1453 intulit
686 1397 732 1454 ille
748 1413 814 1468 oure
836 1400 957 1456 viderat.
1013 1397 1158 1466 abrumpi,
1192 1409 1259 1451 cum
1291 1394 1488 1464 impiissimam
1512 1401 1539 1449 et
1572 1392 1718 1449 crudelem
1741 1405 1773 1448 se
1800 1406 1865 1463 pro-

108 1485 272 1542 Necmater
292 1487 319 1541 in
342 1485 448 1541 talibus
468 1486 666 1542 versutissima
695 1487 847 1557 interprete
868 1489 957 1560 eguit,
1014 1485 1085 1541 lecto
1109 1490 1300 1555 cognosceret,
1342 1484 1398 1537 imo
1425 1481 1539 1537 audiret
1571 1481 1678 1548 vocari,
1708 1495 1778 1552 quae
1809 1489 1865 1536 tan·

109 1574 158 1631 sed
183 1574 219 1630 ad
247 1573 419 1645 magistrum
441 1574 523 1630 illum
547 1575 711 1644 respiciens,
736 1576 813 1646 quod
838 1589 873 1632 ea
892 1592 958 1648 quae
977 1584 1072 1669 13tam
1101 1571 1235 1639 sobolem,
1261 1579 1350 1637 tanto,
1380 1578 1411 1626 ut
1436 1569 1589 1634 terebatur,
1613 1569 1721 1626 ellectu
1748 1569 1864 1642 dignam

109 1661 184 1718 inter
205 1675 253 1717 eos
274 1662 310 1717 de
334 1662 394 1728 Dei,
430 1663 476 1718 cui
496 1662 635 1735 coniungi
652 1663 841 1732 desiderabat,
862 1679 959 1722 amore
1013 1661 1150 1734 (multum
1177 1661 1254 1717 euim
1273 1674 1330 1715 non
1350 1658 1433 1715 modo
1453 1671 1470 1712 a
1489 1657 1674 1725 nostratibus,
1706 1657 1862 1714 sedetiam

110 1748 321 1817 tractabantur,
352 1749 415 1805 visa
434 1748 483 1805 illa
504 1751 713 1819 portenderent,
742 1751 857 1808 silenter
879 1754 959 1810 inno
1012 1751 1049 1807 ab
1075 1751 1181 1806 exteris
1201 1748 1361 1815 excolebar)
1379 1747 1417 1802 ita
1431 1747 1467 1803 ab
1487 1746 1584 1802 animo
1598 1745 1781 1814 exclusisset,
1802 1746 1863 1802 sub

108 1838 174 1894 tuit.
199 1838 370 1894 accelerans
390 1852 458 1909 ergo
485 1837 562 1908 quod
585 1847 719 1908 coeperat,
736 1847 764 1895 et
788 1840 892 1897 interni
912 1842 957 1899 sni
1011 1838 1133 1910 sidiique
1150 1837 1260 1906 inopem
1283 1835 1445 1892 dimisisset.
1472 1835 1507 1890 Ει
1523 1841 1565 1903 tu,
1583 1835 1658 1891 Deus
1677 1835 1764 1904 bone,
1790 1835 1862 1891 Deus

108 1934 194 1983 aestus
207 1926 367 1996 impatiens,
384 1926 490 1996 oppidi,
515 1927 544 1981 iu
568 1940 626 1997 quo
642 1927 821 1992 morabatur,
838 1943 956 1985 conver·
1013 1929 1066 2000 pie,
1084 1936 1134 1984 tua
1152 1926 1312 1992 dulcedine,
1328 1936 1379 1982 tua
1394 1925 1532 1982 charitate
1545 1924 1628 1996 jecur
1649 1923 1723 1982 illud
1743 1934 1821 1982 certe
1833 1925 1860 1981 in

109 2014 249 2070 sationem
265 2015 400 2072 deseruit.
1010 2017 1117 2073 seculo
1145 2016 1317 2086 piissimum,
1342 2028 1378 2070 ue
1396 2021 1469 2070 esset
1490 2021 1636 2069 contrusa
1658 2014 1753 2084 pium,
1780 2013 1861 2070 ruira-

143 2102 236 2159 Guido
247 2103 391 2159 Bellonae.
406 2103 528 2175 episcop.
545 2103 650 2170 tandm
660 2103 811 2159 ecclesiam
826 2107 856 2162 S.
866 2105 956 2171 Quin·
1011 2106 1105 2163 biliter
1135 2103 1319 2160 indurueras.
1350 2102 1456 2159 Contra
1493 2115 1523 2157 se
1547 2115 1648 2170 nempe
1674 2102 1858 2170 mollesceret,

107 2190 332 2248 tini.Sirnonioci
344 2191 477 2247 criminis
501 2195 663 2259 coematur,
691 2193 908 2265 deponiturque,
928 2201 958 2252 et
1011 2192 1032 2248 si
1060 2206 1112 2247 nos
1139 2205 1199 2247 sure
1226 2190 1311 2246 saluti
1348 2190 1512 2260 preterens,
1551 2190 1601 2245 Dei
1627 2190 1781 2261 negligens
1813 2205 1860 2260 pro

106 2278 242 2336 cluniaci
249 2281 286 2350 fit
298 2281 464 2336 menuctus.
486 2281 626 2337 Guiberti·
643 2281 743 2336 notate
757 2281 904 2354 oppidum.
921 2313 956 2324 -
1010 2280 1092 2336 nobis
1118 2280 1267 2335 mundana
1297 2286 1421 2334 curaret.
1458 2278 1510 2334 Sed
1541 2277 1621 2333 tortis
1654 2278 1710 2334 tuit
1729 2285 1765 2334 ut
1788 2291 1861 2334 mors

105 2369 166 2433 Quo
189 2368 377 2440 digressionis
403 2375 529 2439 tempore
553 2369 631 2438 apud
652 2369 837 2439 episcopatem
852 2384 955 2440 quam·
1008 2369 1122 2425 dilectio
1149 2369 1243 2437 (dont.
1268 2383 1326 2434 vm,
1347 2368 1386 2436 o),
1403 2367 1472 2437 quia
1492 2381 1550 2437 uuo
1569 2373 1595 2422 te
1623 2365 1726 2422 dilexit
1755 2368 1862 2423 arctius

105 2456 172 2511 darn
189 2463 299 2512 morata
323 2462 365 2512 est
390 2457 527 2525 villam,a
541 2457 658 2513 domino
682 2458 875 2514 bellovacensi
888 2473 956 2529 pon·
1009 2465 1090 2515 tauto
1103 2470 1137 2513 ea
1149 2470 1215 2527 quae
1230 2455 1311 2525 prius
1318 2461 1475 2521 amaverat,
1492 2455 1554 2510 risa
1568 2460 1610 2510 est
1625 2467 1642 2509 a
1658 2468 1689 2511 se
1712 2455 1863 2525 abrupisse

105 2541 180 2598 titlce
191 2541 322 2600 Gnidoue
350 2544 410 2601 illic
423 2545 623 2603 commanendi
646 2546 800 2617 impetrata
829 2547 953 2605 licentia.
1009 2545 1150 2601 mourius.

104 2627 149 2700 (⁸⁰)
166 2630 215 2686 liis
229 2630 322 2688 Guido
338 2632 384 2688 vir
394 2632 473 2688 omni
489 2633 650 2690 curialitate
664 2635 848 2704 compositus,
870 2637 956 2693 nobi»
1044 2633 1087 2688 Ad
1107 2632 1269 2688 creuobium
1294 2644 1362 2702 ergo
1396 2630 1466 2686 illud
1491 2630 1610 2687 veniens
1637 2644 1730 2687 auum
1758 2644 1862 2702 qnam·

104 2715 169 2773 liter
189 2717 340 2786 oriundus,
370 2719 462 2776 torma
489 2720 625 2777 exteriori
645 2720 729 2777 valde
757 2722 851 2778 oldcio
875 2725 953 2794 quod
1008 2721 1074 2778 dam
1102 2722 1132 2776 in
1155 2719 1367 2776 sanctimoniali
1404 2719 1504 2776 babitu
1534 2718 1650 2790 reperit,
1675 2733 1768 2790 quam
1793 2720 1864 2792 quia

105 2805 221 2876 gerebat
246 2806 375 2863 idoneus.
392 2808 447 2873 Qui
469 2816 531 2878 post
559 2809 734 2865 clarissimas
751 2824 825 2880 quas
855 2813 954 2869 Eccle-
1008 2808 1164 2879 plurimam
1185 2807 1331 2879 religionis
1346 2796 1468 2877 speciem
1491 2821 1550 2877 pree
1565 2821 1594 2863 se
1612 2807 1732 2876 terebat,
1755 2808 1793 2865 ad
1808 2807 1862 2864 sibi

104 2892 152 2949 siae
192 2892 354 2950 belvacensi
390 2896 562 2966 prestiterat
600 2896 745 2964 utilitates,
780 2899 854 2956 inter
880 2915 954 2971 quas
973 2897 1233 2962 ccobebitaudum
1250 2896 1416 2965 discipulari
1444 2896 1570 2966 quadam
1594 2896 1862 2953 exhibitaei'sub-

103 2981 194 3037 sancti
220 2981 350 3049 Quintini
373 2997 391 3039 a
411 2985 502 3053 primo
525 2984 617 3054 lapide
641 2987 845 3044 canonicorum
870 3003 954 3060 regu-

107 3069 212 3125 larium
227 3070 375 3127 ecclesiam
399 3072 580 3141 fundaverat,
606 3082 759 3131 accusatus
771 3078 807 3133 ab
822 3076 867 3134 his
881 3093 954 3148 quos

103 3157 287 3224 educaverat,
304 3167 392 3230 atque
410 3169 599 3230 promoverat,
616 3161 689 3218 clam
701 3163 778 3233 apud
802 3164 952 3236 Hugonem

105 3245 328 3316 Lugdunensem
359 3248 606 3319 archiepiscopum
634 3252 795 3320 apostolicae
819 3253 893 3310 sedis
916 3253 954 3310 le·

103 3339 213 3403 gatum,
231 3333 364 3392 Simonias
389 3336 554 3393 etaliorum
580 3338 747 3407 criminum,
776 3342 847 3411 quia
872 3356 954 3398 voca-

104 3426 150 3477 tus
174 3434 231 3477 non
262 3432 390 3492 venerat,
426 3425 609 3498 adjudicatus
642 3428 745 3485 absens
772 3430 951 3500 depositioni,

32 3570 36 3576 ,
102 3523 169 3565 cum
184 3517 258 3566 esset
275 3511 424 3578 cluniaco,
442 3513 558 3571 inilictae
583 3515 635 3572 sibi
661 3517 809 3574 sententiae
823 3519 950 3587 timidus,

102 3596 138 3653 ad
152 3599 333 3656 monachiam
352 3600 455 3658 ibidem
467 3617 527 3659 sese
538 3605 720 3661 contradidit.
738 3607 765 3662 ls
783 3610 811 3662 et
832 3614 951 3663 matrem

103 3692 130 3740 et
157 3693 290 3755 parentes
318 3701 387 3748 neos
405 3702 473 3745 eum
500 3689 649 3747 videretur
679 3692 821 3762 amplecti,
851 3700 878 3749 et
907 3707 953 3749 me

103 3773 283 3842 potissimum
318 3776 501 3833 charitudine
535 3779 660 3848 plurima
694 3778 849 3849 affectaret,
878 3795 952 3852 prae-

102 3861 202 3917 sertim
222 3863 269 3919 cui
286 3865 382 3920 omnia
401 3864 631 3924 benedictionum
654 3879 835 3927 sacramenta
850 3878 953 3940 praeter

102 3949 293 4007 sacerdotium
316 3953 493 4019 contulisset,
515 3969 533 4010 a
555 3957 722 4014 necessariis
750 3957 850 4015 matris
883 3973 952 4014 meae

103 4044 232 4109 rogatus,
257 4047 290 4095 ut
320 4040 349 4096 iu
375 4041 507 4112 propriis,
524 4059 590 4115 quae
611 4045 697 4114 juxta
726 4046 779 4102 loci
803 4046 951 4103 ecclesiam

103 4125 265 4182 constitutae
290 4136 384 4195 erant,
406 4130 517 4187 aedibus
544 4131 648 4204 degere
662 4133 869 4205 aliquantisper
881 4135 953 4191 siue

1006 2987 1127 3059 jectioue
1143 2985 1244 3056 coegit.
1271 2984 1377 3056 Coegit,
1404 2985 1535 3054 iuquam,
1558 2998 1624 3040 cnm
1649 2985 1711 3055 ipsa
1735 2985 1863 3042 ambien-

1008 3072 1123 3138 tissime,
1144 3071 1271 3141 expertis
1284 3072 1347 3143 ejus
1375 3071 1512 3139 moribus,
1530 3072 1695 3128 sodalitium
1723 3074 1784 3129 tale
1804 3073 1861 3128 col-

1008 3159 1116 3230 legerit.
1140 3159 1231 3230 Coepit
1250 3161 1348 3230 itaque
1376 3160 1548 3230 pedetentim
1577 3159 1755 3230 antiquioris
1784 3161 1861 3218 illius

1007 3248 1120 3304 leminre
1135 3248 1257 3318 rigorem
1279 3248 1395 3316 imitari,
1424 3249 1518 3306 vietus
1536 3248 1747 3318 parcimoniam
1768 3250 1858 3321 sequi,

1007 3337 1193 3407 pauperrima
1218 3337 1337 3393 absonia
1352 3337 1494 3407 amplecti,
1520 3337 1771 3394 consuetudinarii
1785 3346 1861 3394 stra·

1007 3432 1054 3482 tus
1075 3425 1172 3481 mollia
1197 3424 1289 3482 tulcra
1305 3426 1431 3497 rejicere,
1460 3425 1575 3481 linteolo
1590 3433 1618 3482 et
1639 3426 1784 3484 stramine
1798 3427 1861 3484 tru-

1006 3512 1148 3570 mentario
1176 3521 1308 3570 contenta
1332 3514 1466 3570 dormire.
1496 3514 1532 3570 lit
1557 3527 1624 3570 curu
1648 3514 1746 3571 multa
1767 3516 1862 3572 adbuc

1007 3603 1111 3659 niteret
1146 3603 1238 3672 specie
1267 3602 1441 3674 nullumque
1474 3602 1664 3673 praeteuderet
1708 3605 1862 3660 vetustatis

1006 3691 1157 3759 indicium,
1189 3691 1224 3747 ad
1244 3691 1299 3747 boc
1319 3691 1380 3761 ipsa
1401 3690 1619 3747 contenderent
1638 3691 1863 3762 rugisanilibus

1006 3780 1043 3836 ad
1064 3793 1187 3836 cernuos
1208 3779 1362 3836 deduxisse
1385 3787 1539 3849 putaretur
1567 3793 1668 3836 anuos.
1698 3780 1863 3837 Detlucntia

1006 3867 1223 3940 ergocrinium,
1249 3883 1315 3938 oure
1331 3868 1461 3924 temineis
1484 3868 1665 3937 potissimum
1691 3869 1788 3926 soient
1813 3884 1862 3926 or-

1007 3956 1125 4013 natibus
1144 3956 1292 4023 iuservire,
1309 3956 1411 4013 crebro
1426 3955 1533 4026 lorcipe
1548 3955 1753 4018 succiduntur.
1782 3958 1860 4028 pulla

1006 4045 1093 4100 vestis
1115 4052 1142 4100 et
1176 4044 1366 4114 amplitudine
1396 4044 1510 4100 insolita
1537 4044 1698 4114 displicens,
1729 4047 1862 4103 innume

1007 4133 1047 4188 ris
1063 4132 1295 4190 resarcitionibus
1309 4140 1485 4204 segmentata
1510 4132 1647 4203 prodebat
1673 4147 1744 4190 cum
1769 4135 1859 4191 nativi

103 4220 156 4279 ret,
187 4221 334 4284 gratanter
368 4217 492 4274 admisit.
518 4221 641 4276 vocatur
668 4222 863 4289 aureinvilla
891 4221 1110 4292 ipsabcoloris
1132 4221 1245 4291 palliolo
1268 4219 1366 4292 (⁸⁸),et
1392 4221 1514 4278 sutulari
1545 4222 1710 4292 partusuris
1744 4223 1861 4280 incorri-

102 4300 307 4359 Castaneutum
329 4305 366 4361 ab
385 4307 488 4376 oppido
512 4315 608 4364 nostro
632 4309 773 4366 milliariis
796 4309 884 4367 terme
909 4325 951 4369 re·

103 4396 181 4445 mota
195 4389 319 4448 duobus.

138 4477 269 4536 (suberi
287 4481 492 4538 castanentum
515 4489 610 4539 muter
631 4485 759 4554 sesessit,
773 4494 802 4545 et
814 4489 844 4544 S.
866 4489 950 4545 Geri-

101 4565 179 4620 mnrt’
191 4583 281 4639 prope
312 4570 462 4626 ecclesium
488 4572 629 4627 construit
651 4574 810 4631 unientem.
826 4608 861 4617 -
878 4577 951 4635 inibi

102 4652 192 4724 igitur
207 4657 364 4713 consistens
374 4660 410 4714 ad
424 4660 470 4730 (ι’)
484 4659 952 4729 Flaviacensemouasteriumseso

101 4740 309 4801 deliberaverat
336 4761 546 4804 concessuram.
580 4747 627 4818 (⁵²)
657 4751 820 4810 Exstruotis
854 4754 951 4825 itaque

100 4828 172 4887 inibi
196 4833 326 4890 aediculis
363 4848 450 4906 prope
470 4837 629 4905 ecclesiam,
663 4840 804 4898 mediante
834 4843 951 4913 prretato

101 4919 239 4991 magistro
265 4936 336 4987 meo,
365 4923 480 4980 tandem
509 4938 527 4980 a
556 4925 618 4983 loco
644 4928 672 4984 iu
697 4944 756 4999 quo
782 4931 951 4987 morabatur

101 5008 225 5078 emersit,
258 5018 285 5066 et
310 5024 377 5067 cum
401 5012 486 5069 sciret
512 5028 556 5070 me
579 5029 697 5085 prorsus
719 5018 892 5088 orphanum,
922 5024 951 5074 et

102 5095 213 5151 nullam
236 5098 354 5154 omnino
381 5100 487 5157 babere
507 5103 561 5159 sub
584 5117 643 5174 oua
664 5105 769 5161 niterer
783 5119 877 5176 opem,
897 5119 949 5176 pa·

102 5192 217 5240 rentum
237 5187 378 5257 siquidem
401 5198 429 5246 et
444 5190 575 5248 attinium
599 5193 751 5263 multiplex
766 5201 827 5249 erat
845 5193 949 5264 eopia3

103 5279 132 5326 at
156 5286 224 5328 vero
243 5275 342 5333 nullus
363 5278 414 5350 qui
436 5279 559 5350 puerulo
575 5282 603 5336 iu
627 5281 763 5337 omnibus
782 5283 947 5348 tenerrimo,

104 5373 156 5429 pro
187 5361 352 5433 indigentiis
374 5368 498 5425 retatulae
518 5368 636 5425 sollicite
662 5384 762 5425 curam
787 5369 886 5441 terrct3
909 5371 949 5428 vi·

104 5446 243 5508 ctualium
269 5452 345 5511 entur
369 5469 404 5510 ac
436 5457 672 5515 indumentorum
691 5458 742 5514 etsi
766 5467 838 5516 esset
868 5459 950 5517 nulla

1006 4309 1143 4381 gibilibus
1170 4309 1319 4372 terebrato,
1354 4310 1490 4380 quoniam
1517 4309 1637 4366 interius
1664 4312 1860 4370 cratonisnb

1006 4406 1063 4455 tam
1076 4397 1198 4469 inglorio
1211 4406 1355 4468 apparatu
1368 4397 1480 4467 placere
1490 4398 1639 4469 gestiebat.

1041 4486 1184 4544 Confessio
1208 4486 1298 4555 igitur
1326 4494 1458 4542 veterum
1494 4495 1686 4556 peccatorum,
1718 4489 1859 4560 qnoniam

1005 4576 1095 4647 ipsam
1127 4574 1264 4631 didicerat
1293 4575 1408 4630 initium
1438 4575 1591 4639 bonorum,
1620 4576 1753 4644 quotidie
1789 4591 1860 4648 pene

1005 4677 1081 4720 nova
1097 4677 1162 4719 eum
1179 4663 1267 4727 tieret,
1285 4676 1397 4733 semper
1416 4663 1533 4719 animus
1560 4661 1689 4732 ejrrsdem
1709 4667 1859 4722 exactione

1005 4752 1215 4822 preteritorum
1251 4764 1369 4807 suorum
1410 4758 1527 4807 actuum
1573 4752 1758 4820 versabatur,
1790 4754 1859 4826 quid

1006 4842 1087 4910 virgo
1103 4839 1221 4894 ineunte
1236 4838 1291 4893 sub
1313 4852 1385 4903 aevo,
1401 4838 1470 4908 quid
1488 4837 1584 4905 virita,
1598 4839 1669 4908 quid
1685 4840 1780 4897 vidua
1800 4849 1859 4898 stu·

1004 4927 1051 4984 dio
1076 4927 1136 4997 jam
1159 4926 1333 4997 possibiliore
1361 4927 1513 4998 peregerit,
1538 4927 1719 4997 cogitaverit,
1742 4929 1855 4998 dixerit,

1004 5031 1117 5088 semper
1132 5017 1251 5073 rationis
1265 5016 1433 5072 examinare
1455 5016 1602 5083 thronum,
1619 5024 1647 5072 et
1666 5017 1703 5073 ad
1725 5019 1856 5076 sacerdo·

1004 5106 1049 5172 tis,
1075 5105 1132 5160 imo
1147 5105 1182 5160 ad
1207 5103 1254 5160 bct
1280 5118 1330 5174 per
1356 5103 1451 5174 ipsum
1475 5105 1669 5175 cognitionem
1689 5107 1857 5163 examinata

1003 5193 1152 5250 deducere.
1179 5193 1248 5249 lude
1270 5207 1336 5250 cum
1370 5194 1457 5249 tantis
1480 5194 1591 5250 videres
1611 5193 1753 5251 temiuam
1776 5209 1857 5252 orare

1003 5282 1186 5349 stridoribus,
1209 5289 1290 5338 tanta
1323 5281 1442 5351 spiritus
1469 5281 1614 5339 anxietate
1642 5283 1801 5350 tabescere,
1826 5291 1855 5341 ut

1003 5370 1077 5426 iuter
1091 5371 1270 5440 operandum
1290 5384 1356 5424 cum
1373 5369 1525 5425 dirissimis
1549 5370 1599 5426 vix
1630 5371 1690 5426 ulli)
1705 5373 1792 5429 modo
1805 5387 1857 5429 res

1003 5469 1100 5516 sareut
1122 5464 1197 5514 m
1212 5458 1410 5529 deprecatoria
1429 5458 1519 5515 verba
1539 5458 1729 5532 singultibus.
1747 5462 1855 5534 Septem
