3818 6008
124 269 175 322 555
569 266 599 320 V.
619 264 786 322 cutbertus
805 264 953 321 ABBATIS
971 266 1000 321 S.
1020 265 1141 322 litum
1160 265 1204 319 DE
1225 262 1422 319 uovldsshro
1821 267 1871 320 556

124 403 269 471 omnibus,
297 402 348 472 qui
378 401 449 456 bene
482 399 580 456 vixero
606 400 661 457 sub
687 400 781 471 gratia
817 399 966 471 gloriosior
984 399 1081 470 hipso
1103 399 1256 465 tribuitur3
1283 399 1342 468 ipse
1370 398 1399 453 in
1428 397 1516 454 llatre
1550 406 1685 454 naturam
1710 400 1869 470 propriam,

124 490 340 547 retributionem
356 486 545 558 praerogativa
556 487 703 545 reddatur.

157 577 245 634 Nubes
264 581 304 631 est
315 577 380 630 leuis
394 591 453 644 qua
474 576 584 644 pluuias
601 575 708 644 effudit.
725 576 814 642 Quom
828 575 968 630 sublimem

120 665 259 736 possideat
287 665 413 731 plerum.
442 692 477 703 -
513 662 668 720 Videamus
704 663 793 734 igitur
829 678 887 733 quo
913 663 967 733 piae

121 751 349 822 compunctionis
361 751 463 823 jubilo,
480 751 536 807 diei
553 750 609 818 isti,
630 766 696 821 quae
716 758 775 807 tam
795 752 884 807 rutilo
897 752 965 819 sole,

120 840 201 908 coelo,
228 838 338 907 inieris,
364 846 506 909 terraque
527 839 728 908 protundum,
764 839 965 910 gratulemur:

119 942 169 998 per
197 941 285 998 quain
312 928 383 984 dum
407 925 556 983 introitum
585 926 626 982 sol
656 926 760 983 illaad
782 927 965 996 noshabuit,

119 1016 156 1073 ad
170 1016 312 1072 infinitam
327 1015 382 1072 diei
407 1015 497 1085 ipsius
518 1013 689 1081 claritatem,
705 1023 732 1070 et
757 1014 812 1071 sub
836 1015 897 1085 ipsa
921 1016 966 1072 die

1023 488 1099 544 unde
1111 502 1147 544 ex
1163 487 1257 544 debito
1280 487 1335 542 sihi
1355 486 1499 542 obnoxius
1513 493 1565 554 est,
1581 501 1639 542 uon
1660 488 1871 546 venerabitur?

1023 575 1149 646 Proque
1175 574 1239 631 aliis
1262 573 1442 645 longevitais
1464 573 1616 644 praemium
1639 575 1832 646 praerogatur,
1855 591 1872 633 a

1022 678 1082 734 qua
1094 676 1196 734 passus
1205 671 1247 720 est
1258 663 1386 733 accipere
1401 662 1478 734 quod
1494 663 1579 719 homo
1592 663 1732 720 vocatur?
1749 663 1777 721 Si
1793 664 1871 736 apud

1022 752 1103 808 illum
1120 751 1221 808 honori
1236 758 1339 819 exstat,
1355 765 1373 806 a
1392 765 1450 821 quo
1466 758 1558 807 totum
1573 751 1716 823 quidquid
1731 761 1775 809 est
1793 767 1873 810 sum-

1021 840 1085 910 psit,
1103 839 1185 896 nobis
1203 847 1282 896 tanto
1301 839 1471 910 propensius
1491 838 1668 895 honorabilis
1686 853 1749 896 esse
1775 840 1869 907 debet,

1020 936 1130 998 quanto
1154 942 1214 985 sua
1231 929 1495 998 universorumque
1509 926 1594 983 saluti
1611 940 1675 983 eam
1692 928 1867 984 necessario-

1019 1027 1079 1070 rem
1105 1012 1241 1069 lcminam
1268 1026 1383 1082 sperare
1408 1012 1475 1084 quis
1499 1013 1645 1083 prevalet.
1660 1012 1752 1083 Super
1780 1014 1868 1070 limen

119 1104 286 1174 degentium
300 1101 546 1174 glorificationem,
567 1109 712 1172 perpetuae
727 1116 788 1159 suae
811 1110 838 1158 et
861 1110 966 1160 nostrae
1019 1115 1088 1172 ergo
1104 1109 1192 1171 porte
1206 1102 1283 1171 apud
1298 1100 1471 1157 Ezechielem
1487 1101 1588 1157 adorat
1605 1101 1709 1170 (limeis.
1726 1116 1805 1169 xtvr,
1831 1103 1867 1170 ι),

118 1193 276 1250 nobilitatis
289 1192 426 1247 donativa
440 1190 626 1246 circumtulit.
643 1190 709 1246 uec
732 1198 775 1248 est
798 1191 890 1247 nubes
917 1192 966 1247 illa
1019 1204 1084 1246 cum
1100 1189 1299 1260 perhumilem
1313 1189 1503 1246 obedientiam
1512 1189 1576 1260 ejus
1591 1190 1693 1246 mentis
1708 1190 1870 1261 specialiter

119 1280 199 1346 levis,
222 1293 311 1350 quam
327 1279 368 1334 sol
383 1292 469 1334 verus
484 1277 537 1333 istc
554 1277 728 1346 conscendit,
748 1279 833 1350 juxta
849 1279 962 1347 lsaiam,
1019 1277 1154 1345 insidens,
1172 1276 1297 1347 seipsum
1314 1276 1342 1331 in
1359 1277 1448 1345 ipsius
1462 1275 1671 1347 glorificatione
1685 1276 1833 1346 mirificat,

118 1376 151 1425 ut
174 1368 352 1424 tenebrosam
381 1366 482 1422 mundi
511 1366 599 1437 hujus
627 1365 784 1422 illustraret
807 1368 964 1438 AEgyptum
1053 1365 1244 1434 iujuriassibi
1262 1364 1297 1418 ab
1314 1364 1446 1419 hereticis
1467 1369 1493 1418 et
1509 1365 1589 1419 molis
1605 1364 1700 1419 illotos
1723 1366 1869 1420 uhiscitur

118 1459 186 1524 (leo.
226 1471 296 1519 xix,
329 1455 379 1524 ll:
417 1468 483 1525 que
519 1453 617 1523 pluvia
655 1455 743 1510 totius
783 1454 965 1512 lecunditatis
1018 1454 1049 1508 Β.
1082 1455 1176 1519 Virgo.
1203 1483 1237 1491 -
1264 1452 1371 1508 Deinde
1394 1452 1533 1519 egreditur
1563 1451 1657 1524 (ibid.)
1687 1453 1759 1523 quia
1790 1454 1868 1524 quod

118 1545 240 1601 interna
255 1552 435 1600 terrenorum
460 1549 607 1612 pectorum
637 1541 735 1613 glebas
749 1542 886 1600 emolliit:
902 1544 964 1614 ipsa
1018 1541 1096 1610 apud
1118 1554 1147 1596 se
1171 1540 1347 1597 benedictam
1364 1540 1441 1596 illam
1457 1540 1540 1595 beata
1563 1539 1752 1596 interioritate
1765 1554 1867 1610 prove-

116 1633 193 1689 enim
221 1631 381 1688 salubrium
413 1630 543 1686 omnium
574 1630 769 1686 doctrinarum
805 1639 964 1689 cataractas
984 1627 1070 1727 Bxit,
1085 1628 1245 1697 manifesta,
1262 1629 1328 1695 imo,
1344 1637 1377 1684 ut
1398 1629 1437 1683 lta
1451 1628 1584 1696 dixerim,
1604 1629 1731 1685 secunda
1749 1636 1813 1699 post
1839 1643 1868 1685 se

118 1719 241 1790 aperuit,
265 1718 423 1790 praesertim
448 1733 514 1788 quae
535 1732 637 1788 panem
660 1719 830 1789 angelorum
856 1721 964 1777 mundo
1018 1716 1230 1788 omnipotentiae
1244 1717 1323 1786 apud
1336 1716 1465 1772 homines
1483 1716 1652 1773 auctoritate
1667 1717 1782 1773 retexit.
1798 1716 1868 1785 Quis

117 1807 259 1878 exposuit.
281 1806 349 1874 Qua
370 1813 480 1862 mutam
494 1820 511 1862 a
525 1805 631 1876 peccati
657 1807 751 1862 omnis
771 1807 964 1864 additamento
1018 1806 1094 1861 enim
1118 1805 1163 1861 vel
1184 1805 1271 1861 hebes
1289 1804 1396 1861 nesciat
1416 1805 1493 1875 quod
1515 1805 1575 1875 ipsa
1592 1812 1633 1861 est
1654 1820 1720 1875 quaa
1744 1820 1797 1876 per
1826 1806 1868 1861 Fl-

118 1895 148 1951 iu
162 1909 191 1952 se
215 1895 360 1951 levitatem
378 1893 490 1962 habuit,
506 1902 647 1964 quantam
671 1903 862 1950 sacrosancta
879 1895 964 1951 Chri·
1017 1891 1089 1949 lium
1104 1893 1174 1950 coelo
1190 1893 1349 1964 presideat,
1375 1893 1458 1949 terris
1473 1893 1601 1963 imperet,
1619 1893 1725 1949 interos
1745 1895 1867 1965 urgeat?

117 1984 154 2039 sti
170 1983 296 2054 dignitas
312 1983 407 2039 carnis
424 1981 586 2052 animaeque
599 1982 778 2038 commeruit.
795 1984 860 2053 lpsa
875 1982 964 2053 igitur
1018 1980 1153 2050 Princeps
1170 1995 1238 2051 ergo
1252 1979 1409 2051 egreditur,
1430 1994 1497 2036 cum
1515 1993 1565 2050 per
1580 1980 1743 2051 Principem
1767 1981 1867 2037 llatris

116 2084 153 2128 ox
168 2083 227 2141 qua
252 2077 346 2126 tantos
369 2070 474 2126 anima
493 2084 526 2126 ac
550 2071 678 2141 corporis
703 2070 857 2127 haurimus
871 2071 963 2126 hono-

116 2157 246 2228 resquid
268 2157 436 2215 excellentia
461 2157 575 2225 habeat,
601 2158 678 2228 quod
694 2157 745 2214 Dei
769 2157 872 2213 lilium
901 2172 963 2214 cor·

115 2246 250 2316 poraliter
277 2246 305 2301 in
330 2260 383 2302 sua
406 2259 492 2302 carne
518 2245 681 2314 contulerit,
717 2246 909 2302 attendamus.
933 2245 962 2300 Si

115 2342 179 2405 post
206 2335 378 2391 exhaustam
407 2332 562 2390 beatissimi
590 2334 698 2389 ventris
733 2333 830 2389 aulam
866 2334 962 2389 minus

116 2423 227 2491 habuit,
254 2421 375 2479 iorsitan
397 2422 516 2492 aliquod
546 2422 751 2478 detrimentum
776 2422 961 2492 elusanam

116 2511 152 2568 ad
176 2511 294 2582 plenum
319 2517 497 2581 gustaverat,
513 2509 610 2581 gloriae
631 2509 729 2566 sensit.
746 2510 842 2566 Absitl
872 2509 962 2567 Secu-

115 2611 168 2654 rus
181 2613 218 2654 ex
234 2598 298 2668 ipsa
322 2597 435 2668 loquar,
452 2597 475 2653 si
499 2597 564 2653 laeta
591 2597 647 2654 tuit
666 2612 732 2654 cum
753 2599 862 2654 tolleret
884 2597 961 2669 quod

1017 2067 1156 2137 principis
1173 2068 1265 2123 virtus
1280 2066 1429 2123 emittitur.
1457 2068 1540 2122 Porto
1558 2073 1648 2122 uatem
1678 2083 1731 2122 aon
1756 2069 1865 2122 claum-

1018 2160 1064 2209 tur
1084 2169 1170 2223 taque
1196 2156 1234 2210 od
1246 2170 1385 2224 vesperum
1407 2154 1514 2227 (ibid).
1539 2156 1653 2213 Clausio
1678 2156 1807 2212 hicnon
1831 2156 1866 2212 ad

1018 2242 1225 2314 virginitatem,
1253 2258 1320 2314 quae
1352 2244 1459 2314 seepius
1491 2252 1534 2300 εει
1568 2245 1697 2314 repetita,
1731 2244 1865 2301 relertur.

1016 2331 1103 2387 Porta
1123 2331 1214 2403 igitur
1236 2333 1380 2402 usquead
1395 2345 1544 2402 vesperam
1559 2333 1613 2388 ista
1626 2347 1684 2388 uon
1706 2332 1864 2400 clauditur,

1016 2419 1066 2489 qui
1087 2418 1244 2476 clementia
1272 2421 1336 2490 ejus
1361 2420 1457 2477 aditus
1484 2434 1578 2491 usque
1603 2421 1634 2476 in
1657 2420 1746 2477 linem
1766 2421 1864 2477 saeculi

1015 2507 1088 2563 nulli
1116 2507 1162 2577 pio
1190 2508 1297 2578 petenti
1320 2508 1491 2565 obstruitur.
1511 2508 1575 2565 Non
1600 2509 1753 2565 claudetur
1766 2516 1865 2565 autem

1016 2597 1132 2665 dicitur,
1151 2597 1310 2667 aperietur3
1327 2599 1389 2667 ipsa
1403 2599 1480 2654 enim
1502 2612 1568 2668 qua
1583 2601 1647 2668 post
1667 2597 1759 2654 sancti
1775 2596 1864 2668 Spiri·

114 2699 241 2756 usquam
256 2691 394 2742 creaturae
407 2699 465 2741 non
480 2683 560 2741 licuit
566 2700 574 2755 ;
590 2685 774 2755 laetiorplane
788 2700 854 2741 oum
869 2685 961 2757 gloria
1016 2692 1063 2741 tus
1077 2684 1219 2740 dationem
1232 2684 1349 2756 cognita
1367 2692 1409 2741 est
1421 2691 1548 2741 nostram
1560 2685 1690 2741 omnium
1706 2685 1797 2756 Virgo
1818 2685 1862 2741 lu·

113 2780 142 2829 et
170 2773 277 2828 honore
307 2778 477 2828 coronatum
504 2773 629 2829 assidere
656 2773 734 2830 Patri
761 2779 867 2830 eterno
893 2789 960 2830 cum
1015 2773 1088 2830 disse
1106 2772 1238 2841 salutem,
1261 2774 1290 2829 iu
1317 2787 1377 2830 sua
1403 2773 1600 2844 propalatione
1616 2773 1724 2844 gloria,
1750 2773 1863 2830 nullam

75 2892 78 2898 ν
115 2860 249 2930 apostolis
272 2859 358 2929 vidit;
381 2866 409 2916 ει
430 2861 563 2931 quandiu
587 2861 749 2917 meminerit
772 2876 802 2917 se
821 2863 960 2932 peperisse
1015 2862 1146 2931 deinceps
1171 2875 1255 2931 passa
1277 2870 1319 2918 est
1347 2869 1532 2931 vetustatem3
1560 2862 1609 2918 sed
1638 2862 1712 2918 sicut
1740 2859 1793 2918 Fili
1817 2863 1863 2919 sui

113 2947 215 3015 Deum,
232 2961 385 3018 nunquam
410 2961 446 3003 ne
460 2947 496 3005 ad
512 2956 653 3018 punctum
675 2949 806 3005 imminui
830 2951 957 3017 sentiret,
978 2950 1084 3019 clides
1098 2949 1185 3005 nullis
1209 2950 1442 3019 persecutionum
1466 2958 1530 3006 acta
1555 2950 1721 3007 turbinibus
1744 2950 1863 3007 destitui

113 3049 200 3107 quem
223 3037 252 3092 ln
286 3035 469 3104 concipiendo
496 3036 599 3092 habuit
623 3036 728 3093 laetitiae
761 3038 898 3093 lructum.
932 3039 958 3094 Si
1014 3037 1115 3108 potuit,
1128 3038 1184 3093 imo
1197 3037 1357 3106 promoveri
1375 3052 1433 3093 non
1450 3037 1592 3104 desiit,sic
1606 3037 1863 3108 benedictaeipsius

112 3123 243 3181 Christus
266 3124 341 3179 Deus
364 3123 435 3194 quia
460 3138 490 3180 so
518 3124 684 3180 humiliavit
705 3126 862 3194 exaltatur,
890 3140 959 3198 ergo
1013 3124 1111 3180 Matris
1125 3124 1216 3179 bonor
1233 3137 1292 3179 non
1308 3123 1371 3179 dico
1388 3122 1522 3193 tepefieri,
1543 3123 1591 3179 sed
1607 3123 1638 3178 in
1653 3122 1712 3179 dies
1733 3137 1786 3194 pro
1800 3138 1863 3180 suo

112 3211 175 3282 ipsa
189 3211 307 3281 perenni
322 3212 438 3267 residuo
461 3212 559 3282 gloria
574 3213 651 3282 quod
671 3221 760 3269 totum
782 3214 872 3270 Deum
888 3229 958 3271 con·
1012 3227 1095 3269 cessu
1123 3220 1284 3282 temporum
1312 3227 1369 3267 non
1398 3226 1511 3282 semper
1539 3212 1662 3268 exaltari
1692 3212 1804 3269 nesciit.
1834 3212 1861 3268 Si

113 3299 178 3356 tulit
208 3299 332 3370 potitur;
361 3299 418 3356 imo
452 3300 608 3357 clarillcato
641 3301 820 3370 provehitur,
849 3310 959 3374 quanto
1011 3304 1087 3360 enim
1106 3303 1135 3358 in
1158 3302 1281 3374 singulis
1304 3300 1432 3358 ildelium
1455 3301 1590 3357 aetatibus
1612 3300 1862 3357 Christianaseu-

112 3388 219 3459 regina
234 3387 341 3444 clarius
365 3397 408 3444 est
431 3388 534 3444 Filium
554 3389 652 3445 videro
674 3398 841 3461 regnantem
868 3405 957 3463 quam
1012 3393 1110 3457 tentia,
1125 3404 1184 3461 qua
1200 3389 1324 3459 amplius
1339 3389 1506 3456 ventilatur,
1523 3390 1665 3446 astruitur
1686 3396 1714 3445 et
1728 3389 1860 3446 discussa

111 3489 192 3532 exeo
208 3489 238 3531 se
254 3475 541 3546 scirepraegnantem.
1012 3480 1053 3536 nil
1082 3480 1161 3536 aliud
1184 3493 1272 3550 quam
1303 3477 1426 3534 solidum
1456 3478 1628 3548 respondere
1665 3476 1784 3546 addicit,
1822 3478 1862 3535 sic

147 3564 239 3635 Super
265 3563 353 3620 limen
380 3565 479 3635 itaque
500 3565 588 3636 hujus
621 3573 708 3635 porta
742 3565 875 3636 princeps
910 3568 958 3624 ad·
1012 3569 1102 3638 ipsius
1121 3567 1304 3623 insaeeulum
1327 3565 1515 3622 clarificanda
1533 3565 1696 3637 virginitas,
1718 3573 1747 3623 et
1771 3567 1863 3623 nullis

110 3661 181 3720 oret,
201 3653 286 3709 idest
310 3652 339 3708 in
352 3654 456 3722 spiritu
474 3662 502 3710 et
517 3656 637 3710 veritate
651 3654 805 3710 adorantes
827 3655 956 3725 inspiret.
1011 3654 1170 3711 heresibus
1183 3654 1399 3723 ,devirginanda
1412 3652 1571 3711 iocunditas
1585 3652 1631 3710 vel
1653 3662 1862 3711 momentanee

111 3741 192 3797 Unde
219 3749 284 3797 est:
306 3742 428 3796 adorate
451 3742 596 3796 scabellum
618 3742 717 3810 pedum
739 3744 806 3812 ejus,
829 3746 958 3811 quoniam
1010 3742 1225 3799 obumbrationi
1240 3741 1405 3810 succubuit,
1435 3743 1492 3797 imo
1519 3741 1753 3811 imperiosissime
1771 3743 1861 3799 ultrix

110 3835 233 3884 sanctam
260 3834 301 3885 est
329 3832 413 3895 (Psoi.
440 3844 536 3894 xovru,
568 3830 603 3900 5).
636 3830 663 3887 Si
691 3834 768 3886 euim
804 3831 839 3887 de
875 3832 957 3888 Chri·
1009 3829 1185 3900 iniuriarum
1223 3842 1344 3885 suarum
1377 3843 1427 3899 per
1461 3829 1655 3886 revolutiones
1684 3837 1859 3900 temporum,

111 3926 154 3973 sto
178 3917 294 3973 homine
317 3917 445 3974 dicitur:
482 3919 604 3973 adorate
640 3935 710 3987 eum,
740 3934 829 3973 omues
867 3922 959 3990 angeli
1011 3917 1088 3974 unde
1101 3925 1130 3973 et
1145 3916 1408 3988 ubiquequantum
1423 3927 1557 3990 regnaret
1573 3917 1756 3975 mirabilibus
1766 3928 1862 3976 osten·

110 4011 185 4059 ntia
201 4005 260 4073 ejus
281 4003 364 4073 (Psoi.
378 4020 454 4072 xcvi,
469 4008 508 4077 7),
526 4007 560 4061 de
581 4007 636 4061 Deo
650 4007 723 4063 nulli
745 4007 867 4063 dubium
884 4009 955 4078 quin
1012 4006 1051 4062 sis
1072 4005 1194 4076 aperuit.

109 4092 239 4150 adorent.
255 4092 328 4159 Quid
356 4094 493 4162 sanctius,
517 4095 587 4165 quid
603 4107 637 4150 ea
660 4095 835 4150 adorabilius
858 4109 954 4164 carne,
1043 4096 1187 4163 Proprium
1212 4096 1267 4162 ipsi
1286 4099 1325 4149 est
1353 4096 1486 4161 misereri,
1507 4100 1599 4164 utpote
1619 4101 1756 4166 sequester
1786 4099 1860 4152 iuter

109 4194 147 4237 ex
174 4195 233 4252 qua
256 4180 387 4239 christus
414 4182 554 4253 gignitur,
577 4197 643 4253 quae
673 4183 757 4239 habet
779 4183 954 4240 identitatem
1010 4184 1094 4237 Dmm
1115 4188 1141 4236 ει
1161 4183 1290 4237 homiues.
1317 4212 1353 4224 -
1384 4183 1462 4239 Unde
1486 4184 1640 4253 sequitur:
1671 4187 1705 4238 Ει
1728 4185 1860 4241 adorabit

109 4284 176 4326 cum
199 4269 271 4340 ipsa,
293 4271 452 4341 eademque
476 4272 526 4327 Dei
549 4271 619 4327 Filio
635 4271 758 4328 unitur‘l
779 4272 815 4326 Et
836 4279 911 4328 certe
927 4274 956 4329 in
978 4254 1097 4325 Domitia
1107 4272 1223 4340 papatus
1233 4277 1311 4325 terra
1325 4271 1362 4325 cd
1374 4274 1472 4326 ostium
1483 4278 1568 4341 porta
1582 4272 1677 4342 (ibid,
1690 4275 1728 4340 3).
1741 4273 1769 4329 Si
1785 4274 1860 4345 prin·

109 4358 217 4414 mundo
233 4357 342 4428 positus
357 4358 378 4414 si
395 4373 466 4428 puer
484 4359 652 4428 parentibus
674 4359 808 4415 subditus
827 4360 902 4430 (bue.
924 4376 954 4429 n,
1009 4373 1076 4429 ceps
1092 4358 1144 4413 hoc
1159 4359 1235 4429 quod
1258 4373 1291 4414 ex
1304 4372 1338 4415 ea
1363 4361 1481 4429 accepit,
1498 4360 1526 4415 id
1553 4368 1596 4417 est
1625 4362 1860 4432 integumentum

108 4444 163 4516 bl),
177 4446 350 4517 juxtaquod
362 4446 487 4504 tulerant
507 4461 568 4503 suae
586 4447 675 4517 ipsius
688 4447 760 4503 scita
774 4447 854 4518 legis,
880 4449 955 4519 ipsos
1008 4447 1132 4518 propriae
1157 4447 1347 4503 humanitatis
1371 4448 1482 4516 adorat,
1508 4448 1644 4504 memhris
1670 4449 1779 4506 scilieet
1800 4451 1861 4507 suis

107 4532 245 4603 honorat;
259 4548 318 4590 non
332 4542 375 4590 est
396 4535 480 4604 plane
495 4535 600 4591 mirum
623 4534 647 4590 si
665 4534 692 4590 id
709 4535 804 4604 ipsum
832 4536 909 4606 quod
925 4536 954 4591 in
1009 4535 1189 4593 adorandum
1216 4535 1353 4600 insinuat,
1378 4535 1533 4592 rectissime
1549 4537 1673 4607 populus
1689 4544 1785 4607 terrae,
1802 4553 1860 4595 non

105 4635 140 4678 ea
154 4621 269 4678 virtutis
283 4628 310 4678 et
333 4622 431 4692 gloriae
459 4622 572 4690 indidit,
595 4622 673 4692 quod
697 4623 842 4692 signillcat
866 4631 954 4692 porta
1008 4624 1144 4695 pulveris,
1168 4623 1222 4678 tide
1236 4623 1347 4679 stabilis
1361 4632 1449 4694 atque
1464 4624 1707 4681 lructilicansnon
1724 4628 1857 4696 volatilis,

105 4708 204 4777 limen,
235 4710 346 4765 adorat.
373 4710 502 4766 Adorare
528 4723 657 4780 namque
683 4710 758 4766 sieut
782 4725 833 4781 pro
855 4712 954 4768 divino
1006 4712 1096 4782 ipsam
1125 4710 1324 4783 gloriosiorem
1353 4712 1606 4782 supercoelestibus
1630 4717 1782 4783 creaturis,
1812 4724 1858 4773 ut-

105 4796 196 4865 cultu,
212 4796 254 4852 sic
267 4795 420 4866 aliquoties
444 4811 495 4867 pro
510 4797 673 4854 reverentia
696 4797 733 4853 ad
756 4798 886 4855 homines
908 4813 955 4868 po·
1007 4808 1071 4872 pote
1086 4814 1152 4870 quae
1168 4800 1291 4867 auctrix,
1309 4808 1338 4856 et
1350 4814 1431 4855 novae
1453 4800 1503 4857 Dei
1526 4801 1589 4857 Filii
1604 4809 1745 4860 creaturae
1761 4805 1857 4861 alitrix

105 4885 195 4952 uitur,
211 4885 287 4940 sicut
306 4884 421 4940 Nathan
441 4885 582 4956 propheta
595 4885 685 4942 llavid
702 4887 835 4943 adorasse
849 4887 953 4944 scribi·
1006 4895 1057 4955 est,
1072 4902 1129 4943 non
1149 4888 1233 4943 modo
1255 4894 1286 4944 nt
1301 4895 1419 4944 caeteros
1432 4896 1544 4945 sanctos
1567 4890 1698 4959 honorat,
1711 4892 1761 4947 sed
1777 4893 1856 4963 quasi

105 4980 154 5030 tur
167 4973 232 5044 (m
249 4973 319 5040 Reg.
340 4987 359 5041 t,
385 4972 442 5044 23).
458 4972 540 5030 Unde
554 4982 582 5029 et
595 4975 682 5031 lacoh
697 4974 845 5046 lastigium
861 4974 953 5047 virgea
1005 4988 1191 5045 superparem
1211 4975 1313 5031 Christi
1335 4976 1524 5032 humanitatis
1538 4978 1647 5033 adorat.
1661 4977 1776 5036 Ostium
1791 4995 1856 5037 vero
1906 4986 1907 5041 l

103 5061 206 5131 Joseph
223 5060 260 5117 ah
275 5060 410 5131 Apostolo
431 5061 566 5118 adorasse
585 5062 692 5119 dicitur
717 5063 817 5130 (Hebe.
844 5077 874 5126 u,
895 5063 950 5134 il).
1006 5071 1049 5120 est
1065 5064 1100 5120 ad
1116 5072 1226 5134 portam
1241 5064 1336 5120 aditus
1355 5065 1560 5134 patentissimae
1573 5067 1711 5123 omnihus
1725 5068 1855 5125 dirlcedi·

103 5148 184 5216 Quod
199 5154 242 5204 est
265 5148 295 5203 in
322 5162 428 5220 magna
445 5151 629 5208 veneratione
644 5151 780 5208 habuisse
808 5165 952 5207 summam
1006 5153 1051 5209 nis
1066 5153 1102 5209 ad
1116 5153 1247 5211 uariam.
1272 5152 1346 5220 Quid
1372 5153 1448 5209 enim
1472 5155 1688 5211 miserationum
1710 5156 1753 5212 illi
1772 5157 1853 5215 hene-

102 5237 166 5307 ejus
181 5235 323 5306 potentiae,
340 5251 406 5308 qua
420 5237 462 5293 sic
474 5237 702 5309 inseparabiliter
717 5253 734 5294 a
749 5238 805 5294 Deo
820 5247 950 5308 paratur.
1005 5241 1088 5297 dicta.
1101 5256 1159 5298 uon
1176 5242 1290 5307 induat,
1305 5255 1342 5298 ex
1356 5255 1416 5312 qua
1436 5241 1499 5298 lons
1514 5243 1600 5299 totius
1614 5243 1651 5299 ad
1666 5252 1790 5303 cunctos
1804 5245 1852 5317 qui

103 5321 131 5380 st
150 5325 186 5381 de
206 5324 313 5378 sanctis
328 5325 435 5395 quibus
463 5326 509 5382 llei
539 5326 637 5383 filiatio
663 5327 849 5396 promittitur,
873 5328 951 5396 guod
1006 5335 1101 5386 tenero
1127 5330 1266 5400 poenitent
1295 5339 1457 5400 peccatores
1480 5330 1622 5401 largitatis
1642 5338 1670 5387 et
1687 5333 1789 5403 gratiae
1802 5348 1854 5391 ma·

101 5410 270 5469 honorabile
281 5411 318 5466 sit
331 5426 436 5469 nomen
446 5427 548 5470 eorum
563 5428 658 5470 coram
677 5417 735 5484 ipso
748 5414 855 5470 dicitur
867 5417 950 5485 (Psoi.
1004 5417 1075 5473 nati
1090 5417 1141 5474 Cui
1155 5419 1231 5474 enim
1247 5426 1339 5475 totum
1360 5419 1437 5488 quod
1452 5427 1495 5474 est
1508 5419 1706 5477 misericordia
1721 5436 1753 5478 se
1775 5422 1852 5479 iniu-

101 5513 175 5570 nxxr,
198 5497 252 5568 ill,
268 5496 338 5553 dum
363 5500 392 5555 id
419 5502 449 5556 in
463 5502 505 5557 eis
520 5501 650 5558 Christus
664 5502 796 5571 honorat,
812 5503 890 5573 quod
913 5504 951 5560 ab
1004 5505 1055 5574 dit,
1081 5506 1224 5575 quomodo
1238 5506 1384 5563 dissentiet
1400 5506 1436 5562 ab
1457 5520 1490 5563 eo
1506 5507 1584 5578 quod
1599 5508 1630 5564 in
1654 5522 1685 5566 se
1700 5510 1852 5568 continens
