3818 6008
113 214 167 269 ⁰08
570 214 600 267 V.
621 212 787 269 obtutari
805 212 951 269 neutris
969 212 997 268 S.
1018 214 1138 269 hante
1156 214 1201 268 DE
1220 214 1417 271 nottdunro
1809 220 1860 274 604

112 359 189 413 mus,
206 345 312 402 idcirco
339 347 465 402 sciamus
488 344 528 400 nil
553 344 588 400 do
612 344 728 414 premio
756 344 878 415 virginis
902 359 955 400 nos
973 345 1135 402 hnentiam
1158 337 1315 416 proniani,
1340 361 1428 418 seque
1451 362 1502 418 per
1528 362 1558 404 se
1585 347 1765 406 tantumdem
1787 347 1861 404 cohi·

114 452 240 506 manere,
268 452 341 509 quos
368 437 471 493 mentis
498 437 623 493 luxuriae
648 437 805 492 constiterit
833 436 957 492 obedire.
1014 433 1144 490 biturum
1171 435 1330 505 pollicetur.
1357 435 1641 502 Quantumuesuns
1661 435 1780 506 quidem
1807 448 1860 505 pa·

115 528 235 584 Frustra
252 525 287 581 de
312 524 426 581 macula
447 525 582 580 exteriori
605 523 760 594 labtrlarer,
781 539 847 596 qnae
869 525 960 580 inter·
1013 528 1080 584 stor,
1097 520 1120 575 si
1136 521 1190 577 sibi
1213 523 1284 578 ioret
1306 522 1463 589 consessus,
1486 529 1604 578 arceret.
1625 522 1663 578 At
1687 521 1740 578 ista
1772 521 1862 578 lallax

114 611 184 667 dnm
215 612 365 683 colloquiis
392 611 553 683 impudicis,
582 619 610 668 et
642 613 800 670 inhonestis
836 614 960 669 tactibus
1013 609 1198 679 presumptio
1219 609 1292 666 male
1312 610 1404 666 lotum
1422 610 1449 666 in
1466 609 1637 680 multiplicia
1661 609 1784 665 crimina
1804 610 1862 666 cri-

113 707 312 772 exturquetur,
336 701 364 757 in
390 702 498 772 quibus
518 709 544 758 et
567 702 739 758 naturaliter
765 703 854 771 spado
875 692 959 772 quis‘-
1012 711 1078 753 men
1092 711 1252 770 propagare
1274 699 1407 768 protinus
1424 713 1480 754 non
1495 698 1609 767 desinit,
1626 704 1654 754 et
1669 699 1738 754 dum
1770 696 1864 754 latens

113 786 190 857 piam
213 786 369 858 ingenitam
393 789 447 846 sihi
471 789 508 845 ab
530 795 595 844 ortu
619 788 714 844 carnis
755 788 957 861 integritatem,
1013 785 1130 842 delectat
1146 800 1195 842 cor
1217 787 1363 858 iniqnitas,
1378 802 1495 859 quoqne
1509 791 1589 857 pacto
1605 787 1687 859 signo
1710 787 1756 843 rel
1775 800 1864 857 opere

112 872 251 943 perhanc
273 876 487 944 spurcissimam
501 876 590 932 animi
606 876 820 946 corruptionem
848 875 959 946 absque
1012 874 1116 945 quovis
1125 873 1162 929 ad
1176 874 1306 931 omnium
1328 875 1494 945 propalatur
1508 875 1634 931 notitias.
1658 876 1740 933 lunc
1765 875 1861 945 impu·

111 960 363 1022 duhieamitteret.
1012 960 1118 1030 demin,
1147 968 1174 1018 et
1204 962 1310 1033 pariter
1336 962 1480 1018 induratio
1503 963 1712 1033 consequitur:
1740 961 1863 1031 reprobo

432 1053 549 1111 CAPUT
568 1053 630 1121 XV,
1012 1063 1109 1118 sensu,
1123 1057 1150 1106 et
1165 1050 1362 1121 desperatione
1372 1052 1407 1107 ad
1424 1051 1559 1107 ultimum
1574 1051 1768 1108 conciuditur.

148 1141 268 1210 Quantis
277 1142 424 1214 uoluptate
436 1141 534 1197 cernis
546 1140 676 1196 irretitur
686 1138 773 1195 malis
786 1142 957 1196 coarctetur.
1048 1139 1254 1195 Verecundiam
1274 1153 1343 1195 sane
1362 1147 1427 1194 ante
1454 1146 1602 1208 peccatum
1633 1147 1773 1210 tanquam
1799 1152 1863 1195 ser·

111 1231 210 1286 -Sed
235 1231 305 1302 quia
327 1232 364 1286 ad
388 1231 455 1287 satie
481 1231 515 1287 de
530 1231 575 1286 his
590 1229 754 1285 infortuniis
782 1229 840 1284 hnc
865 1243 958 1299 usqne
1011 1225 1098 1282 vilem
1144 1233 1253 1282 metum
1287 1227 1386 1284 utilem
1423 1226 1594 1300 plerumque
1631 1227 1765 1294 dixerim,
1800 1231 1863 1296 post

111 1317 292 1386 latravimus,
312 1319 485 1390 integritatis
512 1319 601 1388 hujus
623 1316 744 1389 gloriam
769 1317 804 1373 de
829 1317 960 1388 suique
1011 1316 1125 1386 culpam
1156 1323 1233 1371 tantu
1263 1314 1503 1384 perniciosiorem,
1538 1324 1648 1387 quanto
1682 1329 1772 1386 pravo
1808 1329 1862 1370 sno

111 1407 163 1464 ties
197 1407 337 1463 accederit
361 1422 446 1465 casus
482 1406 596 1463 miseria
633 1405 870 1476 contemplemur,
919 1407 957 1462 ait
1011 1404 1115 1474 pudori
1141 1402 1247 1459 tuendo
1270 1417 1422 1473 personam
1455 1403 1560 1460 videris
1596 1419 1654 1460 non
1699 1403 1861 1460 conlitendo

111 1495 214 1552 nobilis
229 1496 275 1552 ille
289 1494 698 1566 auctornootiustbeconsot.
718 1494 900 1560 Philos.,lib.
913 1510 956 1562 nr,
1011 1492 1178 1549 cautiorem.
1221 1493 1342 1546 ametur
1370 1490 1468 1561 igitur,
1484 1491 1615 1547 conlusio
1639 1505 1705 1562 quae
1737 1491 1860 1561 gloriam

111 1592 202 1642 metro
215 1589 252 1652 7),
267 1599 333 1641 cum
349 1585 383 1641 de
397 1583 508 1641 latrone
533 1584 652 1655 pudoris
669 1583 815 1654 voluptate
838 1591 955 1655 ageret:
1012 1579 1142 1645 adducit;
1177 1577 1213 1634 ad
1238 1577 1412 1647 Babylonem
1439 1579 1516 1634 enim
1542 1581 1595 1635 hoc
1625 1579 1707 1636 modo
1746 1577 1861 1635 venuse

254 1681 346 1737 Habet
360 1681 412 1736 hoc
430 1680 563 1752 voluptas
573 1679 683 1746 omnm·
978 1641 998 1695 Β
1013 1667 1171 1738 plurimum
1187 1673 1290 1723 nostrae
1307 1666 1466 1723 liberationi
1483 1666 1605 1738 prolicit.

252 1752 389 1808 Stimulis
400 1752 609 1826 aptissimam,
625 1758 679 1806 etc.
1332 1754 1446 1811 CAPUT
1462 1755 1537 1812 XVI.

111 1849 164 1908 Sed
190 1850 297 1922 quibus
320 1850 461 1908 stimulis?
475 1849 547 1916 Qua,
573 1849 702 1919 inquam,
716 1847 821 1904 doloris
848 1847 958 1904 insania
1047 1845 1210 1900 Monostica
1229 1843 1374 1906 instillata,
1383 1845 1516 1916 fugaque
1529 1842 1719 1911 secularium,
1740 1839 1861 1914 turgini·

110 1938 282 2009 languidum
309 1937 494 1995 excarnillcat
517 1945 623 2007 pectus,
651 1947 678 1992 et
701 1935 772 1992 dum
798 1934 958 1992 furibunda
1012 1931 1066 1987 tati
1080 1932 1190 1987 tuenda
1215 1932 1354 2003 optimum
1377 1931 1544 1986 remedium.
1563 1931 1720 1987 -Tacere
1742 1943 1862 2000 prorsus

110 2026 236 2082 remedia
276 2025 374 2083 luriesi
399 2024 528 2094 cupidini
555 2023 590 2078 ad
620 2023 839 2094 exaggerandas
867 2023 958 2079 iurias
1011 2036 1064 2078 nos
1082 2021 1264 2092 proposuisse
1278 2022 1312 2077 de
1324 2020 1444 2077 coelestis
1468 2017 1710 2075 remunerationis
1740 2016 1861 2087 quanti-

110 2114 319 2183 exquiruntur,
349 2113 384 2169 ad
415 2119 558 2169 extremos
580 2110 716 2176 delectus,
753 2118 781 2167 ct
822 2119 958 2168 cruentas
1011 2115 1078 2177 tate,
1094 2124 1160 2180 quae
1174 2109 1294 2166 debetur
1312 2107 1485 2179 virginibus,
1499 2120 1581 2162 nemo
1599 2105 1732 2171 miretur,
1746 2103 1819 2175 qnia
1834 2110 1862 2159 et

110 2207 237 2257 torturas
252 2213 332 2257 mens
346 2200 476 2269 undique
495 2198 599 2265 lacera,
617 2201 644 2254 et
669 2197 806 2268 dissipata
829 2199 956 2255 devolvi·
1011 2211 1063 2253 nos
1078 2198 1154 2265 latet,
1171 2203 1199 2252 et
1213 2197 1238 2252 ci
1260 2195 1446 2251 enuntiandae
1465 2208 1523 2250 non
1549 2192 1719 2258 sufficimus,
1743 2199 1771 2247 et
1796 2205 1862 2261 quae

109 2294 167 2344 tur.
185 2288 243 2344 Etsi
261 2287 411 2358 aliquoties
428 2284 574 2341 doloribus
592 2293 654 2341 acta
669 2284 813 2354 poeniteat,
838 2293 958 2340 exacto-
1011 2299 1069 2341 non
1082 2291 1181 2355 patent
1199 2283 1291 2340 oculis
1314 2282 1422 2352 tepidos
1443 2281 1540 2336 minus
1557 2279 1684 2337 excitant
1702 2280 1860 2344 auditores,

110 2387 156 2430 res
182 2375 257 2430 illico
286 2374 406 2430 redeunt
436 2372 604 2439 Pharaonis,
636 2379 663 2426 et
694 2368 871 2442 flagellatum
908 2386 959 2427 cor
1010 2387 1266 2443 caverequorum
1290 2373 1364 2427 dura
1383 2371 1561 2442 experientia
1579 2378 1630 2439 est,
1659 2378 1687 2426 et
1716 2384 1784 2440 quae
1810 2370 1861 2426 ahs

62 2480 70 2488 ·
110 2462 248 2519 miserum
263 2462 300 2518 ad
313 2461 428 2517 solitum
443 2474 503 2515 suae
520 2458 662 2529 pensionis
689 2467 809 2529 cogunt,
838 2459 957 2515 duriora
1011 2460 1138 2531 quolibet
1154 2459 1294 2517 usualiter
1311 2459 1427 2530 probari
1447 2473 1536 2529 quam
1555 2458 1631 2514 mala
1655 2465 1724 2513 sunt
1745 2457 1858 2514 creber-

109 2562 222 2620 semper
240 2551 423 2622 adjectantes
446 2561 598 2619 properare
622 2546 756 2618 vectigal.
779 2546 859 2603 Unde
890 2562 957 2604 mox
1009 2551 1194 2619 rimesolent,
1216 2550 1340 2620 exempli
1356 2548 1532 2605 adhibitione
1556 2549 1688 2620 digniora
1713 2549 1785 2604 mihi
1800 2549 1861 2605 visa

110 2635 147 2692 ad
162 2638 260 2694 edium
274 2637 361 2694 totius
377 2635 523 2705 religionis
537 2633 692 2701 acceditur,
709 2641 808 2689 sancta
830 2634 957 2690 claustra
1009 2645 1088 2704 sunt,
1111 2645 1141 2694 ut
1155 2638 1256 2693 saitem
1282 2637 1398 2693 horreat
1418 2635 1532 2692 animus
1557 2636 1701 2692 tantillum
1724 2636 1817 2692 mellis
1831 2636 1860 2692 in

110 2730 138 2780 et
164 2724 291 2780 fraterna
316 2721 504 2778 contubernia
529 2721 624 2787 latent,
655 2720 799 2792 quidquid
823 2735 956 2791 pertuso
1010 2728 1368 2799 apisorequaerere,dum
1385 2727 1512 2798 cogitant
1527 2726 1661 2783 aculeum
1674 2727 1727 2797 qui
1752 2729 1861 2785 cruciet

110 2813 200 2869 amori
242 2811 357 2878 resistit,
401 2809 537 2880 quamvis
575 2808 727 2879 Optimum,
764 2810 953 2878 maledicitur,
1010 2816 1102 2873 inesse
1127 2816 1204 2872 illius
1231 2815 1341 2872 caudae.
1367 2816 1402 2871 Et
1429 2815 1499 2872 illud
1519 2815 1665 2871 inculcare
1686 2815 1813 2871 nouabs
1831 2828 1861 2871 re

109 2901 193 2970 ooepli
210 2898 362 2971 cujuslibet
374 2898 439 2955 boni
451 2897 617 2967 ttoessllesslla
632 2896 829 2967 consequitur.
975 2910 1061 2991 cest,
1078 2903 1156 2974 quod
1174 2918 1207 2960 eo
1222 2902 1338 2959 stimulo
1360 2903 1508 2960 concitatis
1521 2905 1562 2960 nil
1580 2904 1616 2960 sit
1643 2904 1744 2961 utilius
1770 2919 1860 2975 quam

146 2987 276 3043 Pessima)
302 2986 385 3043 istius
417 2986 518 3042 titul&
555 2984 671 3054 primos,
709 2983 752 3039 uti
793 2985 953 3052 referimus,
1010 2993 1129 3050 claustri
1172 2991 1396 3062 monasteriique
1441 2993 1628 3064 perpetuitas,
1673 2993 1859 3050 secularium

109 3074 264 3147 proiectus,
294 3077 323 3131 et
351 3074 479 3146 eiusdem
515 3072 645 3128 contritae
678 3071 815 3129 obscenos
842 3075 953 3143 oderes,
1010 3080 1245 3152 quampraecipue
1274 3078 1411 3149 colloquii
1436 3078 1507 3151 fuga
1532 3095 1732 3151 personarum,
1757 3095 1859 3137 rumo-

108 3176 267 3233 succosque
295 3161 454 3219 mortiferos
481 3158 648 3229 praelibatus
683 3167 784 3215 auctor
822 3164 895 3216 m
926 3161 955 3217 in
1008 3184 1074 3228 rum
1102 3168 1229 3236 evitatio,
1256 3172 1284 3224 et
1310 3167 1453 3238 quidquid
1480 3169 1609 3225 animose
1647 3169 1775 3226 carnalis
1795 3184 1860 3226 am.

109 3250 256 3314 anteriori‚
296 3257 328 3307 ut
367 3250 481 3319 opinor,
517 3247 658 3302 sententia
695 3248 778 3317 plene
817 3248 953 3307 elucidat.
1009 3258 1146 3328 plexatur
1162 3256 1270 3313 electio.

111 3360 122 3388 ⁸
151 3337 235 3405 Quid,
256 3337 360 3408 inquit,
385 3337 420 3393 de
449 3333 648 3405 voluptatibus
674 3333 799 3404 millai?
826 3335 953 3404 Quarum
1045 3346 1122 3401 inter
1151 3359 1216 3416 que
1245 3358 1427 3415 summopere
1458 3344 1589 3400 ciborum
1620 3351 1647 3400 et
1684 3345 1856 3402 victualium

108 3426 224 3498 quidem
241 3426 403 3497 appetentia
417 3424 503 3496 plena
519 3423 672 3480 auxietatis
688 3432 739 3491 est,
756 3424 872 3482 satietas
887 3439 955 3482 vero
1008 3433 1139 3490 omnium
1167 3432 1268 3503 ingens
1293 3432 1321 3488 in
1343 3431 1484 3488 sumendo
1508 3432 1641 3489 habenda
1665 3433 1811 3503 discretio,
1832 3440 1860 3490 et

108 3515 282 3587 peanitentiae
297 3515 434 3586 (Seuerus,
450 3528 537 3584 prora
551 3527 591 3582 m,
606 3513 645 3582 t).
664 3534 674 3560 ι
701 3511 754 3569 Sed
769 3527 806 3569 ex
830 3514 955 3584 praelatis
1007 3521 1120 3578 servilis
1139 3518 1222 3575 mnlti
1247 3519 1341 3590 operis
1363 3519 1510 3588 instantia,
1529 3527 1557 3576 et
1578 3520 1650 3591 jugo
1675 3520 1859 3589 parcimonia

107 3605 197 3663 habes
223 3603 407 3660 anxietatem.
437 3602 507 3671 Quae
542 3617 609 3659 vero
639 3603 694 3659 illa*
711 3604 836 3671 satietas,
866 3617 954 3674 quam
1007 3607 1158 3666 curvanda
1183 3605 1323 3676 ferocitas,
1359 3622 1395 3664 ne
1413 3608 1484 3664 dnm
1505 3608 1599 3665 cordis
1626 3611 1772 3666 munditia
1799 3611 1859 3665 siue

106 3694 240 3752 venenosi
268 3700 296 3750 et
333 3699 443 3749 atroces
479 3692 556 3748 illius
578 3698 705 3748 cruentae
740 3692 954 3749 comessationis
1008 3696 1182 3755 abstinentia
1204 3697 1382 3753 exteriorum
1404 3696 1585 3767 voluptatum
1602 3697 1755 3768 quaritur,
1777 3711 1859 3768 quae·

107 3791 221 3855 gustus,
236 3782 321 3853 cuius
335 3788 395 3837 tam
408 3780 500 3850 putidi
515 3787 584 3836 snut
604 3784 705 3835 ructus
721 3787 753 3836 ut
777 3793 830 3836 sua
841 3779 953 3837 audito·
1007 3787 1097 3842 rentis
1110 3784 1239 3852 allectus,
1257 3792 1289 3842 ut
1304 3785 1428 3858 dignum
1447 3794 1499 3854 est,
1514 3787 1661 3844 eludatur.

108 3887 154 3929 res
167 3871 244 3928 lama
263 3870 406 3926 teterrime
435 3876 548 3925 vexent.
580 3867 670 3940 Cujus
694 3868 854 3925 relectionis
882 3867 955 3925 dele
1044 3871 1228 3928 Teatctionaa
1256 3872 1340 3927 Petri
1363 3871 1513 3944 spirituali
1538 3877 1605 3930 auat
1622 3873 1796 3946 aperienda.
1826 3905 1859 3915 —-

106 3967 170 4017 ctus
186 3959 221 4014 ad
245 3956 377 4014 ellectum
403 3956 520 4027 quidem
549 3970 635 4012 snum
662 3956 798 4013 momenti
827 3956 953 4026 spatium
1008 3961 1101 4031 Supra
1113 3961 1174 4016 haec
1190 3961 1368 4030 permaxime
1384 3968 1412 4016 et
1426 3967 1554 4018 extreme
1571 3960 1679 4017 bunum
1694 3960 1755 4017 iore
1778 3960 1859 4017 arhi-

107 4062 180 4120 pene
193 4045 308 4113 sullicit,
327 4045 496 4101 sedinimiti
519 4044 625 4101 doloris
650 4058 755 4101 meror
780 4045 954 4102 brevissimae
1007 4057 1077 4116 tror,
1119 4047 1287 4118 obrepentes
1331 4049 1436 4105 animae
1475 4049 1688 4121 qualiscunque
1732 4049 1859 4106 lascivire

106 4131 162 4202 ipsi
176 4131 354 4188 delectationi
375 4132 510 4188 succedit.
532 4132 583 4188 Sed
608 4133 674 4203 quis
699 4132 824 4188 mmrur?
844 4132 955 4187 acerri-
1008 4135 1104 4190 motus
1129 4134 1254 4203 proprio,
1279 4133 1327 4190 cui
1354 4133 1399 4190 sui
1428 4135 1607 4205 potissimum
1631 4135 1753 4205 pertinet
1776 4149 1857 4202 cura,

107 4234 184 4288 mus,
195 4227 223 4276 et
238 4218 348 4275 nullius
359 4219 457 4275 damni
472 4220 636 4290 temporalis
660 4217 782 4276 tristitie
801 4218 952 4274 conieren-
973 4222 1115 4293 ppastori
1151 4223 1370 4292 quamprimum
1393 4221 1424 4278 in
1455 4222 1523 4292 ipsis
1550 4223 1744 4294 suggestionis
1771 4223 1860 4280 initiis

107 4309 172 4378 dus,
187 4309 240 4381 qui
255 4311 284 4364 in
301 4315 412 4365 tautum
427 4322 514 4364 snum
541 4308 712 4377 plerumque
726 4307 842 4364 stimulo
867 4321 954 4378 ango
1010 4310 1136 4381 pandere
1150 4307 1223 4379 (28);
1236 4321 1289 4364 nec
1302 4308 1468 4364 summatim
1482 4317 1533 4365 aut
1547 4310 1690 4379 simulate,
1706 4311 1756 4367 sed
1772 4325 1858 4368 suum

106 4398 148 4457 ris
160 4399 270 4470 agitare
296 4395 444 4452 consuevit
467 4402 614 4452 auctorem
640 4403 673 4452 nt
700 4395 954 4466 propriascipsum
1009 4398 1080 4455 adeo
1094 4405 1238 4469 quantum
1253 4396 1328 4453 valet
1352 4397 1500 4455 denudare
1521 4399 1690 4470 cogitatum,
1717 4408 1750 4457 ut
1767 4409 1860 4457 totum

109 4483 271 4541 dexterain
298 4484 399 4539 mortis
424 4484 512 4555 eligat
540 4482 719 4554 precipitare
747 4483 900 4540 discrimen
928 4491 956 4540 et
1009 4503 1038 4545 se
1064 4487 1183 4544 rectoris
1204 4485 1312 4556 jndicio
1351 4487 1477 4543 insinuet
1500 4487 1739 4559 gubernandum
1775 4502 1859 4545 nemo

109 4585 177 4629 cum
203 4572 358 4643 perpetrati
389 4571 525 4629 lacinoris
548 4572 603 4628 sibi
632 4580 735 4643 preter
762 4587 792 4628 se
824 4572 956 4629 conscius
1009 4576 1086 4633 enim
1109 4575 1181 4632 hene
1204 4575 1339 4633 subditus
1366 4575 1425 4647 regi
1450 4576 1603 4646 apraelato
1629 4578 1741 4647 poterit,
1774 4576 1860 4648 cujus

109 4677 167 4719 nou
197 4662 311 4732 existat,
341 4664 484 4720 neminem
522 4677 579 4718 non
611 4664 684 4718 scire
712 4663 856 4719 arbitrans
895 4677 956 4720 suae
1010 4666 1069 4736 ipse
1092 4663 1272 4722 conscientie
1301 4666 1423 4736 ignarus
1442 4667 1504 4722 erit.
1530 4665 1558 4722 Sl
1586 4679 1654 4736 ergo
1676 4678 1756 4735 eger
1790 4664 1858 4720 obo-

109 4751 192 4808 dente
203 4750 375 4820 suspicionis
389 4751 458 4807 adeo
478 4749 539 4805 dire
560 4749 657 4806 inlelix
683 4749 797 4808 animus
825 4749 957 4807 corrodi·
1010 4753 1099 4810 riente
1122 4752 1222 4809 morbo
1243 4752 1297 4809 sibi
1315 4753 1471 4824 prudenter
1487 4753 1626 4823 providet,
1653 4751 1743 4808 menti
1758 4750 1860 4809 medici

109 4847 158 4897 tur
173 4846 205 4894 ut
215 4837 276 4908 jam
290 4838 420 4916 omnium
442 4838 603 4909 interquos
626 4837 737 4895 habitat
751 4839 908 4910 exsanguis
923 4853 957 4895 ac
1009 4853 1122 4895 necesse
1148 4847 1191 4894 est
1224 4846 1255 4895 nt
1283 4840 1429 4896 manniam
1461 4841 1639 4911 modutnque
1677 4837 1861 4909 egritudinis

110 4925 244 4996 pavidus,
280 4938 366 4994 super
405 4939 458 4981 suo
493 4940 559 4982 cum
589 4927 686 4983 adhuc
719 4926 804 4983 lateat
836 4926 954 4998 lingitis,
1010 4925 1213 4998 pronuntians,
1229 4925 1398 4982 universnm
1420 4941 1449 4982 se
1473 4927 1625 4997 mancipet.
1651 4926 1719 4983 llaec
1743 4925 1860 4997 quidem

106 5015 251 5087 judicium
270 5013 458 5085 prestoletur.
1010 5016 1084 5073 iacto
1100 5014 1210 5086 gravia,
1227 5013 1274 5070 sed
1292 5029 1350 5085 quo
1364 5014 1498 5086 graviora
1508 5029 1541 5071 eo
1556 5015 1681 5071 utiliora.

144 5102 264 5160 Talibus
278 5101 368 5174 igitur
383 5101 497 5158 subesse
516 5100 673 5172 suppliciis,
689 5102 760 5173 quid
781 5101 836 5157 nisi
852 5100 956 5172 imagi·
1047 5102 1154 5170 Quanti
1166 5101 1232 5157 boni
1254 5102 1391 5174 pacisque
1413 5102 1459 5158 cet
1480 5102 1512 5156 ia
1532 5103 1584 5158 hec
1603 5100 1705 5158 canule
1731 5099 1862 5156 obveniet

109 5191 211 5248 narius
237 5191 355 5261 quidam
384 5189 515 5246 inienuus
548 5191 756 5247 verisimillime
780 5189 957 5246 aestimetur?
1009 5190 1148 5265 puritatis
1166 5189 1303 5246 studioso.
1321 5220 1354 5230 -
1382 5190 1477 5262 igitur
1499 5189 1601 5247 tantilli
1629 5187 1737 5245 laboris
1760 5188 1861 5244 virtuti

110 5279 162 5336 Sed
179 5259 248 5335 dum
264 5288 325 5348 post
341 5278 453 5350 lapsum
466 5278 618 5350 aliquoties
636 5278 780 5335 erubescit
801 5277 957 5333 vehemen·
1011 5279 1163 5352 praemium
1187 5293 1240 5350 ego
1265 5277 1337 5333 mire
1360 5285 1470 5347 potens,
1498 5277 1569 5332 mire
1596 5288 1685 5332 suave
1715 5275 1862 5346 praellgere

110 5373 153 5423 ter
166 5364 294 5421 confiteri
317 5368 393 5435 quod
406 5367 511 5438 egerit3
538 5367 615 5435 apud
636 5380 664 5421 se
683 5365 839 5435 quamdam
864 5365 957 5420 conti·
1009 5370 1097 5426 etiam
1115 5369 1142 5423 in
1161 5368 1213 5423 hoc
1229 5365 1334 5422 saeculo
1355 5365 1489 5428 audeam,
1509 5366 1543 5420 ad
1564 5364 1651 5435 cujus
1671 5366 1861 5437 comparatio

145 5489 205 5565 (28)
218 5487 289 5546 Vide
301 5501 383 5559 capp.
400 5491 457 5546 iet
472 5494 487 5545 l
503 5489 621 5562 llegmae
635 5489 663 5545 S.
677 5488 781 5546 Bened.
