<?xml version="1.0" encoding="UTF-8"?>
<!DOCTYPE html PUBLIC "-//W3C//DTD XHTML 1.0 Transitional//EN"
    "http://www.w3.org/TR/xhtml1/DTD/xhtml1-transitional.dtd">
<html xmlns="http://www.w3.org/1999/xhtml" xml:lang="en" lang="en">
 <head>
  <title>
</title>
<meta http-equiv="Content-Type" content="text/html;charset=utf-8" />
  <meta name='ocr-system' content='tesseract 3.04.00' />
  <meta name='ocr-capabilities' content='ocr_page ocr_carea ocr_par ocr_line ocrx_word'/>
</head>
<body>
  <div class='ocr_page' id='page_1' title='image "./patrologiaecurs05unkngoog_0329.png"; bbox 0 0 3818 6008; ppageno 0'>
   <div class='ocr_carea' id='block_1_1' title="bbox 109 219 160 277">
    <p class='ocr_par' dir='ltr' id='par_1_1' title="bbox 109 219 160 277">
     <span class='ocr_line' id='line_1_1' title="bbox 109 219 160 277; baseline -0.078 0"><span class='ocrx_word' id='word_1_1' title='bbox 109 219 160 277; x_wconf 74' lang='lat'>047</span> 
     </span>
    </p>
   </div>
   <div class='ocr_carea' id='block_1_2' title="bbox 555 207 1409 268">
    <p class='ocr_par' dir='ltr' id='par_1_2' title="bbox 555 207 1409 268">
     <span class='ocr_line' id='line_1_2' title="bbox 555 207 1409 268; baseline 0 -2"><span class='ocrx_word' id='word_1_2' title='bbox 555 214 584 266; x_wconf 92' lang='lat' dir='ltr'>ll.</span> <span class='ocrx_word' id='word_1_3' title='bbox 607 211 772 268; x_wconf 82' lang='lat' dir='ltr'>GUlBERTl</span> <span class='ocrx_word' id='word_1_4' title='bbox 791 209 937 267; x_wconf 75' lang='lat' dir='ltr'>neentis</span> <span class='ocrx_word' id='word_1_5' title='bbox 955 209 983 264; x_wconf 88' lang='lat' dir='ltr'>S.</span> <span class='ocrx_word' id='word_1_6' title='bbox 1005 210 1126 266; x_wconf 77' lang='lat' dir='ltr'>MARIAE</span> <span class='ocrx_word' id='word_1_7' title='bbox 1145 210 1190 263; x_wconf 87' lang='lat' dir='ltr'>DE</span> <span class='ocrx_word' id='word_1_8' title='bbox 1208 207 1409 267; x_wconf 74' lang='lat' dir='ltr'>Nollebbto</span> 
     </span>
    </p>
   </div>
   <div class='ocr_carea' id='block_1_3' title="bbox 1711 209 1864 297">
    <p class='ocr_par' dir='ltr' id='par_1_3' title="bbox 1711 209 1864 297">
     <span class='ocr_line' id='line_1_3' title="bbox 1711 209 1864 297; baseline 0.007 -33"><span class='ocrx_word' id='word_1_9' title='bbox 1711 209 1864 297; x_wconf 22' lang='lat' dir='ltr'>,ecs</span> 
     </span>
    </p>
   </div>
   <div class='ocr_carea' id='block_1_4' title="bbox 109 343 1861 424">
    <p class='ocr_par' dir='ltr' id='par_1_4' title="bbox 109 343 1861 424">
     <span class='ocr_line' id='line_1_4' title="bbox 109 343 1861 424; baseline -0.007 -13"><span class='ocrx_word' id='word_1_10' title='bbox 109 363 190 411; x_wconf 86' lang='lat' dir='ltr'>cetur</span> <span class='ocrx_word' id='word_1_11' title='bbox 204 352 293 424; x_wconf 81' lang='lat' dir='ltr'>atligi,</span> <span class='ocrx_word' id='word_1_12' title='bbox 311 360 380 422; x_wconf 89' lang='lat' dir='ltr'>quot</span> <span class='ocrx_word' id='word_1_13' title='bbox 397 350 496 405; x_wconf 89' lang='lat' dir='ltr'>missas</span> <span class='ocrx_word' id='word_1_14' title='bbox 517 348 625 418; x_wconf 90' lang='lat' dir='ltr'>ubique</span> <span class='ocrx_word' id='word_1_15' title='bbox 646 347 781 402; x_wconf 88' lang='lat' dir='ltr'>altarium</span> <span class='ocrx_word' id='word_1_16' title='bbox 797 344 954 401; x_wconf 88' lang='lat' dir='ltr'>constiterit</span> <span class='ocrx_word' id='word_1_17' title='bbox 974 345 1167 415; x_wconf 69' lang='lat' dir='ltr'>laxissimas,</span> <span class='ocrx_word' id='word_1_18' title='bbox 1201 345 1271 415; x_wconf 90' lang='lat' dir='ltr'>quid</span> <span class='ocrx_word' id='word_1_19' title='bbox 1303 343 1501 400; x_wconf 89' lang='lat' dir='ltr'>auctoritatem</span> <span class='ocrx_word' id='word_1_20' title='bbox 1539 343 1639 399; x_wconf 91' lang='lat' dir='ltr'>mortis</span> <span class='ocrx_word' id='word_1_21' title='bbox 1670 343 1775 399; x_wconf 80' lang='lat' dir='ltr'>Christi</span> <span class='ocrx_word' id='word_1_22' title='bbox 1810 358 1861 414; x_wconf 89' lang='lat' dir='ltr'>per</span> 
     </span>
    </p>
   </div>
   <div class='ocr_carea' id='block_1_5' title="bbox 110 442 958 595">
    <p class='ocr_par' dir='ltr' id='par_1_5' title="bbox 110 442 958 595">
     <span class='ocr_line' id='line_1_5' title="bbox 144 442 256 499; baseline -0.036 0"><span class='ocrx_word' id='word_1_23' title='bbox 144 442 256 499; x_wconf 88' lang='lat' dir='ltr'>lebrari.</span> 
     </span>
     <span class='ocr_line' id='line_1_6' title="bbox 110 458 958 595; baseline -0.017 -6"><span class='ocrx_word' id='word_1_24' title='bbox 110 458 224 588; x_wconf 77' lang='lat' dir='ltr'>oeCerte</span> <span class='ocrx_word' id='word_1_25' title='bbox 248 529 272 584; x_wconf 91' lang='lat' dir='ltr'>si</span> <span class='ocrx_word' id='word_1_26' title='bbox 294 528 374 584; x_wconf 92' lang='lat' dir='ltr'>nulla</span> <span class='ocrx_word' id='word_1_27' title='bbox 403 532 587 595; x_wconf 75' lang='lat' dir='ltr'>suppeterent</span> <span class='ocrx_word' id='word_1_28' title='bbox 615 523 830 594; x_wconf 81' lang='lat' dir='ltr'>seripturarum</span> <span class='ocrx_word' id='word_1_29' title='bbox 856 520 958 576; x_wconf 86' lang='lat' dir='ltr'>sullrn·</span> 
     </span>
    </p>
   </div>
   <div class='ocr_carea' id='block_1_6' title="bbox 106 610 958 1119">
    <p class='ocr_par' dir='ltr' id='par_1_6' title="bbox 106 610 958 1119">
     <span class='ocr_line' id='line_1_7' title="bbox 109 610 955 690; baseline -0.015 -17"><span class='ocrx_word' id='word_1_30' title='bbox 109 620 165 690; x_wconf 85' lang='lat' dir='ltr'>gia,</span> <span class='ocrx_word' id='word_1_31' title='bbox 191 625 277 673; x_wconf 89' lang='lat' dir='ltr'>tetam</span> <span class='ocrx_word' id='word_1_32' title='bbox 301 625 396 672; x_wconf 90' lang='lat' dir='ltr'>tamen</span> <span class='ocrx_word' id='word_1_33' title='bbox 439 615 513 669; x_wconf 89' lang='lat' dir='ltr'>bane</span> <span class='ocrx_word' id='word_1_34' title='bbox 534 612 697 668; x_wconf 81' lang='lat' dir='ltr'>vecordiam</span> <span class='ocrx_word' id='word_1_35' title='bbox 722 610 796 667; x_wconf 90' lang='lat' dir='ltr'>ratio</span> <span class='ocrx_word' id='word_1_36' title='bbox 822 610 955 665; x_wconf 76' lang='lat' dir='ltr'>obrueret</span> 
     </span>
     <span class='ocr_line' id='line_1_8' title="bbox 107 699 957 772; baseline -0.012 -9"><span class='ocrx_word' id='word_1_37' title='bbox 107 707 252 763; x_wconf 91' lang='lat' dir='ltr'>universa.</span> <span class='ocrx_word' id='word_1_38' title='bbox 279 703 337 758; x_wconf 84' lang='lat' dir='ltr'>Etsi</span> <span class='ocrx_word' id='word_1_39' title='bbox 359 704 436 758; x_wconf 89' lang='lat' dir='ltr'>enim</span> <span class='ocrx_word' id='word_1_40' title='bbox 463 703 521 772; x_wconf 90' lang='lat' dir='ltr'>ipse</span> <span class='ocrx_word' id='word_1_41' title='bbox 544 701 742 757; x_wconf 71' lang='lat' dir='ltr'>ecclesiastieae</span> <span class='ocrx_word' id='word_1_42' title='bbox 768 699 957 754; x_wconf 69' lang='lat' dir='ltr'>institutionis</span> 
     </span>
     <span class='ocr_line' id='line_1_9' title="bbox 107 787 958 864; baseline -0.009 -15"><span class='ocrx_word' id='word_1_43' title='bbox 107 802 198 860; x_wconf 92' lang='lat' dir='ltr'>actus,</span> <span class='ocrx_word' id='word_1_44' title='bbox 215 792 266 864; x_wconf 93' lang='lat' dir='ltr'>qui</span> <span class='ocrx_word' id='word_1_45' title='bbox 283 793 313 848; x_wconf 90' lang='lat' dir='ltr'>llt</span> <span class='ocrx_word' id='word_1_46' title='bbox 329 793 402 848; x_wconf 89' lang='lat' dir='ltr'>inter</span> <span class='ocrx_word' id='word_1_47' title='bbox 418 789 648 853; x_wconf 76' lang='lat' dir='ltr'>sacrificandum,</span> <span class='ocrx_word' id='word_1_48' title='bbox 673 787 890 844; x_wconf 89' lang='lat' dir='ltr'>similitudinem</span> <span class='ocrx_word' id='word_1_49' title='bbox 908 787 958 841; x_wconf 82' lang='lat' dir='ltr'>llo</span> 
     </span>
     <span class='ocr_line' id='line_1_10' title="bbox 107 874 955 951; baseline -0.011 -14"><span class='ocrx_word' id='word_1_50' title='bbox 107 881 219 937; x_wconf 80' lang='lat' dir='ltr'>minicae</span> <span class='ocrx_word' id='word_1_51' title='bbox 245 880 385 951; x_wconf 89' lang='lat' dir='ltr'>passionis</span> <span class='ocrx_word' id='word_1_52' title='bbox 410 879 529 934; x_wconf 90' lang='lat' dir='ltr'>innuere</span> <span class='ocrx_word' id='word_1_53' title='bbox 552 891 609 932; x_wconf 94' lang='lat' dir='ltr'>non</span> <span class='ocrx_word' id='word_1_54' title='bbox 629 877 790 942; x_wconf 85' lang='lat' dir='ltr'>dubitetur,</span> <span class='ocrx_word' id='word_1_55' title='bbox 808 882 836 929; x_wconf 93' lang='lat' dir='ltr'>et</span> <span class='ocrx_word' id='word_1_56' title='bbox 857 874 886 929; x_wconf 93' lang='lat' dir='ltr'>in</span> <span class='ocrx_word' id='word_1_57' title='bbox 901 875 955 929; x_wconf 89' lang='lat' dir='ltr'>Do·</span> 
     </span>
     <span class='ocr_line' id='line_1_11' title="bbox 106 962 957 1027; baseline -0.007 -3"><span class='ocrx_word' id='word_1_58' title='bbox 106 969 178 1024; x_wconf 93' lang='lat' dir='ltr'>mini</span> <span class='ocrx_word' id='word_1_59' title='bbox 202 968 291 1024; x_wconf 90' lang='lat' dir='ltr'>nostri</span> <span class='ocrx_word' id='word_1_60' title='bbox 321 967 379 1023; x_wconf 85' lang='lat' dir='ltr'>steri</span> <span class='ocrx_word' id='word_1_61' title='bbox 406 964 674 1023; x_wconf 90' lang='lat' dir='ltr'>commemoratione</span> <span class='ocrx_word' id='word_1_62' title='bbox 703 964 848 1027; x_wconf 90' lang='lat' dir='ltr'>credatur,</span> <span class='ocrx_word' id='word_1_63' title='bbox 877 962 957 1018; x_wconf 78' lang='lat' dir='ltr'>netas</span> 
     </span>
     <span class='ocr_line' id='line_1_12' title="bbox 106 1047 955 1119; baseline -0.011 -10"><span class='ocrx_word' id='word_1_64' title='bbox 106 1060 203 1110; x_wconf 92' lang='lat' dir='ltr'>tamen</span> <span class='ocrx_word' id='word_1_65' title='bbox 218 1062 259 1109; x_wconf 92' lang='lat' dir='ltr'>est</span> <span class='ocrx_word' id='word_1_66' title='bbox 272 1061 304 1109; x_wconf 91' lang='lat' dir='ltr'>ut</span> <span class='ocrx_word' id='word_1_67' title='bbox 327 1053 363 1107; x_wconf 95' lang='lat' dir='ltr'>ob</span> <span class='ocrx_word' id='word_1_68' title='bbox 385 1053 438 1106; x_wconf 71' lang='lat' dir='ltr'>brac</span> <span class='ocrx_word' id='word_1_69' title='bbox 458 1051 554 1119; x_wconf 89' lang='lat' dir='ltr'>ipsum</span> <span class='ocrx_word' id='word_1_70' title='bbox 576 1047 807 1119; x_wconf 76' lang='lat' dir='ltr'>quotiescunque</span> <span class='ocrx_word' id='word_1_71' title='bbox 828 1048 868 1113; x_wconf 85' lang='lat' dir='ltr'>lit,</span> <span class='ocrx_word' id='word_1_72' title='bbox 889 1060 955 1101; x_wconf 91' lang='lat' dir='ltr'>cru-</span> 
     </span>
    </p>
   </div>
   <div class='ocr_carea' id='block_1_7' title="bbox 16 1135 956 1213">
    <p class='ocr_par' dir='ltr' id='par_1_7' title="bbox 16 1135 956 1213">
     <span class='ocr_line' id='line_1_13' title="bbox 16 1135 956 1213; baseline -0.01 -15"><span class='ocrx_word' id='word_1_73' title='bbox 16 1194 23 1211; x_wconf 79' lang='grc'>,</span> <span class='ocrx_word' id='word_1_74' title='bbox 107 1141 182 1213; x_wconf 91' lang='lat' dir='ltr'>eillgi</span> <span class='ocrx_word' id='word_1_75' title='bbox 208 1141 330 1197; x_wconf 90' lang='lat' dir='ltr'>dicatur.</span> <span class='ocrx_word' id='word_1_76' title='bbox 353 1139 490 1205; x_wconf 83' lang='lat' dir='ltr'>Quarnvis</span> <span class='ocrx_word' id='word_1_77' title='bbox 514 1152 640 1207; x_wconf 86' lang='lat' dir='ltr'>namque</span> <span class='ocrx_word' id='word_1_78' title='bbox 660 1135 854 1207; x_wconf 79' lang='lat' dir='ltr'>significantia</span> <span class='ocrx_word' id='word_1_79' title='bbox 874 1149 956 1205; x_wconf 86' lang='lat' dir='ltr'>quae·</span> 
     </span>
    </p>
   </div>
   <div class='ocr_carea' id='block_1_8' title="bbox 50 1227 958 1826">
    <p class='ocr_par' dir='ltr' id='par_1_8' title="bbox 106 1227 957 1742">
     <span class='ocr_line' id='line_1_14' title="bbox 107 1227 956 1300; baseline -0.011 -14"><span class='ocrx_word' id='word_1_80' title='bbox 107 1228 175 1286; x_wconf 66' lang='lat' dir='ltr'>libet</span> <span class='ocrx_word' id='word_1_81' title='bbox 191 1228 359 1300; x_wconf 81' lang='lat' dir='ltr'>significatis</span> <span class='ocrx_word' id='word_1_82' title='bbox 374 1227 525 1298; x_wconf 81' lang='lat' dir='ltr'>aliquoties</span> <span class='ocrx_word' id='word_1_83' title='bbox 546 1232 761 1296; x_wconf 70' lang='lat' dir='ltr'>praeponantur,</span> <span class='ocrx_word' id='word_1_84' title='bbox 783 1238 840 1279; x_wconf 93' lang='lat' dir='ltr'>non</span> <span class='ocrx_word' id='word_1_85' title='bbox 862 1231 956 1278; x_wconf 92' lang='lat' dir='ltr'>tamen</span> 
     </span>
     <span class='ocr_line' id='line_1_15' title="bbox 106 1314 957 1387; baseline -0.009 -13"><span class='ocrx_word' id='word_1_86' title='bbox 106 1318 208 1375; x_wconf 90' lang='lat' dir='ltr'>eadem</span> <span class='ocrx_word' id='word_1_87' title='bbox 234 1325 303 1374; x_wconf 93' lang='lat' dir='ltr'>sunt</span> <span class='ocrx_word' id='word_1_88' title='bbox 331 1331 396 1387; x_wconf 86' lang='lat' dir='ltr'>quae</span> <span class='ocrx_word' id='word_1_89' title='bbox 422 1314 580 1372; x_wconf 91' lang='lat' dir='ltr'>umbratice</span> <span class='ocrx_word' id='word_1_90' title='bbox 604 1314 811 1383; x_wconf 82' lang='lat' dir='ltr'>praenuntiant,</span> <span class='ocrx_word' id='word_1_91' title='bbox 837 1320 864 1367; x_wconf 91' lang='lat' dir='ltr'>et</span> <span class='ocrx_word' id='word_1_92' title='bbox 892 1325 957 1380; x_wconf 85' lang='lat' dir='ltr'>quae</span> 
     </span>
     <span class='ocr_line' id='line_1_16' title="bbox 107 1400 957 1475; baseline -0.007 -15"><span class='ocrx_word' id='word_1_93' title='bbox 107 1407 245 1462; x_wconf 86' lang='lat' dir='ltr'>veraciter</span> <span class='ocrx_word' id='word_1_94' title='bbox 258 1407 494 1475; x_wconf 85' lang='lat' dir='ltr'>subsequuntur;</span> <span class='ocrx_word' id='word_1_95' title='bbox 512 1403 589 1458; x_wconf 90' lang='lat' dir='ltr'>verbi</span> <span class='ocrx_word' id='word_1_96' title='bbox 616 1401 719 1471; x_wconf 89' lang='lat' dir='ltr'>gratia,</span> <span class='ocrx_word' id='word_1_97' title='bbox 743 1401 771 1455; x_wconf 93' lang='lat' dir='ltr'>iu</span> <span class='ocrx_word' id='word_1_98' title='bbox 787 1400 957 1469; x_wconf 87' lang='lat' dir='ltr'>baptismate</span> 
     </span>
     <span class='ocr_line' id='line_1_17' title="bbox 108 1488 956 1560; baseline -0.008 -10"><span class='ocrx_word' id='word_1_99' title='bbox 108 1496 185 1550; x_wconf 90' lang='lat' dir='ltr'>trina</span> <span class='ocrx_word' id='word_1_100' title='bbox 208 1495 311 1550; x_wconf 87' lang='lat' dir='ltr'>mersio</span> <span class='ocrx_word' id='word_1_101' title='bbox 334 1493 499 1549; x_wconf 87' lang='lat' dir='ltr'>triduanam</span> <span class='ocrx_word' id='word_1_102' title='bbox 522 1491 634 1547; x_wconf 85' lang='lat' dir='ltr'>Dorrrini</span> <span class='ocrx_word' id='word_1_103' title='bbox 660 1490 804 1560; x_wconf 89' lang='lat' dir='ltr'>signiticat</span> <span class='ocrx_word' id='word_1_104' title='bbox 827 1488 956 1558; x_wconf 90' lang='lat' dir='ltr'>sepultu-</span> 
     </span>
     <span class='ocr_line' id='line_1_18' title="bbox 107 1577 957 1652; baseline -0.013 -12"><span class='ocrx_word' id='word_1_105' title='bbox 107 1597 180 1652; x_wconf 86' lang='lat' dir='ltr'>ram,</span> <span class='ocrx_word' id='word_1_106' title='bbox 204 1598 257 1638; x_wconf 90' lang='lat' dir='ltr'>ncc</span> <span class='ocrx_word' id='word_1_107' title='bbox 280 1590 375 1638; x_wconf 91' lang='lat' dir='ltr'>tamen</span> <span class='ocrx_word' id='word_1_108' title='bbox 400 1580 524 1636; x_wconf 90' lang='lat' dir='ltr'>dicimus</span> <span class='ocrx_word' id='word_1_109' title='bbox 549 1579 625 1649; x_wconf 92' lang='lat' dir='ltr'>quod</span> <span class='ocrx_word' id='word_1_110' title='bbox 648 1579 879 1648; x_wconf 79' lang='lat' dir='ltr'>quotiescunque</span> <span class='ocrx_word' id='word_1_111' title='bbox 902 1577 957 1631; x_wconf 91' lang='lat' dir='ltr'>ali-</span> 
     </span>
     <span class='ocr_line' id='line_1_19' title="bbox 107 1665 920 1742; baseline -0.011 -14"><span class='ocrx_word' id='word_1_112' title='bbox 107 1673 173 1728; x_wconf 92' lang='lat' dir='ltr'>cubi</span> <span class='ocrx_word' id='word_1_113' title='bbox 191 1671 361 1742; x_wconf 90' lang='lat' dir='ltr'>baptizatur,</span> <span class='ocrx_word' id='word_1_114' title='bbox 378 1670 459 1725; x_wconf 91' lang='lat' dir='ltr'>toties</span> <span class='ocrx_word' id='word_1_115' title='bbox 475 1667 594 1724; x_wconf 86' lang='lat' dir='ltr'>ubilibet</span> <span class='ocrx_word' id='word_1_116' title='bbox 612 1667 744 1722; x_wconf 82' lang='lat' dir='ltr'>Christus</span> <span class='ocrx_word' id='word_1_117' title='bbox 756 1665 920 1734; x_wconf 83' lang='lat' dir='ltr'>sepeliatur.</span> 
     </span>
    </p>

    <p class='ocr_par' dir='ltr' id='par_1_9' title="bbox 50 1749 958 1826">
     <span class='ocr_line' id='line_1_20' title="bbox 50 1749 958 1826; baseline -0.012 -12"><span class='ocrx_word' id='word_1_118' title='bbox 50 1811 52 1815; x_wconf 76' lang='grc'>,</span> <span class='ocrx_word' id='word_1_119' title='bbox 143 1757 219 1812; x_wconf 89' lang='lat' dir='ltr'>Licet</span> <span class='ocrx_word' id='word_1_120' title='bbox 236 1757 319 1826; x_wconf 87' lang='lat' dir='ltr'>plane</span> <span class='ocrx_word' id='word_1_121' title='bbox 343 1755 436 1810; x_wconf 90' lang='lat' dir='ltr'>bestia</span> <span class='ocrx_word' id='word_1_122' title='bbox 459 1753 508 1808; x_wconf 90' lang='lat' dir='ltr'>illa</span> <span class='ocrx_word' id='word_1_123' title='bbox 529 1752 695 1807; x_wconf 86' lang='lat' dir='ltr'>memoriam</span> <span class='ocrx_word' id='word_1_124' title='bbox 717 1760 844 1806; x_wconf 91' lang='lat' dir='ltr'>nostram</span> <span class='ocrx_word' id='word_1_125' title='bbox 866 1749 958 1820; x_wconf 90' lang='lat' dir='ltr'>quoti-</span> 
     </span>
    </p>
   </div>
   <div class='ocr_carea' id='block_1_9' title="bbox 107 1839 959 4024">
    <p class='ocr_par' dir='ltr' id='par_1_10' title="bbox 107 1839 958 2970">
     <span class='ocr_line' id='line_1_21' title="bbox 107 1839 957 1905; baseline -0.012 -4"><span class='ocrx_word' id='word_1_126' title='bbox 107 1844 201 1901; x_wconf 90' lang='lat' dir='ltr'>dianis</span> <span class='ocrx_word' id='word_1_127' title='bbox 220 1843 382 1900; x_wconf 84' lang='lat' dir='ltr'>accessibus</span> <span class='ocrx_word' id='word_1_128' title='bbox 402 1843 429 1896; x_wconf 91' lang='lat' dir='ltr'>in</span> <span class='ocrx_word' id='word_1_129' title='bbox 452 1841 496 1897; x_wconf 94' lang='lat' dir='ltr'>sui</span> <span class='ocrx_word' id='word_1_130' title='bbox 517 1839 630 1896; x_wconf 90' lang='lat' dir='ltr'>relricet</span> <span class='ocrx_word' id='word_1_131' title='bbox 650 1840 778 1905; x_wconf 83' lang='lat' dir='ltr'>veritate,</span> <span class='ocrx_word' id='word_1_132' title='bbox 801 1839 840 1893; x_wconf 88' lang='lat' dir='ltr'>nil</span> <span class='ocrx_word' id='word_1_133' title='bbox 862 1845 957 1894; x_wconf 92' lang='lat' dir='ltr'>tamen</span> 
     </span>
     <span class='ocr_line' id='line_1_22' title="bbox 108 1926 958 2002; baseline -0.008 -14"><span class='ocrx_word' id='word_1_134' title='bbox 108 1932 215 1988; x_wconf 78' lang='lat' dir='ltr'>iterata</span> <span class='ocrx_word' id='word_1_135' title='bbox 230 1932 344 2002; x_wconf 81' lang='lat' dir='ltr'>injurie</span> <span class='ocrx_word' id='word_1_136' title='bbox 361 1932 416 1986; x_wconf 87' lang='lat' dir='ltr'>Deo</span> <span class='ocrx_word' id='word_1_137' title='bbox 433 1929 526 1995; x_wconf 81' lang='lat' dir='ltr'>insert,</span> <span class='ocrx_word' id='word_1_138' title='bbox 550 1942 706 1997; x_wconf 84' lang='lat' dir='ltr'>nunquam</span> <span class='ocrx_word' id='word_1_139' title='bbox 719 1927 852 1996; x_wconf 89' lang='lat' dir='ltr'>deinceps</span> <span class='ocrx_word' id='word_1_140' title='bbox 868 1926 958 1982; x_wconf 92' lang='lat' dir='ltr'>mori-</span> 
     </span>
     <span class='ocr_line' id='line_1_23' title="bbox 107 2016 958 2090; baseline -0.009 -13"><span class='ocrx_word' id='word_1_141' title='bbox 107 2029 173 2078; x_wconf 92' lang='lat' dir='ltr'>turo</span> <span class='ocrx_word' id='word_1_142' title='bbox 193 2034 242 2090; x_wconf 90' lang='lat' dir='ltr'>pro</span> <span class='ocrx_word' id='word_1_143' title='bbox 265 2021 402 2090; x_wconf 83' lang='lat' dir='ltr'>passionis</span> <span class='ocrx_word' id='word_1_144' title='bbox 423 2017 559 2087; x_wconf 82' lang='lat' dir='ltr'>imagine.</span> <span class='ocrx_word' id='word_1_145' title='bbox 585 2039 595 2064; x_wconf 88' lang='lat'><strong>‹</strong></span> <span class='ocrx_word' id='word_1_146' title='bbox 616 2016 748 2072; x_wconf 71' lang='lat' dir='ltr'>cbristus</span> <span class='ocrx_word' id='word_1_147' title='bbox 769 2029 837 2070; x_wconf 88' lang='lat' dir='ltr'>sane</span> <span class='ocrx_word' id='word_1_148' title='bbox 858 2029 958 2071; x_wconf 88' lang='lat' dir='ltr'>resur-</span> 
     </span>
     <span class='ocr_line' id='line_1_24' title="bbox 108 2102 958 2180; baseline -0.008 -15"><span class='ocrx_word' id='word_1_149' title='bbox 108 2123 178 2180; x_wconf 91' lang='lat' dir='ltr'>gens</span> <span class='ocrx_word' id='word_1_150' title='bbox 199 2122 236 2165; x_wconf 81' lang='lat' dir='ltr'>ex</span> <span class='ocrx_word' id='word_1_151' title='bbox 259 2107 380 2164; x_wconf 87' lang='lat' dir='ltr'>mortuis</span> <span class='ocrx_word' id='word_1_152' title='bbox 401 2107 461 2176; x_wconf 85' lang='lat' dir='ltr'>jam</span> <span class='ocrx_word' id='word_1_153' title='bbox 483 2119 539 2160; x_wconf 91' lang='lat' dir='ltr'>non</span> <span class='ocrx_word' id='word_1_154' title='bbox 565 2107 703 2170; x_wconf 86' lang='lat' dir='ltr'>moritur;</span> <span class='ocrx_word' id='word_1_155' title='bbox 728 2117 804 2158; x_wconf 92' lang='lat' dir='ltr'>mors</span> <span class='ocrx_word' id='word_1_156' title='bbox 820 2102 858 2157; x_wconf 90' lang='lat' dir='ltr'>illi</span> <span class='ocrx_word' id='word_1_157' title='bbox 882 2102 958 2158; x_wconf 90' lang='lat' dir='ltr'>ultra</span> 
     </span>
     <span class='ocr_line' id='line_1_25' title="bbox 108 2193 956 2260; baseline -0.011 -7"><span class='ocrx_word' id='word_1_158' title='bbox 108 2212 166 2253; x_wconf 89' lang='lat' dir='ltr'>nou</span> <span class='ocrx_word' id='word_1_159' title='bbox 182 2196 389 2251; x_wconf 90' lang='lat' dir='ltr'>dominabitur.</span> <span class='ocrx_word' id='word_1_160' title='bbox 411 2194 491 2258; x_wconf 81' lang='lat' dir='ltr'>Otted</span> <span class='ocrx_word' id='word_1_161' title='bbox 516 2193 592 2248; x_wconf 88' lang='lat' dir='ltr'>enim</span> <span class='ocrx_word' id='word_1_162' title='bbox 610 2201 743 2247; x_wconf 88' lang='lat' dir='ltr'>mortuus</span> <span class='ocrx_word' id='word_1_163' title='bbox 765 2199 807 2246; x_wconf 93' lang='lat' dir='ltr'>est</span> <span class='ocrx_word' id='word_1_164' title='bbox 831 2199 956 2260; x_wconf 90' lang='lat' dir='ltr'>peccato,</span> 
     </span>
     <span class='ocr_line' id='line_1_26' title="bbox 107 2278 958 2351; baseline -0.007 -11"><span class='ocrx_word' id='word_1_165' title='bbox 107 2292 241 2340; x_wconf 92' lang='lat' dir='ltr'>mortuus</span> <span class='ocrx_word' id='word_1_166' title='bbox 268 2290 310 2338; x_wconf 87' lang='lat' dir='ltr'>est</span> <span class='ocrx_word' id='word_1_167' title='bbox 337 2283 439 2348; x_wconf 71' lang='lat' dir='ltr'>semel,</span> <span class='ocrx_word' id='word_1_168' title='bbox 473 2281 550 2351; x_wconf 90' lang='lat' dir='ltr'>quod</span> <span class='ocrx_word' id='word_1_169' title='bbox 575 2286 672 2335; x_wconf 91' lang='lat' dir='ltr'>autem</span> <span class='ocrx_word' id='word_1_170' title='bbox 697 2279 776 2346; x_wconf 88' lang='lat' dir='ltr'>vivit,</span> <span class='ocrx_word' id='word_1_171' title='bbox 807 2279 878 2334; x_wconf 87' lang='lat' dir='ltr'>vivit</span> <span class='ocrx_word' id='word_1_172' title='bbox 901 2278 958 2334; x_wconf 87' lang='lat' dir='ltr'>Deo</span> 
     </span>
     <span class='ocr_line' id='line_1_27' title="bbox 108 2368 956 2444; baseline -0.007 -16"><span class='ocrx_word' id='word_1_173' title='bbox 108 2373 204 2444; x_wconf 79' lang='lat' dir='ltr'>(Rom.</span> <span class='ocrx_word' id='word_1_174' title='bbox 218 2389 255 2438; x_wconf 82' lang='lat' dir='ltr'>vr,</span> <span class='ocrx_word' id='word_1_175' title='bbox 272 2374 297 2435; x_wconf 86' lang='grc'>9,</span> <span class='ocrx_word' id='word_1_176' title='bbox 318 2373 397 2440; x_wconf 76' lang='grc'>10).»</span> <span class='ocrx_word' id='word_1_177' title='bbox 418 2370 499 2434; x_wconf 80' lang='lat' dir='ltr'>erod</span> <span class='ocrx_word' id='word_1_178' title='bbox 527 2369 550 2423; x_wconf 91' lang='lat' dir='ltr'>si</span> <span class='ocrx_word' id='word_1_179' title='bbox 572 2381 723 2438; x_wconf 80' lang='lat' dir='ltr'>resurgens</span> <span class='ocrx_word' id='word_1_180' title='bbox 743 2382 799 2422; x_wconf 90' lang='lat' dir='ltr'>non</span> <span class='ocrx_word' id='word_1_181' title='bbox 825 2368 956 2434; x_wconf 89' lang='lat' dir='ltr'>meritur,</span> 
     </span>
     <span class='ocr_line' id='line_1_28' title="bbox 108 2448 957 2526; baseline -0.007 -10"><span class='ocrx_word' id='word_1_182' title='bbox 108 2469 243 2518; x_wconf 91' lang='lat' dir='ltr'>ettamen</span> <span class='ocrx_word' id='word_1_183' title='bbox 259 2460 336 2516; x_wconf 79' lang='lat' dir='ltr'>enini</span> <span class='ocrx_word' id='word_1_184' title='bbox 354 2460 398 2514; x_wconf 90' lang='lat' dir='ltr'>die</span> <span class='ocrx_word' id='word_1_185' title='bbox 411 2471 461 2526; x_wconf 92' lang='lat' dir='ltr'>per</span> <span class='ocrx_word' id='word_1_186' title='bbox 483 2448 582 2512; x_wconf 69' lang='lat' dir='ltr'>enarres</span> <span class='ocrx_word' id='word_1_187' title='bbox 596 2470 671 2517; x_wconf 89' lang='lat' dir='ltr'>aras,</span> <span class='ocrx_word' id='word_1_188' title='bbox 685 2457 771 2526; x_wconf 84' lang='lat' dir='ltr'>jtrxta</span> <span class='ocrx_word' id='word_1_189' title='bbox 787 2464 866 2511; x_wconf 91' lang='lat' dir='ltr'>tuam</span> <span class='ocrx_word' id='word_1_190' title='bbox 890 2469 957 2511; x_wconf 91' lang='lat' dir='ltr'>sen·</span> 
     </span>
     <span class='ocr_line' id='line_1_29' title="bbox 109 2543 958 2618; baseline -0.008 -13"><span class='ocrx_word' id='word_1_191' title='bbox 109 2551 240 2614; x_wconf 89' lang='lat' dir='ltr'>tentiam,</span> <span class='ocrx_word' id='word_1_192' title='bbox 263 2547 454 2618; x_wconf 79' lang='lat' dir='ltr'>crucifigitur,</span> <span class='ocrx_word' id='word_1_193' title='bbox 477 2546 546 2601; x_wconf 93' lang='lat' dir='ltr'>illud</span> <span class='ocrx_word' id='word_1_194' title='bbox 571 2544 756 2613; x_wconf 87' lang='lat' dir='ltr'>apostolicum</span> <span class='ocrx_word' id='word_1_195' title='bbox 778 2543 868 2597; x_wconf 78' lang='lat' dir='ltr'>semel</span> <span class='ocrx_word' id='word_1_196' title='bbox 885 2545 958 2599; x_wconf 92' lang='lat' dir='ltr'>scire</span> 
     </span>
     <span class='ocr_line' id='line_1_30' title="bbox 109 2632 958 2707; baseline -0.008 -14"><span class='ocrx_word' id='word_1_197' title='bbox 109 2638 196 2693; x_wconf 80' lang='lat' dir='ltr'>velim</span> <span class='ocrx_word' id='word_1_198' title='bbox 220 2636 396 2707; x_wconf 90' lang='lat' dir='ltr'>quemodea</span> <span class='ocrx_word' id='word_1_199' title='bbox 421 2645 471 2689; x_wconf 90' lang='lat' dir='ltr'>tua</span> <span class='ocrx_word' id='word_1_200' title='bbox 507 2634 660 2703; x_wconf 78' lang='lat' dir='ltr'>prurientia</span> <span class='ocrx_word' id='word_1_201' title='bbox 689 2632 869 2701; x_wconf 81' lang='lat' dir='ltr'>intelligitur,</span> <span class='ocrx_word' id='word_1_202' title='bbox 900 2646 958 2701; x_wconf 91' lang='lat' dir='ltr'>quo</span> 
     </span>
     <span class='ocr_line' id='line_1_31' title="bbox 110 2719 957 2796; baseline -0.006 -17"><span class='ocrx_word' id='word_1_203' title='bbox 110 2733 269 2796; x_wconf 90' lang='lat' dir='ltr'>peccatum,</span> <span class='ocrx_word' id='word_1_204' title='bbox 295 2724 322 2779; x_wconf 94' lang='lat' dir='ltr'>id</span> <span class='ocrx_word' id='word_1_205' title='bbox 353 2733 395 2779; x_wconf 89' lang='lat' dir='ltr'>est</span> <span class='ocrx_word' id='word_1_206' title='bbox 419 2722 512 2777; x_wconf 88' lang='lat' dir='ltr'>hostia</span> <span class='ocrx_word' id='word_1_207' title='bbox 540 2735 591 2791; x_wconf 89' lang='lat' dir='ltr'>pro</span> <span class='ocrx_word' id='word_1_208' title='bbox 615 2728 728 2790; x_wconf 91' lang='lat' dir='ltr'>peccato</span> <span class='ocrx_word' id='word_1_209' title='bbox 756 2719 858 2786; x_wconf 85' lang='lat' dir='ltr'>lactus,</span> <span class='ocrx_word' id='word_1_210' title='bbox 886 2720 957 2774; x_wconf 83' lang='lat' dir='ltr'>muri</span> 
     </span>
     <span class='ocr_line' id='line_1_32' title="bbox 110 2807 958 2881; baseline -0.008 -12"><span class='ocrx_word' id='word_1_211' title='bbox 110 2813 225 2869; x_wconf 90' lang='lat' dir='ltr'>dicitur.</span> <span class='ocrx_word' id='word_1_212' title='bbox 243 2813 277 2867; x_wconf 87' lang='lat' dir='ltr'>Et</span> <span class='ocrx_word' id='word_1_213' title='bbox 290 2810 433 2881; x_wconf 90' lang='lat' dir='ltr'>quomedo</span> <span class='ocrx_word' id='word_1_214' title='bbox 450 2811 506 2864; x_wconf 90' lang='lat' dir='ltr'>Deo</span> <span class='ocrx_word' id='word_1_215' title='bbox 531 2809 614 2876; x_wconf 87' lang='lat' dir='ltr'>vivit,</span> <span class='ocrx_word' id='word_1_216' title='bbox 634 2809 684 2878; x_wconf 89' lang='lat' dir='ltr'>qui</span> <span class='ocrx_word' id='word_1_217' title='bbox 710 2807 812 2863; x_wconf 89' lang='lat' dir='ltr'>millies</span> <span class='ocrx_word' id='word_1_218' title='bbox 833 2808 958 2877; x_wconf 89' lang='lat' dir='ltr'>repetitis</span> 
     </span>
     <span class='ocr_line' id='line_1_33' title="bbox 109 2896 834 2970; baseline -0.01 -13"><span class='ocrx_word' id='word_1_219' title='bbox 109 2901 219 2970; x_wconf 91' lang='lat' dir='ltr'>ubique</span> <span class='ocrx_word' id='word_1_220' title='bbox 235 2907 376 2955; x_wconf 89' lang='lat' dir='ltr'>terrarum</span> <span class='ocrx_word' id='word_1_221' title='bbox 393 2897 618 2968; x_wconf 80' lang='lat' dir='ltr'>appensionibus</span> <span class='ocrx_word' id='word_1_222' title='bbox 635 2896 676 2952; x_wconf 92' lang='lat' dir='ltr'>sic</span> <span class='ocrx_word' id='word_1_223' title='bbox 692 2896 834 2952; x_wconf 72' lang='lat' dir='ltr'>vexatur?</span> 
     </span>
    </p>

    <p class='ocr_par' dir='ltr' id='par_1_11' title="bbox 109 2984 959 3939">
     <span class='ocr_line' id='line_1_34' title="bbox 146 2984 958 3060; baseline -0.005 -16"><span class='ocrx_word' id='word_1_224' title='bbox 146 2988 185 3056; x_wconf 87' lang='lat' dir='ltr'>Si,</span> <span class='ocrx_word' id='word_1_225' title='bbox 209 2989 295 3060; x_wconf 78' lang='lat' dir='ltr'>juxta</span> <span class='ocrx_word' id='word_1_226' title='bbox 318 2987 434 3043; x_wconf 86' lang='lat' dir='ltr'>Petrum</span> <span class='ocrx_word' id='word_1_227' title='bbox 460 2985 619 3055; x_wconf 89' lang='lat' dir='ltr'>apostolum</span> <span class='ocrx_word' id='word_1_228' title='bbox 640 2986 667 3038; x_wconf 93' lang='lat' dir='ltr'>in</span> <span class='ocrx_word' id='word_1_229' title='bbox 692 2984 752 3041; x_wconf 73' lang='lat' dir='ltr'>baec</span> <span class='ocrx_word' id='word_1_230' title='bbox 778 2985 838 3054; x_wconf 89' lang='lat' dir='ltr'>ipsa</span> <span class='ocrx_word' id='word_1_231' title='bbox 870 2985 958 3040; x_wconf 89' lang='lat' dir='ltr'>verba</span> 
     </span>
     <span class='ocr_line' id='line_1_35' title="bbox 111 3071 958 3141; baseline -0.007 -9"><span class='ocrx_word' id='word_1_232' title='bbox 111 3082 299 3133; x_wconf 88' lang='lat' dir='ltr'>tractantem:</span> <span class='ocrx_word' id='word_1_233' title='bbox 327 3094 338 3122; x_wconf 80' lang='grc' dir='ltr'>ι</span> <span class='ocrx_word' id='word_1_234' title='bbox 363 3073 494 3129; x_wconf 74' lang='lat' dir='ltr'>Christus</span> <span class='ocrx_word' id='word_1_235' title='bbox 521 3071 606 3127; x_wconf 88' lang='lat' dir='ltr'>semel</span> <span class='ocrx_word' id='word_1_236' title='bbox 632 3071 826 3141; x_wconf 88' lang='lat' dir='ltr'>propeccatis</span> <span class='ocrx_word' id='word_1_237' title='bbox 854 3076 958 3127; x_wconf 81' lang='lat' dir='ltr'>nostris</span> 
     </span>
     <span class='ocr_line' id='line_1_36' title="bbox 110 3158 956 3229; baseline -0.014 -9"><span class='ocrx_word' id='word_1_238' title='bbox 110 3171 244 3220; x_wconf 86' lang='lat' dir='ltr'>mortuus</span> <span class='ocrx_word' id='word_1_239' title='bbox 264 3171 316 3229; x_wconf 85' lang='lat' dir='ltr'>est,</span> <span class='ocrx_word' id='word_1_240' title='bbox 344 3170 375 3217; x_wconf 92' lang='lat' dir='ltr'>ut</span> <span class='ocrx_word' id='word_1_241' title='bbox 398 3175 448 3216; x_wconf 91' lang='lat' dir='ltr'>nos</span> <span class='ocrx_word' id='word_1_242' title='bbox 469 3160 526 3216; x_wconf 83' lang='lat' dir='ltr'>lice</span> <span class='ocrx_word' id='word_1_243' title='bbox 547 3158 648 3215; x_wconf 80' lang='lat' dir='ltr'>offerat</span> <span class='ocrx_word' id='word_1_244' title='bbox 670 3160 701 3229; x_wconf 87' lang='grc'>(1</span> <span class='ocrx_word' id='word_1_245' title='bbox 721 3161 797 3214; x_wconf 76' lang='grc' dir='ltr'><em>Ρείν.</em></span> <span class='ocrx_word' id='word_1_246' title='bbox 818 3176 856 3223; x_wconf 93' lang='grc' dir='ltr'>ιιι,</span> <span class='ocrx_word' id='word_1_247' title='bbox 875 3163 925 3228; x_wconf 76' lang='grc'>18),</span> <span class='ocrx_word' id='word_1_248' title='bbox 943 3181 956 3209; x_wconf 74' lang='grc' dir='ltr'>»ι</span> 
     </span>
     <span class='ocr_line' id='line_1_37' title="bbox 111 3249 958 3321; baseline -0.004 -15"><span class='ocrx_word' id='word_1_249' title='bbox 111 3253 162 3321; x_wconf 92' lang='lat' dir='ltr'>qui</span> <span class='ocrx_word' id='word_1_250' title='bbox 184 3257 225 3307; x_wconf 94' lang='lat' dir='ltr'>tot</span> <span class='ocrx_word' id='word_1_251' title='bbox 249 3264 400 3321; x_wconf 71' lang='lat' dir='ltr'>planarum</span> <span class='ocrx_word' id='word_1_252' title='bbox 429 3250 544 3305; x_wconf 91' lang='lat' dir='ltr'>casibus</span> <span class='ocrx_word' id='word_1_253' title='bbox 566 3249 698 3304; x_wconf 87' lang='lat' dir='ltr'>addictus</span> <span class='ocrx_word' id='word_1_254' title='bbox 724 3256 775 3313; x_wconf 88' lang='lat' dir='ltr'>est,</span> <span class='ocrx_word' id='word_1_255' title='bbox 803 3249 838 3303; x_wconf 87' lang='lat' dir='ltr'>ad</span> <span class='ocrx_word' id='word_1_256' title='bbox 867 3249 958 3304; x_wconf 85' lang='lat' dir='ltr'>lleum</span> 
     </span>
     <span class='ocr_line' id='line_1_38' title="bbox 111 3337 957 3409; baseline -0.004 -14"><span class='ocrx_word' id='word_1_257' title='bbox 111 3338 256 3396; x_wconf 75' lang='lat' dir='ltr'>offerendo</span> <span class='ocrx_word' id='word_1_258' title='bbox 272 3340 415 3409; x_wconf 91' lang='lat' dir='ltr'>quomodo</span> <span class='ocrx_word' id='word_1_259' title='bbox 429 3351 606 3408; x_wconf 86' lang='lat' dir='ltr'>quemquam</span> <span class='ocrx_word' id='word_1_260' title='bbox 623 3337 721 3392; x_wconf 77' lang='lat' dir='ltr'>levat?</span> <span class='ocrx_word' id='word_1_261' title='bbox 745 3337 770 3392; x_wconf 90' lang='lat' dir='ltr'>Si</span> <span class='ocrx_word' id='word_1_262' title='bbox 788 3337 873 3392; x_wconf 91' lang='lat' dir='ltr'>semel</span> <span class='ocrx_word' id='word_1_263' title='bbox 898 3352 957 3392; x_wconf 93' lang='lat' dir='ltr'>mo·</span> 
     </span>
     <span class='ocr_line' id='line_1_39' title="bbox 110 3425 957 3496; baseline -0.004 -13"><span class='ocrx_word' id='word_1_264' title='bbox 110 3428 195 3494; x_wconf 89' lang='lat' dir='ltr'>ritnr,</span> <span class='ocrx_word' id='word_1_265' title='bbox 219 3435 247 3482; x_wconf 91' lang='lat' dir='ltr'>et</span> <span class='ocrx_word' id='word_1_266' title='bbox 268 3425 354 3482; x_wconf 88' lang='lat' dir='ltr'>saluti</span> <span class='ocrx_word' id='word_1_267' title='bbox 375 3434 490 3481; x_wconf 77' lang='lat' dir='ltr'>aeternae</span> <span class='ocrx_word' id='word_1_268' title='bbox 504 3439 540 3481; x_wconf 83' lang='lat' dir='ltr'>ex</span> <span class='ocrx_word' id='word_1_269' title='bbox 566 3439 598 3479; x_wconf 89' lang='lat' dir='ltr'>eo</span> <span class='ocrx_word' id='word_1_270' title='bbox 623 3439 674 3480; x_wconf 84' lang='lat' dir='ltr'>tros</span> <span class='ocrx_word' id='word_1_271' title='bbox 694 3433 817 3495; x_wconf 88' lang='lat' dir='ltr'>reparat,</span> <span class='ocrx_word' id='word_1_272' title='bbox 836 3425 957 3496; x_wconf 89' lang='lat' dir='ltr'>dignum</span> 
     </span>
     <span class='ocr_line' id='line_1_40' title="bbox 109 3513 957 3585; baseline -0.005 -13"><span class='ocrx_word' id='word_1_273' title='bbox 109 3523 151 3572; x_wconf 88' lang='lat' dir='ltr'>est</span> <span class='ocrx_word' id='word_1_274' title='bbox 169 3515 270 3585; x_wconf 89' lang='lat' dir='ltr'>utique</span> <span class='ocrx_word' id='word_1_275' title='bbox 290 3523 318 3570; x_wconf 93' lang='lat' dir='ltr'>et</span> <span class='ocrx_word' id='word_1_276' title='bbox 340 3522 504 3584; x_wconf 90' lang='lat' dir='ltr'>compotens</span> <span class='ocrx_word' id='word_1_277' title='bbox 529 3513 672 3568; x_wconf 83' lang='lat' dir='ltr'>divinitati</span> <span class='ocrx_word' id='word_1_278' title='bbox 693 3515 859 3583; x_wconf 86' lang='lat' dir='ltr'>mysterium</span> <span class='ocrx_word' id='word_1_279' title='bbox 881 3514 957 3584; x_wconf 90' lang='lat' dir='ltr'>quod</span> 
     </span>
     <span class='ocr_line' id='line_1_41' title="bbox 110 3603 959 3671; baseline -0.004 -10"><span class='ocrx_word' id='word_1_280' title='bbox 110 3603 243 3661; x_wconf 88' lang='lat' dir='ltr'>celebrat.</span> <span class='ocrx_word' id='word_1_281' title='bbox 266 3603 294 3659; x_wconf 90' lang='lat' dir='ltr'>Si</span> <span class='ocrx_word' id='word_1_282' title='bbox 318 3611 413 3658; x_wconf 87' lang='lat' dir='ltr'>autem</span> <span class='ocrx_word' id='word_1_283' title='bbox 441 3609 571 3658; x_wconf 91' lang='lat' dir='ltr'>mortuus</span> <span class='ocrx_word' id='word_1_284' title='bbox 595 3610 745 3671; x_wconf 92' lang='lat' dir='ltr'>postquam</span> <span class='ocrx_word' id='word_1_285' title='bbox 767 3605 959 3658; x_wconf 80' lang='lat' dir='ltr'>resurrexerit</span> 
     </span>
     <span class='ocr_line' id='line_1_42' title="bbox 111 3690 958 3764; baseline -0.005 -15"><span class='ocrx_word' id='word_1_286' title='bbox 111 3700 249 3764; x_wconf 88' lang='lat' dir='ltr'>perpetua</span> <span class='ocrx_word' id='word_1_287' title='bbox 269 3706 328 3747; x_wconf 89' lang='lat' dir='ltr'>sese</span> <span class='ocrx_word' id='word_1_288' title='bbox 351 3699 381 3747; x_wconf 92' lang='lat' dir='ltr'>ut</span> <span class='ocrx_word' id='word_1_289' title='bbox 397 3691 438 3745; x_wconf 93' lang='lat' dir='ltr'>sic</span> <span class='ocrx_word' id='word_1_290' title='bbox 461 3690 583 3746; x_wconf 85' lang='lat' dir='ltr'>dixerim</span> <span class='ocrx_word' id='word_1_291' title='bbox 606 3705 726 3745; x_wconf 92' lang='lat' dir='ltr'>crucum</span> <span class='ocrx_word' id='word_1_292' title='bbox 751 3690 875 3746; x_wconf 87' lang='lat' dir='ltr'>illatione</span> <span class='ocrx_word' id='word_1_293' title='bbox 892 3704 958 3745; x_wconf 89' lang='lat' dir='ltr'>car-</span> 
     </span>
     <span class='ocr_line' id='line_1_43' title="bbox 109 3778 958 3848; baseline -0.004 -11"><span class='ocrx_word' id='word_1_294' title='bbox 109 3781 219 3847; x_wconf 87' lang='lat' dir='ltr'>nillcat,</span> <span class='ocrx_word' id='word_1_295' title='bbox 245 3781 330 3836; x_wconf 90' lang='lat' dir='ltr'>miser</span> <span class='ocrx_word' id='word_1_296' title='bbox 351 3779 443 3835; x_wconf 86' lang='lat' dir='ltr'>lactus</span> <span class='ocrx_word' id='word_1_297' title='bbox 463 3778 670 3834; x_wconf 91' lang='lat' dir='ltr'>beatitudinem</span> <span class='ocrx_word' id='word_1_298' title='bbox 692 3792 780 3848; x_wconf 91' lang='lat' dir='ltr'>quam</span> <span class='ocrx_word' id='word_1_299' title='bbox 802 3779 958 3835; x_wconf 89' lang='lat' dir='ltr'>nonhabet</span> 
     </span>
     <span class='ocr_line' id='line_1_44' title="bbox 112 3868 506 3939; baseline -0.008 -15"><span class='ocrx_word' id='word_1_300' title='bbox 112 3869 220 3926; x_wconf 89' lang='lat' dir='ltr'>nemini</span> <span class='ocrx_word' id='word_1_301' title='bbox 237 3869 320 3939; x_wconf 90' lang='lat' dir='ltr'>plane</span> <span class='ocrx_word' id='word_1_302' title='bbox 335 3868 506 3937; x_wconf 91' lang='lat' dir='ltr'>suppeditat.</span> 
     </span>
    </p>

    <p class='ocr_par' dir='ltr' id='par_1_12' title="bbox 148 3954 959 4024">
     <span class='ocr_line' id='line_1_45' title="bbox 148 3954 959 4024; baseline -0.004 -11"><span class='ocrx_word' id='word_1_303' title='bbox 148 3955 236 4013; x_wconf 82' lang='lat' dir='ltr'>«Non</span> <span class='ocrx_word' id='word_1_304' title='bbox 257 3956 345 4023; x_wconf 90' lang='lat' dir='ltr'>enim,</span> <span class='ocrx_word' id='word_1_305' title='bbox 363 3956 403 4011; x_wconf 88' lang='lat' dir='ltr'>alt</span> <span class='ocrx_word' id='word_1_306' title='bbox 417 3955 578 4024; x_wconf 80' lang='lat' dir='ltr'>Apostolus,</span> <span class='ocrx_word' id='word_1_307' title='bbox 600 3956 630 4010; x_wconf 94' lang='lat' dir='ltr'>in</span> <span class='ocrx_word' id='word_1_308' title='bbox 651 3954 824 4012; x_wconf 89' lang='lat' dir='ltr'>manulactis</span> <span class='ocrx_word' id='word_1_309' title='bbox 848 3955 959 4012; x_wconf 87' lang='lat' dir='ltr'>Sanctis</span> 
     </span>
    </p>
   </div>
   <div class='ocr_carea' id='block_1_10' title="bbox 110 4039 1159 4289">
    <p class='ocr_par' dir='ltr' id='par_1_13' title="bbox 110 4039 1159 4289">
     <span class='ocr_line' id='line_1_46' title="bbox 111 4039 959 4118; baseline -0.001 -19"><span class='ocrx_word' id='word_1_310' title='bbox 111 4043 187 4118; x_wconf 66' lang='lat' dir='ltr'>[ull</span> <span class='ocrx_word' id='word_1_311' title='bbox 208 4042 372 4099; x_wconf 79' lang='lat' dir='ltr'>manufacta</span> <span class='ocrx_word' id='word_1_312' title='bbox 395 4039 510 4114; x_wconf 88' lang='lat' dir='ltr'>Sancta]</span> <span class='ocrx_word' id='word_1_313' title='bbox 526 4042 607 4098; x_wconf 90' lang='lat' dir='ltr'>lesus</span> <span class='ocrx_word' id='word_1_314' title='bbox 622 4042 760 4109; x_wconf 90' lang='lat' dir='ltr'>introivit,</span> <span class='ocrx_word' id='word_1_315' title='bbox 783 4042 959 4111; x_wconf 80' lang='lat' dir='ltr'>exemplaria</span> 
     </span>
     <span class='ocr_line' id='line_1_47' title="bbox 110 4131 959 4200; baseline -0.002 -11"><span class='ocrx_word' id='word_1_316' title='bbox 110 4146 257 4195; x_wconf 85' lang='lat' dir='ltr'>verorum,</span> <span class='ocrx_word' id='word_1_317' title='bbox 285 4131 333 4187; x_wconf 91' lang='lat' dir='ltr'>sed</span> <span class='ocrx_word' id='word_1_318' title='bbox 358 4132 385 4186; x_wconf 90' lang='lat' dir='ltr'>in</span> <span class='ocrx_word' id='word_1_319' title='bbox 411 4131 503 4198; x_wconf 88' lang='lat' dir='ltr'>ipsum</span> <span class='ocrx_word' id='word_1_320' title='bbox 529 4131 643 4196; x_wconf 87' lang='lat' dir='ltr'>coelum,</span> <span class='ocrx_word' id='word_1_321' title='bbox 671 4138 702 4186; x_wconf 92' lang='lat' dir='ltr'>ut</span> <span class='ocrx_word' id='word_1_322' title='bbox 719 4140 855 4200; x_wconf 90' lang='lat' dir='ltr'>appareat</span> <span class='ocrx_word' id='word_1_323' title='bbox 881 4145 959 4187; x_wconf 92' lang='lat' dir='ltr'>nnnc</span> 
     </span>
     <span class='ocr_line' id='line_1_48' title="bbox 110 4215 1159 4289; baseline -0.004 -11"><span class='ocrx_word' id='word_1_324' title='bbox 110 4221 205 4278; x_wconf 86' lang='lat' dir='ltr'>vultui</span> <span class='ocrx_word' id='word_1_325' title='bbox 222 4219 269 4275; x_wconf 87' lang='lat' dir='ltr'>bei</span> <span class='ocrx_word' id='word_1_326' title='bbox 285 4233 336 4289; x_wconf 90' lang='lat' dir='ltr'>pro</span> <span class='ocrx_word' id='word_1_327' title='bbox 353 4219 457 4275; x_wconf 90' lang='lat' dir='ltr'>nobis:</span> <span class='ocrx_word' id='word_1_328' title='bbox 480 4233 574 4289; x_wconf 78' lang='lat' dir='ltr'>necque</span> <span class='ocrx_word' id='word_1_329' title='bbox 599 4227 630 4274; x_wconf 93' lang='lat' dir='ltr'>ut</span> <span class='ocrx_word' id='word_1_330' title='bbox 651 4232 726 4288; x_wconf 78' lang='lat' dir='ltr'>saepe</span> <span class='ocrx_word' id='word_1_331' title='bbox 744 4218 844 4275; x_wconf 85' lang='lat' dir='ltr'>ollerat</span> <span class='ocrx_word' id='word_1_332' title='bbox 860 4227 960 4275; x_wconf 91' lang='lat' dir='ltr'>semet·</span> <span class='ocrx_word' id='word_1_333' title='bbox 978 4215 1159 4279; x_wconf 85' lang='lat' dir='ltr'>llexhibeas.</span> 
     </span>
    </p>
   </div>
   <div class='ocr_carea' id='block_1_11' title="bbox 63 4305 960 5519">
    <p class='ocr_par' dir='ltr' id='par_1_14' title="bbox 63 4305 960 5519">
     <span class='ocr_line' id='line_1_49' title="bbox 63 4305 959 4377; baseline 0 -15"><span class='ocrx_word' id='word_1_334' title='bbox 63 4328 65 4335; x_wconf 69' lang='lat'>.</span> <span class='ocrx_word' id='word_1_335' title='bbox 110 4307 216 4377; x_wconf 88' lang='lat' dir='ltr'>ipsum,</span> <span class='ocrx_word' id='word_1_336' title='bbox 243 4305 487 4376; x_wconf 89' lang='lat' dir='ltr'>quemadmodum</span> <span class='ocrx_word' id='word_1_337' title='bbox 526 4306 653 4375; x_wconf 79' lang='lat' dir='ltr'>pontifex</span> <span class='ocrx_word' id='word_1_338' title='bbox 678 4306 765 4361; x_wconf 90' lang='lat' dir='ltr'>intrat</span> <span class='ocrx_word' id='word_1_339' title='bbox 800 4306 828 4361; x_wconf 91' lang='lat' dir='ltr'>in</span> <span class='ocrx_word' id='word_1_340' title='bbox 855 4305 959 4362; x_wconf 89' lang='lat' dir='ltr'>Sancta</span> 
     </span>
     <span class='ocr_line' id='line_1_50' title="bbox 109 4393 958 4466; baseline -0.002 -15"><span class='ocrx_word' id='word_1_341' title='bbox 109 4408 160 4466; x_wconf 91' lang='lat' dir='ltr'>per</span> <span class='ocrx_word' id='word_1_342' title='bbox 187 4394 317 4465; x_wconf 89' lang='lat' dir='ltr'>singulos</span> <span class='ocrx_word' id='word_1_343' title='bbox 344 4408 436 4450; x_wconf 89' lang='lat' dir='ltr'>annos</span> <span class='ocrx_word' id='word_1_344' title='bbox 469 4393 662 4465; x_wconf 87' lang='lat' dir='ltr'>insanguine</span> <span class='ocrx_word' id='word_1_345' title='bbox 693 4393 796 4457; x_wconf 90' lang='lat' dir='ltr'>alieno,</span> <span class='ocrx_word' id='word_1_346' title='bbox 829 4393 958 4464; x_wconf 92' lang='lat' dir='ltr'>alioquin</span> 
     </span>
     <span class='ocr_line' id='line_1_51' title="bbox 110 4482 957 4554; baseline -0.004 -15"><span class='ocrx_word' id='word_1_347' title='bbox 110 4483 257 4554; x_wconf 89' lang='lat' dir='ltr'>oportebat</span> <span class='ocrx_word' id='word_1_348' title='bbox 281 4497 347 4539; x_wconf 92' lang='lat' dir='ltr'>eum</span> <span class='ocrx_word' id='word_1_349' title='bbox 370 4482 537 4552; x_wconf 78' lang='lat' dir='ltr'>frequenter</span> <span class='ocrx_word' id='word_1_350' title='bbox 560 4482 619 4552; x_wconf 88' lang='lat' dir='ltr'>pati</span> <span class='ocrx_word' id='word_1_351' title='bbox 641 4483 677 4538; x_wconf 93' lang='lat' dir='ltr'>ab</span> <span class='ocrx_word' id='word_1_352' title='bbox 701 4482 812 4552; x_wconf 88' lang='lat' dir='ltr'>origine</span> <span class='ocrx_word' id='word_1_353' title='bbox 838 4482 957 4550; x_wconf 88' lang='lat' dir='ltr'>mundi;</span> 
     </span>
     <span class='ocr_line' id='line_1_52' title="bbox 110 4569 958 4636; baseline -0.006 -8"><span class='ocrx_word' id='word_1_354' title='bbox 110 4586 190 4628; x_wconf 93' lang='lat' dir='ltr'>nunc</span> <span class='ocrx_word' id='word_1_355' title='bbox 209 4581 306 4627; x_wconf 90' lang='lat' dir='ltr'>autern</span> <span class='ocrx_word' id='word_1_356' title='bbox 327 4571 356 4626; x_wconf 93' lang='lat' dir='ltr'>in</span> <span class='ocrx_word' id='word_1_357' title='bbox 380 4570 627 4626; x_wconf 86' lang='lat' dir='ltr'>consummatione</span> <span class='ocrx_word' id='word_1_358' title='bbox 651 4569 834 4636; x_wconf 73' lang='lat' dir='ltr'>saeculorum,</span> <span class='ocrx_word' id='word_1_359' title='bbox 853 4569 888 4624; x_wconf 92' lang='lat' dir='ltr'>ad</span> <span class='ocrx_word' id='word_1_360' title='bbox 910 4571 958 4624; x_wconf 92' lang='lat' dir='ltr'>de·</span> 
     </span>
     <span class='ocr_line' id='line_1_53' title="bbox 109 4657 958 4731; baseline -0.002 -15"><span class='ocrx_word' id='word_1_361' title='bbox 109 4660 287 4717; x_wconf 89' lang='lat' dir='ltr'>stitutionem</span> <span class='ocrx_word' id='word_1_362' title='bbox 302 4659 420 4731; x_wconf 87' lang='lat' dir='ltr'>peceati,</span> <span class='ocrx_word' id='word_1_363' title='bbox 438 4672 487 4729; x_wconf 86' lang='lat' dir='ltr'>per</span> <span class='ocrx_word' id='word_1_364' title='bbox 508 4657 631 4714; x_wconf 86' lang='lat' dir='ltr'>hostiam</span> <span class='ocrx_word' id='word_1_365' title='bbox 648 4671 730 4713; x_wconf 92' lang='lat' dir='ltr'>suam</span> <span class='ocrx_word' id='word_1_366' title='bbox 753 4658 897 4727; x_wconf 93' lang='lat' dir='ltr'>apparuit.</span> <span class='ocrx_word' id='word_1_367' title='bbox 924 4659 958 4714; x_wconf 85' lang='lat' dir='ltr'>Et</span> 
     </span>
     <span class='ocr_line' id='line_1_54' title="bbox 110 4744 957 4820; baseline -0.007 -15"><span class='ocrx_word' id='word_1_368' title='bbox 110 4748 355 4820; x_wconf 90' lang='lat' dir='ltr'>quemadmodum</span> <span class='ocrx_word' id='word_1_369' title='bbox 368 4753 508 4803; x_wconf 89' lang='lat' dir='ltr'>statutum</span> <span class='ocrx_word' id='word_1_370' title='bbox 528 4754 570 4802; x_wconf 92' lang='lat' dir='ltr'>est</span> <span class='ocrx_word' id='word_1_371' title='bbox 586 4744 752 4820; x_wconf 86' lang='lat' dir='ltr'>bominibus</span> <span class='ocrx_word' id='word_1_372' title='bbox 774 4746 859 4801; x_wconf 88' lang='lat' dir='ltr'>semel</span> <span class='ocrx_word' id='word_1_373' title='bbox 876 4746 957 4813; x_wconf 87' lang='lat' dir='ltr'>mori,</span> 
     </span>
     <span class='ocr_line' id='line_1_55' title="bbox 111 4832 958 4908; baseline -0.006 -15"><span class='ocrx_word' id='word_1_374' title='bbox 111 4845 174 4908; x_wconf 91' lang='lat' dir='ltr'>pest</span> <span class='ocrx_word' id='word_1_375' title='bbox 200 4836 254 4892; x_wconf 88' lang='lat' dir='ltr'>noc</span> <span class='ocrx_word' id='word_1_376' title='bbox 284 4843 380 4892; x_wconf 89' lang='lat' dir='ltr'>autem</span> <span class='ocrx_word' id='word_1_377' title='bbox 405 4834 560 4906; x_wconf 84' lang='lat' dir='ltr'>judicium,</span> <span class='ocrx_word' id='word_1_378' title='bbox 586 4834 627 4889; x_wconf 91' lang='lat' dir='ltr'>sie</span> <span class='ocrx_word' id='word_1_379' title='bbox 655 4840 683 4889; x_wconf 93' lang='lat' dir='ltr'>et</span> <span class='ocrx_word' id='word_1_380' title='bbox 714 4832 845 4890; x_wconf 83' lang='lat' dir='ltr'>Christos</span> <span class='ocrx_word' id='word_1_381' title='bbox 872 4833 958 4888; x_wconf 90' lang='lat' dir='ltr'>semel</span> 
     </span>
     <span class='ocr_line' id='line_1_56' title="bbox 109 4919 956 4990; baseline -0.007 -10"><span class='ocrx_word' id='word_1_382' title='bbox 109 4925 225 4981; x_wconf 91' lang='lat' dir='ltr'>oblatus</span> <span class='ocrx_word' id='word_1_383' title='bbox 238 4932 280 4980; x_wconf 93' lang='lat' dir='ltr'>est</span> <span class='ocrx_word' id='word_1_384' title='bbox 292 4925 326 4980; x_wconf 87' lang='lat' dir='ltr'>ad</span> <span class='ocrx_word' id='word_1_385' title='bbox 346 4923 502 4979; x_wconf 92' lang='lat' dir='ltr'>multorum</span> <span class='ocrx_word' id='word_1_386' title='bbox 513 4921 711 4978; x_wconf 82' lang='lat' dir='ltr'>exhaurienda</span> <span class='ocrx_word' id='word_1_387' title='bbox 726 4928 840 4990; x_wconf 88' lang='lat' dir='ltr'>peccata</span> <span class='ocrx_word' id='word_1_388' title='bbox 855 4919 956 4990; x_wconf 81' lang='lat' dir='ltr'>(Hebr.</span> 
     </span>
     <span class='ocr_line' id='line_1_57' title="bbox 110 5007 960 5082; baseline -0.006 -14"><span class='ocrx_word' id='word_1_389' title='bbox 110 5026 152 5076; x_wconf 90' lang='grc' dir='ltr'>ιιι,</span> <span class='ocrx_word' id='word_1_390' title='bbox 164 5011 269 5082; x_wconf 74' lang='lat' dir='ltr'>alas).</span> <span class='ocrx_word' id='word_1_391' title='bbox 289 5029 303 5062; x_wconf 78' lang='grc' dir='ltr'>ι</span> <span class='ocrx_word' id='word_1_392' title='bbox 319 5012 391 5067; x_wconf 83' lang='lat' dir='ltr'>Eece</span> <span class='ocrx_word' id='word_1_393' title='bbox 407 5010 486 5066; x_wconf 91' lang='lat' dir='ltr'>vides</span> <span class='ocrx_word' id='word_1_394' title='bbox 500 5010 535 5063; x_wconf 92' lang='lat' dir='ltr'>ad</span> <span class='ocrx_word' id='word_1_395' title='bbox 550 5007 691 5073; x_wconf 88' lang='lat' dir='ltr'>lucidum,</span> <span class='ocrx_word' id='word_1_396' title='bbox 714 5008 768 5063; x_wconf 91' lang='lat' dir='ltr'>nisi</span> <span class='ocrx_word' id='word_1_397' title='bbox 785 5015 841 5063; x_wconf 85' lang='lat' dir='ltr'>tuae</span> <span class='ocrx_word' id='word_1_398' title='bbox 857 5010 960 5064; x_wconf 87' lang='lat' dir='ltr'>mentis</span> 
     </span>
     <span class='ocr_line' id='line_1_58' title="bbox 110 5092 958 5167; baseline -0.006 -14"><span class='ocrx_word' id='word_1_399' title='bbox 110 5097 263 5154; x_wconf 82' lang='lat' dir='ltr'>eacunens</span> <span class='ocrx_word' id='word_1_400' title='bbox 284 5111 318 5152; x_wconf 84' lang='lat' dir='ltr'>er</span> <span class='ocrx_word' id='word_1_401' title='bbox 342 5103 458 5167; x_wconf 92' lang='lat' dir='ltr'>peccato</span> <span class='ocrx_word' id='word_1_402' title='bbox 483 5092 645 5164; x_wconf 88' lang='lat' dir='ltr'>reperiatur</span> <span class='ocrx_word' id='word_1_403' title='bbox 664 5093 794 5157; x_wconf 89' lang='lat' dir='ltr'>obtutus,</span> <span class='ocrx_word' id='word_1_404' title='bbox 815 5094 958 5162; x_wconf 92' lang='lat' dir='ltr'>quomodo</span> 
     </span>
     <span class='ocr_line' id='line_1_59' title="bbox 112 5180 959 5253; baseline -0.006 -11"><span class='ocrx_word' id='word_1_405' title='bbox 112 5186 169 5243; x_wconf 90' lang='lat' dir='ltr'>tuis</span> <span class='ocrx_word' id='word_1_406' title='bbox 197 5184 320 5241; x_wconf 80' lang='lat' dir='ltr'>verbum</span> <span class='ocrx_word' id='word_1_407' title='bbox 349 5182 536 5253; x_wconf 89' lang='lat' dir='ltr'>apostolicum</span> <span class='ocrx_word' id='word_1_408' title='bbox 569 5187 695 5237; x_wconf 89' lang='lat' dir='ltr'>occentet</span> <span class='ocrx_word' id='word_1_409' title='bbox 720 5180 875 5236; x_wconf 91' lang='lat' dir='ltr'>erroribus.</span> <span class='ocrx_word' id='word_1_410' title='bbox 905 5180 959 5237; x_wconf 90' lang='lat' dir='ltr'>Sed</span> 
     </span>
     <span class='ocr_line' id='line_1_60' title="bbox 111 5268 959 5343; baseline -0.008 -12"><span class='ocrx_word' id='word_1_411' title='bbox 111 5272 237 5343; x_wconf 87' lang='lat' dir='ltr'>rogitare</span> <span class='ocrx_word' id='word_1_412' title='bbox 259 5280 284 5328; x_wconf 93' lang='lat' dir='ltr'>te</span> <span class='ocrx_word' id='word_1_413' title='bbox 305 5273 390 5329; x_wconf 92' lang='lat' dir='ltr'>velim</span> <span class='ocrx_word' id='word_1_414' title='bbox 418 5279 516 5327; x_wconf 90' lang='lat' dir='ltr'>utrum</span> <span class='ocrx_word' id='word_1_415' title='bbox 540 5270 662 5333; x_wconf 87' lang='lat' dir='ltr'>Novum,</span> <span class='ocrx_word' id='word_1_416' title='bbox 686 5268 791 5335; x_wconf 84' lang='lat' dir='ltr'>Veteri,</span> <span class='ocrx_word' id='word_1_417' title='bbox 812 5282 849 5325; x_wconf 91' lang='lat' dir='ltr'>an</span> <span class='ocrx_word' id='word_1_418' title='bbox 870 5269 959 5325; x_wconf 87' lang='lat' dir='ltr'>Vetus</span> 
     </span>
     <span class='ocr_line' id='line_1_61' title="bbox 110 5355 959 5430; baseline -0.005 -13"><span class='ocrx_word' id='word_1_419' title='bbox 110 5359 190 5417; x_wconf 87' lang='lat' dir='ltr'>Novo</span> <span class='ocrx_word' id='word_1_420' title='bbox 207 5361 284 5429; x_wconf 89' lang='lat' dir='ltr'>apud</span> <span class='ocrx_word' id='word_1_421' title='bbox 299 5369 325 5416; x_wconf 91' lang='lat' dir='ltr'>te</span> <span class='ocrx_word' id='word_1_422' title='bbox 342 5359 539 5430; x_wconf 84' lang='lat' dir='ltr'>praeponderet</span> <span class='ocrx_word' id='word_1_423' title='bbox 552 5359 740 5414; x_wconf 78' lang='lat' dir='ltr'>testamento.</span> <span class='ocrx_word' id='word_1_424' title='bbox 754 5355 816 5413; x_wconf 91' lang='lat' dir='ltr'>Non</span> <span class='ocrx_word' id='word_1_425' title='bbox 843 5358 959 5428; x_wconf 92' lang='lat' dir='ltr'>ambigo</span> 
     </span>
     <span class='ocr_line' id='line_1_62' title="bbox 112 5445 959 5519; baseline -0.002 -15"><span class='ocrx_word' id='word_1_426' title='bbox 112 5447 185 5519; x_wconf 92' lang='lat' dir='ltr'>quin</span> <span class='ocrx_word' id='word_1_427' title='bbox 217 5449 297 5504; x_wconf 84' lang='lat' dir='ltr'>dicas</span> <span class='ocrx_word' id='word_1_428' title='bbox 322 5447 446 5504; x_wconf 84' lang='lat' dir='ltr'>Novum.</span> <span class='ocrx_word' id='word_1_429' title='bbox 479 5446 599 5514; x_wconf 85' lang='lat' dir='ltr'>Quodsi</span> <span class='ocrx_word' id='word_1_430' title='bbox 627 5445 741 5502; x_wconf 87' lang='lat' dir='ltr'>Novum</span> <span class='ocrx_word' id='word_1_431' title='bbox 775 5447 959 5515; x_wconf 79' lang='lat' dir='ltr'>praeminere</span> 
     </span>
    </p>
   </div>
   <div class='ocr_carea' id='block_1_12' title="bbox 1010 432 1904 2882">
    <p class='ocr_par' dir='ltr' id='par_1_15' title="bbox 1011 432 1866 1193">
     <span class='ocr_line' id='line_1_63' title="bbox 1012 432 1863 504; baseline -0.004 -15"><span class='ocrx_word' id='word_1_432' title='bbox 1012 434 1195 504; x_wconf 87' lang='lat' dir='ltr'>quotidianas</span> <span class='ocrx_word' id='word_1_433' title='bbox 1225 433 1289 503; x_wconf 75' lang='lat' dir='ltr'>eius</span> <span class='ocrx_word' id='word_1_434' title='bbox 1310 432 1512 488; x_wconf 78' lang='lat' dir='ltr'>crucifixiones</span> <span class='ocrx_word' id='word_1_435' title='bbox 1534 432 1564 487; x_wconf 94' lang='lat' dir='ltr'>in</span> <span class='ocrx_word' id='word_1_436' title='bbox 1591 438 1703 488; x_wconf 88' lang='lat' dir='ltr'>tantum</span> <span class='ocrx_word' id='word_1_437' title='bbox 1728 444 1863 487; x_wconf 85' lang='lat' dir='ltr'>evacuas.</span> 
     </span>
     <span class='ocr_line' id='line_1_64' title="bbox 1012 518 1864 591; baseline -0.002 -14"><span class='ocrx_word' id='word_1_438' title='bbox 1012 530 1044 577; x_wconf 93' lang='lat' dir='ltr'>ut</span> <span class='ocrx_word' id='word_1_439' title='bbox 1074 522 1163 578; x_wconf 90' lang='lat' dir='ltr'>multo</span> <span class='ocrx_word' id='word_1_440' title='bbox 1191 523 1283 591; x_wconf 89' lang='lat' dir='ltr'>magis</span> <span class='ocrx_word' id='word_1_441' title='bbox 1311 520 1496 577; x_wconf 86' lang='lat' dir='ltr'>authenticus</span> <span class='ocrx_word' id='word_1_442' title='bbox 1523 518 1665 590; x_wconf 87' lang='lat' dir='ltr'>pontilicis</span> <span class='ocrx_word' id='word_1_443' title='bbox 1698 520 1728 575; x_wconf 94' lang='lat' dir='ltr'>in</span> <span class='ocrx_word' id='word_1_444' title='bbox 1757 519 1864 575; x_wconf 87' lang='lat' dir='ltr'>Sancta</span> 
     </span>
     <span class='ocr_line' id='line_1_65' title="bbox 1012 607 1864 678; baseline -0.002 -14"><span class='ocrx_word' id='word_1_445' title='bbox 1012 610 1169 678; x_wconf 88' lang='lat' dir='ltr'>quotannis</span> <span class='ocrx_word' id='word_1_446' title='bbox 1204 610 1239 664; x_wconf 94' lang='lat' dir='ltr'>ob</span> <span class='ocrx_word' id='word_1_447' title='bbox 1271 611 1316 665; x_wconf 88' lang='lat' dir='ltr'>sui</span> <span class='ocrx_word' id='word_1_448' title='bbox 1346 610 1515 665; x_wconf 85' lang='lat' dir='ltr'>charitatem</span> <span class='ocrx_word' id='word_1_449' title='bbox 1553 608 1687 664; x_wconf 86' lang='lat' dir='ltr'>videatur</span> <span class='ocrx_word' id='word_1_450' title='bbox 1715 607 1864 669; x_wconf 84' lang='lat' dir='ltr'>introitus.</span> 
     </span>
     <span class='ocr_line' id='line_1_66' title="bbox 1012 694 1863 767; baseline 0 -15"><span class='ocrx_word' id='word_1_451' title='bbox 1012 711 1101 767; x_wconf 91' lang='lat' dir='ltr'>quam</span> <span class='ocrx_word' id='word_1_452' title='bbox 1130 697 1293 753; x_wconf 88' lang='lat' dir='ltr'>indesinens</span> <span class='ocrx_word' id='word_1_453' title='bbox 1315 697 1393 753; x_wconf 91' lang='lat' dir='ltr'>omni</span> <span class='ocrx_word' id='word_1_454' title='bbox 1417 697 1462 753; x_wconf 89' lang='lat' dir='ltr'>dei</span> <span class='ocrx_word' id='word_1_455' title='bbox 1483 696 1572 752; x_wconf 90' lang='lat' dir='ltr'>nostrl</span> <span class='ocrx_word' id='word_1_456' title='bbox 1593 695 1751 752; x_wconf 81' lang='lat' dir='ltr'>salvatoris</span> <span class='ocrx_word' id='word_1_457' title='bbox 1771 694 1863 752; x_wconf 88' lang='lat' dir='ltr'>inter-</span> 
     </span>
     <span class='ocr_line' id='line_1_67' title="bbox 1020 784 1864 854; baseline 0.001 -15"><span class='ocrx_word' id='word_1_458' title='bbox 1020 785 1097 841; x_wconf 83' lang='lat' dir='ltr'>itus?</span> <span class='ocrx_word' id='word_1_459' title='bbox 1119 790 1193 839; x_wconf 74' lang='lat' dir='ltr'>m</span> <span class='ocrx_word' id='word_1_460' title='bbox 1231 786 1257 842; x_wconf 90' lang='lat' dir='ltr'>Si</span> <span class='ocrx_word' id='word_1_461' title='bbox 1286 785 1373 852; x_wconf 92' lang='lat' dir='ltr'>enim,</span> <span class='ocrx_word' id='word_1_462' title='bbox 1404 784 1564 841; x_wconf 90' lang='lat' dir='ltr'>secundum</span> <span class='ocrx_word' id='word_1_463' title='bbox 1589 784 1764 854; x_wconf 89' lang='lat' dir='ltr'>Scripturas,</span> <span class='ocrx_word' id='word_1_464' title='bbox 1794 797 1864 853; x_wconf 84' lang='lat' dir='ltr'>pas-</span> 
     </span>
     <span class='ocr_line' id='line_1_68' title="bbox 1011 872 1866 943; baseline 0 -15"><span class='ocrx_word' id='word_1_465' title='bbox 1011 872 1100 928; x_wconf 89' lang='lat' dir='ltr'>sionis</span> <span class='ocrx_word' id='word_1_466' title='bbox 1113 873 1176 943; x_wconf 86' lang='lat' dir='ltr'>ejus</span> <span class='ocrx_word' id='word_1_467' title='bbox 1193 875 1291 942; x_wconf 84' lang='lat' dir='ltr'>primae</span> <span class='ocrx_word' id='word_1_468' title='bbox 1306 873 1409 929; x_wconf 86' lang='lat' dir='ltr'>eillcax</span> <span class='ocrx_word' id='word_1_469' title='bbox 1424 872 1600 942; x_wconf 90' lang='lat' dir='ltr'>supplicium</span> <span class='ocrx_word' id='word_1_470' title='bbox 1620 872 1763 940; x_wconf 88' lang='lat' dir='ltr'>crederes,</span> <span class='ocrx_word' id='word_1_471' title='bbox 1792 887 1866 928; x_wconf 92' lang='lat' dir='ltr'>nun-</span> 
     </span>
     <span class='ocr_line' id='line_1_69' title="bbox 1011 960 1865 1032; baseline 0 -15"><span class='ocrx_word' id='word_1_472' title='bbox 1011 976 1099 1032; x_wconf 88' lang='lat' dir='ltr'>quam</span> <span class='ocrx_word' id='word_1_473' title='bbox 1133 963 1197 1030; x_wconf 84' lang='lat' dir='ltr'>ejus</span> <span class='ocrx_word' id='word_1_474' title='bbox 1225 961 1442 1032; x_wconf 88' lang='lat' dir='ltr'>improperium,</span> <span class='ocrx_word' id='word_1_475' title='bbox 1469 960 1547 1031; x_wconf 90' lang='lat' dir='ltr'>quod</span> <span class='ocrx_word' id='word_1_476' title='bbox 1572 975 1622 1029; x_wconf 93' lang='lat' dir='ltr'>pro</span> <span class='ocrx_word' id='word_1_477' title='bbox 1650 968 1678 1017; x_wconf 91' lang='lat' dir='ltr'>te</span> <span class='ocrx_word' id='word_1_478' title='bbox 1703 960 1728 1016; x_wconf 90' lang='lat' dir='ltr'>si</span> <span class='ocrx_word' id='word_1_479' title='bbox 1759 974 1865 1017; x_wconf 91' lang='lat' dir='ltr'>sanum</span> 
     </span>
     <span class='ocr_line' id='line_1_70' title="bbox 1011 1048 1865 1119; baseline 0 -15"><span class='ocrx_word' id='word_1_480' title='bbox 1011 1049 1106 1119; x_wconf 86' lang='lat' dir='ltr'>sapias</span> <span class='ocrx_word' id='word_1_481' title='bbox 1138 1051 1263 1119; x_wconf 90' lang='lat' dir='ltr'>pertulit,</span> <span class='ocrx_word' id='word_1_482' title='bbox 1295 1049 1322 1105; x_wconf 92' lang='lat' dir='ltr'>in</span> <span class='ocrx_word' id='word_1_483' title='bbox 1355 1049 1510 1119; x_wconf 87' lang='lat' dir='ltr'>suspendia</span> <span class='ocrx_word' id='word_1_484' title='bbox 1533 1049 1620 1105; x_wconf 91' lang='lat' dir='ltr'>etiam</span> <span class='ocrx_word' id='word_1_485' title='bbox 1640 1048 1746 1105; x_wconf 77' lang='lat' dir='ltr'>saeeulo</span> <span class='ocrx_word' id='word_1_486' title='bbox 1767 1063 1865 1105; x_wconf 82' lang='lat' dir='ltr'>coaeva</span> 
     </span>
     <span class='ocr_line' id='line_1_71' title="bbox 1011 1137 1196 1193; baseline -0.005 0"><span class='ocrx_word' id='word_1_487' title='bbox 1011 1137 1196 1193; x_wconf 90' lang='lat' dir='ltr'>distenderes.</span> 
     </span>
    </p>

    <p class='ocr_par' dir='ltr' id='par_1_16' title="bbox 1010 1223 1904 2089">
     <span class='ocr_line' id='line_1_72' title="bbox 1046 1223 1862 1295; baseline -0.002 -15"><span class='ocrx_word' id='word_1_488' title='bbox 1046 1224 1127 1291; x_wconf 89' lang='lat' dir='ltr'>Quod</span> <span class='ocrx_word' id='word_1_489' title='bbox 1150 1233 1247 1280; x_wconf 92' lang='lat' dir='ltr'>autem</span> <span class='ocrx_word' id='word_1_490' title='bbox 1274 1224 1347 1280; x_wconf 91' lang='lat' dir='ltr'>idem</span> <span class='ocrx_word' id='word_1_491' title='bbox 1370 1224 1544 1280; x_wconf 81' lang='lat' dir='ltr'>sacrificium</span> <span class='ocrx_word' id='word_1_492' title='bbox 1569 1223 1750 1295; x_wconf 87' lang='lat' dir='ltr'>quotidianis</span> <span class='ocrx_word' id='word_1_493' title='bbox 1778 1225 1862 1280; x_wconf 87' lang='lat' dir='ltr'>itera-</span> 
     </span>
     <span class='ocr_line' id='line_1_73' title="bbox 1012 1309 1861 1382; baseline 0.001 -17"><span class='ocrx_word' id='word_1_494' title='bbox 1012 1311 1137 1368; x_wconf 89' lang='lat' dir='ltr'>tionibus</span> <span class='ocrx_word' id='word_1_495' title='bbox 1165 1312 1373 1382; x_wconf 81' lang='lat' dir='ltr'>frequentator,</span> <span class='ocrx_word' id='word_1_496' title='bbox 1403 1326 1460 1367; x_wconf 92' lang='lat' dir='ltr'>non</span> <span class='ocrx_word' id='word_1_497' title='bbox 1480 1313 1543 1381; x_wconf 85' lang='lat' dir='ltr'>ejus</span> <span class='ocrx_word' id='word_1_498' title='bbox 1568 1311 1719 1382; x_wconf 74' lang='lat' dir='ltr'>penaliter</span> <span class='ocrx_word' id='word_1_499' title='bbox 1742 1309 1861 1367; x_wconf 89' lang='lat' dir='ltr'>crucili-</span> 
     </span>
     <span class='ocr_line' id='line_1_74' title="bbox 1010 1398 1861 1470; baseline 0 -16"><span class='ocrx_word' id='word_1_500' title='bbox 1010 1399 1090 1455; x_wconf 84' lang='lat' dir='ltr'>xioni</span> <span class='ocrx_word' id='word_1_501' title='bbox 1112 1401 1139 1455; x_wconf 90' lang='lat' dir='ltr'>in</span> <span class='ocrx_word' id='word_1_502' title='bbox 1162 1401 1223 1455; x_wconf 89' lang='lat' dir='ltr'>dies</span> <span class='ocrx_word' id='word_1_503' title='bbox 1246 1400 1406 1469; x_wconf 76' lang='lat' dir='ltr'>repetenda</span> <span class='ocrx_word' id='word_1_504' title='bbox 1430 1400 1563 1467; x_wconf 79' lang='lat' dir='ltr'>retertur,</span> <span class='ocrx_word' id='word_1_505' title='bbox 1583 1400 1632 1455; x_wconf 89' lang='lat' dir='ltr'>sed</span> <span class='ocrx_word' id='word_1_506' title='bbox 1656 1399 1735 1470; x_wconf 92' lang='lat' dir='ltr'>quod</span> <span class='ocrx_word' id='word_1_507' title='bbox 1756 1398 1861 1455; x_wconf 88' lang='lat' dir='ltr'>diurna</span> 
     </span>
     <span class='ocr_line' id='line_1_75' title="bbox 1010 1487 1904 1573; baseline -0.002 -29"><span class='ocrx_word' id='word_1_508' title='bbox 1010 1503 1181 1544; x_wconf 85' lang='lat' dir='ltr'>excessuum</span> <span class='ocrx_word' id='word_1_509' title='bbox 1210 1490 1348 1544; x_wconf 89' lang='lat' dir='ltr'>varietate</span> <span class='ocrx_word' id='word_1_510' title='bbox 1376 1487 1485 1543; x_wconf 90' lang='lat' dir='ltr'>malitia</span> <span class='ocrx_word' id='word_1_511' title='bbox 1516 1487 1685 1558; x_wconf 88' lang='lat' dir='ltr'>quotidiana</span> <span class='ocrx_word' id='word_1_512' title='bbox 1697 1487 1774 1544; x_wconf 89' lang='lat' dir='ltr'>tanti</span> <span class='ocrx_word' id='word_1_513' title='bbox 1801 1501 1859 1557; x_wconf 86' lang='lat' dir='ltr'>my·</span> <span class='ocrx_word' id='word_1_514' title='bbox 1902 1548 1904 1573; x_wconf 55' lang='grc' dir='ltr'>Ι</span> 
     </span>
     <span class='ocr_line' id='line_1_76' title="bbox 1012 1575 1904 1646; baseline -0.008 -14"><span class='ocrx_word' id='word_1_515' title='bbox 1012 1577 1089 1632; x_wconf 89' lang='lat' dir='ltr'>sterii</span> <span class='ocrx_word' id='word_1_516' title='bbox 1113 1577 1356 1646; x_wconf 87' lang='lat' dir='ltr'>representatione</span> <span class='ocrx_word' id='word_1_517' title='bbox 1380 1576 1512 1632; x_wconf 91' lang='lat' dir='ltr'>diluitur.</span> <span class='ocrx_word' id='word_1_518' title='bbox 1537 1576 1599 1632; x_wconf 91' lang='lat' dir='ltr'>Non</span> <span class='ocrx_word' id='word_1_519' title='bbox 1624 1575 1702 1632; x_wconf 92' lang='lat' dir='ltr'>enim</span> <span class='ocrx_word' id='word_1_520' title='bbox 1726 1589 1797 1632; x_wconf 91' lang='lat' dir='ltr'>enm</span> <span class='ocrx_word' id='word_1_521' title='bbox 1813 1577 1860 1646; x_wconf 89' lang='lat' dir='ltr'>qui</span> <span class='ocrx_word' id='word_1_522' title='bbox 1900 1576 1904 1625; x_wconf 96' lang='lat' dir='ltr'>l</span> 
     </span>
     <span class='ocr_line' id='line_1_77' title="bbox 1013 1663 1903 1735; baseline -0.001 -15"><span class='ocrx_word' id='word_1_523' title='bbox 1013 1667 1065 1721; x_wconf 91' lang='lat' dir='ltr'>bec</span> <span class='ocrx_word' id='word_1_524' title='bbox 1080 1665 1164 1721; x_wconf 89' lang='lat' dir='ltr'>semel</span> <span class='ocrx_word' id='word_1_525' title='bbox 1181 1680 1253 1735; x_wconf 88' lang='lat' dir='ltr'>opus</span> <span class='ocrx_word' id='word_1_526' title='bbox 1268 1664 1518 1734; x_wconf 79' lang='lat' dir='ltr'>explicuiteadem</span> <span class='ocrx_word' id='word_1_527' title='bbox 1540 1678 1652 1734; x_wconf 89' lang='lat' dir='ltr'>semper</span> <span class='ocrx_word' id='word_1_528' title='bbox 1674 1663 1860 1734; x_wconf 90' lang='lat' dir='ltr'>resculpendo</span> <span class='ocrx_word' id='word_1_529' title='bbox 1900 1682 1903 1701; x_wconf 82' lang='lat'><em>=</em></span> 
     </span>
     <span class='ocr_line' id='line_1_78' title="bbox 1011 1752 1902 1816; baseline -0.002 -7"><span class='ocrx_word' id='word_1_530' title='bbox 1011 1766 1162 1816; x_wconf 80' lang='lat' dir='ltr'>vexamus,</span> <span class='ocrx_word' id='word_1_531' title='bbox 1189 1755 1237 1808; x_wconf 90' lang='lat' dir='ltr'>sed</span> <span class='ocrx_word' id='word_1_532' title='bbox 1260 1753 1380 1810; x_wconf 88' lang='lat' dir='ltr'>fluidam</span> <span class='ocrx_word' id='word_1_533' title='bbox 1405 1753 1571 1809; x_wconf 89' lang='lat' dir='ltr'>memoriam</span> <span class='ocrx_word' id='word_1_534' title='bbox 1594 1755 1629 1809; x_wconf 89' lang='lat' dir='ltr'>ad</span> <span class='ocrx_word' id='word_1_535' title='bbox 1652 1766 1757 1809; x_wconf 89' lang='lat' dir='ltr'>eorum</span> <span class='ocrx_word' id='word_1_536' title='bbox 1777 1753 1859 1810; x_wconf 90' lang='lat' dir='ltr'>menti</span> <span class='ocrx_word' id='word_1_537' title='bbox 1899 1752 1902 1763; x_wconf 89' lang='lat'>&#39;</span> 
     </span>
     <span class='ocr_line' id='line_1_79' title="bbox 1011 1774 1902 1915; baseline -0.001 -16"><span class='ocrx_word' id='word_1_538' title='bbox 1011 1845 1150 1915; x_wconf 88' lang='lat' dir='ltr'>originem</span> <span class='ocrx_word' id='word_1_539' title='bbox 1182 1844 1377 1899; x_wconf 88' lang='lat' dir='ltr'>innovandam</span> <span class='ocrx_word' id='word_1_540' title='bbox 1408 1856 1587 1909; x_wconf 83' lang='lat' dir='ltr'>revocamus,</span> <span class='ocrx_word' id='word_1_541' title='bbox 1614 1857 1680 1914; x_wconf 78' lang='lat' dir='ltr'>quae</span> <span class='ocrx_word' id='word_1_542' title='bbox 1718 1842 1782 1900; x_wconf 89' lang='lat' dir='ltr'>sine</span> <span class='ocrx_word' id='word_1_543' title='bbox 1807 1843 1861 1900; x_wconf 91' lang='lat' dir='ltr'>ulla</span> <span class='ocrx_word' id='word_1_544' title='bbox 1897 1774 1902 1913; x_wconf 51' lang='grc' dir='ltr'>ι</span> 
     </span>
     <span class='ocr_line' id='line_1_80' title="bbox 1012 1929 1861 2001; baseline -0.002 -13"><span class='ocrx_word' id='word_1_545' title='bbox 1012 1931 1136 1989; x_wconf 89' lang='lat' dir='ltr'>iterandi</span> <span class='ocrx_word' id='word_1_546' title='bbox 1160 1931 1328 1988; x_wconf 86' lang='lat' dir='ltr'>necessitate</span> <span class='ocrx_word' id='word_1_547' title='bbox 1353 1932 1484 1988; x_wconf 91' lang='lat' dir='ltr'>omnium</span> <span class='ocrx_word' id='word_1_548' title='bbox 1509 1929 1595 1987; x_wconf 89' lang='lat' dir='ltr'>saluti</span> <span class='ocrx_word' id='word_1_549' title='bbox 1625 1931 1776 2001; x_wconf 89' lang='lat' dir='ltr'>qnondam</span> <span class='ocrx_word' id='word_1_550' title='bbox 1802 1935 1861 1986; x_wconf 87' lang='lat' dir='ltr'>acta</span> 
     </span>
     <span class='ocr_line' id='line_1_81' title="bbox 1014 1992 1902 2089; baseline -0.001 -13"><span class='ocrx_word' id='word_1_551' title='bbox 1014 2019 1216 2089; x_wconf 87' lang='lat' dir='ltr'>comperimus.</span> <span class='ocrx_word' id='word_1_552' title='bbox 1898 1992 1902 2055; x_wconf 68' lang='lat'><strong>¹</strong></span> 
     </span>
    </p>

    <p class='ocr_par' dir='ltr' id='par_1_17' title="bbox 1010 2062 1901 2882">
     <span class='ocr_line' id='line_1_82' title="bbox 1047 2062 1901 2178; baseline 0.002 -16"><span class='ocrx_word' id='word_1_553' title='bbox 1047 2107 1112 2178; x_wconf 64' lang='lat' dir='ltr'>gli.</span> <span class='ocrx_word' id='word_1_554' title='bbox 1138 2107 1380 2178; x_wconf 82' lang='lat' dir='ltr'>Interrogandum</span> <span class='ocrx_word' id='word_1_555' title='bbox 1405 2107 1493 2163; x_wconf 89' lang='lat' dir='ltr'>etiam</span> <span class='ocrx_word' id='word_1_556' title='bbox 1514 2120 1615 2164; x_wconf 88' lang='lat' dir='ltr'>censeo</span> <span class='ocrx_word' id='word_1_557' title='bbox 1635 2114 1738 2164; x_wconf 91' lang='lat' dir='ltr'>utrum</span> <span class='ocrx_word' id='word_1_558' title='bbox 1761 2121 1860 2178; x_wconf 83' lang='lat' dir='ltr'>corpus</span> <span class='ocrx_word' id='word_1_559' title='bbox 1897 2062 1901 2135; x_wconf 44' lang='grc' dir='ltr'><strong><em>ι</em></strong></span> 
     </span>
     <span class='ocr_line' id='line_1_83' title="bbox 1011 2195 1901 2267; baseline 0 -15"><span class='ocrx_word' id='word_1_560' title='bbox 1011 2195 1094 2263; x_wconf 87' lang='lat' dir='ltr'>illud,</span> <span class='ocrx_word' id='word_1_561' title='bbox 1117 2197 1194 2267; x_wconf 91' lang='lat' dir='ltr'>qnod</span> <span class='ocrx_word' id='word_1_562' title='bbox 1215 2209 1337 2265; x_wconf 89' lang='lat' dir='ltr'>semper,</span> <span class='ocrx_word' id='word_1_563' title='bbox 1365 2203 1396 2251; x_wconf 92' lang='lat' dir='ltr'>ut</span> <span class='ocrx_word' id='word_1_564' title='bbox 1419 2195 1499 2263; x_wconf 88' lang='lat' dir='ltr'>dicis,</span> <span class='ocrx_word' id='word_1_565' title='bbox 1527 2195 1720 2267; x_wconf 86' lang='lat' dir='ltr'>crucifigitur,</span> <span class='ocrx_word' id='word_1_566' title='bbox 1741 2196 1859 2266; x_wconf 83' lang='lat' dir='ltr'>idipsum</span> <span class='ocrx_word' id='word_1_567' title='bbox 1897 2198 1901 2245; x_wconf 79' lang='grc' dir='ltr'>ἱ</span> 
     </span>
     <span class='ocr_line' id='line_1_84' title="bbox 1010 2283 1860 2354; baseline 0 -14"><span class='ocrx_word' id='word_1_568' title='bbox 1010 2283 1047 2341; x_wconf 93' lang='lat' dir='ltr'>sit</span> <span class='ocrx_word' id='word_1_569' title='bbox 1061 2285 1139 2354; x_wconf 91' lang='lat' dir='ltr'>quod</span> <span class='ocrx_word' id='word_1_570' title='bbox 1150 2285 1184 2339; x_wconf 90' lang='lat' dir='ltr'>de</span> <span class='ocrx_word' id='word_1_571' title='bbox 1202 2283 1318 2354; x_wconf 88' lang='lat' dir='ltr'>Virgine</span> <span class='ocrx_word' id='word_1_572' title='bbox 1334 2291 1435 2340; x_wconf 90' lang='lat' dir='ltr'>natum</span> <span class='ocrx_word' id='word_1_573' title='bbox 1450 2292 1562 2340; x_wconf 77' lang='lat' dir='ltr'>canstat</span> <span class='ocrx_word' id='word_1_574' title='bbox 1584 2291 1612 2340; x_wconf 93' lang='lat' dir='ltr'>et</span> <span class='ocrx_word' id='word_1_575' title='bbox 1630 2283 1708 2354; x_wconf 92' lang='lat' dir='ltr'>quod</span> <span class='ocrx_word' id='word_1_576' title='bbox 1736 2283 1768 2339; x_wconf 89' lang='lat' dir='ltr'>in</span> <span class='ocrx_word' id='word_1_577' title='bbox 1780 2296 1860 2340; x_wconf 89' lang='lat' dir='ltr'>crues</span> 
     </span>
     <span class='ocr_line' id='line_1_85' title="bbox 1014 2370 1859 2444; baseline -0.002 -16"><span class='ocrx_word' id='word_1_578' title='bbox 1014 2372 1190 2442; x_wconf 91' lang='lat' dir='ltr'>pependerit.</span> <span class='ocrx_word' id='word_1_579' title='bbox 1208 2371 1270 2427; x_wconf 87' lang='lat' dir='ltr'>Scio</span> <span class='ocrx_word' id='word_1_580' title='bbox 1296 2373 1372 2442; x_wconf 94' lang='lat' dir='ltr'>quod</span> <span class='ocrx_word' id='word_1_581' title='bbox 1394 2372 1579 2442; x_wconf 88' lang='lat' dir='ltr'>respondebis</span> <span class='ocrx_word' id='word_1_582' title='bbox 1598 2372 1736 2442; x_wconf 91' lang='lat' dir='ltr'>idipsum.</span> <span class='ocrx_word' id='word_1_583' title='bbox 1752 2373 1826 2444; x_wconf 83' lang='lat' dir='ltr'>lirgo</span> <span class='ocrx_word' id='word_1_584' title='bbox 1839 2370 1859 2428; x_wconf 86' lang='lat' dir='ltr'>si</span> 
     </span>
     <span class='ocr_line' id='line_1_86' title="bbox 1012 2459 1861 2530; baseline -0.004 -14"><span class='ocrx_word' id='word_1_585' title='bbox 1012 2459 1138 2530; x_wconf 81' lang='lat' dir='ltr'>idipsum</span> <span class='ocrx_word' id='word_1_586' title='bbox 1167 2460 1314 2527; x_wconf 90' lang='lat' dir='ltr'>ereditur;</span> <span class='ocrx_word' id='word_1_587' title='bbox 1338 2468 1366 2515; x_wconf 91' lang='lat' dir='ltr'>et</span> <span class='ocrx_word' id='word_1_588' title='bbox 1386 2460 1454 2515; x_wconf 89' lang='lat' dir='ltr'>bnic</span> <span class='ocrx_word' id='word_1_589' title='bbox 1476 2459 1603 2529; x_wconf 89' lang='lat' dir='ltr'>passibili</span> <span class='ocrx_word' id='word_1_590' title='bbox 1627 2467 1654 2516; x_wconf 92' lang='lat' dir='ltr'>et</span> <span class='ocrx_word' id='word_1_591' title='bbox 1679 2459 1806 2526; x_wconf 83' lang='lat' dir='ltr'>mortali,</span> <span class='ocrx_word' id='word_1_592' title='bbox 1831 2467 1861 2516; x_wconf 93' lang='lat' dir='ltr'>ut</span> 
     </span>
     <span class='ocr_line' id='line_1_87' title="bbox 1012 2547 1860 2618; baseline -0.001 -14"><span class='ocrx_word' id='word_1_593' title='bbox 1012 2549 1107 2611; x_wconf 82' lang='lat' dir='ltr'>doces.</span> <span class='ocrx_word' id='word_1_594' title='bbox 1132 2547 1304 2604; x_wconf 76' lang='lat' dir='ltr'>conformari</span> <span class='ocrx_word' id='word_1_595' title='bbox 1331 2549 1433 2604; x_wconf 89' lang='lat' dir='ltr'>debere</span> <span class='ocrx_word' id='word_1_596' title='bbox 1460 2548 1587 2604; x_wconf 87' lang='lat' dir='ltr'>creditur</span> <span class='ocrx_word' id='word_1_597' title='bbox 1610 2548 1689 2618; x_wconf 92' lang='lat' dir='ltr'>quod</span> <span class='ocrx_word' id='word_1_598' title='bbox 1720 2550 1751 2604; x_wconf 95' lang='lat' dir='ltr'>in</span> <span class='ocrx_word' id='word_1_599' title='bbox 1780 2548 1860 2604; x_wconf 84' lang='lat' dir='ltr'>altari</span> 
     </span>
     <span class='ocr_line' id='line_1_88' title="bbox 1012 2634 1860 2705; baseline 0.001 -16"><span class='ocrx_word' id='word_1_600' title='bbox 1012 2634 1173 2701; x_wconf 89' lang='lat' dir='ltr'>coniicitur,</span> <span class='ocrx_word' id='word_1_601' title='bbox 1196 2634 1289 2690; x_wconf 90' lang='lat' dir='ltr'>doceri</span> <span class='ocrx_word' id='word_1_602' title='bbox 1312 2635 1398 2690; x_wconf 86' lang='lat' dir='ltr'>velim</span> <span class='ocrx_word' id='word_1_603' title='bbox 1420 2642 1519 2691; x_wconf 92' lang='lat' dir='ltr'>utrum</span> <span class='ocrx_word' id='word_1_604' title='bbox 1540 2634 1613 2690; x_wconf 91' lang='lat' dir='ltr'>idem</span> <span class='ocrx_word' id='word_1_605' title='bbox 1635 2649 1742 2705; x_wconf 90' lang='lat' dir='ltr'>corpus</span> <span class='ocrx_word' id='word_1_606' title='bbox 1762 2635 1810 2701; x_wconf 90' lang='lat' dir='ltr'>sit,</span> <span class='ocrx_word' id='word_1_607' title='bbox 1826 2648 1860 2691; x_wconf 90' lang='lat' dir='ltr'>an</span> 
     </span>
     <span class='ocr_line' id='line_1_89' title="bbox 1013 2722 1859 2792; baseline 0.002 -16"><span class='ocrx_word' id='word_1_608' title='bbox 1013 2722 1102 2788; x_wconf 87' lang='lat' dir='ltr'>aliud,</span> <span class='ocrx_word' id='word_1_609' title='bbox 1131 2722 1208 2792; x_wconf 90' lang='lat' dir='ltr'>quod</span> <span class='ocrx_word' id='word_1_610' title='bbox 1235 2722 1367 2792; x_wconf 90' lang='lat' dir='ltr'>passibile</span> <span class='ocrx_word' id='word_1_611' title='bbox 1390 2730 1418 2778; x_wconf 92' lang='lat' dir='ltr'>et</span> <span class='ocrx_word' id='word_1_612' title='bbox 1446 2723 1566 2780; x_wconf 89' lang='lat' dir='ltr'>mortale</span> <span class='ocrx_word' id='word_1_613' title='bbox 1595 2737 1612 2779; x_wconf 92' lang='lat' dir='ltr'>a</span> <span class='ocrx_word' id='word_1_614' title='bbox 1632 2731 1659 2779; x_wconf 89' lang='lat' dir='ltr'>te</span> <span class='ocrx_word' id='word_1_615' title='bbox 1680 2723 1819 2792; x_wconf 88' lang='lat' dir='ltr'>traditor,</span> <span class='ocrx_word' id='word_1_616' title='bbox 1833 2731 1859 2779; x_wconf 90' lang='lat' dir='ltr'>et</span> 
     </span>
     <span class='ocr_line' id='line_1_90' title="bbox 1013 2809 1862 2882; baseline 0.005 -18"><span class='ocrx_word' id='word_1_617' title='bbox 1013 2809 1085 2865; x_wconf 92' lang='lat' dir='ltr'>illud</span> <span class='ocrx_word' id='word_1_618' title='bbox 1101 2811 1178 2880; x_wconf 93' lang='lat' dir='ltr'>quod</span> <span class='ocrx_word' id='word_1_619' title='bbox 1196 2820 1322 2879; x_wconf 81' lang='lat' dir='ltr'>paterna</span> <span class='ocrx_word' id='word_1_620' title='bbox 1345 2812 1404 2882; x_wconf 86' lang='lat' dir='ltr'>jam</span> <span class='ocrx_word' id='word_1_621' title='bbox 1422 2811 1547 2868; x_wconf 81' lang='lat' dir='ltr'>dextera</span> <span class='ocrx_word' id='word_1_622' title='bbox 1566 2812 1744 2882; x_wconf 83' lang='lat' dir='ltr'>impassibile</span> <span class='ocrx_word' id='word_1_623' title='bbox 1763 2821 1793 2868; x_wconf 91' lang='lat' dir='ltr'>et</span> <span class='ocrx_word' id='word_1_624' title='bbox 1811 2813 1862 2868; x_wconf 90' lang='lat' dir='ltr'>irn-</span> 
     </span>
    </p>
   </div>
   <div class='ocr_carea' id='block_1_13' title="bbox 977 2899 1863 2974">
    <p class='ocr_par' dir='ltr' id='par_1_18' title="bbox 977 2899 1863 2974">
     <span class='ocr_line' id='line_1_91' title="bbox 977 2899 1863 2974; baseline 0.005 -21"><span class='ocrx_word' id='word_1_625' title='bbox 977 2899 1132 2974; x_wconf 71' lang='lat' dir='ltr'>gmertale</span> <span class='ocrx_word' id='word_1_626' title='bbox 1162 2899 1323 2955; x_wconf 89' lang='lat' dir='ltr'>consedisse</span> <span class='ocrx_word' id='word_1_627' title='bbox 1342 2900 1532 2970; x_wconf 89' lang='lat' dir='ltr'>dignoscitur.</span> <span class='ocrx_word' id='word_1_628' title='bbox 1555 2899 1581 2955; x_wconf 86' lang='lat' dir='ltr'>Si</span> <span class='ocrx_word' id='word_1_629' title='bbox 1604 2900 1684 2956; x_wconf 87' lang='lat' dir='ltr'>dieas</span> <span class='ocrx_word' id='word_1_630' title='bbox 1705 2900 1783 2958; x_wconf 87' lang='lat' dir='ltr'>idem</span> <span class='ocrx_word' id='word_1_631' title='bbox 1808 2915 1863 2974; x_wconf 84' lang='lat' dir='ltr'>npn</span> 
     </span>
    </p>
   </div>
   <div class='ocr_carea' id='block_1_14' title="bbox 1010 2987 1901 4206">
    <p class='ocr_par' dir='ltr' id='par_1_19' title="bbox 1010 2987 1901 4206">
     <span class='ocr_line' id='line_1_92' title="bbox 1010 2987 1861 3058; baseline 0.006 -17"><span class='ocrx_word' id='word_1_632' title='bbox 1010 3000 1081 3050; x_wconf 85' lang='lat' dir='ltr'>esse,</span> <span class='ocrx_word' id='word_1_633' title='bbox 1105 2990 1180 3042; x_wconf 87' lang='lat' dir='ltr'>certe</span> <span class='ocrx_word' id='word_1_634' title='bbox 1205 2987 1263 3042; x_wconf 90' lang='lat' dir='ltr'>duo</span> <span class='ocrx_word' id='word_1_635' title='bbox 1292 3001 1412 3058; x_wconf 90' lang='lat' dir='ltr'>corpora</span> <span class='ocrx_word' id='word_1_636' title='bbox 1435 2988 1503 3044; x_wconf 88' lang='lat' dir='ltr'>lesu</span> <span class='ocrx_word' id='word_1_637' title='bbox 1529 2987 1649 3043; x_wconf 86' lang='lat' dir='ltr'>Domino</span> <span class='ocrx_word' id='word_1_638' title='bbox 1670 2988 1861 3046; x_wconf 88' lang='lat' dir='ltr'>inducuntur.</span> 
     </span>
     <span class='ocr_line' id='line_1_93' title="bbox 1011 3074 1862 3147; baseline 0.005 -18"><span class='ocrx_word' id='word_1_639' title='bbox 1011 3074 1098 3130; x_wconf 78' lang='lat' dir='ltr'>aliud</span> <span class='ocrx_word' id='word_1_640' title='bbox 1126 3076 1201 3130; x_wconf 89' lang='lat' dir='ltr'>enirn</span> <span class='ocrx_word' id='word_1_641' title='bbox 1227 3076 1282 3132; x_wconf 94' lang='lat' dir='ltr'>erit</span> <span class='ocrx_word' id='word_1_642' title='bbox 1306 3076 1382 3147; x_wconf 90' lang='lat' dir='ltr'>quod</span> <span class='ocrx_word' id='word_1_643' title='bbox 1408 3076 1533 3146; x_wconf 91' lang='lat' dir='ltr'>passioni</span> <span class='ocrx_word' id='word_1_644' title='bbox 1556 3085 1583 3133; x_wconf 93' lang='lat' dir='ltr'>et</span> <span class='ocrx_word' id='word_1_645' title='bbox 1609 3078 1694 3133; x_wconf 92' lang='lat' dir='ltr'>morti</span> <span class='ocrx_word' id='word_1_646' title='bbox 1719 3077 1862 3135; x_wconf 89' lang='lat' dir='ltr'>constabit</span> 
     </span>
     <span class='ocr_line' id='line_1_94' title="bbox 1012 3162 1862 3238; baseline 0.004 -19"><span class='ocrx_word' id='word_1_647' title='bbox 1012 3164 1181 3229; x_wconf 82' lang='lat' dir='ltr'>obnoxium,</span> <span class='ocrx_word' id='word_1_648' title='bbox 1206 3162 1285 3220; x_wconf 89' lang='lat' dir='ltr'>aliud</span> <span class='ocrx_word' id='word_1_649' title='bbox 1309 3163 1483 3235; x_wconf 90' lang='lat' dir='ltr'>planequod</span> <span class='ocrx_word' id='word_1_650' title='bbox 1505 3166 1541 3220; x_wconf 92' lang='lat' dir='ltr'>ad</span> <span class='ocrx_word' id='word_1_651' title='bbox 1563 3166 1793 3235; x_wconf 89' lang='lat' dir='ltr'>incorruptionis</span> <span class='ocrx_word' id='word_1_652' title='bbox 1804 3166 1862 3238; x_wconf 82' lang='lat' dir='ltr'>jam</span> 
     </span>
     <span class='ocr_line' id='line_1_95' title="bbox 1013 3251 1864 3326; baseline 0.004 -19"><span class='ocrx_word' id='word_1_653' title='bbox 1013 3252 1129 3322; x_wconf 88' lang='lat' dir='ltr'>pertigit</span> <span class='ocrx_word' id='word_1_654' title='bbox 1156 3251 1381 3308; x_wconf 82' lang='lat' dir='ltr'>firmamentum.</span> <span class='ocrx_word' id='word_1_655' title='bbox 1412 3256 1483 3309; x_wconf 83' lang='lat' dir='ltr'>Cum</span> <span class='ocrx_word' id='word_1_656' title='bbox 1512 3265 1581 3325; x_wconf 85' lang='lat' dir='ltr'>erge</span> <span class='ocrx_word' id='word_1_657' title='bbox 1619 3253 1695 3310; x_wconf 87' lang='lat' dir='ltr'>sacri</span> <span class='ocrx_word' id='word_1_658' title='bbox 1731 3255 1816 3326; x_wconf 88' lang='lat' dir='ltr'>panis</span> <span class='ocrx_word' id='word_1_659' title='bbox 1838 3263 1864 3311; x_wconf 89' lang='lat' dir='ltr'>et</span> 
     </span>
     <span class='ocr_line' id='line_1_96' title="bbox 1011 3339 1862 3410; baseline 0.002 -14"><span class='ocrx_word' id='word_1_660' title='bbox 1011 3341 1108 3396; x_wconf 88' lang='lat' dir='ltr'>calicis</span> <span class='ocrx_word' id='word_1_661' title='bbox 1127 3339 1296 3409; x_wconf 87' lang='lat' dir='ltr'>mysterium</span> <span class='ocrx_word' id='word_1_662' title='bbox 1311 3341 1505 3410; x_wconf 87' lang='lat' dir='ltr'>corruptibilis</span> <span class='ocrx_word' id='word_1_663' title='bbox 1530 3341 1560 3398; x_wconf 82' lang='lat' dir='ltr'>tit</span> <span class='ocrx_word' id='word_1_664' title='bbox 1578 3342 1676 3399; x_wconf 92' lang='lat' dir='ltr'>carnis</span> <span class='ocrx_word' id='word_1_665' title='bbox 1691 3342 1862 3410; x_wconf 89' lang='lat' dir='ltr'>indiculum,</span> 
     </span>
     <span class='ocr_line' id='line_1_97' title="bbox 1012 3416 1901 3497; baseline 0.007 -15"><span class='ocrx_word' id='word_1_666' title='bbox 1012 3429 1041 3483; x_wconf 91' lang='lat' dir='ltr'>in</span> <span class='ocrx_word' id='word_1_667' title='bbox 1057 3441 1220 3497; x_wconf 87' lang='lat' dir='ltr'>perversam</span> <span class='ocrx_word' id='word_1_668' title='bbox 1248 3428 1415 3484; x_wconf 89' lang='lat' dir='ltr'>dualitatem</span> <span class='ocrx_word' id='word_1_669' title='bbox 1432 3431 1591 3486; x_wconf 89' lang='lat' dir='ltr'>secernitur</span> <span class='ocrx_word' id='word_1_670' title='bbox 1614 3429 1774 3488; x_wconf 82' lang='lat' dir='ltr'>salvatoris</span> <span class='ocrx_word' id='word_1_671' title='bbox 1797 3431 1863 3488; x_wconf 88' lang='lat' dir='ltr'>snb·</span> <span class='ocrx_word' id='word_1_672' title='bbox 1897 3416 1901 3489; x_wconf 91' lang='grc' dir='ltr'>Ι</span> 
     </span>
     <span class='ocr_line' id='line_1_98' title="bbox 1012 3515 1862 3592; baseline 0.008 -21"><span class='ocrx_word' id='word_1_673' title='bbox 1012 3516 1124 3571; x_wconf 78' lang='lat' dir='ltr'>stantia</span> <span class='ocrx_word' id='word_1_674' title='bbox 1147 3515 1340 3571; x_wconf 90' lang='lat' dir='ltr'>individuum.</span> <span class='ocrx_word' id='word_1_675' title='bbox 1364 3517 1450 3573; x_wconf 88' lang='lat' dir='ltr'>Porro</span> <span class='ocrx_word' id='word_1_676' title='bbox 1465 3517 1487 3573; x_wconf 92' lang='lat' dir='ltr'>si</span> <span class='ocrx_word' id='word_1_677' title='bbox 1509 3519 1563 3574; x_wconf 92' lang='lat' dir='ltr'>boc</span> <span class='ocrx_word' id='word_1_678' title='bbox 1586 3525 1612 3574; x_wconf 91' lang='lat' dir='ltr'>te</span> <span class='ocrx_word' id='word_1_679' title='bbox 1628 3518 1725 3576; x_wconf 92' lang='lat' dir='ltr'>dicere</span> <span class='ocrx_word' id='word_1_680' title='bbox 1748 3521 1862 3592; x_wconf 86' lang='lat' dir='ltr'>pudeat.</span> 
     </span>
     <span class='ocr_line' id='line_1_99' title="bbox 1011 3603 1862 3677; baseline 0.009 -18"><span class='ocrx_word' id='word_1_681' title='bbox 1011 3612 1038 3659; x_wconf 88' lang='lat' dir='ltr'>et</span> <span class='ocrx_word' id='word_1_682' title='bbox 1067 3617 1158 3659; x_wconf 89' lang='lat' dir='ltr'>unum</span> <span class='ocrx_word' id='word_1_683' title='bbox 1181 3618 1240 3659; x_wconf 88' lang='lat' dir='ltr'>esse</span> <span class='ocrx_word' id='word_1_684' title='bbox 1267 3603 1364 3660; x_wconf 88' lang='lat' dir='ltr'>lateris</span> <span class='ocrx_word' id='word_1_685' title='bbox 1392 3620 1507 3676; x_wconf 91' lang='lat' dir='ltr'>corpus,</span> <span class='ocrx_word' id='word_1_686' title='bbox 1536 3606 1670 3677; x_wconf 91' lang='lat' dir='ltr'>passibile</span> <span class='ocrx_word' id='word_1_687' title='bbox 1698 3609 1809 3667; x_wconf 87' lang='lat' dir='ltr'>seilicet</span> <span class='ocrx_word' id='word_1_688' title='bbox 1834 3610 1862 3666; x_wconf 91' lang='lat' dir='ltr'>in</span> 
     </span>
     <span class='ocr_line' id='line_1_100' title="bbox 1013 3691 1862 3766; baseline 0.007 -19"><span class='ocrx_word' id='word_1_689' title='bbox 1013 3692 1108 3755; x_wconf 80' lang='lat' dir='ltr'>altari.</span> <span class='ocrx_word' id='word_1_690' title='bbox 1133 3699 1160 3746; x_wconf 90' lang='lat' dir='ltr'>et</span> <span class='ocrx_word' id='word_1_691' title='bbox 1187 3691 1264 3761; x_wconf 90' lang='lat' dir='ltr'>qued</span> <span class='ocrx_word' id='word_1_692' title='bbox 1292 3693 1368 3749; x_wconf 87' lang='lat' dir='ltr'>Patri</span> <span class='ocrx_word' id='word_1_693' title='bbox 1395 3694 1424 3748; x_wconf 92' lang='lat' dir='ltr'>in</span> <span class='ocrx_word' id='word_1_694' title='bbox 1454 3693 1545 3766; x_wconf 89' lang='lat' dir='ltr'>gloria</span> <span class='ocrx_word' id='word_1_695' title='bbox 1573 3695 1679 3753; x_wconf 65' lang='lat' dir='ltr'>caelesti</span> <span class='ocrx_word' id='word_1_696' title='bbox 1706 3698 1862 3755; x_wconf 89' lang='lat' dir='ltr'>consideat.</span> 
     </span>
     <span class='ocr_line' id='line_1_101' title="bbox 1013 3779 1862 3853; baseline 0.008 -17"><span class='ocrx_word' id='word_1_697' title='bbox 1013 3780 1094 3846; x_wconf 88' lang='lat' dir='ltr'>Vide,</span> <span class='ocrx_word' id='word_1_698' title='bbox 1110 3779 1269 3836; x_wconf 89' lang='lat' dir='ltr'>secundum</span> <span class='ocrx_word' id='word_1_699' title='bbox 1288 3781 1440 3850; x_wconf 84' lang='lat' dir='ltr'>praelatum</span> <span class='ocrx_word' id='word_1_700' title='bbox 1460 3783 1639 3853; x_wconf 77' lang='lat' dir='ltr'>Apostolum,</span> <span class='ocrx_word' id='word_1_701' title='bbox 1666 3799 1703 3841; x_wconf 90' lang='lat' dir='ltr'>ne</span> <span class='ocrx_word' id='word_1_702' title='bbox 1718 3785 1862 3843; x_wconf 84' lang='lat' dir='ltr'>Christum</span> 
     </span>
     <span class='ocr_line' id='line_1_102' title="bbox 1012 3868 1862 3942; baseline 0.011 -19"><span class='ocrx_word' id='word_1_703' title='bbox 1012 3868 1120 3924; x_wconf 87' lang='lat' dir='ltr'>laetum</span> <span class='ocrx_word' id='word_1_704' title='bbox 1142 3869 1399 3938; x_wconf 87' lang='lat' dir='ltr'>incorruptibilem,</span> <span class='ocrx_word' id='word_1_705' title='bbox 1425 3878 1512 3942; x_wconf 90' lang='lat' dir='ltr'>atque</span> <span class='ocrx_word' id='word_1_706' title='bbox 1533 3872 1735 3941; x_wconf 90' lang='lat' dir='ltr'>immortalem,</span> <span class='ocrx_word' id='word_1_707' title='bbox 1760 3874 1862 3932; x_wconf 91' lang='lat' dir='ltr'>iterum</span> 
     </span>
     <span class='ocr_line' id='line_1_103' title="bbox 1011 3956 1860 4032; baseline 0.009 -20"><span class='ocrx_word' id='word_1_708' title='bbox 1011 3956 1176 4025; x_wconf 73' lang='lat' dir='ltr'>crucifigas,</span> <span class='ocrx_word' id='word_1_709' title='bbox 1203 3964 1231 4012; x_wconf 92' lang='lat' dir='ltr'>et</span> <span class='ocrx_word' id='word_1_710' title='bbox 1252 3959 1378 4015; x_wconf 91' lang='lat' dir='ltr'>ostentui</span> <span class='ocrx_word' id='word_1_711' title='bbox 1404 3959 1510 4015; x_wconf 88' lang='lat' dir='ltr'>babeas</span> <span class='ocrx_word' id='word_1_712' title='bbox 1536 3960 1640 4030; x_wconf 84' lang='lat' dir='ltr'>(Hebr.</span> <span class='ocrx_word' id='word_1_713' title='bbox 1665 3977 1705 4029; x_wconf 86' lang='lat' dir='ltr'>vt,</span> <span class='ocrx_word' id='word_1_714' title='bbox 1736 3963 1777 4032; x_wconf 90' lang='lat'>6),</span> <span class='ocrx_word' id='word_1_715' title='bbox 1809 3966 1860 4020; x_wconf 89' lang='lat' dir='ltr'>imo</span> 
     </span>
     <span class='ocr_line' id='line_1_104' title="bbox 1013 4044 1862 4121; baseline 0.012 -22"><span class='ocrx_word' id='word_1_716' title='bbox 1013 4044 1090 4116; x_wconf 92' lang='lat' dir='ltr'>quod</span> <span class='ocrx_word' id='word_1_717' title='bbox 1122 4045 1237 4100; x_wconf 80' lang='lat' dir='ltr'>veritati</span> <span class='ocrx_word' id='word_1_718' title='bbox 1270 4045 1488 4102; x_wconf 91' lang='lat' dir='ltr'>convenientius</span> <span class='ocrx_word' id='word_1_719' title='bbox 1510 4061 1570 4105; x_wconf 91' lang='lat' dir='ltr'>esse</span> <span class='ocrx_word' id='word_1_720' title='bbox 1598 4050 1795 4121; x_wconf 88' lang='lat' dir='ltr'>cognoscitur,</span> <span class='ocrx_word' id='word_1_721' title='bbox 1823 4061 1862 4109; x_wconf 89' lang='lat' dir='ltr'>te-</span> 
     </span>
     <span class='ocr_line' id='line_1_105' title="bbox 1013 4132 1861 4206; baseline 0.012 -19"><span class='ocrx_word' id='word_1_722' title='bbox 1013 4132 1106 4203; x_wconf 87' lang='lat' dir='ltr'>ipsum</span> <span class='ocrx_word' id='word_1_723' title='bbox 1122 4133 1265 4189; x_wconf 90' lang='lat' dir='ltr'>universis</span> <span class='ocrx_word' id='word_1_724' title='bbox 1278 4136 1312 4189; x_wconf 93' lang='lat' dir='ltr'>de</span> <span class='ocrx_word' id='word_1_725' title='bbox 1329 4136 1383 4190; x_wconf 88' lang='lat' dir='ltr'>beo</span> <span class='ocrx_word' id='word_1_726' title='bbox 1396 4135 1485 4206; x_wconf 89' lang='lat' dir='ltr'>digna</span> <span class='ocrx_word' id='word_1_727' title='bbox 1499 4137 1689 4194; x_wconf 88' lang='lat' dir='ltr'>sentientibus</span> <span class='ocrx_word' id='word_1_728' title='bbox 1707 4139 1861 4197; x_wconf 90' lang='lat' dir='ltr'>ridiculum</span> 
     </span>
    </p>
   </div>
   <div class='ocr_carea' id='block_1_15' title="bbox 1012 4309 1862 4650">
    <p class='ocr_par' dir='ltr' id='par_1_20' title="bbox 1012 4309 1862 4650">
     <span class='ocr_line' id='line_1_106' title="bbox 1049 4309 1861 4383; baseline 0.006 -18"><span class='ocrx_word' id='word_1_729' title='bbox 1049 4310 1115 4365; x_wconf 76' lang='lat' dir='ltr'>llaec</span> <span class='ocrx_word' id='word_1_730' title='bbox 1135 4309 1194 4375; x_wconf 87' lang='lat' dir='ltr'>tibi,</span> <span class='ocrx_word' id='word_1_731' title='bbox 1221 4317 1252 4367; x_wconf 91' lang='lat' dir='ltr'>ut</span> <span class='ocrx_word' id='word_1_732' title='bbox 1275 4311 1388 4381; x_wconf 85' lang='lat' dir='ltr'>opinor,</span> <span class='ocrx_word' id='word_1_733' title='bbox 1418 4320 1539 4369; x_wconf 87' lang='lat' dir='ltr'>tractata</span> <span class='ocrx_word' id='word_1_734' title='bbox 1562 4313 1721 4383; x_wconf 86' lang='lat' dir='ltr'>sulliciunt,</span> <span class='ocrx_word' id='word_1_735' title='bbox 1747 4317 1771 4373; x_wconf 92' lang='lat' dir='ltr'>si</span> <span class='ocrx_word' id='word_1_736' title='bbox 1799 4317 1861 4373; x_wconf 92' lang='lat' dir='ltr'>ani-</span> 
     </span>
     <span class='ocr_line' id='line_1_107' title="bbox 1012 4399 1861 4469; baseline 0.011 -16"><span class='ocrx_word' id='word_1_737' title='bbox 1012 4412 1092 4454; x_wconf 92' lang='lat' dir='ltr'>mum</span> <span class='ocrx_word' id='word_1_738' title='bbox 1117 4399 1285 4454; x_wconf 89' lang='lat' dir='ltr'>correctioni</span> <span class='ocrx_word' id='word_1_739' title='bbox 1306 4401 1473 4469; x_wconf 60' lang='lat' dir='ltr'>admoveam</span> <span class='ocrx_word' id='word_1_740' title='bbox 1494 4403 1516 4458; x_wconf 94' lang='lat' dir='ltr'>si</span> <span class='ocrx_word' id='word_1_741' title='bbox 1535 4416 1604 4458; x_wconf 86' lang='lat' dir='ltr'>vero</span> <span class='ocrx_word' id='word_1_742' title='bbox 1623 4403 1765 4461; x_wconf 91' lang='lat' dir='ltr'>obdurari</span> <span class='ocrx_word' id='word_1_743' title='bbox 1786 4406 1861 4462; x_wconf 90' lang='lat' dir='ltr'>dele·</span> 
     </span>
     <span class='ocr_line' id='line_1_108' title="bbox 1014 4487 1862 4560; baseline 0.008 -19"><span class='ocrx_word' id='word_1_744' title='bbox 1014 4500 1099 4558; x_wconf 90' lang='lat' dir='ltr'>gers,</span> <span class='ocrx_word' id='word_1_745' title='bbox 1118 4488 1176 4542; x_wconf 77' lang='lat' dir='ltr'>bace</span> <span class='ocrx_word' id='word_1_746' title='bbox 1200 4487 1318 4543; x_wconf 76' lang='lat' dir='ltr'>forsitan</span> <span class='ocrx_word' id='word_1_747' title='bbox 1335 4504 1391 4545; x_wconf 92' lang='lat' dir='ltr'>non</span> <span class='ocrx_word' id='word_1_748' title='bbox 1417 4490 1607 4560; x_wconf 90' lang='lat' dir='ltr'>improbanda</span> <span class='ocrx_word' id='word_1_749' title='bbox 1629 4491 1765 4550; x_wconf 78' lang='lat' dir='ltr'>fidelibus</span> <span class='ocrx_word' id='word_1_750' title='bbox 1790 4495 1862 4551; x_wconf 90' lang='lat' dir='ltr'>ride·</span> 
     </span>
     <span class='ocr_line' id='line_1_109' title="bbox 1012 4571 1861 4650; baseline 0.015 -23"><span class='ocrx_word' id='word_1_751' title='bbox 1012 4571 1066 4641; x_wconf 92' lang='lat' dir='ltr'>bis,</span> <span class='ocrx_word' id='word_1_752' title='bbox 1090 4580 1121 4629; x_wconf 92' lang='lat' dir='ltr'>ut</span> <span class='ocrx_word' id='word_1_753' title='bbox 1138 4573 1258 4630; x_wconf 77' lang='lat' dir='ltr'>tabulas.</span> <span class='ocrx_word' id='word_1_754' title='bbox 1284 4576 1426 4634; x_wconf 88' lang='lat' dir='ltr'>Desistant</span> <span class='ocrx_word' id='word_1_755' title='bbox 1451 4593 1519 4650; x_wconf 86' lang='lat' dir='ltr'>ergo</span> <span class='ocrx_word' id='word_1_756' title='bbox 1542 4594 1674 4650; x_wconf 73' lang='lat' dir='ltr'>quaerere</span> <span class='ocrx_word' id='word_1_757' title='bbox 1698 4582 1861 4639; x_wconf 85' lang='lat' dir='ltr'>bominico-</span> 
     </span>
    </p>
   </div>
   <div class='ocr_carea' id='block_1_16' title="bbox 1012 4663 1865 4901">
    <p class='ocr_par' dir='ltr' id='par_1_21' title="bbox 1012 4663 1865 4901">
     <span class='ocr_line' id='line_1_110' title="bbox 1012 4663 1864 4742; baseline 0.011 -26"><span class='ocrx_word' id='word_1_758' title='bbox 1012 4673 1078 4716; x_wconf 90' lang='lat' dir='ltr'>rurn</span> <span class='ocrx_word' id='word_1_759' title='bbox 1103 4663 1291 4720; x_wconf 87' lang='lat' dir='ltr'>trutinatores</span> <span class='ocrx_word' id='word_1_760' title='bbox 1316 4673 1456 4732; x_wconf 80' lang='lat' dir='ltr'>statuum,</span> <span class='ocrx_word' id='word_1_761' title='bbox 1482 4676 1580 4724; x_wconf 90' lang='lat' dir='ltr'>utrum</span> <span class='ocrx_word' id='word_1_762' title='bbox 1600 4670 1663 4735; x_wconf 90' lang='lat' dir='ltr'>boc,</span> <span class='ocrx_word' id='word_1_763' title='bbox 1684 4671 1765 4742; x_wconf 90' lang='lat' dir='ltr'>quod</span> <span class='ocrx_word' id='word_1_764' title='bbox 1794 4670 1864 4727; x_wconf 90' lang='lat' dir='ltr'>inter</span> 
     </span>
     <span class='ocr_line' id='line_1_111' title="bbox 1013 4747 1865 4830; baseline 0.014 -28"><span class='ocrx_word' id='word_1_765' title='bbox 1013 4759 1065 4802; x_wconf 88' lang='lat' dir='ltr'>nos</span> <span class='ocrx_word' id='word_1_766' title='bbox 1081 4747 1111 4802; x_wconf 82' lang='lat' dir='ltr'>lit</span> <span class='ocrx_word' id='word_1_767' title='bbox 1125 4759 1349 4817; x_wconf 90' lang='lat' dir='ltr'>sacramentum,</span> <span class='ocrx_word' id='word_1_768' title='bbox 1370 4754 1522 4809; x_wconf 89' lang='lat' dir='ltr'>conveniat</span> <span class='ocrx_word' id='word_1_769' title='bbox 1546 4755 1674 4823; x_wconf 91' lang='lat' dir='ltr'>passibili</span> <span class='ocrx_word' id='word_1_770' title='bbox 1692 4770 1731 4813; x_wconf 91' lang='lat' dir='ltr'>an</span> <span class='ocrx_word' id='word_1_771' title='bbox 1767 4757 1865 4830; x_wconf 76' lang='lat' dir='ltr'>impes</span> 
     </span>
     <span class='ocr_line' id='line_1_112' title="bbox 1012 4833 1543 4901; baseline 0.011 -12"><span class='ocrx_word' id='word_1_772' title='bbox 1012 4833 1098 4901; x_wconf 90' lang='lat' dir='ltr'>sibili,</span> <span class='ocrx_word' id='word_1_773' title='bbox 1116 4834 1229 4891; x_wconf 86' lang='lat' dir='ltr'>Christo</span> <span class='ocrx_word' id='word_1_774' title='bbox 1244 4845 1355 4893; x_wconf 84' lang='lat' dir='ltr'>inertuo</span> <span class='ocrx_word' id='word_1_775' title='bbox 1371 4853 1408 4894; x_wconf 90' lang='lat' dir='ltr'>au</span> <span class='ocrx_word' id='word_1_776' title='bbox 1426 4838 1543 4895; x_wconf 87' lang='lat' dir='ltr'>viventi.</span> 
     </span>
    </p>
   </div>
   <div class='ocr_carea' id='block_1_17' title="bbox 1010 4920 1865 5536">
    <p class='ocr_par' dir='ltr' id='par_1_22' title="bbox 1010 4920 1865 5536">
     <span class='ocr_line' id='line_1_113' title="bbox 1049 4920 1865 5003; baseline 0.015 -28"><span class='ocrx_word' id='word_1_777' title='bbox 1049 4920 1126 4991; x_wconf 68' lang='lat' dir='ltr'>gill.</span> <span class='ocrx_word' id='word_1_778' title='bbox 1155 4921 1224 4977; x_wconf 85' lang='lat' dir='ltr'>Tele</span> <span class='ocrx_word' id='word_1_779' title='bbox 1249 4923 1359 4979; x_wconf 68' lang='lat' dir='ltr'>Christi</span> <span class='ocrx_word' id='word_1_780' title='bbox 1381 4942 1485 4998; x_wconf 79' lang='lat' dir='ltr'>corpus</span> <span class='ocrx_word' id='word_1_781' title='bbox 1507 4926 1540 4981; x_wconf 83' lang='lat' dir='ltr'>in</span> <span class='ocrx_word' id='word_1_782' title='bbox 1563 4930 1760 4999; x_wconf 79' lang='lat' dir='ltr'>sacramento,</span> <span class='ocrx_word' id='word_1_783' title='bbox 1782 4932 1865 5003; x_wconf 76' lang='lat' dir='ltr'>quale</span> 
     </span>
     <span class='ocr_line' id='line_1_114' title="bbox 1010 5010 1862 5088; baseline 0.019 -28"><span class='ocrx_word' id='word_1_784' title='bbox 1010 5012 1076 5081; x_wconf 77' lang='lat' dir='ltr'>posi</span> <span class='ocrx_word' id='word_1_785' title='bbox 1098 5010 1346 5068; x_wconf 78' lang='lat' dir='ltr'>resurrectionem.</span> <span class='ocrx_word' id='word_1_786' title='bbox 1364 5043 1398 5053; x_wconf 97' lang='lat'>—</span> <span class='ocrx_word' id='word_1_787' title='bbox 1419 5014 1506 5070; x_wconf 78' lang='lat' dir='ltr'>Aliter</span> <span class='ocrx_word' id='word_1_788' title='bbox 1521 5015 1597 5071; x_wconf 90' lang='lat' dir='ltr'>enirn</span> <span class='ocrx_word' id='word_1_789' title='bbox 1624 5010 1800 5088; x_wconf 79' lang='lat' dir='ltr'>neutiquam</span> <span class='ocrx_word' id='word_1_790' title='bbox 1826 5021 1862 5075; x_wconf 92' lang='lat' dir='ltr'>in·</span> 
     </span>
     <span class='ocr_line' id='line_1_115' title="bbox 1013 5097 1864 5178; baseline 0.012 -24"><span class='ocrx_word' id='word_1_791' title='bbox 1013 5097 1101 5168; x_wconf 90' lang='lat' dir='ltr'>telligi</span> <span class='ocrx_word' id='word_1_792' title='bbox 1131 5098 1232 5155; x_wconf 90' lang='lat' dir='ltr'>debere</span> <span class='ocrx_word' id='word_1_793' title='bbox 1258 5102 1451 5171; x_wconf 85' lang='lat' dir='ltr'>perpendunt,</span> <span class='ocrx_word' id='word_1_794' title='bbox 1475 5104 1529 5159; x_wconf 88' lang='lat' dir='ltr'>nisi</span> <span class='ocrx_word' id='word_1_795' title='bbox 1553 5112 1583 5160; x_wconf 92' lang='lat' dir='ltr'>ut</span> <span class='ocrx_word' id='word_1_796' title='bbox 1606 5104 1636 5160; x_wconf 92' lang='lat' dir='ltr'>in</span> <span class='ocrx_word' id='word_1_797' title='bbox 1659 5119 1695 5161; x_wconf 84' lang='lat' dir='ltr'>ea</span> <span class='ocrx_word' id='word_1_798' title='bbox 1726 5108 1864 5178; x_wconf 87' lang='lat' dir='ltr'>qualitate</span> 
     </span>
     <span class='ocr_line' id='line_1_116' title="bbox 1013 5186 1863 5262; baseline 0.014 -21"><span class='ocrx_word' id='word_1_799' title='bbox 1013 5186 1104 5256; x_wconf 87' lang='lat' dir='ltr'>accipi</span> <span class='ocrx_word' id='word_1_800' title='bbox 1119 5186 1229 5255; x_wconf 92' lang='lat' dir='ltr'>debeat,</span> <span class='ocrx_word' id='word_1_801' title='bbox 1241 5188 1271 5243; x_wconf 93' lang='lat' dir='ltr'>in</span> <span class='ocrx_word' id='word_1_802' title='bbox 1287 5203 1355 5258; x_wconf 88' lang='lat' dir='ltr'>qua,</span> <span class='ocrx_word' id='word_1_803' title='bbox 1380 5205 1447 5246; x_wconf 92' lang='lat' dir='ltr'>cum</span> <span class='ocrx_word' id='word_1_804' title='bbox 1468 5206 1573 5262; x_wconf 91' lang='lat' dir='ltr'>corpus</span> <span class='ocrx_word' id='word_1_805' title='bbox 1589 5192 1662 5249; x_wconf 92' lang='lat' dir='ltr'>idem</span> <span class='ocrx_word' id='word_1_806' title='bbox 1685 5196 1863 5254; x_wconf 84' lang='lat' dir='ltr'>manducan·</span> 
     </span>
     <span class='ocr_line' id='line_1_117' title="bbox 1014 5271 1863 5353; baseline 0.016 -26"><span class='ocrx_word' id='word_1_807' title='bbox 1014 5271 1084 5328; x_wconf 92' lang='lat' dir='ltr'>dum</span> <span class='ocrx_word' id='word_1_808' title='bbox 1099 5273 1247 5343; x_wconf 86' lang='lat' dir='ltr'>discipulis</span> <span class='ocrx_word' id='word_1_809' title='bbox 1263 5286 1439 5346; x_wconf 88' lang='lat' dir='ltr'>proponeret,</span> <span class='ocrx_word' id='word_1_810' title='bbox 1461 5288 1532 5335; x_wconf 89' lang='lat' dir='ltr'>erat.</span> <span class='ocrx_word' id='word_1_811' title='bbox 1555 5279 1583 5335; x_wconf 86' lang='lat' dir='ltr'>Si</span> <span class='ocrx_word' id='word_1_812' title='bbox 1606 5282 1694 5348; x_wconf 87' lang='lat' dir='ltr'>enirn,</span> <span class='ocrx_word' id='word_1_813' title='bbox 1717 5282 1863 5353; x_wconf 87' lang='lat' dir='ltr'>inquiunt,</span> 
     </span>
     <span class='ocr_line' id='line_1_118' title="bbox 1014 5360 1863 5434; baseline 0.018 -19"><span class='ocrx_word' id='word_1_814' title='bbox 1014 5360 1044 5415; x_wconf 91' lang='lat' dir='ltr'>in</span> <span class='ocrx_word' id='word_1_815' title='bbox 1063 5362 1204 5417; x_wconf 81' lang='lat' dir='ltr'>conviviis</span> <span class='ocrx_word' id='word_1_816' title='bbox 1226 5377 1291 5433; x_wconf 84' lang='lat' dir='ltr'>quae</span> <span class='ocrx_word' id='word_1_817' title='bbox 1317 5373 1379 5434; x_wconf 92' lang='lat' dir='ltr'>post</span> <span class='ocrx_word' id='word_1_818' title='bbox 1395 5369 1635 5424; x_wconf 88' lang='lat' dir='ltr'>resurrectionem</span> <span class='ocrx_word' id='word_1_819' title='bbox 1650 5373 1785 5430; x_wconf 80' lang='lat' dir='ltr'>exercuit</span> <span class='ocrx_word' id='word_1_820' title='bbox 1801 5386 1863 5429; x_wconf 90' lang='lat' dir='ltr'>eum</span> 
     </span>
     <span class='ocr_line' id='line_1_119' title="bbox 1012 5447 1863 5536; baseline 0.016 -32"><span class='ocrx_word' id='word_1_821' title='bbox 1012 5447 1064 5516; x_wconf 91' lang='lat' dir='ltr'>eis,</span> <span class='ocrx_word' id='word_1_822' title='bbox 1087 5449 1146 5506; x_wconf 72' lang='lat' dir='ltr'>baec</span> <span class='ocrx_word' id='word_1_823' title='bbox 1166 5449 1228 5520; x_wconf 88' lang='lat' dir='ltr'>ipsa</span> <span class='ocrx_word' id='word_1_824' title='bbox 1249 5453 1412 5511; x_wconf 85' lang='lat' dir='ltr'>mandasset</span> <span class='ocrx_word' id='word_1_825' title='bbox 1436 5464 1463 5513; x_wconf 90' lang='lat' dir='ltr'>et</span> <span class='ocrx_word' id='word_1_826' title='bbox 1486 5457 1540 5514; x_wconf 91' lang='lat' dir='ltr'>boc</span> <span class='ocrx_word' id='word_1_827' title='bbox 1568 5470 1673 5527; x_wconf 88' lang='lat' dir='ltr'>corpus</span> <span class='ocrx_word' id='word_1_828' title='bbox 1695 5474 1786 5517; x_wconf 89' lang='lat' dir='ltr'>suum</span> <span class='ocrx_word' id='word_1_829' title='bbox 1807 5474 1863 5536; x_wconf 83' lang='lat' dir='ltr'>esse</span> 
     </span>
    </p>
   </div>
   <div class='ocr_carea' id='block_1_18' title="bbox 0 0 1916 6008">
    <p class='ocr_par' dir='ltr' id='par_1_23' title="bbox 0 0 1916 6008">
     <span class='ocr_line' id='line_1_120' title="bbox 0 0 1916 6008; baseline 0 0"><span class='ocrx_word' id='word_1_830' title='bbox 0 0 1916 6008; x_wconf 95' lang='lat' dir='ltr'> </span> 
     </span>
    </p>
   </div>
  </div>
 </body>
</html>
