3794 6008
117 203 186 262 tole

624 200 682 254 ΑΙ).
703 199 784 255 ΟΡΡ.
804 198 882 254 VEN.
898 194 1061 254 Guthunul
1082 199 1127 252 nh
1146 197 1358 256 hellandio.

1800 200 1867 255 1020

115 340 206 398 sancti
231 339 324 413 gratia
350 338 387 394 ab
412 336 514 408 angelo
541 349 600 407 prae
628 335 763 392 omnibus
792 333 964 391 mulieribus
983 331 1005 385 Α
1021 333 1049 388 11
1072 348 1135 390 eam
1151 333 1277 402 advenit,
1303 332 1582 391 totamdetaeeavita
1609 332 1743 390 sordibus
1768 332 1865 403 Virgi-

117 429 265 487 benedicta
279 435 422 485 vocatur:
443 423 566 497 Spiritus
587 428 715 491 sanctus,
742 423 848 494 inquit,
864 438 962 494 super-

115 518 209 574 veniet
221 515 252 570 in
266 518 302 583 te,
319 521 348 572 et
360 512 451 570 uirtus
465 511 609 569 altissimi
622 511 800 567 obumbrabit
816 510 869 566 tibi
883 512 961 579 (Luc.

116 621 135 670 t,
153 608 207 675 35).
224 604 360 677 Alioquin
377 603 400 659 si
426 616 483 658 non
498 602 597 658 eodem
617 601 725 671 Spiritu
746 608 844 656 saneto
859 599 964 656 sancti·

118 693 202 748 licata
224 700 278 761 est,
303 699 331 748 et
358 690 526 757 emundata,
555 690 699 760 quomodo
723 703 790 745 caro
817 689 881 759 ejus
907 703 964 744 non

116 793 183 836 caro
203 779 311 849 peccati
335 778 410 835 11111
432 786 460 834 et
475 777 499 834 si
523 792 590 834 caro
612 778 725 848 ejusde
748 791 841 833 massa
865 776 964 847 primae

117 866 361 939 prevaricationis
390 866 478 933 venit,
508 866 651 937 quomodo
678 865 810 921 Christus
835 864 963 921 Verbum

115 970 182 1013 caro
197 956 258 1012 sine
274 961 388 1025 peccato
408 954 472 1020 tuit,
495 955 546 1024 qui
562 954 697 1010 decarne
719 952 823 1024 pec-eati
847 966 962 1008 carnem

115 1043 279 1112 assumpsit,
298 1043 353 1098 nisi
369 1042 438 1113 quia
463 1041 590 1098 Verbum
613 1041 689 1112 quod
705 1055 772 1097 caro
789 1041 961 1108 factumest,

115 1146 176 1188 eam
195 1131 320 1201 primum
335 1130 530 1194 obumbravit,
551 1130 579 1185 in
595 1144 684 1200 quam
700 1129 822 1200 Spiritus
846 1138 963 1185 sanctus

115 1219 290 1289 supervenit,
308 1228 335 1275 et
355 1219 448 1275 virtus
461 1218 600 1275 altissimi
624 1232 688 1274 earn
713 1225 800 1274 totam
817 1216 964 1288 possedit?

115 1309 268 1378 Propterea
293 1323 359 1364 vere
374 1321 441 1362 earo
466 1306 526 1378 jam
551 1321 609 1363 non
634 1321 702 1362 cero
720 1306 827 1377 peccati
851 1306 916 1375 luit,
931 1306 962 1361 in

116 1412 175 1469 qua
199 1399 274 1454 Deus
297 1411 326 1452 se
346 1404 437 1453 totum
460 1395 575 1464 infudit,
601 1403 629 1452 et
645 1396 774 1452 Verbum
796 1395 874 1465 quod
894 1408 962 1451 caro

1018 437 1084 478 nem
1105 431 1132 479 et
1147 423 1271 493 decoxit,
1293 430 1410 479 1111111
1433 422 1558 478 sanctior
1579 434 1667 492 quam
1688 430 1768 478 astra
1792 420 1864 478 coeli.

1019 512 1106 567 Porro
1119 513 1237 581 quando
1259 511 1352 568 virtus
1366 511 1500 568 altissimi
1523 518 1611 567 totam
1626 525 1690 566 earn
1707 511 1865 566 adumbra-

1017 600 1070 663 vit,
1096 599 1203 656 lactum
1227 607 1269 655 est
1290 606 1322 655 ut
1344 600 1408 669 ejus
1428 598 1457 654 in
1479 604 1559 655 utero
1585 598 1703 653 veniens
1724 597 1864 663 Verbum,

1018 689 1179 760 quoderat
1204 688 1232 743 in
1255 688 1395 759 principio
1417 687 1622 757 sempiternum
1646 685 1723 756 apud
1741 686 1865 751 Patrem,

1018 791 1083 834 caro
1098 777 1177 835 heret
1190 792 1227 834 ex
1240 785 1375 847 tempore,
1392 785 1420 832 et
1432 776 1577 832 habitaret
1592 776 1620 831 in
1637 774 1728 830 nohis.

1055 865 1210 922 «audiant
1234 865 1322 936 igitur
1337 865 1403 921 novi
1426 864 1628 934 disputatores,
1651 870 1680 919 et
1706 862 1867 931 investiga-

1018 960 1091 1010 tores
1106 953 1173 1009 novi
1194 960 1222 1009 et
1238 951 1361 1009 inauditi
1377 960 1492 1022 partus;
1516 950 1635 1006 audiant
1648 956 1677 1004 et
1702 948 1867 1018 intelligant

1018 1042 1154 1113 primum,
1180 1042 1250 1112 quia
1277 1041 1330 1096 viri
1350 1049 1427 1107 sunt,
1451 1039 1594 1110 quomodo
1616 1038 1688 1094 bene
1716 1038 1867 1108 disputare

1017 1140 1123 1202 queant
1138 1131 1173 1187 de
1194 1138 1299 1186 natura
1312 1137 1339 1185 et
1353 1144 1426 1186 sexu
1442 1128 1606 1185 mulierum.
1629 1126 1737 1183 Deinde
1753 1124 1867 1196 recogi-

1016 1227 1085 1288 tent,
1103 1227 1134 1274 ut
1147 1220 1195 1290 qni
1221 1227 1356 1276 naturam
1372 1218 1536 1289 requirunt,
1561 1224 1589 1271 et
1613 1227 1798 1271 communem
1826 1212 1866 1268 le-

1016 1323 1080 1380 gem
1103 1307 1248 1374 nascendi,
1275 1307 1322 1363 uhi
1338 1314 1429 1362 totum
1454 1305 1585 1360 divinum
1600 1310 1642 1360 est
1666 1311 1693 1358 et
1708 1300 1865 1367 ineffabile,

1016 1396 1114 1452 divina
1129 1396 1222 1452 virtus
1236 1395 1314 1465 quod
1329 1401 1475 1464 operatur.
1492 1392 1712 1449 (barbationem
1725 1389 1868 1462 ejusquis

116 1484 221 1540 lactum
244 1492 295 1551 est,
311 1484 373 1540 sine
390 1491 503 1554 peccato
526 1483 562 1538 ad
578 1497 629 1538 nos
644 1483 731 1548 venit,
756 1482 887 1554 quijure
902 1496 960 1537 non
1014 1483 1180 1538 enarrabit?
1203 1482 1285 1555 (lsai.
1314 1497 1370 1549 1111,
1393 1482 1433 1551 8.)
1456 1481 1529 1538 Nam
1558 1480 1623 1551 quis
1648 1480 1701 1535 hoc
1728 1479 1791 1535 loeo
1816 1492 1866 1548 pro

115 1572 208 1629 solum
224 1572 315 1644 legem
329 1580 441 1628 natura
454 1571 561 1628 vitiatae
577 1572 606 1627 in
622 1572 765 1626 nascendo
778 1585 834 1626 nou
848 1570 959 1636 tenuit;
1016 1571 1183 1644 impossibili
1198 1573 1349 1642 accipitur,
1367 1571 1437 1643 quia
1453 1584 1536 1626 nemo
1557 1577 1722 1626 sanctorum
1743 1576 1796 1634 est,
1815 1567 1865 1636 qui

114 1675 217 1717 verum
241 1675 295 1717 nec
322 1660 413 1731 legem
439 1660 536 1730 prima·
563 1660 685 1732 originis
712 1673 800 1730 quam
825 1660 962 1716 haherent
1015 1677 1073 1718 non
1088 1661 1151 1718 dico
1164 1660 1302 1727 divinam,
1317 1674 1417 1716 verum
1432 1659 1518 1715 etiam
1533 1658 1585 1727 qui
1598 1655 1791 1714 humanitatis
1803 1655 1865 1727 ejus

116 1748 239 1816 leminea,
257 1748 279 1804 si
303 1749 473 1805 mandatum
495 1756 635 1805 servasset
652 1755 743 1804 mater
758 1748 886 1803 omnium
904 1749 963 1803 Eva
1016 1750 1229 1823 generationem
1246 1751 1281 1805 ad
1304 1748 1448 1819 liquidum
1465 1755 1551 1818 queat
1565 1759 1711 1811 enarrare,
1727 1745 1864 1814 quamvis

116 1837 144 1892 in
167 1836 310 1907 paradiso.
330 1836 408 1892 Alias
430 1845 525 1892 autem
551 1837 705 1908 quomodo,
735 1836 842 1906 Spiritu
864 1844 962 1893 sancto
1015 1848 1155 1911 utrasque
1174 1853 1273 1895 omnes
1288 1837 1409 1894 debeant
1423 1835 1560 1892 crederet
1577 1836 1646 1890 llinc
1660 1848 1729 1905 ergo
1752 1832 1864 1904 colligi·

114 1940 177 1982 earn
199 1925 336 1995 replente,
362 1940 419 1981 non
434 1926 496 1981 sine
509 1925 644 1996 originali
664 1933 781 1996 peccato
796 1925 860 1992 luit,
878 1924 963 1995 cuius
1016 1935 1064 1985 tur
1088 1927 1165 1999 quod
1191 1925 1389 1998 superstitiosa
1416 1925 1452 1980 sit
1479 1924 1599 1980 istorum
1624 1922 1811 1988 concertatio,
1838 1928 1863 1975 et

113 2013 201 2069 etiam
216 2012 354 2069 nativitas
377 2013 501 2085 gloriosa
525 2013 663 2070 catholice
686 2013 713 2069 in
735 2013 813 2069 omui
837 2013 963 2069 Ecclesia
1015 2017 1163 2087 superllua
1183 2015 1356 2086 disputatio,
1390 2014 1442 2086 (lui
1470 2013 1571 2068 dicunt
1603 2012 1676 2067 ostia
1695 2010 1807 2066 ventris
1837 2016 1862 2064 et

115 2102 219 2158 Christi
234 2103 271 2158 ab
286 2102 421 2159 omnibus
438 2102 504 2159 lelix
519 2111 546 2159 et
560 2104 643 2159 beata
658 2101 849 2172 praedicatura
867 2103 963 2159 Enim·
1015 2106 1111 2162 vulva
1123 2119 1189 2161 eum
1215 2103 1374 2175 aperuisse,
1389 2110 1417 2159 et
1438 2101 1629 2158 colluvionem
1655 2098 1811 2170 sanguinis
1833 2105 1862 2153 ut

114 2189 220 2246 verosi
237 2205 295 2246 non
311 2190 478 2246 heataesset
499 2198 527 2247 et
543 2191 678 2262 gloriosa,
695 2204 882 2262 nequaquam
898 2191 962 2262 ejus
1014 2194 1107 2251 caeteri
1135 2208 1243 2262 omnes,
1279 2200 1306 2249 et
1334 2191 1527 2249 secundarum
1567 2187 1719 2259 spurcitias
1746 2194 1809 2256 post
1835 2201 1861 2241 se

116 2277 254 2334 festivitas
268 2278 462 2335 celebraretur
478 2280 585 2350 ubique
609 2279 645 2335 ah
661 2279 806 2353 omnihus.
823 2279 875 2335 Sed
892 2280 962 2350 quia
1014 2281 1153 2347 traxisse;
1172 2282 1200 2336 in
1214 2280 1321 2351 quihus
1335 2279 1470 2335 omnihus
1487 2278 1611 2348 gemitus
1624 2283 1651 2331 et
1667 2274 1749 2331 dolor
1764 2273 1861 2331 multi·

116 2373 172 2423 tam
196 2367 361 2429 solemniter
382 2367 496 2434 colitur,
522 2375 690 2424 constater
713 2368 961 2424 auctoritateldc-
1013 2370 1147 2440 plicatur,
1173 2368 1298 2434 tristitia,
1323 2375 1351 2424 et
1375 2379 1513 2422 aerumnae
1538 2371 1693 2436 augentur,
1718 2371 1752 2418 ut
1781 2376 1861 2418 nemo

114 2451 226 2519 clesite,
257 2453 333 2524 quod
361 2453 450 2510 nullis
476 2455 651 2525 quandoque
677 2461 790 2511 naturae
816 2454 962 2524 subiacuit
1013 2459 1075 2515 sine
1089 2458 1133 2513 his
1150 2457 1242 2527 pariat
1265 2456 1366 2512 11111111.
1384 2454 1436 2511 Sed
1452 2453 1527 2509 absit
1541 2466 1558 2508 a
1572 2452 1706 2508 cordibus
1720 2450 1861 2517 fidelium,

111 2540 232 2609 delictis,
249 2558 341 2613 neque
354 2543 497 2598 contraxit
518 2543 548 2597 in
568 2547 652 2599 utero
673 2541 857 2612 sanctificata
876 2543 962 2617 oripi-
1015 2555 1046 2602 ut
1061 2546 1117 2602 tale
1139 2540 1249 2616 aliq'uid
1275 2543 1458 2614 suspicentur
1481 2542 1516 2597 de
1542 2540 1631 2599 illaria
1647 2539 1771 2610 virgine,
1797 2553 1862 2609 quse

110 2630 179 2684 nale
203 2635 363 2700 peecatum.
382 2631 472 2694 Unde,
496 2633 547 2688 etsi
572 2632 700 2688 teremiae
716 2631 775 2687 dies
797 2639 885 2701 atone
909 2633 960 2690 lob
1015 2649 1064 2706 pro
1090 2633 1289 2691 maledictione
1312 2634 1412 2704 primae
1427 2630 1547 2702 originis
1566 2628 1794 2687 benedictionem
1818 2634 1861 2682 at·

111 2716 263 2773 maledicta
294 2719 508 2789 pronuntiatur,
539 2720 608 2788 dies,
635 2721 769 2792 iuquam,
800 2720 960 2779 nativitatis
1014 2724 1079 2780 tulit
1094 2722 1317 2780 mundolUnde
1331 2729 1359 2777 et
1372 2722 1434 2792 ipsa
1448 2720 1602 2790 siquidem,
1619 2725 1650 2773 ut
1665 2716 1738 2784 dixi,
1757 2717 1794 2772 ab
1810 2731 1862 2771 an·

109 2819 222 2872 eorum,
239 2807 299 2862 dies
315 2815 410 2863 tamen
432 2808 550 2879 quando
566 2809 699 2866 inchoata
713 2815 755 2865 est
771 2807 838 2864 retu
863 2810 960 2868 haria
1013 2812 1076 2884 gelo
1093 2811 1241 2868 benedicta
1266 2809 1482 2881 predicaturus
1507 2806 1687 2871 mulieribus,
1702 2812 1730 2861 et
1752 2809 1861 2861 saluta-

109 2892 263 2959 nativitas,
294 2895 376 2951 beata
406 2898 611 2965 pronuntiatur
639 2906 666 2953 et
695 2896 800 2954 colitur
826 2897 958 2969 religiose
977 2927 998 2983 C
1014 2914 1062 2957 111
1075 2899 1279 2956 officiosissime
1294 2905 1325 2955 ut
1341 2899 1430 2953 hlater
1445 2895 1556 2952 Domini
1572 2908 1630 2964 prae
1645 2893 1783 2950 omnihus
1797 2893 1862 2964 glo·

109 2982 189 3037 satis.
218 2982 346 3050 Quodsi
382 2984 412 3039 in
440 2993 553 3054 peccato
578 2993 670 3056 esset,
697 2988 764 3058 jnre
806 2986 957 3049 maledicta
1014 2990 1098 3053 riosa,
1123 3002 1245 3045 necnon
1267 2994 1293 3044 et
1309 2987 1344 3042 ab
1362 2985 1502 3041 Elizaheth
1528 2985 1557 3039 in
1580 2984 1687 3053 Spiritu
1704 2982 1861 3053 prophetia

108 3070 253 3127 diceretur
280 3078 307 3128 et
330 3073 529 3144 gemebunda,
558 3076 654 3145 potius
679 3093 767 3148 quam
797 3082 955 3150 benedicta,
1011 3077 1160 3134 benedicta
1191 3077 1267 3149 (Luc.
1292 3092 1311 3146 v,
1338 3077 1383 3143 42)
1404 3073 1617 3145 pronuntiatur,
1642 3080 1670 3127 et
1696 3070 1859 3126 benedictus

109 3160 227 3230 quando
252 3160 415 3217 nuntiatum
438 3169 479 3218 est
503 3163 576 3232 patri
600 3169 674 3220 m
699 3169 762 3238 ejus
786 3172 865 3241 quod
890 3179 958 3228 nata
1010 3167 1123 3232 fructus
1146 3165 1254 3221 uentris
1278 3163 1378 3234 (ulid-l
1402 3164 1466 3234 ejus
1488 3162 1615 3219 creditur
1638 3168 1665 3216 et
1689 3167 1855 3216 Veneram?-

108 3255 181 3303 esset
200 3247 227 3302 in
243 3248 357 3304 saeculo.
379 3248 463 3306 Nunc
475 3259 583 3319 autem,
599 3253 669 3322 quia
684 3256 847 3314 universam
869 3261 957 3317 hene·
1011 3257 1086 3327 Ergo
1105 3256 1132 3311 in
1147 3270 1216 3327 qua,
1234 3262 1261 3310 et
1277 3268 1326 3324 per
1342 3267 1430 3324 quam
1446 3260 1527 3307 tauta
1550 3249 1706 3307 benedictio
1720 3249 1855 3315 elilormt,

108 3335 231 3392 dictione
253 3351 307 3393 sua
329 3337 411 3393 beata
427 3338 508 3410 virgo
531 3340 620 3397 llaria
642 3341 765 3400 illustrat
789 3347 957 3418 Ecclesiam,
1010 3347 1037 3397 el
1053 3341 1147 3411 gralia
1171 3339 1309 3403 manavit,
1339 3352 1398 3394 1¹⁰ss
1420 3343 1463 3392 0⁸²
1490 3335 1664 3392 credendum
1689 3335 1770 3404 quod
1799 3334 1856 3404 ‘1¹¹⁵

108 3437 167 3479 non
199 3424 301 3480 merito
326 3425 505 3483 sanctificata
534 3430 561 3483 in
592 3429 700 3500 Spiritu
723 3442 821 3491 sancto
854 3435 958 3493 colitur
1010 3429 1196 3500 puerperium
1211 3426 1358 3484 doloribus
1376 3433 1404 3481 et
1420 3424 1574 3496 gemitibus
1593 3436 1670 3478 more
1685 3422 1856 3479 seminarum

108 3512 293 3569 veneranda?
320 3513 435 3570 Nullius
458 3514 547 3586 igitur
575 3517 712 3576 nativitas
739 3520 901 3580 celebratur
927 3524 957 3578 in
1010 3517 1197 3587 subiacuerit.
1215 3516 1249 3572 111
1265 3516 1334 3586 quia
1348 3515 1431 3571 beata
1454 3514 1500 3569 Dei
1516 3511 1646 3570 Genitrix
1661 3510 1789 3567 tristitiis
1803 3526 1856 3567 uon

35 3646 37 3649 .
109 3600 228 3666 mundo,
251 3601 304 3657 nisi
321 3601 425 3659 Christi
440 3603 552 3675 eteius,
567 3613 654 3676 atque
671 3607 744 3664 beati
759 3610 886 3667 loannis.
912 3613 957 3668 Sic
982 3662 984 3667 .
1010 3607 1156 3676 subjacuit
1177 3613 1205 3661 et
1221 3604 1368 3666 aerumnis,
1390 3603 1482 3659 libera
1496 3602 1532 3656 ab
1554 3599 1633 3656 omui
1647 3598 1860 3656 maledictionis

108 3697 136 3745 et
151 3688 233 3745 beata
251 3689 334 3761 virgo
351 3691 439 3747 llaria
453 3691 508 3748 nisi
523 3692 553 3748 in
571 3702 650 3751 utero
665 3696 766 3752 matris
780 3699 957 3756 sanctificata
1009 3694 1167 3761 111111ιὶ1,
1192 3708 1281 3764 quam
1296 3693 1420 3763 Spiritus
1442 3699 1559 3749 sanctus
1575 3688 1756 3759 adimplevit,
1782 3696 1810 3744 et
1824 3698 1861 3744 to

982 1631 1001 1684 B

108 3785 191 3845 esset,
219 3777 337 3835 minime
366 3780 502 3837 nativitas
529 3781 592 3852 eius
617 3783 735 3840 colenda
762 3794 843 3842 esset.
874 3787 958 3844 Nunc
1011 3791 1067 3840 tam
1094 3782 1214 3839 Domino
1239 3781 1389 3848 dedicavit,
1416 3794 1504 3851 quarn
1529 3779 1622 3834 virtus
1648 3776 1789 3833 altissimi
1808 3778 1861 3833 oh-

108 3873 206 3921 autem
230 3866 300 3936 quia
322 3882 358 3922 ex
381 3869 551 3925 auctoritate
571 3871 658 3927 totius
681 3873 813 3930 Ecclesia
838 3888 957 3930 venera·
1010 3872 1167 3940 umbravit,
1187 3878 1215 3927 et
1226 3885 1263 3927 ex
1284 3869 1461 3933 sanctificata
1476 3881 1561 3924 carne
1588 3865 1715 3937 Virginis
1734 3865 1860 3922 Verbum

108 3959 167 4020 tur,
182 3955 295 4008 constat
308 3971 373 4009 eam
387 3954 424 4009 ob
438 3955 787 4028 omnioriginolipeccoto
800 3960 957 4018 immunera
1010 3975 1126 4018 carnem
1147 3959 1312 4029 assumpsit,
1327 3965 1354 4014 et
1371 3957 1499 4014 connivit
1515 3956 1545 4010 in
1562 3956 1671 4011 unitate
1686 3968 1829 4024 personae.
1847 3976 1860 4002 1

100 4040 210 4109 fuisse,
227 4055 382 4114 perquam
404 4058 460 4099 non
475 4044 567 4101 solum
593 4046 754 4105 maledictio
769 4052 869 4107 matris
890 4052 957 4109 Evae
1047 4051 1081 4106 Et
1093 4049 1192 4105 multis
1206 4048 1359 4118 interjectis
1377 4046 1505 4116 virgines
1520 4044 1691 4114 alloquens:
1708 4065 1718 4090 ι
1738 4043 1861 4100 Eximia

108 4129 203 4185 soluta
226 4136 278 4194 est,
295 4133 496 4189 verumetiam
522 4135 682 4192 benedictio
697 4138 833 4196 omnibus
850 4140 957 4216 condo·
1011 4137 1123 4210 pietatis
1138 4138 1229 4194 honor
1250 4144 1278 4192 et
1291 4136 1379 4192 decus
1395 4134 1519 4200 virtutis,
1544 4131 1714 4189 beatissimae
1729 4131 1861 4203 Virginis

109 4224 206 4272 natur.
224 4217 305 4285 Quod
329 4219 352 4275 si
367 4221 505 4289 praeclara
528 4224 715 4281 sanctissimae
740 4226 868 4299 Virginis
881 4219 958 4285 Nati·
976 4223 1177 4296 Dpudicitiarn
1200 4222 1350 4293 praedicate
1372 4221 1579 4290 incorruptam,
1604 4227 1631 4276 et
1646 4218 1858 4275 incontamina-

107 4306 182 4362 vitas
206 4305 408 4365 universaliter
425 4316 482 4365 tarn
507 4319 606 4369 sancta
620 4320 648 4370 et
666 4321 723 4369 tam
745 4315 870 4386 gloriosa
889 4318 955 4387 jure
976 4327 978 4330 ’
1008 4322 1077 4380 tarn,
1092 4315 1120 4367 et
1133 4312 1170 4367 ob
1184 4310 1263 4367 omni
1271 4313 1440 4384 contagione
1450 4307 1550 4381 prima
1558 4305 1679 4379 originis
1688 4305 1832 4371 alienam,
1846 4331 1859 4356 »ι

108 4394 213 4450 colitur
227 4402 253 4450 et
277 4404 444 4463 veneretur,
460 4407 569 4469 quanto
590 4401 681 4472 magis
704 4402 764 4472 ipsa
779 4406 897 4474 quando
918 4405 954 4461 ah
1007 4411 1060 4459 etc.

108 4482 211 4552 angelo
235 4482 294 4554 jam
324 4485 417 4554 gratia
445 4486 530 4557 plena
556 4488 760 4547 othciosissime
788 4493 956 4550 salutatur?
1043 4488 1242 4560 Deniquesuh
1268 4481 1784 4559 hnemzlupualvirgineloeailla
1798 4485 1861 4541 oir-

107 4569 179 4626 Nam
206 4586 272 4627 eum
295 4571 363 4628 dicit
378 4574 404 4629 ei
421 4589 427 4628 :
445 4590 507 4642 ave,
530 4575 642 4633 cceleste
666 4580 856 4637 venerationis
872 4583 954 4639 ohse-
1009 4581 1101 4635 tutum
1123 4576 1277 4642 micarunt,
1303 4574 1414 4631 nullum
1436 4578 1586 4647 peccatum
1606 4570 1709 4644 priora
1731 4572 1862 4646 originis

108 4658 211 4728 quium
226 4659 352 4729 exhibet,
369 4675 435 4716 cum
449 4670 545 4719 autem
559 4664 627 4720 dicit
642 4665 738 4739 pratia
750 4668 849 4739 plena,
863 4684 899 4726 ex
915 4671 956 4725 in·
1007 4667 1106 4741 uiguit.

108 4752 188 4819 tegro
203 4747 274 4803 111111
297 4750 445 4806 exclusam
467 4753 590 4810 ostendit
612 4761 640 4810 et
655 4757 815 4813 restitutam
832 4759 955 4829 gratiam
1045 4757 1107 4812 lluc
1122 4770 1214 4826 usque
1239 4752 1418 4819 Paschasius,
1445 4751 1495 4823 qui
1512 4750 1612 4806 Carolo
1640 4750 1742 4819 hlagno
1770 4749 1861 4821 impe-

107 4833 242 4891 declarat.
266 4835 337 4892 Cum
364 4836 432 4893 dicit
454 4838 603 4896 benedicto
623 4844 664 4909 tu,
690 4843 816 4901 tructam
839 4846 955 4903 benedi·
1009 4852 1090 4901 rante
1111 4843 1240 4912 llorebat,
1262 4855 1363 4912 nempe
1387 4839 1502 4897 duobus
1516 4838 1629 4896 saeculis
1646 4846 1714 4895 ante
1738 4838 1862 4896 Guiher·

109 4921 211 4979 ctionis
237 4924 422 4992 demonstrat,
446 4927 517 4996 quia
542 4931 659 4999 quaudo
686 4931 810 5003 Spiritus
839 4943 957 4992 sanctus
1009 4940 1082 4991 tum.
