3818 6008
574 249 755 306 nonantula
777 252 810 304 lit
830 249 983 306 uenusto
1003 251 1067 307 titt.
1088 249 1136 305 lll.
1683 260 1733 311 tto

81 402 144 442 cum
168 387 282 442 uidisset
311 386 405 454 Clam,
431 389 511 456 puter
537 387 685 453 Cleonaeo,
714 384 831 440 emendo
850 387 916 439 Aioi
942 385 1123 441 tabernuculis
1152 388 1231 452 Sem,
1260 389 1298 441 sit
1323 388 1453 444 Cinnano
1480 403 1572 445 seruus
1595 391 1663 459 ejus.
1689 395 1733 447 En

56 482 81 532 et
93 478 185 547 patris
200 475 244 531 sni
258 491 314 531 esse
334 475 450 542 nardulo,
479 477 618 530 nuntiavit
642 474 746 529 duobus
769 476 830 540 fro·
886 476 960 538 cino,
973 472 1000 529 id
1015 480 1056 529 est
1071 488 1108 530 ex
1124 474 1222 545 gratiae
1245 475 1320 532 dono
1347 478 1400 531 b'oe
1418 476 1546 547 evigilat,
1572 492 1637 535 cum
1667 481 1733 536 ani-

56 581 66 620 s
93 568 151 621 suis
181 569 268 632 soros.
303 564 427 634 Spiritus
456 572 553 619 noster
580 563 691 634 requiei
720 569 832 619 atuator
886 570 1106 632 muscompcrtc
1121 564 1313 635 suggestionis
1332 564 1396 620 dolo
1424 574 1523 622 eontra
1551 566 1615 636 eius
1637 575 1732 625 teuta-

56 669 99 710 nae
116 655 161 710 vir
176 656 296 719 agricolo
309 662 360 720 est,
375 667 441 708 cum
458 652 534 707 vires
550 651 657 722 ingenii
673 652 707 707 ad
723 651 831 722 enqui-
884 659 982 707 ntenta
1003 655 1158 708 restiturus
1200 667 1230 707 se
1256 655 1385 709 suscitat.
1412 656 1502 708 Minor
1532 665 1628 712 autem
1658 659 1732 724 filius

56 756 184 798 essarris
199 741 309 811 pagina
326 741 388 811 agri
412 740 544 795 videlicet
572 740 740 810 spiritualis.
769 740 829 795 lru·
885 739 1084 808 rectedicitur‚
1106 741 1176 810 quia
1193 741 1261 797 indes
1289 742 1317 797 iu
1346 742 1444 814 aliquo
1463 743 1579 800 dilitcile
1609 745 1730 816 labitnr;

56 830 149 900 nerit3
163 835 262 884 tonum
277 836 401 896 exercet,
418 843 484 884 cnm
500 827 611 897 corpori
624 843 676 899 per
700 828 831 884 exactio-
886 830 947 910 baec
960 842 1027 884 vcro
1040 831 1291 899 perexcusationes
1306 830 1567 901 impossibilitatum
1598 834 1733 890 citissime

56 919 176 974 eborum
194 918 338 986 imminet3
366 919 474 971 oiaeooa
504 916 624 986 plantat,
639 931 706 973 cum
734 931 832 987 corpo
884 918 1067 989 congelascit,
1083 925 1111 974 et
1126 932 1177 988 per
1198 919 1289 989 ipsam
1315 921 1422 989 pariter
1436 920 1571 983 ebaritas,
1590 921 1642 976 nisi
1659 923 1732 978 adsit

56 1022 176 1079 aperse
198 1007 347 1062 attendens
370 1005 602 1062 exercitationem
633 1005 668 1059 ad
685 1004 830 1060 modicum
885 1006 968 1075 ratio,
996 1005 1170 1077 refrigescit3
1194 1007 1378 1078 congelascit,
1407 1008 1539 1078 inquam,
1567 1010 1628 1066 ltaec
1654 1013 1730 1066 enim

56 1110 91 1164 m,
121 1096 265 1166 pietatem,
296 1093 458 1164 spiritualia
486 1093 593 1148 scilicet
619 1093 696 1148 boua
727 1092 829 1148 inlici
884 1102 925 1150 cst
954 1108 1043 1150 ovum
1072 1094 1283 1166 evangelicum,
1310 1095 1388 1165 quod
1427 1105 1556 1154 materno
1584 1096 1732 1154 charitatis

56 1184 131 1240 tione
153 1182 266 1248 tundat,
297 1182 373 1239 unde
402 1181 533 1253 palmites
566 1181 686 1237 interne
715 1181 831 1237 virtutis
883 1184 977 1240 calore
1001 1183 1125 1251 levetur,
1155 1183 1282 1240 undeet
1307 1184 1657 1252 Chamculidusdicitur,
1682 1187 1730 1242 cni

60 1271 224 1329 datzbibit
237 1274 340 1337 viatim,
357 1286 424 1327 cum
439 1271 573 1343 degustat
593 1269 705 1326 coelcste
719 1269 829 1326 deside·
883 1273 965 1328 vrius
995 1272 1098 1342 scorpii
1131 1272 1309 1328 adversatur.
1339 1273 1517 1330 Maledictum
1538 1288 1590 1344 pre
1616 1274 1729 1332 delectu

59 1363 153 1428 .Hoc,
181 1361 267 1432 juxta
292 1359 830 1431 Zachariam,germinatvirginesvi-
883 1361 972 1417 solere
998 1360 1064 1430 poni
1091 1374 1166 1430 saepe
1195 1375 1317 1417 numero
1340 1361 1400 1431 jam
1428 1362 1569 1430 divimns;
1593 1363 1732 1419 chanaan

68 1440 161 1521 (loct.
178 1465 216 1516 tx,
231 1452 285 1520 tt).
304 1449 558 1518 Inebriatur,cum
583 1456 697 1504 terrena
710 1447 828 1503 oblivis·
883 1463 952 1521 ergo
975 1448 1098 1516 deficiat,
1125 1449 1153 1504 id
1181 1456 1224 1505 est
1252 1456 1347 1506 motus
1375 1450 1569 1506 instabilitatis
1596 1451 1730 1520 absistat;

60 1540 98 1596 ad
115 1554 241 1610 superna
259 1539 319 1595 sola
339 1539 494 1608 cogitanda
518 1539 624 1608 gaudia
648 1537 828 1606 extenditur;
884 1537 959 1593 servi
977 1536 1097 1592 fratrum
1113 1543 1182 1593 suut
1197 1537 1279 1604 ratio,
1304 1537 1447 1605 voluntas,
1471 1546 1499 1593 et
1514 1537 1645 1601 allectus,
1666 1554 1732 1610 quae

56 1643 110 1685 nm
127 1629 162 1684 ad
185 1629 310 1683 calestia
337 1627 475 1697 sapienda
506 1627 675 1697 porrigitur,
701 1640 767 1696 quae
794 1627 830 1681 sit
885 1626 960 1693 lldei,
989 1624 1058 1695 spei,
1084 1633 1112 1680 et
1149 1624 1282 1680 cltaritati
1305 1625 1453 1693 obediunt,
1478 1626 1522 1682 vel
1545 1641 1730 1698 quaecunque

56 1719 95 1773 ria
108 1719 246 1774 haimone
273 1714 454 1771 mortalitatis
474 1723 543 1770 tunc
559 1720 651 1785 primo
677 1715 829 1785 magisque
849 1683 1017 1781 Binterius,
1030 1712 1074 1770 vel
1089 1714 1217 1769 exterius
1232 1714 1306 1769 bona
1321 1728 1410 1784 opera
1437 1715 1520 1770 bunt.
1537 1716 1587 1771 llis
1612 1716 1732 1787 quidam

56 1807 180 1876 osc-itum
193 1808 222 1860 in
238 1805 410 1862 tabernaculo
422 1818 490 1874 ergo
505 1819 534 1859 sc
560 1804 661 1869 trudat,
679 1803 730 1873 qui
758 1803 830 1859 stola
885 1803 1025 1859 militibus
1040 1802 1377 1858 succenturiatusaiebat
1394 1819 1400 1858 :
1417 1804 1485 1858 Dico
1498 1804 1561 1857 liuic
1577 1821 1584 1858 z
1600 1805 1671 1858 code
1685 1804 1731 1873 :in

58 1894 221 1951 esibilitatis
236 1907 269 1948 ac
283 1891 506 1948 immortalitatis
519 1891 673 1961 spoliatum
699 1904 728 1946 se
743 1890 828 1946 etiam
883 1890 1081 1947 exhibendum
1113 1891 1225 1946 actuale
1250 1890 1389 1957 officium,
1423 1892 1514 1961 oodit;
1556 1894 1628 1947 elii:
1666 1894 1734 1947 Veni

56 1996 230 2052 sumopere,
248 1982 323 2052 quod
342 1980 561 2037 tabcrnaculnm
589 1978 692 2036 usitate
707 1978 736 2033 in
751 1977 830 2033 Seri·
884 1980 919 2035 ad
935 1978 1146 2049 spiritualitatis
1162 1978 1302 2046 studium,
1319 1984 1344 2032 et
1364 1982 1452 2046 cenit3
1466 1985 1492 2034 et
1508 1995 1594 2050 socc,
1607 1986 1631 2035 et
1649 1981 1732 2036 idest

56 2069 422 2141 adicitur,ponsat,juxta
455 2066 829 2137 Paulum,enimquandiu
884 2067 999 2124 allectui
1028 2080 1119 2138 vago:
1150 2067 1279 2135 Fucino,
1310 2072 1334 2121 et
1368 2068 1563 2137 fomtlllottla.
1597 2083 1658 2135 vvir,
1689 2070 1730 2138 ti),

56 2175 85 2214 uc
109 2174 203 2214 summ
233 2159 405 2213 tabernaculo
434 2158 635 2223 ingemiscimus
663 2157 774 2223 grauati
790 2155 829 2223 (ll
885 2156 1111 2223 Articulusiste,
1140 2155 1218 2226 quotl
1242 2163 1284 2212 est
1307 2157 1365 2222 loc,
1380 2157 1414 2211 de
1445 2170 1484 2224 re,
1514 2171 1580 2227 quae
1606 2171 1733 2227 praesens

56 2251 77 2317 5,
94 2248 135 2317 l),
152 2254 203 2303 aut
221 2262 258 2303 en
272 2249 332 2318 ipso
356 2254 444 2318 gustu
460 2244 566 2316 gloriae,
589 2258 678 2314 quam
707 2244 743 2299 sit
768 2242 828 2297 vir·
883 2244 1022 2323 est,'solet
1034 2243 1100 2299 dici.
1117 2245 1173 2300 lac
1197 2245 1287 2314 igitur
1302 2245 1361 2312 boc,
1376 2244 1403 2300 id
1426 2250 1478 2311 est,
1494 2259 1529 2301 ea
1545 2259 1597 2314 age
1621 2245 1731 2316 quibus

63 2350 157 2408 egena
172 2334 432 2407 menscogitat.1lt
454 2334 522 2390 dtvm
540 2347 615 2403 saepe
638 2340 666 2389 et
690 2330 830 2402 tragilitas
884 2333 946 2401 tibi,
965 2332 1054 2400 idest,
1069 2332 1171 2388 animae
1189 2339 1246 2389 tuae
1263 2345 1390 2403 praesens
1405 2333 1453 2399 sis,
1467 2339 1495 2388 et
1509 2333 1579 2403 quia
1590 2332 1732 2390 articulus

69 2424 184 2481 labores
199 2423 326 2493 corporis
341 2430 368 2478 ct
385 2421 486 2494 gravia
506 2420 541 2476 ad
560 2419 736 2490 expiandum
762 2433 829 2489 pec·
883 2421 1126 2477 demonstrativus
1140 2427 1192 2487 est,
1210 2422 1267 2486 too,
1283 2433 1316 2476 ea
1332 2434 1395 2491 age,
1413 2419 1518 2491 inquit,
1548 2436 1614 2492 quae
1639 2421 1690 2478 tibi
1715 2435 1730 2477 a

56 2520 216 2570 occurrunt
232 2512 328 2580 incuti,
345 2525 466 2582 spesque
490 2509 584 2565 mimir
598 2508 634 2564 ola
649 2508 692 2563 sui
721 2507 748 2562 in
775 2508 829 2563 bac
884 2512 994 2566 ratione
1009 2509 1122 2580 agotvda
1140 2523 1197 2563 non
1214 2516 1296 2564 extra
1312 2516 1348 2575 te,
1364 2510 1411 2564 sed
1428 2509 1504 2564 iutra
1519 2511 1642 2580 teipsum
1654 2523 1732 2565 mon·

56 2600 275 2658 tremissioncm
306 2597 579 2668 iraterappellatur,
607 2596 723 2650 emendo
739 2593 828 2651 animi
854 2613 856 2617 ·
883 2606 1021 2654 strautur.
1048 2597 1075 2653 Si
1099 2597 1189 2667 igitur
1216 2597 1289 2652 servi
1310 2604 1378 2653 sunt
1398 2597 1438 2664 bi,
1452 2596 1519 2668 quis
1539 2597 1656 2669 dignius
1677 2598 1732 2655 eril

56 2690 193 2746 escilieet
208 2692 252 2743 sui
266 2687 487 2758 contemplanda
509 2685 669 2756 praetendit,
698 2691 725 2740 ct
750 2683 827 2740 dilli-
885 2687 988 2743 borum
1012 2700 1112 2742 servus
1140 2700 1230 2756 quam
1253 2685 1402 2751 cahanan,
1431 2686 1458 2741 id
1487 2693 1529 2742 est
1555 2685 1733 2744 mutabilitas

60 2785 129 2843 tem,
151 2777 208 2832 imo
224 2774 479 2846 impossibilitatem
497 2773 669 2843 punitentia
697 2771 829 2828 contuitu
884 2783 971 2845 atquc
1000 2781 1106 2838 motus,
1132 2787 1190 2829 nou
1225 2773 1345 2842 imperet
1369 2782 1421 2832 aut
1454 2775 1483 2829 in
1512 2774 1572 2831 ullo
1608 2762 1729 2844 resistat,

56 2865 186 2933 adoram,
203 2865 229 2920 id
245 2870 286 2920 est
309 2871 501 2933 peccatorum,
532 2862 669 2932 objiciens
699 2861 773 2928 fidei,
802 2867 829 2917 et
883 2862 1440 2920 sedadcoronamserviatvirtutibus.

56 2953 115 3010 itali
136 2967 262 3024 quarum
287 2952 359 3007 ratio
376 2951 525 3023 aliquoties
548 2958 631 3006 extra
656 2965 708 3006 aios
726 2963 868 3035 eroga-s
918 2959 968 3008 5³
983 2953 1069 3008 Vnus.
1099 2954 1143 3006 ab.
1171 2951 1389 3007 -Bonedictus
1418 2953 1491 3007 Deus
1514 2953 1591 3019 seam
1626 2953 1654 3008 iu
1676 2952 1731 3009 lide

56 3043 142 3113 quasi
170 3042 273 3097 derebus
297 3043 373 3108 soros
381 3043 480 3111 positis
494 3041 631 3107 (rutubus
650 3039 775 3105 nuntiat,
803 3046 830 3095 et
858 3022 997 3112 ‘utique
1012 3055 1078 3112 quae
1096 3054 1147 3110 per
1161 3040 1224 3096 Sem
1251 3040 1402 3110 accipitur,
1425 3039 1472 3096 liei
1501 3040 1671 3107 benedictio,
1701 3041 1730 3096 id

60 3129 209 3201 proposito
224 3129 366 3195 desinant,
384 3128 469 3199 quasi
480 3128 664 3184 subsannans
680 3127 768 3197 partis
778 3125 828 3197 qui
882 3136 925 3184 est
938 3133 1129 3198 augmentum
1142 3126 1247 3182 divinae
1262 3126 1435 3198 cognitionis
1449 3130 1584 3195 emineat,
1614 3136 1643 3184 et
1659 3127 1732 3184 sub-

56 3218 293 3288 osuitignaviam
308 3224 400 3287 cogat.
881 3217 999 3288 iiciatur
1026 3217 1050 3272 ei
1068 3230 1164 3286 pravae
1191 3215 1392 3272 mutabilitatis
1415 3224 1520 3272 motus.
1546 3217 1643 3288 (Vnus.
1673 3217 1733 3286 at.)

56 3322 107 3363 tas.
133 3309 178 3361 23.
203 3336 237 3346 -
270 3307 309 3360 at
335 3306 480 3360 ceresam
509 3308 535 3358 ct
559 3303 676 3374 lophem
712 3303 831 3372 pellium
884 3306 1186 3375 littetetllcusiupltet,
1203 3304 1231 3359 ld
1254 3304 1339 3371 estjst
1363 3305 1490 3362 cltarltas
1513 3305 1620 3362 amieos
1642 3305 1732 3361 altiu-

55 3400 152 3451 eerunt
181 3396 310 3461 lomois,
334 3399 359 3448 ct
394 3393 545 3447 incedentes
559 3398 705 3446 retrorsum
720 3405 829 3461 opmne·
884 3396 935 3466 git,
951 3409 1045 3465 usque
1060 3394 1095 3450 ad
1110 3393 1187 3463 ipsos
1209 3395 1294 3449 etiam
1324 3393 1457 3449 inimicos
1469 3408 1499 3450 se
1523 3394 1581 3451 Deo
1596 3393 1733 3451 dilatante

74 3484 194 3541 emendo
218 3485 308 3552 putris
336 3485 398 3547 sui,·
430 3482 568 3551 sociosque
602 3496 693 3535 eoram
731 3492 832 3532 conae
885 3481 1242 3554 propaget31abevnacula
1269 3481 1455 3538 militantium
1485 3495 1518 3536 ac
1541 3483 1730 3553 peregrinan-

56 3579 70 3641 t,
94 3578 123 3629 ct
145 3575 237 3643 putris
260 3574 304 3626 sui
318 3571 414 3626 virilia
434 3585 487 3624 non
508 3568 634 3623 ciderunt
653 3568 722 3635 Sem,
739 3573 764 3621 et
781 3567 830 3621 in·
885 3573 957 3627 tium
972 3570 1085 3645 proprie
1100 3580 1167 3626 sunt
1183 3585 1188 3624 :
1206 3570 1276 3626 lidos
1293 3584 1362 3625 vero
1382 3571 1497 3625 comsit
1519 3570 1729 3639 sperandarum

56 3661 198 3731 ipolitum
222 3659 375 3730 imponunt
401 3660 529 3722 temnis,
553 3657 670 3729 quando
704 3656 773 3712 lidos
805 3663 832 3713 et
886 3660 999 3716 interim
1022 3658 1185 3715 substantia
1205 3671 1314 3724 rerum,
1337 3657 1453 3713 eumad
1471 3656 1594 3714 illasres
1612 3665 1730 3714 ventum

55 3748 112 3806 itas
128 3748 174 3805 sui
190 3748 300 3805 ratione
314 3746 518 3804 reviviscentes
544 3745 721 3801 nimietatem
749 3759 832 3800 vere·
885 3747 981 3815 luerit,
995 3761 1116 3818 prorsus
1130 3746 1251 3801 deliciet.
1268 3746 1370 3802 llilitat
1402 3745 1509 3816 itaque,
1523 3753 1551 3802 et
1566 3745 1733 3817 peregrina-

56 3838 109 3907 liae,
121 3852 188 3909 quae
202 3844 294 3894 mater
308 3843 350 3892 est
382 3835 596 3907 desperationis,
621 3833 834 3890 dissimulantes
887 3842 935 3891 tur
952 3833 1027 3902 Sem,
1043 3834 1113 3890 fides
1137 3833 1245 3890 scilicet
1261 3834 1290 3888 iu
1320 3835 1463 3903 prasenti,
1492 3836 1540 3891 sed
1569 3835 1644 3891 iners
1670 3835 1734 3905 ejus

56 3939 179 3998 prorsus
195 3922 339 3993 rejiciunt,
357 3923 404 3980 sed
420 3938 450 3979 se
466 3930 577 3994 ponunt
591 3936 608 3978 a
623 3929 702 3992 tergo
718 3922 831 3978 mentis.
886 3923 988 3980 militia
1000 3922 1161 3995 judicatur,
1175 3923 1197 3979 si
1214 3922 1363 3978 charitatis
1381 3923 1568 3980 contubernio
1592 3923 1732 3994 privetur.

56 4013 208 4071 edicitur:
230 4011 397 4068 Incedentes
421 4019 508 4078 retro,
527 4011 596 4081 quin
624 4010 676 4066 etsi
694 4009 832 4080 pudorem
887 4013 914 4068 Si
929 4026 997 4084 ergo
1012 4011 1216 4068 volumusnou
1237 4011 1311 4066 morl
1332 4009 1427 4078 tidem,
1455 4012 1557 4067 tubitet
1579 4012 1677 4080 tappet
1704 4014 1735 4066 in

56 4109 177 4161 uantum
191 4099 299 4156 nimius
313 4106 355 4156 est
384 4099 529 4171 rejiciunt,
542 4108 638 4155 tamen
663 4112 714 4170 per
727 4113 834 4155 memo·
887 4101 1150 4163 tubernaculissem
1171 4113 1307 4156 ornemus
1335 4100 1442 4157 scilicet
1468 4100 1626 4157 dilectionis
1650 4113 1734 4170 opere

70 4189 307 4262 praesentiente
334 4196 410 4245 retro
434 4186 834 4258 lucedun13n0nenimabo-
888 4189 1096 4255 credulitatem,
1112 4196 1138 4244 et
1153 4188 1244 4245 subsit
1273 4188 1357 4245 nobis
1384 4189 1441 4259 spei
1458 4203 1609 4259 nunqnam
1626 4187 1734 4244 labeta-

56 4294 69 4337 a
82 4286 128 4336 est
143 4276 251 4349 peccati
266 4275 450 4343 verecundia,
465 4275 512 4332 sed
528 4276 731 4345 temperanda;
747 4275 834 4342 socies
856 4297 876 4350 p
890 4279 1000 4336 etartdae
1013 4286 1118 4333 tumus.

56 4372 285 4431 mavertuntur,
312 4364 430 4435 quando
453 4364 488 4419 de
511 4362 708 4433 desperatione
723 4363 832 4427 tentati,
928 4368 1012 4425 Vens.
1042 4369 1087 4422 tt.
1115 4398 1147 4407 -
1181 4369 1260 4421 Vicit
1287 4372 1377 4421 nutem
1402 4368 1456 4422 Noe
1493 4373 1556 4437 post
1597 4367 1734 4422 diluuium

55 4455 196 4516 nteriorn,
219 4467 298 4523 spent
314 4452 421 4508 scilieet
447 4457 632 4519 aelernorum,
663 4465 729 4522 quse
744 4453 835 4522 poeni·
892 4458 1015 4511 trecentis
1044 4458 1245 4524 quinquaginta
1270 4457 1366 4523 unnim
1389 4458 1414 4509 et
1453 4456 1524 4522 secli
1559 4460 1624 4511 stent
1646 4471 1736 4511 omnes

70 4543 293 4615 promittuntur,
322 4538 528 4595 intellectuales
552 4538 627 4594 ocull
646 4537 835 4609 lilivignntur;
891 4543 949 4598 dies
976 4544 1110 4613 eilaeejus
1136 4547 1329 4610 recuperatorum
1356 4545 1558 4613 quinquaqinta
1591 4560 1737 4610 octaorum,

56 4640 87 4690 ta
110 4631 203 4704 igitur
222 4630 314 4700 patris
342 4629 438 4683 virilia
460 4641 516 4683 non
547 4627 698 4683 indiscreto
727 4625 837 4697 pudore
900 4637 1056 4686 etmortuus
1069 4636 1117 4685 cst.
1144 4630 1196 4686 Per
1217 4645 1309 4687 atilios
1329 4632 1509 4687 conversatio
1523 4639 1622 4687 sattcta
1635 4631 1738 4701 expri-

56 4721 113 4778 nda
140 4719 286 4790 operiunt,
317 4731 384 4773 cum
407 4715 487 4782 tides,
513 4722 542 4772 et
565 4715 690 4772 ebaritas
705 4721 838 4785 correpta
892 4719 992 4788 mitur,
1006 4732 1072 4788 quae
1084 4731 1121 4772 ex
1138 4718 1289 4786 virtutum,
1306 4719 1389 4791 quasi
1401 4734 1438 4775 en
1449 4719 1561 4775 dierum
1575 4719 1739 4777 collectione

56 4807 113 4866 sibi
135 4821 186 4878 spe
206 4805 268 4862 suis
283 4812 396 4863 utentes
417 4803 541 4870 viribus,
574 4802 717 4859 iructibus
746 4803 835 4873 pcent-
893 4806 1056 4872 conticitum
1074 4819 1125 4875 per
1139 4812 1280 4862 trecentos
1308 4808 1385 4876 ndei,
1400 4806 1468 4877 spei,
1488 4815 1516 4862 ct
1529 4807 1687 4873 charitatis,
1704 4808 1740 4867 de

57 4912 83 4954 ae
112 4893 210 4967 dignis
235 4900 401 4965 contegunt.
420 4891 473 4948 Sed
503 4890 662 4949 notandum
691 4891 768 4962 quod
792 4892 839 4948 bic
893 4893 1003 4965 quibus
1016 4893 1099 4948 modo
1113 4892 1237 4962 egimus,
1253 4895 1566 4966 perlectioaccipitur3
1584 4909 1634 4966 per
1649 4895 1733 4966 quin-

56 4985 220 5062 rssbanmn
235 4981 328 5038 solum
339 4980 424 5037 modo
438 4986 556 5035 vocetur
570 4979 669 5045 Cbam,
695 4977 744 5035 ubi
768 4992 837 5049 sug·
893 4983 1033 5054 quaginta
1044 4982 1168 5051 requies,
1185 4982 1214 5037 in
1232 4997 1289 5053 qua
1303 4997 1353 5052 pcr
1369 4983 1473 5038 bartam
1486 4985 1625 5041 exercitia
1648 4986 1739 5042 virtu-

56 5086 178 5146 tpravae
192 5069 466 5139 motionisculpam.
894 5077 956 5126 tum
983 5084 1016 5126 ac
1044 5069 1067 5124 si
1090 5070 1215 5139 quadam
1239 5070 1351 5140 jubilaei
1381 5071 1547 5127 remissione
1574 5086 1737 5144 auequam

56 5177 111 5220 aas.
129 5163 174 5228 tl,
199 5161 246 5219 ab,
274 5161 320 5227 ab,
344 5160 389 5213 27.
405 5187 440 5198 -
465 5156 713 5226 Ecipiicnsoutem
736 5158 790 5212 Noe
805 5171 839 5210 ce
894 5158 997 5215 studiis
1008 5165 1151 5228 cessatur;
1170 5165 1198 5213 et
1212 5158 1285 5214 liunt
1298 5166 1393 5214 tamen
1409 5159 1507 5214 omnia
1522 5174 1588 5229 quae
1603 5162 1741 5232 gerimus,

56 5266 137 5317 ,cam
162 5247 304 5302 didicisset
335 5262 394 5317 qne
426 5248 529 5313 fecerat
563 5245 636 5314 plius
656 5257 721 5297 suus
739 5246 838 5312 minor,
895 5257 1072 5317 quacunque
1087 5245 1236 5316 religionis
1246 5245 1311 5301 luce
1335 5246 1508 5323 lulgeamns,
1537 5246 1741 5317 ituperleetea

63 5336 234 5395 nanneten
262 5335 404 5402 clientum,
433 5347 526 5388 amone
552 5335 755 5388 emanauerit
776 5333 838 5399 siu-
895 5333 985 5398 nobis,
1010 5333 1089 5404 quod
1116 5347 1166 5403 per
1191 5341 1352 5404 nongentos
1383 5347 1483 5399 atinus,
1514 5335 1565 5404 qni
1589 5336 1741 5394 denarium

56 5427 165 5488 usam:
183 5422 340 5479 medulae
370 5422 502 5476 Dominus
519 5423 588 5475 bens
617 5421 687 5483 Sem,
713 5422 751 5474 sit
772 5419 840 5477 cbo·
895 5421 992 5477 utinus
1007 5421 1125 5490 babent,
1153 5420 1334 5492 intelligitur,
1360 5422 1430 5492 quia
1458 5423 1486 5478 in
1512 5433 1666 5493 conspectu
1694 5424 1742 5481 Del

56 5509 383 5583 immejueliiletit
409 5509 483 5566 Deua
503 5509 630 5581 inpleti,
652 5515 677 5564 et
693 5508 800 5565 iactabit
815 5512 841 5563 et
894 5507 988 5566 onmis
1016 5508 1115 5566 virens
1139 5521 1196 5565 nou
1227 5507 1436 5581 justittcabltur
1464 5512 1547 5585 (nect.
1583 5526 1671 5582 extit,
1703 5517 1745 5583 a),
