3818 6008
289 104 521 165 TROPOLOGIAE
541 109 575 165 ΙΝ
594 105 695 179 ΟΒΕΕ,
715 108 809 168 ΑΜΟὸ
828 105 872 165 ΒΤ
890 108 968 167 JER.
991 137 1025 149 -—
1047 108 1112 166 llll.
1134 108 1180 168 IV.
1200 111 1237 166 ΙΝ
1251 111 1355 169 AMOS.
1647 119 1700 176 lta

56 258 93 302 on
120 243 298 300 solummodo
328 245 446 314 spiritus
474 246 526 316 qui
547 245 629 302 vobis
654 247 835 317 imperares
886 247 969 304 Vsus.
985 247 1011 301 5.
1030 269 1092 297 -ι
1114 248 1149 304 Ει
1171 248 1282 305 mittam
1306 249 1400 319 ignem
1429 250 1459 307 in
1487 252 1571 320 luda,
1599 262 1626 311 et
1654 257 1700 313 de

56 340 95 397 at,
112 333 140 388 in
158 332 263 402 peceati
279 332 429 388 servitium
452 334 605 405 relegatur,
622 335 670 391 sed
688 344 715 392 el
728 351 794 391 eunt
851 335 994 392 »vorabit
1017 336 1092 391 ades
1112 337 1282 392 Jerusalem.
1302 359 1312 384 »
1341 338 1419 406 lgnis
1439 339 1469 393 in
1489 341 1593 398 ludam
1614 344 1700 399 mitti-

56 422 144 492 reipes
169 421 243 491 ejus,
276 421 365 477 idest
389 423 589 480 sensualitates
614 438 679 495 qim
705 425 795 495 gratis
851 431 907 490 tur,
924 438 990 479 cum
1006 439 1063 479 non
1087 439 1123 479 ex
1144 424 1240 480 dolore
1254 427 1360 493 peceati
1377 428 1520 496 quispiam
1537 430 1698 498 cantitetur,

56 510 270 581 sequebantur.
850 512 897 566 sed
913 512 949 567 ad
972 511 1149 568 incentivum
1169 512 1269 568 alienae
1294 514 1419 577 malitiae,
1445 530 1511 585 quae
1533 517 1605 573 clam
1628 534 1700 574 com·

272 598 388 655 CAPUT
409 599 445 654 ll.
849 599 956 656 miserit
970 613 1156 671 nequaquam
1173 600 1319 670 publicare.
1335 611 1459 658 veretur.
1483 605 1563 661 Unde
1583 608 1698 664 cuidam

56 725 67 742 .
96 690 120 741 l.
145 717 179 725 -
201 687 296 742 allec
316 686 384 742 dicit
405 687 567 743 Dominus:
589 687 679 758 Super
702 688 795 745 tribus
850 688 928 758 apud
946 688 1120 744 Ezechielem
1137 688 1243 744 dicitur
1260 704 1265 743 :
1284 708 1298 739 a
1313 690 1478 758 Exposuisti
1497 691 1699 751 fornicationes

56 774 131 831 ribus
149 775 241 840 bloab,
265 781 292 829 et
306 789 394 844 super
414 783 541 845 quatuor
556 790 613 831 non
629 785 793 834 convertam
849 784 915 832 tuas
943 777 1021 832 omni
1050 777 1221 845 transeunti,
1253 778 1362 847 utejirs
1393 778 1474 834 lieres
1503 781 1610 849 (Erech.
1638 797 1697 849 arr,

66 863 193 934 eoquod
210 862 368 918 incenderit
387 877 451 919 ossa
467 863 541 934 regis
555 865 687 921 ldumaeae
702 879 795 936 usque
851 869 903 932 lsi.
926 866 1056 930 filiales,
1089 867 1237 920 Jerusalem
1270 866 1373 922 exinde
1408 867 1596 932 devorantur,
1629 883 1696 926 eum

56 965 152 1007 tarem.
168 973 182 1000 o
213 950 377 1007 Notandum
400 952 478 1022 qum
503 953 603 1010 crebro
631 954 792 1024 repetitur:
850 954 993 1025 quidquid
1008 955 1038 1009 in
1052 962 1148 1010 mente
1167 955 1211 1010 vel
1233 955 1263 1009 in
1283 955 1416 1011 sensibus
1436 964 1544 1025 poterat
1568 967 1698 1014 constare

56 1041 96 1094 'eit
122 1041 261 1105 Dominus,
286 1039 322 1094 ob
347 1038 400 1094 boc
420 1040 514 1095 solum
538 1048 568 1097 ιιι
595 1042 697 1097 innuat
724 1043 796 1113 quia
850 1042 966 1108 residui,
983 1042 1018 1099 ab
1035 1042 1245 1112 internaepaais
1263 1043 1371 1099 visione
1387 1044 1543 1101 dirimitur.

56 1127 89 1183 id
112 1142 148 1183 ex
174 1129 283 1183 ratione
310 1135 477 1196 tractamus,
501 1130 584 1199 quasi
607 1130 664 1186 Deo
685 1131 719 1186 ad
743 1145 794 1188 nos
884 1132 970 1189 Vans.
985 1135 1013 1185 6.
1030 1154 1091 1180 -‹
1112 1131 1176 1187 llaec
1201 1132 1268 1187 diiiit
1297 1133 1435 1188 Dominus
1457 1149 1463 1187 :
1489 1133 1580 1204 Super
1605 1135 1697 1192 tribus

56 1216 279 1286 leconcipimus.
297 1216 381 1271 Moab
390 1233 423 1270 es
433 1217 636 1287 patredicilur,
648 1226 675 1275 et
689 1235 722 1274 ea
738 1222 792 1274 lec.
849 1219 1034 1277 »sceleribus
1059 1219 1156 1286 lsrael,
1182 1226 1209 1275 at
1233 1234 1320 1289 super
1339 1229 1467 1289 quatuor
1495 1236 1552 1277 non
1575 1237 1696 1279 conver·

56 1305 90 1361 lm
105 1319 141 1361 ex
157 1311 237 1374 patre
259 1304 372 1361 diabolo
397 1306 538 1374 nascitur,
561 1307 633 1363 scire
653 1323 712 1364 non
734 1324 795 1379 pos·
853 1317 939 1365 «tam
953 1322 1029 1376 eum,
1053 1323 1104 1378 pro
1119 1323 1151 1364 eo
1173 1308 1249 1377 quim
1266 1307 1426 1364 vendiderit
1443 1318 1561 1380 argento
1574 1311 1696 1381 justum,

56 1407 87 1448 aa
110 1393 171 1464 lege
185 1400 327 1449 teneatur.
352 1395 379 1449 ls
400 1408 456 1449 non
472 1397 659 1464 convertitur,
680 1413 708 1452 co
723 1398 796 1468 quad
851 1406 906 1453 ael
940 1411 1094 1468 pauperem
1121 1410 1171 1466 pro
1204 1397 1411 1453 calceamentis.
1439 1419 1448 1446 t
1486 1400 1568 1453 lsrael
1590 1415 1639 1468 pra
1669 1414 1698 1453 ea

56 1484 92 1550 pis
113 1483 379 1550 ldamaeaeasquet'n
395 1487 510 1538 citarem
534 1486 692 1553 incenderit,
716 1488 794 1558 quod
849 1485 922 1554 qued
948 1484 1055 1555 justum
1089 1491 1201 1551 arpenta
1232 1485 1386 1540 occidedert'l
1418 1502 1472 1540 noa
1505 1489 1695 1554 convertitur,

56 1578 76 1626 et
92 1571 225 1638 rationes,
243 1585 317 1641 quas
333 1571 483 1641 pluraliter
496 1573 569 1639 dico,
586 1589 644 1629 non
666 1577 743 1646 quod
759 1577 794 1632 sit
814 1552 918 1646 Bquia
930 1575 962 1641 is,
979 1574 1030 1644 qui
1045 1588 1112 1630 enin
1129 1576 1184 1630 Deo
1200 1574 1286 1645 dirigi
1307 1574 1456 1641 debuerat,
1479 1583 1557 1632 tanto
1573 1576 1698 1647 atriplius

56 1673 89 1715 ua
116 1660 199 1725 ratio,
228 1661 276 1716 sed
304 1675 353 1729 pro
382 1662 592 1733 multiplicitate
626 1678 793 1731 causarum,
849 1671 912 1733 post
936 1662 1048 1731 lapsum
1068 1662 1105 1717 ad
1125 1663 1214 1718 Deum
1236 1663 1328 1718 redire
1352 1663 1498 1730 detrectat,
1520 1671 1629 1734 quanto
1646 1666 1698 1735 ju-

56 1764 71 1803 n
94 1748 180 1804 oflicii
202 1754 244 1804 est
268 1757 363 1805 motus
386 1750 519 1806 cohibere
541 1752 679 1817 carnales,
706 1755 793 1810 veluti
849 1756 936 1813 stum,
959 1748 987 1804 id
1008 1758 1049 1805 est
1065 1749 1206 1819 justitiam
1231 1751 1442 1820 comparatione
1463 1753 1584 1823 argenti,
1607 1752 1698 1810 idest

56 1835 176 1893 1stinent
202 1850 312 1901 carnes,
338 1847 399 1906 post
425 1839 533 1907 peccati
555 1841 793 1910 perpetrationem
849 1836 975 1893 scienitae
992 1838 1034 1893 vel
1050 1838 1155 1908 eloquii
1172 1838 1270 1894 minus
1293 1848 1380 1895 amat.
1409 1841 1560 1909 Pauperem
1581 1856 1698 1912 quoque

56 1939 149 1981 remas
171 1926 339 1994 perduxerit
358 1928 600 1997 consumptiones.
623 1929 700 1986 Ciuis
718 1931 795 1986 enim
847 1941 898 1995 pra
918 1927 1105 1981 calceamentis
1127 1926 1186 1993 dat,
1207 1942 1273 1983 cum
1293 1928 1412 1997 spiritus
1434 1929 1625 1986 bumilitatem
1648 1945 1697 2000 pra

57 2016 134 2070 xacti
159 2015 244 2085 qnasi
264 2015 323 2069 sola
348 2017 487 2072 memoria
512 2017 624 2073 residet.
651 2019 739 2086 Usque
758 2021 796 2073 ad
849 2015 1118 2084 mortnisoperlbus
1133 2023 1300 2072 commutat.

56 2115 142 2174 aergo
166 2104 384 2169 ossainccndlt,
406 2103 457 2174 equi
481 2105 622 2160 demolitis
643 2107 733 2161 animi
752 2107 795 2161 vi·
885 2102 970 2159 vaus.
1003 2104 1030 2158 7.
1061 2132 1097 2146 -
1128 2126 1138 2152 ι
1175 2105 1228 2169 Qui
1263 2112 1416 2161 conterunt
1438 2119 1525 2175 super
1549 2106 1695 2176 pulverem

58 2204 124 2261 quae
146 2191 343 2247 carnalitatem
368 2193 557 2261 consolidant,
580 2194 646 2264 igne
665 2194 796 2265 concupi·
851 2198 961 2247 »terrae
975 2191 1070 2262 capita
1099 2207 1270 2263 pauperum,
1294 2200 1321 2249 et
1341 2193 1419 2249 viam
1443 2194 1597 2251 humilium
1607 2194 1697 2252 deeli-

56 2279 222 2335 iexbausto
243 2294 314 2336 serae
329 2281 502 2349 paenitentiae
526 2282 674 2338 residuum
698 2297 735 2338 ex
756 2298 796 2339 sa·
850 2299 864 2330 a
879 2287 959 2337 nant.
973 2302 987 2330 »ι
1014 2282 1112 2351 Capita
1130 2298 1283 2352 pauperum
1312 2291 1380 2338 sunt
1409 2283 1580 2340 intentiones
1604 2284 1695 2340 animi

56 2367 205 2438 relinquit.
849 2375 989 2437 motuum,
1016 2383 1097 2425 suam
1122 2370 1158 2425 ad
1178 2371 1268 2425 Deum
1293 2371 1418 2439 inopiam
1438 2371 1605 2441 simpliciter
1620 2378 1696 2428 m

60 2458 108 2511 ,ἰ
125 2487 160 2496 -
174 2481 187 2504 «
204 2458 239 2513 Et
252 2458 361 2514 mittam
384 2459 478 2529 ignem
504 2458 532 2513 in
549 2458 641 2527 bloab,
659 2468 686 2515 el
705 2459 794 2516 devo·
849 2457 1037 2513 metientium.
1061 2459 1126 2514 Haec
1143 2462 1236 2528 capita
1253 2474 1334 2528 super
1352 2461 1488 2528 pulverem
1508 2465 1586 2514 terrae
1607 2466 1696 2515 coate-

73 2544 148 2601 aedes
170 2545 296 2610 Cariath,
319 2550 347 2602 et
372 2548 510 2603 inorietur
533 2548 563 2602 in
582 2548 676 2603 sonitu
700 2549 792 2616 Moab,
847 2552 923 2610 rant,
936 2546 986 2617 qui
1004 2546 1176 2617 principales
1195 2547 1338 2603 interioris
1359 2547 1484 2603 beluinis
1506 2548 1623 2605 babitus
1639 2556 1695 2605 ter-

56 2647 164 2706 angore
194 2635 281 2692 tubae.
298 2657 313 2685 u
336 2638 430 2705 Ipneis«
455 2639 484 2690 in
506 2637 584 2691 lloab
605 2637 699 2705 mittit,
728 2652 793 2694 curn
849 2648 926 2689 renae
953 2634 1062 2691 levitati
1090 2635 1237 2691 addicunt.
1273 2637 1354 2689 Viam
1377 2637 1522 2690 laenitatem
1548 2637 1694 2705 mellirent,

56 2736 73 2779 x
97 2723 221 2792 diabolo,
237 2732 274 2792 et,
291 2733 323 2781 ut
347 2726 384 2781 ita
408 2725 511 2791 dicam,
536 2739 573 2780 ex
597 2725 710 2796 legibus
731 2740 794 2781 ma-
849 2723 900 2792 qui
928 2722 1115 2780 intentionem
1140 2723 1295 2780 humilitati
1319 2725 1405 2780 semel
1430 2725 1584 2795 ascriptam
1608 2740 1695 2782 mun-

60 2811 259 2868 ncentivorum
291 2820 379 2869 aestus
402 2827 548 2884 emergere
572 2813 649 2869 sinit.
679 2814 795 2870 Cariotb
813 2856 833 2910 C
848 2811 915 2868 diali
930 2812 1106 2868 derivatione
1125 2813 1293 2883 depravant.
1318 2814 1400 2869 Notat
1420 2812 1543 2884 diligens
1567 2814 1654 2870 lector
1667 2814 1696 2870 in

62 2914 187 2955 occursus
207 2904 290 2968 lanis.
313 2902 488 2957 Devomndis
505 2917 573 2972 ergo
592 2902 702 2958 aedibus
719 2902 793 2974 ignis
817 2958 820 2962 Α
848 2899 893 2955 bis
916 2908 988 2968 octo,
1011 2902 1171 2957 seeundum
1194 2902 1357 2972 provincias
1371 2910 1443 2968 octo,
1467 2903 1623 2969 sententiis,
1646 2916 1695 2972 pro

59 2995 79 3057 t,
105 3005 171 3045 enm
202 2992 334 3046 sensibus
360 2991 461 3060 potiori
489 2991 721 3060 eoncupiscentia
747 2991 793 3047 in·
847 2996 948 3045 aeterno
963 2989 1098 3046 vitiorum
1113 2990 1280 3060 capitalium
1301 2990 1695 3062 numeraliguraliterquid-

56 3078 137 3145 indis,
155 3080 314 3149 specierum
339 3080 460 3145 occasio,
482 3094 547 3150 quae
562 3081 791 3149 concupiscatur,
848 3077 924 3147 piam
941 3093 1022 3148 posse
1038 3078 1166 3149 intelligi.
1192 3103 1205 3126 «ι
1220 3080 1255 3134 Ει
1274 3078 1399 3135 liliosae
1419 3088 1498 3149 pater
1521 3081 1584 3149 ejus
1599 3079 1695 3135 lerunt

56 3167 112 3220 ,ln
135 3171 226 3221 sortita
246 3168 324 3222 Moab
350 3168 481 3233 moritur,
502 3183 568 3223 cum
593 3167 647 3224 sub
670 3168 792 3224 sordidae
850 3166 914 3221 ·ad
927 3167 1062 3236 puellam,
1079 3176 1111 3223 nt
1127 3168 1268 3223 violarent
1282 3181 1387 3223 nomen
1409 3176 1541 3223 sanctam
1557 3181 1692 3223 meum.»

56 3254 170 3310 sationis
195 3255 314 3311 infamia
343 3257 556 3313 inverecundus
582 3265 670 3327 atque
694 3257 792 3313 insen·
847 3255 931 3310 Pater
942 3263 970 3311 et
985 3256 1062 3312 lilius
1077 3257 1150 3312 ratio
1164 3264 1232 3312 sont
1250 3263 1277 3312 et
1292 3256 1422 3324 allectus
1436 3256 1507 3326 quia
1527 3255 1694 3311 subterioris

60 3355 134 3413 enge
161 3342 275 3414 lateque
290 3345 474 3414 praedicatur,
488 3346 659 3413 lactanpore
675 3360 792 3414 quoque
847 3342 883 3397 ad
906 3344 1058 3400 anterioris
1081 3344 1238 3413 primatum
1259 3344 1406 3400 maximus
1426 3352 1468 3399 est
1489 3350 1644 3412 respectus.
1659 3343 1693 3398 lli

56 3433 184 3499 moritur,
223 3447 288 3488 cum
327 3441 354 3489 et
387 3433 436 3489 alii
470 3441 556 3490 tantae
587 3433 793 3489 exsecrationis
846 3439 916 3487 eunt
934 3432 971 3486 ad
994 3434 1121 3502 puellam,
1139 3433 1255 3503 quando
1277 3433 1338 3488 sine
1357 3432 1527 3487 discretione
1545 3430 1645 3501 aliqua
1664 3445 1694 3487 se

59 3533 85 3584 o,
102 3527 129 3575 et
145 3521 318 3577 loririidabili
335 3522 460 3578 clarnore
476 3530 631 3578 terrentur.
847 3519 997 3577 dimittunt
1020 3521 1056 3576 ad
1084 3521 1296 3577 invalitudinis.
1314 3521 1435 3576 internae
1463 3519 1619 3574 mollitiem.
1649 3519 1694 3574 Ex

58 3647 65 3660 .
77 3607 150 3664 3.-
163 3630 176 3657 «
186 3610 219 3664 Ει
229 3610 392 3680 disperdam
402 3610 528 3681 jndicem
539 3611 574 3667 da
586 3611 677 3667 medio
686 3611 793 3682 ejus,et
848 3622 905 3678 quo
918 3624 1013 3663 namen
1026 3614 1149 3663 sanctum
1168 3610 1216 3665 Dei
1228 3608 1359 3679 {violans
1380 3621 1445 3663 curn
1464 3607 1579 3674 lamam,
1596 3621 1693 3678 quan-

56 3709 73 3750 ιε
91 3695 235 3767 principes
253 3699 316 3768 ejus
336 3698 505 3755 interliciam
525 3714 592 3755 eum
611 3714 653 3755 eo.
670 3724 683 3748 ι
699 3700 792 3756 ludex
849 3704 910 3753 tum
924 3697 952 3752 in
968 3711 998 3754 se
1011 3705 1063 3764 est,
1081 3698 1168 3753 totius
1182 3696 1340 3753 sanctitatis
1354 3703 1521 3753 extenuant.

56 3784 77 3838 io
88 3784 147 3852 ejvs
160 3784 344 3855 disperditur,
355 3801 422 3842 curn
437 3788 519 3855 ratio,
532 3787 579 3843 cui
593 3787 628 3843 ad
644 3787 791 3844 dexteram
884 3785 969 3841 Vsus.
984 3786 1012 3842 8.
1031 3816 1065 3824 -
1084 3808 1094 3834 ι
1114 3786 1147 3841 Ει
1168 3799 1256 3855 super
1274 3784 1451 3840 vestimentis
1471 3784 1628 3855 pigneratis
1642 3798 1692 3840 ac-

56 3870 151 3927 istram
167 3872 309 3930 declinare
329 3890 386 3930 non
400 3876 544 3944 convenit,
559 3876 713 3946 iudiciario
733 3876 793 3932 dis·
850 3894 860 3921 ·
878 3873 1042 3931 cubuerunt
1061 3873 1148 3944 juxta
1166 3888 1250 3931 etune
1264 3872 1363 3941 altare,
1381 3881 1409 3929 et
1424 3873 1525 3929 vinum
1539 3872 1694 3930 damnato-

55 3959 78 4014 is
101 3960 204 4017 tbrano
226 3962 369 4032 privatur.
396 3963 476 4031 Quod
502 3965 636 4034 superius
655 3978 705 4034 per
725 3965 793 4021 llel-
850 3983 863 4011 α
879 3975 945 4018 rum
964 3961 1100 4019 bibebant
1111 3963 1140 4018 in
1154 3963 1238 4019 domo
1248 3963 1298 4019 Dei
1308 3962 1363 4018 sui.
1375 3983 1386 4009 ι
1400 3962 1577 4018 Vestimenta
1592 3963 1694 4034 pigne-

56 4061 97 4104 iec
111 4048 159 4103 bie.
180 4064 231 4120 per
245 4050 371 4120 judicem
388 4052 540 4124 liguratur,
558 4053 702 4123 principes
721 4068 793 4124 qno·
848 4058 910 4106 rata
931 4059 1009 4116 sunt,
1030 4051 1059 4107 in
1081 4052 1185 4122 pignus
1203 4066 1253 4121 pro
1270 4050 1365 4108 debita
1391 4052 1505 4106 tradita.
1529 4050 1694 4120 superhaec

56 4136 347 4208 demintelliquntur.
808 4143 914 4210 Dergo
939 4140 1025 4208 juata
1053 4156 1128 4194 omae
1156 4142 1244 4195 altare
1274 4140 1460 4208 accumbunt,
1491 4153 1558 4194 cum
1587 4139 1693 4208 peccati

60 4225 113 4279 .4.
129 4254 165 4266 -
186 4249 200 4277 ι
221 4228 287 4284 llaec
310 4229 379 4284 dicit
402 4229 561 4286 Dominus:
586 4229 676 4299 Super
701 4229 793 4286 tribus
845 4240 933 4297 opera
963 4227 991 4283 in
1016 4227 1121 4298 pignus
1146 4227 1320 4284 remissionis
1344 4242 1395 4298 per
1425 4228 1630 4284 contessionem
1656 4227 1692 4282 ab

56 4313 233 4386 ribusluda,
248 4324 276 4373 at
294 4331 382 4387 super
405 4327 533 4389 quatuor
554 4333 612 4373 nan
626 4326 792 4374 contrariam
846 4312 943 4383 aliquo
964 4314 1047 4372 nobis
1070 4317 1223 4372 commissa
1240 4316 1325 4387 Juxta
1342 4316 1532 4386 propositum,
1554 4316 1631 4386 quod
1651 4321 1693 4371 est

65 4405 193 4475 eoquod
214 4405 349 4476 abiecerit
362 4407 453 4479 legem
469 4407 592 4475 Domini,
613 4415 641 4463 et
657 4408 792 4464 mandata

56 4505 108 4549 non
123 4493 299 4550 custodierit.
320 4516 330 4543 ι
347 4496 421 4551 Juda
436 4496 551 4561 dicitur,
565 4497 705 4563 eortsessio.
718 4496 792 4551 iada

56 4581 202 4649 avertitur,
222 4597 250 4636 eo
267 4583 339 4651 qaod
358 4584 440 4652 teqem
463 4587 571 4639 marni·
592 4584 704 4656 abjecit,
721 4585 792 4655 quia

56 4668 80 4724 io
102 4670 274 4726 annullatur
298 4671 377 4741 apud
401 4672 494 4740 illum,
519 4673 568 4744 qni
595 4672 701 4728 divinae
721 4672 792 4744 legis

56 4770 113 4813 rain
147 4759 310 4816 meminisse
340 4761 455 4830 quarti.
491 4761 637 4827 Quomodo
664 4761 741 4817 enim
765 4761 790 4817 ei

56 4854 119 4914 tur,
137 4847 186 4917 qui
202 4847 277 4919 ejus,
299 4850 348 4920 qui
365 4850 572 4917 cortlitendum,
591 4858 633 4906 est
649 4858 790 4922 praecepta

56 4933 126 4991 ri·
154 4936 333 5006 Deoepcrunt
361 4939 438 4994 enim
464 4953 512 4995 eos
534 4938 608 4994 idola
636 4953 700 5007 sua,
728 4946 790 5009 post

56 5023 186 5080 abierunt
200 5035 296 5095 patres
321 5040 432 5084 eerrim.
449 5047 462 5078 n
480 5027 558 5083 laeta
581 5043 632 5083 sua
647 5043 689 5083 eas
713 5028 788 5084 deei-

56 5110 156 5183 1uibus
171 5120 221 5168 ant
236 5129 366 5183 suorum,
384 5125 435 5173 aut
448 5115 616 5188 lalienornm
633 5117 788 5173 criminum

56 5201 159 5257 itiones
182 5202 322 5260 alliciunt.
350 5207 413 5261 Post
431 5207 485 5260 liae
498 5215 593 5275 patres
607 5221 699 5261 eorum
717 5207 789 5262 abie-

56 5303 96 5346 ιιιι
116 5297 168 5346 aut
194 5291 313 5348 rationis
332 5295 527 5362 auctoritates,
547 5302 598 5351 aut
619 5295 648 5351 bi
663 5310 788 5366 quorum

56 5386 110 5435 tur
125 5378 281 5437 imitatores
295 5395 345 5452 per
359 5381 420 5438 baec
433 5383 531 5439 eadem
548 5381 611 5439 falsi
625 5392 701 5440 sunl.

845 4402 934 4458 altare
958 4404 1144 4474 paenitudinis
1166 4405 1347 4473 omnimodae,
1374 4404 1457 4460 nobis
1485 4403 1690 4471 accumbendo,

845 4491 874 4548 id
894 4493 992 4548 estad
1018 4493 1205 4550 imilationem
1231 4508 1350 4564 pravam
1376 4493 1458 4548 nobis
1485 4491 1693 4548 substernendo

845 4580 1025 4637 adhibemus.
1060 4583 1157 4637 Vinum
1180 4583 1372 4636 damnatorum
1406 4583 1436 4634 in
1468 4580 1546 4634 dama
1573 4581 1622 4634 Det¹
1646 4581 1691 4659 sui

845 4668 957 4736 bibunt,
986 4684 1052 4726 cum
1084 4671 1242 4739 voluptates
1269 4683 1368 4724 aarum
1403 4682 1476 4737 quos
1506 4681 1557 4737 pro
1585 4667 1692 4724 eisdem

844 4759 994 4816 damnatos
1007 4774 1068 4816 esse
1086 4774 1141 4815 non
1163 4758 1303 4824 nesciunt,
1320 4756 1349 4812 in
1373 4757 1487 4825 propria
1507 4755 1690 4823 canscientia,

844 4864 932 4922 quam
953 4848 1002 4905 Dei
1026 4849 1144 4905 domum
1174 4861 1234 4904 esse
1260 4852 1443 4912 convenerat,
1471 4843 1612 4899 indecenti
1637 4842 1692 4899 sibi

843 4939 980 4995 aviditate
995 4952 1044 5008 pro
1062 4937 1194 5006 exemplo
1208 4935 1378 5004 corripiunt.

879 5028 964 5085 Vsus.
980 5030 1006 5082 9.
1022 5058 1057 5067 -
1072 5047 1085 5076 e
1101 5027 1161 5098 Ego
1176 5033 1272 5081 antem
1286 5022 1477 5080 exterminavi
1489 5023 1692 5080 amorrhaeum

844 5138 858 5168 a
879 5117 980 5173 alacie
996 5130 1116 5186 eoram3
1137 5115 1222 5185 cujus
1243 5112 1366 5169 altitudo
1391 5112 1554 5178 cedrorum,
1569 5111 1691 5168 altitudo

844 5207 945 5279 «ejus,
968 5212 996 5262 et
1020 5204 1101 5261 tortis
1122 5203 1182 5274 ipse
1208 5202 1292 5273 quasi
1314 5214 1450 5272 quercus.
1468 5223 1481 5251 a
1506 5200 1692 5258 Amerrbaeus

843 5297 1049 5366 interpretatur
1072 5295 1237 5361 amaricans,
1260 5305 1293 5348 ac
1320 5290 1343 5346 si
1363 5290 1490 5348 diceret:
1518 5290 1575 5361 lpsi
1590 5304 1619 5346 se
1634 5290 1693 5346 mi-

844 5385 872 5441 bi
888 5384 1013 5440 reddunt
1034 5396 1084 5452 per
1105 5388 1145 5439 tat
1163 5380 1286 5437 ollcnsas
1305 5379 1442 5450 intensos,
1462 5381 1510 5437 sed
1529 5379 1693 5435 meminisse
