3818 6008
465 223 577 285 selsr.
598 226 643 282 DE
663 225 838 284 tituletis
859 226 1015 284 buutnlct
1034 227 1216 287 CORPORIS.
1665 236 1718 289 530

247 355 364 414 CAPUT
382 356 532 414 Pltlttttit.
836 360 912 429 Αιιι,
944 361 979 426 l),
1006 366 1058 416 etc.
1084 359 1137 427 Qui
1164 359 1217 416 etsi
1243 374 1310 417 cum
1336 360 1373 418 sit
1401 360 1521 432 spiritus
1549 360 1716 434 disciplina,

311 459 432 509 euasero
451 460 470 501 ι.
873 454 1017 519 quantum
1032 447 1068 503 ad
1088 461 1170 504 suam
1189 448 1318 519 ipsorum
1339 449 1460 505 salutem
1481 446 1564 506 fictos
1583 448 1718 522 ellugiat;

56 531 128 589 estio
148 539 190 589 est
215 533 368 606 magistros
389 533 522 590 Ecclesiae
545 533 689 591 clariores.
712 535 818 607 Augu·
874 534 937 593 fidei
976 542 1071 592 tamen
1111 536 1232 593 aliorum
1271 537 1440 608 adiumenta
1471 537 1634 595 ministrat.
1664 539 1718 597 cui

56 634 78 676 m
98 619 230 677 videlicet
251 620 352 692 (enarr.
377 624 407 675 iit
424 622 496 692 psal.
514 638 544 692 x,
565 630 633 679 tom.
648 623 723 691 vlit,
746 631 774 680 et
788 625 819 679 in
871 639 941 696 ergo
959 623 1093 695 spiritum
1114 639 1201 696 quern
1221 627 1303 682 Petro
1322 626 1438 682 dederat
1452 626 1489 681 ad
1506 627 1647 683 miracula
1660 641 1720 684 non

71 716 153 765 tract.
175 712 220 777 ιθ,
245 718 312 766 tom.
339 710 400 782 lX),
427 724 461 766 ac
478 710 601 768 Leonem
625 711 720 782 (serm.
746 714 762 767 3
785 712 818 769 de
872 713 999 785 negavit,
1026 714 1126 771 merito
1150 728 1203 770 nec
1228 713 1364 785 mysteria
1387 714 1451 771 aliis
1475 713 1641 771 communia
1665 714 1719 770 de-

56 800 137 868 bom.)
152 799 322 868 consentire,
338 799 416 869 quod
429 800 519 856 ludas
533 814 600 856 cum
619 800 728 857 caeteris
745 815 817 871 apo·
873 801 1013 858 trectavit.

81 885 286 942 errabaristiam
319 886 353 942 de
387 886 499 943 Domini
530 901 619 944 mann
650 888 817 960 susceperit.
907 890 945 946 At
961 890 985 946 si
998 889 1034 945 de
1057 889 1185 947 buccella
1200 890 1307 962 agitur,
1330 905 1396 962 qnae
1415 891 1440 947 ei
1459 890 1580 947 intincta
1593 889 1718 963 porrigi-

56 971 113 1029 ium
138 972 342 1029 Pictaviensem
374 973 450 1043 loom.
476 977 506 1028 in
530 975 642 1044 Mutila,
667 990 730 1032 can.
762 976 817 1048 30),
873 977 1061 1050 tnr,signum
1078 977 1141 1047 luit,
1157 986 1256 1034 etnon
1273 980 1388 1051 signum
1404 994 1410 1033 :
1427 979 1542 1050 signum
1558 978 1720 1049 planeprc

56 1074 202 1131 anumque
228 1061 369 1119 Victorem
392 1062 429 1117 ab
454 1063 508 1119 bac
528 1062 715 1132 intelligentia
740 1066 818 1135 quod
873 1066 982 1134 diteris,
998 1067 1046 1123 sed
1062 1081 1119 1122 non
1139 1067 1256 1139 signum
1271 1069 1443 1123 sacramenti
1450 1083 1459 1137 ;
1475 1081 1540 1137 quae
1554 1067 1640 1123 etiam
1654 1074 1720 1123 autc

56 1148 111 1206 crit
125 1148 285 1205 dissentire.
307 1149 390 1216 illud,
412 1149 466 1204 nisi
483 1150 574 1219 lallor,
591 1152 733 1208 dictorum
748 1166 818 1208 suo-
874 1154 1055 1211 traditionem
1075 1155 1142 1210 novi
1164 1154 1241 1211 illius
1259 1154 1401 1222 sacrilrcii,
1426 1155 1559 1212 ldattbaeo
1576 1163 1605 1211 et
1626 1154 1721 1211 Marco

56 1244 226 1309 argumento
246 1237 392 1306 habentes,
410 1239 487 1317 quod
510 1241 619 1296 caeteris
638 1248 818 1297 sacramento
873 1243 1003 1312 testibus,
1019 1243 1090 1298 dum
1107 1248 1181 1298 τεῦ
1201 1244 1267 1315 quis
1288 1251 1360 1300 esset
1382 1243 1508 1313 proditor
1529 1250 1718 1314 quereretur,

55 1325 220 1396 ipantibus,
255 1326 384 1383 buccella
413 1327 532 1398 praebita
560 1328 681 1398 simplici
713 1328 819 1385 scilicet
872 1330 940 1387 data
958 1337 1000 1387 est
1020 1330 1224 1398 (Motibxxvr,
1246 1333 1399 1400 imitare.
1418 1345 1476 1399 xrv,
1495 1331 1547 1402 19),
1564 1345 1629 1402 quae
1647 1345 1720 1401 que·

67 1428 155 1471 suum
169 1415 309 1485 Dominus
325 1414 485 1487 insignierit
501 1416 682 1487 proditorem.
873 1433 930 1489 que
948 1418 972 1475 si
993 1418 1064 1490 quid
1085 1419 1175 1476 saneti
1199 1419 1227 1474 in
1252 1434 1281 1476 sc
1301 1418 1413 1488 babuit,
1438 1433 1496 1474 non
1510 1433 1547 1475 er
1562 1419 1721 1475 mutatione

307 1518 428 1568 euasero
450 1520 479 1560 ιι.
872 1507 918 1564 sui
939 1507 1046 1578 aliqua,
1067 1508 1117 1564 sed
1135 1521 1171 1564 ex
1195 1515 1273 1564 tactu
1293 1507 1412 1564 torsitan
1431 1507 1586 1564 salvatoris
1601 1506 1719 1576 accepit.

56 1590 80 1648 td
102 1606 229 1663 quoquc,
252 1591 288 1648 ad
312 1593 403 1648 nostri
422 1592 670 1650 adumbrationem
685 1592 818 1649 sacrillcii
872 1595 1022 1652 Erdiaboli
1038 1595 1084 1652 ille
1107 1597 1256 1653 introitum
1276 1610 1334 1652 non
1349 1603 1409 1652 tam
1426 1609 1475 1665 pro
1489 1595 1610 1668 indigna
1624 1608 1720 1650 susce·

55 1678 188 1736 ibusdam
209 1679 345 1752 objectari
373 1680 471 1748 solere,
504 1681 581 1752 quod
604 1688 817 1738 sacramentum
838 1657 969 1755 Bptione
983 1684 1074 1755 ipsius
1098 1683 1193 1741 ollulae
1216 1698 1304 1755 quam
1330 1698 1382 1756 pro
1406 1697 1459 1740 sua
1482 1697 1551 1756 erge
1565 1681 1720 1753 corripien-

56 1767 174 1840 signum
204 1769 297 1840 magis
325 1782 413 1839 quam
444 1769 551 1825 veritas
577 1769 673 1838 luerit,
703 1777 731 1825 et
758 1770 819 1826 idco
872 1777 928 1830 tem
952 1773 1106 1831 Dominum
1131 1773 1310 1845 impudentia
1330 1781 1358 1830 ct
1381 1771 1627 1844 incorrigibilitate
1646 1784 1722 1827 conr·

56 1871 165 1929 ‚quem
184 1865 250 1914 anta
273 1857 422 1914 diabolum
444 1857 599 1929 vocaverit,
615 1858 738 1928 idipsum
760 1859 819 1917 Do·
873 1861 987 1919 meruit.

56 1958 67 2000 s
89 1944 334 2002 irretractabiliter
357 1946 477 2002 dederit.
503 1946 564 2002 Hoc
581 1945 611 2002 in
632 1946 734 2004 litteris
754 1961 772 2003 a
794 1955 820 2004 te
1208 1931 1321 1987 CAPUT
1341 1931 1378 1986 Π·

58 2032 98 2090 ita
112 2034 296 2104 proponitur.
908 2037 996 2094 Porro
1014 2037 1048 2093 de
1064 2036 1295 2093 inconvenientia
1316 2035 1541 2107 Evangeliorum
1563 2048 1652 2106 super
1671 2047 1718 2090 ca-

56 2121 117 2179 bus
145 2137 199 2194 ego
227 2121 385 2191 subintero,
417 2122 488 2193 quia
519 2123 580 2179 sive
609 2131 728 2193 veteres,
761 2124 821 2182 sive
874 2125 965 2196 pitulo
980 2125 1050 2182 illo:
1071 2127 1259 2181 Verumtamen
1279 2139 1376 2179 manus
1396 2124 1529 2178 tradentis
1552 2138 1603 2190 me,
1619 2138 1721 2178 mecum

65 2209 234 2281 quicunque
254 2223 340 2279 super
360 2210 415 2265 hac
437 2223 468 2265 re
487 2208 663 2266 altercantur
677 2224 710 2266 ac
722 2210 820 2281 dispu·
873 2219 912 2271 eet
934 2217 964 2269 in
987 2229 1080 2269 menso
1106 2215 1178 2284 (Lac.
1196 2229 1264 2280 xxti,
1290 2215 1345 2281 tl),
1368 2212 1447 2283 quod
1471 2212 1623 2268 ldattbaeus
1645 2212 1719 2267 ilar-
1788 2203 1790 2207 ⁴

56 2297 303 2354 circumstantiam
328 2297 483 2354 lectionum
502 2298 599 2353 minus
623 2299 705 2368 plene
725 2300 819 2356 consi·
873 2317 982 2374 cneque
1008 2303 1198 2373 praescribunt
1224 2302 1333 2370 (blatta.
1364 2315 1441 2368 xxvi,
1471 2302 1520 2370 233
1546 2301 1633 2356 licre.
1661 2313 1720 2367 ιιιι,
1752 2307 1758 2313 ’

55 2393 82 2442 ιι.
115 2386 189 2442 Nam
225 2385 359 2456 apostolis
395 2393 478 2442 vetus
515 2386 622 2456 pasena
660 2388 820 2445 secundum
875 2390 934 2457 te);
958 2392 1049 2446 Lucas
1072 2403 1138 2446 vero
1164 2388 1289 2457 corporis
1314 2387 1454 2444 Dominici
1480 2385 1624 2442 traditioni
1648 2385 1721 2442 sub-

56 2473 96 2531 mi
119 2474 194 2531 dicta
222 2474 414 2542 cenantibus,
438 2475 517 2530 nullo
540 2482 657 2544 excepto
680 2475 786 2532 dicitur
811 2498 819 2538 ;
873 2477 982 2534 scribit.
1003 2477 1032 2534 Si
1051 2477 1102 2533 tibi
1122 2477 1319 2548 respondeam,
1338 2475 1414 2531 circa
1434 2474 1520 2531 vitem
1541 2482 1568 2531 et
1588 2474 1720 2543 patulum

57 2564 107 2631 ite,
133 2568 158 2617 et
179 2563 308 2618 comedite
332 2564 439 2631 (blatii.
464 2578 544 2631 ιιιι,
567 2564 620 2633 26;
647 2564 732 2618 liare.
760 2580 820 2633 ιιι,
874 2566 1008 2634 morabor
1031 2566 1138 2634 orbern,
1165 2579 1231 2621 cum
1259 2578 1330 2635 pene
1359 2564 1496 2621 ridendus
1518 2564 1564 2629 sit,
1593 2562 1644 2633 qui
1667 2562 1722 2618 boc

56 2652 112 2707 luc.
140 2666 209 2720 xxrr,
237 2653 289 2721 li).
316 2652 350 2707 Et
378 2660 507 2722 porrecto
530 2650 617 2711 calice
641 2654 821 2721 postmodum
873 2654 987 2726 quasin
1000 2654 1083 2726 quasi
1096 2654 1147 2725 qui
1163 2655 1193 2709 in
1208 2653 1301 2723 scirpo
1316 2652 1425 2709 nodum
1440 2651 1586 2721 repererit.
1603 2649 1631 2706 Si
1644 2650 1721 2706 enirn

56 2744 117 2798 us:
136 2741 225 2796 bibite
246 2757 281 2795 ea
299 2742 348 2796 ltoc
370 2756 459 2796 emeres
484 2739 574 2810 (ibic,
592 2740 648 2811 27).
672 2742 705 2797 ln
727 2742 821 2799 Marco
873 2743 1001 2800 ordinem
1022 2741 1217 2813 capitulorum
1235 2741 1334 2797 eadent
1361 2740 1528 2807 dicentium,
1545 2739 1589 2795 vel
1606 2739 1680 2795 inter
1691 2753 1722 2794 se

56 2843 95 2894 te,
126 2829 265 2895 illucent,
296 2845 330 2883 ca
357 2828 406 2883 illo
433 2842 522 2883 omnes
551 2828 647 2900 (Marc.
673 2844 732 2899 xiv,
762 2832 818 2902 23).
873 2829 1093 2897 dissonantium,
1110 2830 1139 2885 in
1161 2829 1327 2901 Evangeliis
1345 2842 1461 2900 quaeras
1485 2836 1541 2885 tam
1567 2834 1720 2897 preposte-

76 2917 169 2973 bucas
192 2917 319 2988 primum
343 2931 410 2974 eum
435 2917 470 2972 ad
489 2931 572 2973 esum
592 2917 705 2987 pasche
718 2919 816 2975 discu-
835 2954 855 3010 C
874 2926 945 2987 rata,
960 2919 1030 2976 adeo
1046 2920 1197 2976 immutata
1211 2916 1349 2986 invenies,
1370 2925 1402 2973 ut
1417 2916 1451 2972 de
1468 2915 1579 2971 tantilla
1596 2915 1650 2971 boc
1669 2913 1722 2970 tibi

56 3019 66 3063 e
85 3020 225 3074 asserens,
241 3014 269 3062 et
282 3005 434 3062 duodecim
450 3005 591 3075 apostolos
605 3021 671 3062 cum
687 3021 720 3062 eo
737 3007 813 3076 (Luc.
871 3011 1004 3067 videatur
1024 3011 1177 3081 magistros
1196 3009 1391 3080 interpellasse
1414 3007 1542 3063 intuitae.
1559 3006 1623 3063 Sive
1643 3007 1720 3062 enim

62 3095 116 3166 14),
135 3095 213 3166 quod
234 3102 262 3151 et
284 3094 435 3150 blattbaeus
454 3101 482 3149 et
497 3094 611 3151 Marcus
624 3094 735 3163 dicunt,
756 3104 818 3165 post
873 3099 1021 3170 praecedat,
1035 3098 1096 3155 sive
1110 3105 1249 3169 sequatur
1270 3097 1323 3153 boc
1342 3096 1475 3164 verbum,
1492 3095 1533 3150 nil
1553 3093 1651 3151 allicit.
1667 3094 1720 3150 Sed

55 3198 110 3242 rem
127 3185 224 3241 calicis
239 3183 324 3239 inlert
340 3197 347 3237 :
362 3185 496 3252 Accipite,
513 3188 539 3238 et
553 3183 670 3238 dividite
685 3186 757 3238 inter
770 3200 817 3240 oos
872 3188 901 3243 in
911 3188 1016 3243 barum
1028 3187 1154 3256 partium
1165 3170 1313 3256 dequibus
1321 3184 1445 3256 agimus,
1455 3182 1721 3252 controversiaque

56 3315 64 3342 ,
88 3272 142 3343 18).
164 3272 215 3328 Sed
236 3280 263 3328 et
278 3285 381 3341 panem
398 3270 506 3343 gratias
522 3285 621 3343 agens,
642 3279 669 3327 et
688 3271 815 3344 fregisse,
872 3277 986 3333 videtur
1014 3275 1140 3345 plurima
1168 3288 1225 3330 non
1249 3273 1374 3343 epistolae
1398 3272 1447 3328 sed
1473 3271 1538 3328 libri
1566 3269 1721 3326 necessarii

65 3361 178 3437 dedisse
189 3359 390 3417 subscribitur.
871 3372 949 3422 snut.
964 3366 1001 3421 El
1018 3371 1093 3420 certe
1112 3362 1141 3418 in
1160 3361 1221 3434 ipsa
1240 3363 1353 3431 pasena
1372 3361 1477 3417 veteris
1492 3360 1587 3429 epulo,
1607 3366 1634 3415 et
1657 3365 1721 3429 post

56 3464 116 3521 ergo
135 3450 169 3506 de
191 3449 278 3505 calice
297 3449 335 3504 ab
349 3448 484 3504 omnibus
505 3447 578 3503 lacta
595 3448 668 3504 inter
679 3463 726 3505 ecs
739 3448 816 3505 divi·
870 3453 939 3509 novi
962 3451 1146 3509 traditionem
1170 3451 1306 3521 mysterii,
1335 3450 1503 3519 aliquantus
1528 3448 1564 3503 ad
1591 3460 1720 3504 mensam

71 3538 255 3605 combibitur,
274 3537 363 3594 ludas
375 3537 544 3592 nullatenus
559 3537 717 3608 excipitur;
734 3536 784 3608 qui
799 3550 816 3592 a
870 3541 949 3597 illam
966 3539 1103 3610 proditori
1119 3552 1270 3594 consessus
1285 3537 1348 3606 luit,
1370 3546 1398 3593 et
1422 3535 1588 3592 temerarias
1604 3534 1720 3603 utrique

56 3642 74 3684 n
96 3627 240 3684 lavatione
262 3626 339 3696 apud
363 3626 502 3681 loannem
524 3639 722 3695 nequaquam,
749 3640 816 3681 cum
868 3630 964 3686 edulio
985 3642 1090 3685 manus
1111 3627 1252 3697 apposuit.
1268 3626 1327 3681 dut
1346 3625 1417 3695 quid
1437 3624 1544 3680 mirum
1566 3622 1590 3678 si
1608 3629 1721 3691 tempus

56 3716 171 3773 onscius
183 3723 256 3772 esset
271 3714 448 3786 proditionis,
465 3713 640 3770 excluditur.
662 3714 720 3770 Etsi
739 3714 815 3770 enirn
871 3731 922 3788 pro
936 3723 1062 3785 tempore
1075 3715 1113 3771 ab
1129 3712 1306 3784 evangelista
1321 3711 1445 3781 positum
1461 3719 1512 3778 est,
1529 3718 1562 3767 ut
1577 3709 1720 3766 diceretur

79 3805 258 3860 adniteretur
291 3801 458 3869 auctoritas,
489 3801 581 3858 multa
613 3809 707 3859 tamen
742 3803 815 3860 ratio
870 3811 909 3861 est
926 3818 978 3875 pro
998 3805 1073 3871 fuit?
1097 3802 1175 3858 Scias
1196 3801 1266 3872 quia
1287 3800 1350 3856 istic
1370 3799 1557 3856 dicendorum
1571 3797 1653 3868 mpla
1674 3812 1720 3855 me

59 3899 139 3960 teret,
170 3906 221 3962 pro
253 3890 313 3948 sola
340 3890 524 3960 conceptione
554 3890 694 3958 criminis,
729 3906 816 3963 quern
871 3893 985 3964 inopem
999 3891 1076 3949 lacit.

56 3995 64 4035 t
78 3994 166 4050 opera
182 3994 241 4035 non
258 3980 423 4048 probarent,
447 3978 591 4034 hominem
608 3992 625 4034 a
640 3981 701 4036 suis
715 3980 815 4051 gradi·
1201 3959 1313 4017 CAPUT
1333 3959 1381 4015 ῙῙῙ·

56 4077 82 4126 et
102 4068 331 4125 commilitonum
355 4067 502 4123 communi
532 4069 626 4138 gratia
649 4068 816 4125 nullatenus
905 4071 974 4139 Apit
994 4073 1088 4124 contra
1111 4069 1341 4135 berengarianam
1364 4066 1496 4120 baresim.
1519 4094 1554 4104 -
1574 4063 1627 4121 Sed
1649 4077 1722 4135 quo·

56 4157 135 4214 drrm.
158 4157 220 4227 lpse
241 4157 317 4212 enim
343 4156 465 4224 dixerat,
481 4164 509 4212 et
531 4155 647 4212 dildteri
665 4171 720 4212 non
738 4164 814 4226 pote-
870 4157 948 4214 niam
963 4156 999 4213 de
1021 4155 1135 4212 Domini
1154 4169 1272 4225 corpore
1289 4151 1518 4225 objectiunculas
1534 4151 1596 4208 deri
1611 4151 1719 4222 episto-

56 4245 137 4303 lolite
152 4243 278 4310 judicare
297 4245 406 4314 (Marti.
430 4256 479 4309 ιιι,
499 4244 535 4314 1).
556 4241 635 4310 Quod
657 4243 685 4299 in
701 4243 814 4299 arcanis
834 4246 903 4305 nlae
917 4251 1018 4302 auctor
1032 4243 1113 4313 dicit,
1128 4243 1205 4314 quad
1220 4243 1346 4315 signum,
1368 4249 1396 4298 et
1414 4254 1473 4297 non
1494 4241 1602 4296 veritas
1616 4247 1718 4308 exstet,

56 4342 116 4391 tum
137 4332 233 4388 adbuc
249 4331 346 4396 latens,
364 4332 415 4402 qui
431 4345 529 4387 omnes
546 4332 581 4387 ad
596 4332 718 4389 salutern
733 4347 813 4388 com-
868 4347 960 4405 pauca
975 4332 1027 4389 etsi
1041 4332 1138 4397 exilia,
1159 4345 1246 4401 super
1266 4345 1299 4387 eo
1315 4329 1553 4400 contemplemur.
1572 4329 1601 4386 Si
1616 4329 1721 4385 umbra

56 4435 73 4477 e
89 4427 217 4485 venerat,
233 4433 420 4490 nequaquam
442 4427 512 4475 tunc
527 4420 662 4490 temporis
677 4421 815 4477 damnare
868 4431 919 4490 est,
935 4429 963 4479 et
977 4435 1036 4477 non
1048 4435 1164 4491 corpus,
1182 4419 1210 4475 in
1225 4419 1359 4476 umbram
1374 4418 1408 4474 de
1424 4416 1530 4474 umbra
1548 4415 1719 4482 decidimus,

56 4517 115 4565 irat.
133 4507 214 4575 Quod
235 4515 332 4564 autem
355 4507 389 4563 de
407 4508 494 4563 calice
516 4507 632 4576 dicitur,
655 4521 707 4579 par
725 4515 767 4564 est
781 4521 815 4562 ac
868 4511 925 4566 imo
947 4509 977 4565 in
996 4509 1138 4567 deteriora
1152 4508 1235 4564 valde
1250 4507 1430 4564 devenimus.
1448 4505 1476 4562 si
1492 4505 1587 4573 boves,
1604 4507 1719 4573 arietes,

57 4611 104 4655 em
125 4597 269 4653 evidentia
282 4597 368 4652 etiam
388 4596 422 4651 de
446 4609 519 4665 pane
533 4596 687 4662 diceretur,
703 4611 770 4652 curn
786 4595 816 4651 in
869 4610 973 4668 caprae,
994 4605 1133 4664 turtures,
1154 4596 1305 4663 columbae,
1329 4603 1357 4652 et
1377 4608 1512 4666 passeres,
1533 4593 1601 4650 olim
1617 4608 1720 4663 pecca-

56 4700 91 4743 tte
105 4685 230 4757 dignitas
244 4699 306 4755 par,
320 4685 378 4740 imo
391 4684 532 4754 identitas,
552 4686 703 4741 habeatur.
871 4693 931 4744 turn
950 4684 1074 4752 luerent,
1091 4685 1184 4741 hostia
1198 4685 1329 4742 videlicet
1344 4697 1396 4754 pra
1411 4690 1535 4753 peccato,
1552 4682 1592 4738 ita
1607 4689 1639 4738 ut
1653 4695 1720 4738 car-

69 4773 146 4832 enim
161 4773 188 4829 ei
206 4781 232 4829 et
248 4772 421 4843 baptizandi,
438 4772 579 4829 daemonia
593 4772 725 4844 ejiciendi
739 4787 816 4829 mor·
870 4773 916 4830 nis
935 4772 1055 4845 justitiae
1078 4779 1260 4840 vocarentur,
1284 4780 1312 4829 et
1330 4771 1490 4828 meandum
1513 4769 1718 4827 conscientiam

56 4877 76 4920 e
98 4861 221 4920 curandi
242 4876 308 4918 cum
325 4863 435 4918 caeteris
447 4861 495 4932 ius
511 4862 638 4930 dederat,
652 4861 676 4918 si
691 4860 728 4938 ad
746 4861 817 4917 ulti·
871 4862 985 4919 salvum
1005 4876 1063 4918 non
1086 4869 1201 4932 possent
1222 4861 1315 4918 lacere
1336 4861 1518 4926 servientem,
1539 4867 1648 4930 quanto
1662 4858 1720 4915 mi-

75 4951 103 5009 ei
129 4950 256 5022 maligna
285 4949 418 5007 tractanti
441 4949 572 5006 collatam
597 4950 660 5007 aliis
691 4950 815 5022 gratiam
872 4965 928 5007 nus
944 4951 967 5006 si
982 4949 1089 5021 species
1104 4948 1240 5016 creditur,
1261 4956 1288 5006 et
1307 4962 1365 5005 non
1384 4961 1438 5017 res,
1455 4947 1505 5004 illa
1520 4947 1623 5005 tantilli
1639 4947 1721 5018 panis

56 5040 147 5104 risset,
170 5053 273 5096 catrsas
292 5038 317 5095 ei
339 5038 466 5095 iorsitam
488 5039 658 5110 peragenda
676 5039 812 5110 proditio·
873 5039 943 5096 adeo
959 5037 1130 5096 miserabilis
1144 5037 1302 5109 quantitas,
1319 5035 1397 5093 omni
1412 5036 1577 5093 animarum
1596 5036 1721 5094 remedio

55 5128 166 5186 ixisset.
182 5127 255 5195 Quid
271 5127 347 5184 enim
362 5127 467 5194 virtus,
488 5142 553 5198 quae
568 5135 713 5198 operetur,
728 5127 816 5199 iuxta
874 5127 994 5199 indigna
1005 5127 1069 5195 erit,
1085 5127 1120 5183 de
1136 5141 1194 5197 quo
1209 5125 1233 5181 si
1251 5125 1532 5193 manducaverimus,
1554 5138 1612 5180 non
1626 5124 1720 5182 abun-

56 5215 189 5283 olum,in
204 5215 648 5284 salutemomnicradentifflom.
660 5216 747 5287 ι,16),
759 5216 814 5272 nisi
874 5216 1019 5286 dabimus,
1045 5217 1069 5272 si
1096 5229 1155 5271 non
1181 5213 1413 5284 manducaveris,
1438 5226 1496 5269 non
1526 5213 1626 5284 ntique
1654 5213 1721 5269 dell-

56 5318 90 5362 ns
110 5311 228 5361 sanctus
241 5311 293 5372 est,
309 5318 345 5361 ex
359 5318 417 5375 qno
433 5311 557 5375 potestas
571 5318 659 5376 super
673 5305 816 5361 daemonia
874 5305 993 5362 ciamus.

56 5406 182 5464 crusque
204 5393 351 5449 curandas
371 5392 514 5464 emergit?
539 5392 630 5460 ltedit,
653 5391 759 5463 inquit,
784 5395 824 5463 ei,
910 5393 940 5451 si
962 5406 1032 5463 ergo
1056 5399 1213 5462 utrumque
1233 5391 1351 5461 specics,
1373 5397 1402 5447 et
1424 5390 1453 5446 in
1475 5398 1579 5449 neutro
1602 5391 1720 5459 veritas,

56 5498 102 5540 em
132 5485 159 5537 et
182 5486 343 5552 potestatem
368 5496 450 5552 super
475 5481 566 5536 omnia
587 5481 720 5537 damonia
746 5481 821 5554 (buc.
876 5483 985 5540 novum
1001 5479 1165 5552 baptismati
1182 5479 1301 5537 loannis
1320 5477 1495 5551 equabitur,
1515 5481 1544 5538 in
1560 5479 1649 5537 veteri
1663 5494 1723 5536 non
