3818 6008
77 250 141 303 idol
712 248 820 306 uoltrd
838 250 867 305 t.
888 247 1063 306 u'acittdlil
1082 248 1192 306 NOTAE.
1761 256 1831 309 lDOD
1900 271 1902 274 ⁴

73 378 174 435 babuit
194 377 219 434 S.
240 377 360 448 Gregor.
379 377 447 434 Naz.
471 383 573 447 estque
599 378 691 434 oratio
718 381 763 448 dl,
788 379 838 434 ubi
861 380 953 441 subn
972 379 1087 437 Carnot.
1115 377 1251 449 predicat
1286 378 1347 434 suis
1374 378 1475 436 litteris
1500 380 1536 437 ad
1567 380 1702 438 abbatem
1743 382 1828 441 Bcnae

73 467 147 524 med.
166 481 198 521 :‹
217 467 259 523 Ad
274 480 358 523 saera
377 466 426 522 illa
445 472 473 523 et
487 466 587 523 divina
610 467 726 539 AEgypti
751 468 926 524 monasteria
979 467 1070 524 Vallis
1084 467 1269 538 Bernerium;
1300 466 1344 523 bis
1372 482 1440 524 mox
1461 468 1547 525 linem
1565 470 1670 527 nostris
1689 471 1829 527 observa-

74 555 239 623 seconlert,
264 555 428 625 inquibus
457 554 618 611 bominesa
640 556 749 612 mundo
771 555 927 613 sedistra-
978 554 1106 612 tionibus
1129 555 1319 625 imponemus.
1342 555 1369 610 S.
1400 556 1677 624 Dernardus,serm.
1705 560 1828 616 Dever-

75 642 184 711 beutes,
217 645 274 700 Deo
300 643 408 699 vivunt
435 645 529 714 magis
557 658 647 714 quam
673 645 768 701 caetmi
799 644 928 703 homines
980 642 1023 699 bis
1039 643 1151 699 Domini
1169 659 1175 697 :
1194 663 1208 691 «
1231 643 1305 701 Vere
1331 643 1500 709 claustrum,
1531 645 1634 701 iratres
1663 646 1730 713 mei,
1757 662 1826 705 vere

75 732 126 802 qui
141 731 171 787 iu
186 746 305 802 corpore
330 738 495 788 versantur.
517 731 641 802 »lQuam
656 732 693 788 ob
713 745 773 789 rem
790 733 817 789 S.
833 733 928 805 Cbry-
980 732 1079 802 religio
1102 738 1143 788 est
1162 732 1323 802 paradisus.
1353 752 1368 783 ι
1393 732 1495 789 Petrus
1516 732 1651 803 Dleseus,
1677 735 1761 806 epist.
1793 739 1825 791 l3

75 829 219 888 sostomo,
236 819 335 877 homil.
359 821 403 888 70,
426 819 455 876 in
475 833 538 890 cap.
557 821 601 875 22.
614 820 734 877 llattb.:
753 843 764 870 ι
781 821 844 878 Non
857 822 927 879 coelo
979 818 1035 876 sub
1050 821 1154 876 finem:
1174 842 1185 870 ι
1203 821 1293 877 turta
1312 821 1483 877 sententiam
1503 821 1597 878 cordis
1611 822 1677 890 mei,
1693 822 1718 878 si
1739 837 1829 893 para-

75 907 246 965 divertioula
272 909 484 965 monachorum
516 908 628 965 minora
654 910 824 967 aestimanda
847 919 925 968 sunt.
978 906 1059 964 disus
1085 907 1259 965 inbacvita
1280 908 1414 979 prasenti
1442 915 1494 975 est,
1525 909 1570 964 vel
1590 909 1620 965 in
1638 909 1828 978 claustroest,

76 995 180 1066 angeli
203 1009 316 1067 nempe,
340 997 397 1052 imo
426 1010 496 1052 vero
524 995 585 1066 ipse
611 1010 729 1067 quoque
756 997 927 1069 angelorum
979 996 1024 1053 rel
1040 996 1070 1052 in
1085 997 1193 1052 sobola.
1221 997 1284 1052 »Et
1300 996 1365 1067 pius
1382 998 1507 1053 loannes
1534 996 1650 1054 Gerson.
1668 997 1720 1055 lib.
1740 1014 1770 1055 ιιι
1791 1001 1830 1056 De

76 1084 215 1140 Dominus
234 1097 433 1154 saepenumero
461 1082 498 1139 ad
511 1097 559 1139 eos
573 1083 769 1139 divertuntur.
790 1105 801 1132 ι
819 1084 928 1139 lterum
980 1083 1137 1140 imitatione
1156 1083 1269 1151 Christi,
1295 1087 1408 1155 capilo
1434 1100 1440 1139 ε
1472 1085 1574 1143 «llere
1593 1085 1652 1141 vita
1683 1086 1751 1142 boni
1770 1101 1827 1144 mo.

76 1173 191 1242 Gregor.
224 1173 310 1236 Nar„
334 1179 411 1228 orat.
437 1172 474 1228 ad
494 1171 644 1229 lulianum
672 1172 754 1229 Trib.
784 1186 886 1243 exseq.
918 1187 925 1226 :
980 1171 1067 1229 nacbi
1081 1186 1155 1228 crux
1171 1178 1223 1238 est,
1243 1173 1293 1229 sed
1307 1172 1369 1231 dun
1379 1172 1543 1244 paradisi.»

79 1260 157 1316 «Dei
185 1274 284 1317 servos
298 1267 326 1317 et
340 1259 504 1330 discipulos,
522 1260 681 1317 coelestium
707 1274 806 1318 rerum
831 1260 925 1330 inspe-
1015 1259 1157 1317 Caeterum
1184 1274 1233 1317 eas
1256 1259 1302 1317 SS.
1334 1261 1453 1318 Parrum
1490 1262 1645 1318 sententias
1670 1261 1711 1318 sic
1740 1276 1758 1319 a
1784 1277 1830 1320 me

75 1354 177 1412 atores,
203 1347 317 1420 generis
340 1347 430 1404 nostri
453 1347 605 1419 primitias,
628 1348 689 1404 hac
703 1347 859 1413 columina,
876 1348 928 1404 bas
980 1348 1125 1418 expositas
1153 1348 1239 1406 velim
1265 1348 1375 1418 credas,
1405 1364 1463 1405 non
1496 1350 1532 1406 ad
1566 1350 1682 1419 lastum,
1709 1365 1768 1408 nou
1794 1351 1831 1408 ad

77 1436 143 1492 lidei
175 1444 279 1493 nostrae
307 1450 438 1505 coronas,
471 1436 523 1492 bos
556 1436 655 1506 templi
679 1434 823 1506 lapides»
860 1442 925 1504 ete,
968 1435 1165 1508 ¹philautiam3
1199 1437 1259 1494 sire
1286 1444 1318 1494 ut
1332 1437 1396 1494 aliis
1411 1437 1562 1494 ordinibus
1589 1438 1754 1496 institutum
1770 1453 1832 1496 mo-

77 1524 201 1596 appellat
235 1525 390 1581 monachos
414 1525 450 1581 Et
476 1523 639 1581 Sarriarms.
657 1524 705 1580 lib.
731 1539 782 1580 vru
805 1525 845 1581 De
869 1538 926 1595 gu·
980 1524 1134 1593 nasticum,
1164 1526 1290 1596 quodid
1312 1525 1366 1582 sim
1391 1526 1553 1595 amplexus,
1577 1527 1714 1583 anteferri
1734 1528 1831 1598 lappe-

76 1611 136 1669 ber.
153 1619 225 1683 post.
240 1611 601 1684 med.:‹SanctostDei.»
980 1614 1055 1685 tam(
1073 1629 1086 1660 r
1105 1613 1186 1670 Absit
1218 1613 1288 1670 mibi
1303 1613 1430 1686 gloriari,
1447 1614 1502 1669 nisi
1532 1615 1562 1670 in
1600 1628 1686 1671 cruce
1714 1615 1828 1671 Domini

111 1700 272 1758 Concilium
298 1701 467 1758 Toletauum
489 1716 519 1757 rr
535 1701 590 1757 sub
610 1700 734 1757 Honorio
749 1701 801 1756 ΡΡ.
821 1701 843 1756 l.
860 1687 961 1770 cap.B
981 1703 1070 1759 nostri
1097 1705 1163 1760 lesu
1192 1702 1308 1769 Cbristi,
1335 1716 1488 1773 perquem
1503 1702 1575 1757 mibi
1588 1701 1717 1757 mundus
1733 1702 1830 1758 cruci·

78 1791 112 1843 50
132 1803 138 1842 :
159 1809 170 1837 ι
193 1787 296 1845 clerici
315 1788 377 1859 iqui
402 1788 613 1845 monachorum
636 1788 813 1859 propositum
837 1801 927 1859 appe·
980 1790 1059 1847 flxus
1072 1799 1124 1848 est.
1140 1799 1167 1848 et
1181 1805 1235 1863 ego
1252 1791 1362 1847 mundo
1383 1790 1499 1861 (Galat.)
1522 1805 1562 1857 vr,
1580 1792 1633 1857 la).
1657 1809 1672 1840 ι
1687 1790 1748 1846 lmo
1763 1803 1830 1846 vero

78 1883 153 1943 tunt,
171 1877 241 1946 quia
256 1875 401 1933 meliorem
418 1877 507 1932 sitam
521 1877 602 1948 sequi
618 1876 750 1947 cupiunt,
766 1876 871 1934 liberos
886 1876 928 1933 eis
979 1892 1061 1936 mens
1075 1893 1139 1935 mea
1164 1878 1344 1950 potissimum
1368 1879 1433 1943 luit,
1454 1892 1520 1949 quae
1538 1877 1609 1934 mibi
1625 1878 1709 1947 linter
1729 1877 1830 1949 legen-

77 1964 114 2020 ab
137 1964 277 2035 episcopis
295 1965 324 2021 iu
347 1965 528 2022 monasteriis
550 1964 650 2037 largiri
677 1971 787 2036 oportet
812 1965 926 2036 ingras-
980 1966 1050 2023 dum
1079 1966 1260 2038 collegeram,
1284 1964 1392 2036 speculi
1420 1964 1521 2034 instar,
1552 1964 1586 2021 iis
1615 1965 1678 2035 qui,
1710 1964 1831 2021 terrenis

77 2066 137 2108 sus.
165 2074 176 2101 ι
203 2053 368 2110 Boniiacius
387 2067 460 2125 papa
477 2053 516 2110 tv
543 2053 653 2111 clericis
675 2053 853 2124 anglicanis,
875 2052 926 2123 qui
979 2055 1067 2112 rebus
1085 2054 1233 2125 despectis,
1249 2053 1354 2110 Christi
1375 2066 1465 2110 suave
1479 2054 1585 2125 jugum
1599 2052 1730 2109 humeris
1744 2052 1831 2115 [ultro

78 2141 157 2197 omni
170 2142 265 2199 studio
275 2143 397 2213 totisque
411 2142 523 2200 viribus
546 2143 711 2211 monachos,
727 2141 805 2214 quod
819 2138 927 2198 mortui
980 2141 1189 2213 imposuerunt,
1215 2141 1354 2213 oinrere3
1387 2148 1533 2212 quatenus
1557 2142 1693 2212 ‘repetere
1722 2148 1833 2211 queant

78 2236 173 2289 essent
199 2231 318 2298 mundo,
340 2231 510 2287 clericorum
535 2231 636 2287 olllciis
659 2244 757 2287 arcere
777 2231 926 2287 mnabau-
979 2231 1075 2289 animo
1094 2233 1172 2303 qued
1187 2232 1314 2299 Gerson.,
1332 2229 1379 2286 ubi
1400 2242 1489 2299 supra
1504 2243 1567 2300 cap.
1586 2231 1628 2297 l0,
1646 2229 1716 2285 tanti
1741 2228 1830 2286 iacit:

78 2325 137 2386 tur,
154 2318 338 2389 respondeus,
356 2319 430 2375 inter
443 2318 500 2375 alia
522 2318 563 2375 sic
586 2319 735 2375 rescribit:
755 2339 766 2368 ι
790 2318 926 2375 Sacerdo—
982 2342 993 2370 ι
1030 2320 1096 2377 Non
1119 2319 1194 2376 enim
1217 2319 1353 2376 omnibus
1380 2318 1545 2389 (exclamat)
1576 2317 1678 2376 datum
1701 2317 1753 2374 'est
1785 2325 1828 2387 ut,

80 2413 121 2463 tes
144 2406 233 2477 igitur
259 2406 393 2463 monacbi
418 2414 446 2462 et
469 2405 609 2474 canonici,
639 2407 691 2477 qui
719 2405 846 2478 quotidie
876 2405 926 2462 Dei
978 2407 1114 2465 omnibus
1128 2407 1277 2477 abdicatis,
1287 2405 1393 2463 saeculo
1407 2405 1582 2473 renuntient,
1598 2412 1626 2462 et
1642 2404 1829 2484 monasticam

79 2503 221 2565 praecepta
233 2495 419 2560 annuntiant,
440 2494 534 2567 angeli
562 2502 704 2551 vocantur
727 2495 838 2551 ratione
866 2509 924 2551 nou
977 2496 1067 2554 vitam
1106 2503 1244 2553 assumat.
1290 2517 1301 2544 ι
1330 2495 1388 2551 Nec
1420 2508 1478 2550 nou
1509 2499 1538 2550 et
1564 2507 1621 2564 quo
1648 2492 1751 2551 animae
1796 2507 1830 2551 ac

78 2582 247 2655 incongrua.
268 2582 320 2639 Sed
346 2584 550 2653 unusquisque
564 2582 713 2655 angelicus
727 2583 797 2639 ordo
814 2590 925 2653 quanto
978 2583 1104 2655 eorporis
1136 2583 1212 2640 vires
1244 2583 1406 2651 collineare,
1441 2587 1469 2639 et
1506 2587 1651 2652 quantum
1672 2581 1827 2650 virtutum,

78 2672 236 2729 claritatem
262 2672 311 2726 Dei
332 2672 446 2728 vicinus
472 2671 694 2742 contemplatur,
718 2677 798 2729 tanto
825 2670 924 2744 digni·
959 2666 1195 2743 sanctitatisque
1211 2671 1358 2744 fastigium
1381 2677 1509 2740 spectare
1525 2668 1658 2737 debeant,
1684 2668 1756 2725 nibil
1770 2682 1827 2725 non
1857 2668 1860 2673 ’

79 2766 136 2817 tate
167 2760 317 2817 sublimior
344 2759 537 2816 ailirmatur:
576 2773 643 2815 nam
689 2760 733 2817 uti
756 2759 922 2827 Cherubim,
977 2770 1142 2833 agnoscant.
1168 2762 1262 2832 litque
1286 2760 1327 2816 illi
1346 2767 1482 2830 praterea
1512 2759 1685 2816 verecundia
1718 2759 1829 2831 percel-

77 2849 210 2906 monacbi
234 2863 284 2904 sex
309 2848 361 2904 alis
380 2848 525 2916 velantur,
552 2868 563 2898 ι
596 2856 650 2905 eto.
680 2849 772 2905 Habet
791 2848 853 2905 bac
874 2849 924 2905 lro
978 2849 1087 2919 lantur,
1113 2848 1223 2920 quibus
1245 2847 1324 2905 cordi
1347 2846 1465 2903 minime
1478 2853 1520 2903 est
1535 2845 1622 2902 hocce
1635 2846 1710 2913 {ritae
1725 2860 1827 2918 genus,

76 2937 194 3002 decret,
217 2942 291 3007 part.
325 2952 375 3002 ru,
403 2949 465 3006 cap.
491 2938 535 2991 ⁶22.
556 2935 686 2994 Concinit
710 2935 740 2992 in
764 2935 839 2992 banc
862 2948 922 2992 rem
977 2922 1088 2996 scilicet¹
1111 2937 1301 3005 abstinentia,
1332 2935 1461 3008 jejuniis,
1490 2934 1607 3007 vigiliis,
1637 2934 1827 3001 chameuniis,

77 3039 240 3094 anonymus
255 3030 338 3094 poeta
361 3024 390 3080 in
410 3024 485 3081 notis
505 3024 652 3081 Sirmundi
674 3024 711 3080 ad
735 3022 785 3081 lib.
804 3039 843 3081 ιι.
866 3024 925 3081 Go·
977 3025 1098 3096 silentio,
1114 3026 1261 3083 solitudini
1275 3032 1302 3082 et
1318 3023 1436 3092 crateris,
1453 3038 1519 3095 quae
1536 3023 1637 3096 gravia
1662 3037 1696 3079 ac
1711 3022 1830 3079 molesta

78 3109 186 3167 deiredi
205 3109 307 3179 Vindo,
319 3110 402 3180 epist.
415 3113 426 3166 l
439 3111 468 3166 in
485 3111 550 3167 line.
976 3115 1057 3194 carni
1070 3129 1171 3172 revera
1185 3113 1330 3179 videntur,
1356 3111 1589 3170 exercitamentis
1606 3125 1724 3182 operam
1749 3111 1828 3178 dare,

977 3216 1066 3273 seque
1078 3202 1114 3259 ad
1133 3216 1167 3259 ea
1182 3200 1355 3272 perficienda
1379 3201 1454 3257 votis
1467 3200 1658 3272 obstringere,
1678 3206 1740 3255 tum
1754 3211 1830 3266 ¹ver-

977 3290 1031 3358 bis,
1066 3298 1126 3347 tum
1152 3289 1239 3347 etiam
1259 3289 1374 3361 scriptis
1397 3288 1571 3359 improbant,
1596 3288 1772 3359 studentque
1790 3284 1831 3341 ia-

977 3379 1094 3435 stidium
1110 3391 1266 3451 suggerere
1282 3377 1478 3449 praeiatorum,
1503 3390 1655 3446 perperam
1677 3376 1828 3431 edocentes

77 3460 208 3532 Denique
231 3462 420 3533 subsequiora
440 3469 568 3534 tempora
591 3463 745 3534 paululum
787 3461 925 3534 inspicia·
977 3479 1076 3523 rerum
1091 3480 1177 3523 usum
1193 3465 1264 3521 nibil
1280 3478 1398 3535 prorsus
1414 3477 1555 3521 remoram
1578 3463 1747 3520 Christiana
1764 3475 1830 3533 per-

77 3561 152 3604 mus.
179 3549 212 3604 ln
230 3549 349 3606 concilio
367 3550 560 3608 lemovicensi
582 3564 630 3607 an.
649 3550 727 3618 1034,
750 3550 792 3606 ita
809 3548 925 3620 eosqui
978 3553 1092 3611 lectioni
1119 3555 1235 3619 interro,
1260 3552 1343 3610 modo
1362 3551 1437 3608 adsit
1463 3551 1604 3622 charitas3
1646 3549 1730 3621 quasi
1760 3564 1828 3607 vero

77 3635 268 3695 consedebant
282 3637 388 3696 aliatur
416 3653 521 3710 praeses
538 3653 576 3694 τι
604 3639 649 3695 llli
672 3638 750 3696 enim
768 3637 925 3710 (monachi)
978 3641 1040 3698 haec
1062 3641 1124 3711 ipsa
1150 3639 1314 3697 conservari
1338 3638 1435 3710 possit,
1452 3638 1598 3709 (ebaritas,
1614 3638 1745 3708 inquam,
1763 3651 1829 3708 quae
1895 3629 1899 3637 ’

78 3724 181 3782 nostris
196 3726 308 3798 legibus
325 3727 483 3800 constringi
503 3727 685 3796 condebant,
706 3727 757 3798 qni
779 3727 855 3784 ultra
873 3740 925 3781 nos
978 3742 1036 3784 non
1063 3728 1168 3800 quaerit
1192 3742 1258 3799 quaa
1284 3741 1338 3783 sua
1372 3733 1451 3793 sunt,
1479 3725 1527 3783 sed
1541 3726 1613 3796 {quae
1639 3726 1707 3782 lesu
1721 3723 1828 3782 Christi

77 3826 128 3882 per
153 3822 262 3870 arctam
280 3822 308 3871 et
332 3823 487 3888 angustam
518 3824 630 3887 portam
664 3815 731 3873 rita
758 3812 926 3887 ingrediuu·
979 3819 1004 3884 (l
1027 3818 1088 3874 cor.
1122 3831 1181 3882 ιιιιι,
1203 3817 1242 3887 5),
1268 3815 1322 3871 nisi
1347 3828 1454 3884 eorpus
1477 3813 1652 3884 castigetur,
1681 3811 1831 3884 redigatur

79 3906 136 3958 tur.
154 3901 291 3959 »Deinde
311 3911 500 3975 postpauca:
533 3903 689 3961 «Abbates
703 3903 853 3975 regulares
867 3916 925 3958 non
979 3905 1008 3963 in
1022 3905 1190 3963 servitutem
1219 3904 1245 3975 (l
1269 3906 1329 3962 Gor.
1346 3918 1386 3972 rx,
1407 3903 1461 3974 2⁷),
1487 3901 1732 3975 quemadmodum
1758 3900 1831 3972 apo-

77 3986 140 4045 ideo
167 3988 203 4045 ad
231 3990 375 4060 synodum
412 3990 510 4047 venire
542 4005 613 4062 cogo
651 3989 741 4061 hujus
774 3988 861 4055 sedis,
894 3995 926 4045 ut
977 3994 1078 4062 stolus,
1102 4002 1129 4051 et
1156 4000 1299 4065 quotquot
1320 3992 1480 4050 sanctitatis
1503 3991 1619 4048 nomine
1646 3989 1676 4048 iu
1700 3990 1828 4048 Ecclesia

78 4084 252 4148 arguantur,
277 4078 326 4134 sed
347 4085 379 4136 nt
404 4078 475 4135 mibi
490 4078 525 4136 de
540 4079 627 4136 rebus
644 4076 841 4137 ecclesiasticis
863 4091 925 4133 mo·
978 4096 1161 4151 veneramur,
1178 4082 1344 4140 actitavere.

77 4165 213 4222 deraudis
235 4166 400 4224 consultum
415 4167 578 4239 prabeaut3
594 4174 740 4239 quatenus
756 4165 820 4237 ipsi,
845 4164 927 4236 spiri-

79 4253 172 4311 tuales
182 4253 249 4324 viri,
279 4255 308 4311 iu
332 4256 520 4314 retributione
545 4270 657 4313 coronae
677 4254 960 4340 mecum'partici-1,

113 3242 158 3298 Sic
173 3242 307 3298 cherubin
320 3244 392 3312 cerlo,
409 3245 534 3299 mortarii
544 3245 638 3299 tellure
652 3247 799 3312 monentes,

151 3332 237 3386 Unum
251 3330 319 3387 dont
330 3333 380 3387 ani
389 3333 531 3386 amcitiam
541 3333 660 3387 Domim

977 4212 1053 4264 m
1079 4209 1166 4264 leonis
1192 4207 1364 4264 duraciensis
1390 4208 1510 4277 episcopi
1541 4206 1638 4261 littera
1666 4203 1703 4259 ad
1724 4207 1827 4282 Bartae·

1113 4299 1185 4352 rirtm
1201 4288 1366 4352 Bonaooilir
1380 4295 1539 4352 monosterii
1552 4295 1687 4350 abbatem.

79 4351 192 4413 pentur.
223 4364 234 4393 ι
261 4330 342 4401 Unde
369 4343 396 4401 S.
423 4345 478 4402 Leo
502 4345 556 4401 ΡΡ.
591 4345 632 4401 lll
660 4344 868 4421 monachorum
896 4343 923 4399 s.

79 4429 200 4502 Remigii
223 4430 253 4487 iu
278 4431 396 4489 concilio
420 4432 570 4490 Demensi:
598 4453 612 4483 κ
638 4432 798 4490 societatem
825 4431 926 4489 devote
1017 4429 1190 4496 «Quoniam
1210 4427 1409 4499 dispositiones
1431 4426 1688 4485 ecclesiasticarum
1718 4437 1826 4492 rerum,

78 4518 157 4588 petiit
188 4517 253 4589 (lert
275 4525 359 4577 vetus
379 4520 488 4592 charta)
511 4528 539 4578 et
566 4521 685 4592 accepit,
711 4533 854 4591 suamque
886 4518 927 4575 eis
981 4517 1135 4588 episcopali
1163 4531 1241 4574 curae
1272 4517 1428 4585 iaciendas,
1454 4516 1671 4573 decretorumet
1685 4525 1829 4569 canonum

79 4605 228 4664 humiliter
243 4608 406 4677 petentibus
420 4609 543 4681 largitus
556 4615 609 4677 est,
636 4630 647 4659 ι
672 4617 726 4666 etc.
742 4607 827 4664 anno
847 4609 925 4676 1049,
981 4606 1095 4678 pagina
1115 4605 1286 4675 concedunt,
1308 4612 1360 4663 etc.
1380 4625 1391 4654 »
1410 4605 1478 4661 Vide
1491 4601 1563 4658 inter
1585 4601 1713 4672 epistolas
1726 4601 1827 4669 locate,

78 4709 137 4767 qno
170 4694 231 4752 loeo
256 4689 422 4752 monasticis
448 4695 523 4753 votis
559 4696 688 4754 astrictos
724 4694 842 4752 baberet
875 4695 925 4752 lvo
979 4694 1056 4766 opud
1069 4709 1117 4749 noa
1133 4697 1203 4750 tomo
1217 4692 1401 4750 moaedendo.
1848 4682 1853 4690 ’

911 4917 1001 4964 tilltls.

679 5151 757 5209 sold
776 5151 848 5208 1)Εο
871 5148 992 5210 collon
1014 5149 1060 5207 ΕΤ
1086 5148 1229 5208 ducali.
