3818 6008
575 241 758 300 nonnullis
780 241 812 298 ln
832 242 980 300 uenusto
1000 241 1066 301 lla.
1088 239 1130 299 lv.

1680 242 1727 298 lts

56 393 115 437 rum
143 385 306 436 nostrorum
336 378 446 451 praemii
473 378 531 436 fise
558 378 726 446 locavimus,
757 379 818 437 sinc
837 384 860 436 ,ι
878 389 976 438 atrurn
999 381 1137 447 invidere,
1159 380 1355 437 subversionis
1375 379 1455 437 dolos
1470 381 1634 448 obtendere,
1660 396 1727 452 quaa

56 476 199 539 ungriam
221 468 304 525 altari
321 482 377 524 non
394 467 552 524 olierimns.
574 469 647 524 ilinc
665 468 771 535 Berbel,
797 467 823 524 id

56 556 245 627 ipercoelestis
269 557 372 614 domus
394 557 452 625 Dei,
477 556 718 627 contemplatione
749 572 824 628 gau-

58 659 82 713 s,
109 644 189 701 illinc
206 644 314 717 gaudia
336 645 398 712 ilai,
419 644 447 700 id
462 653 505 702 εει
522 652 653 702 tartarea
677 645 824 702 conlusio-

56 734 161 790 lntuitu
180 733 370 800 moderantes,
386 735 486 805 sicque
501 733 584 790 nobis
599 748 702 790 nornen
726 734 824 790 Donni-

56 818 105 875 1od
121 826 163 874 est
177 820 271 883 lesus,
286 818 367 874 idest
383 817 523 886 Salvator,
540 818 716 875 invocantes.

56 956 93 999 as.
109 944 135 1008 5,
152 944 180 1008 6,
199 945 224 995 7.
241 971 275 980 —
292 941 346 998 Sed
359 946 384 995 ei
396 942 475 1008 Lolli,
491 944 541 1011 pai
555 947 615 997 eral
630 958 690 996 cum
707 943 821 1001 Abram.

56 1035 85 1085 nt
102 1045 196 1096 preces
212 1032 315 1092 orium,
332 1034 357 1084 el
377 1037 510 1098 armenia,
525 1036 550 1085 et
570 1032 754 1086 tabernacula.
771 1034 823 1088 Nic

56 1122 80 1172 ri
102 1133 145 1173 eos
168 1133 264 1188 capere
284 1122 367 1184 terra,
393 1123 423 1172 al
461 1118 618 1173 habitarent
640 1121 730 1174 simul.
755 1123 824 1175 Erat

56 1208 249 1262 esubstantia
264 1221 355 1261 earum
377 1202 473 1275 mulia,
493 1212 519 1261 et
534 1223 586 1261 aaa
606 1208 722 1278 quibant
742 1209 823 1262 bubi-

56 1298 232 1351 vrmmam'ler.
260 1295 335 1352 Urtde
349 1301 374 1350 ει
387 1297 464 1362 sacia
476 1301 516 1352 εει
533 1297 598 1350 risa
616 1298 688 1351 iuter
701 1301 823 1366 pastores

56 1401 84 1439 m
105 1385 211 1439 Abram
230 1390 256 1439 et
276 1385 353 1439 boib.
379 1385 457 1448 Lolli,
481 1383 694 1440 inescaretur
715 1395 820 1453 nostro,

56 1473 105 1533 diu
125 1473 229 1530 rationi
255 1474 338 1543 qnasi
360 1474 468 1529 Abram
490 1473 617 1540 inhaeret,
642 1489 734 1541 greges
754 1482 822 1531 sunl

56 1583 70 1632 ι,
100 1563 295 1619 numerositas
316 1563 447 1618 videlicet
470 1561 646 1631 simplicium
674 1564 769 1631 adse,
794 1570 822 1619 ει

55 1652 166 1708 icarum
204 1651 240 1706 ad
277 1651 348 1707 alios
387 1650 609 1722 cogitationum3
649 1664 706 1706 nou
745 1649 820 1706 enirn

80 1738 146 1805 sibi,
173 1738 223 1794 sed
250 1746 277 1794 et
301 1738 365 1793 aliis
394 1737 502 1794 vellera
528 1736 623 1794 ierunt
647 1752 729 1808 oves3
754 1746 822 1796 sunt

56 1832 104 1894 ιιε,
126 1826 209 1883 lortia
223 1826 328 1882 scilicet
345 1826 485 1882 virtutum
499 1840 599 1896 opera;
617 1826 723 1882 adsunt
737 1826 822 1882 deni-

56 1915 241 1982 rubernocala,
272 1916 341 1970 dnm
376 1915 468 1971 sciens
494 1915 541 1971 bic
566 1930 595 1971 se
623 1930 680 1971 non
715 1915 821 1972 babere

56 2011 136 2061 utem
157 2004 303 2060 civitatem
325 2005 414 2073 laese.
440 2019 501 2071 xm,
524 2004 579 2073 li),
597 2004 702 2075 cogitat
717 2003 746 2060 iu
768 2004 822 2060 boc

59 2107 76 2150 o
98 2108 128 2150 se
150 2093 258 2149 versari
277 2107 312 2148 ac
330 2092 353 2147 si
376 2092 405 2148 in
421 2092 547 2162 quadam
563 2101 723 2148 castrorum
747 2091 820 2148 mili-

56 2188 121 2238 sunt
144 2195 272 2251 namque
294 2180 480 2236 militantium
504 2181 547 2236 vel
574 2179 821 2251 peregrinantium

56 2268 173 2338 nacula3
199 2283 256 2325 non
279 2274 369 2338 potest
385 2275 479 2324 tamen
495 2281 542 2323 eos
558 2276 766 2336 terra.cnpere‚
791 2274 822 2324 ut

84 2357 226 2423 habitent,
250 2356 320 2426 (piria
345 2356 503 2424 terrenitas,
521 2371 586 2426 nina
600 2362 741 2428 aggravat
755 2355 821 2410 ani-

84 2446 161 2514 (Sap.
197 2461 235 2512 rx,
274 2445 328 2512 iil,
355 2460 412 2501 non
442 2446 551 2514 patitur
585 2442 820 2500 intellectualitati

56 2532 210 2606 agabililer
231 2547 265 2589 ac
285 2533 433 2589 individue
453 2533 584 2603 quandiu
604 2533 633 2589 in
658 2533 712 2587 bae
735 2546 832 2605 carue,

56 2636 86 2678 ιε
108 2622 268 2692 appetitum
285 2622 446 2677 consentire
465 2621 634 2677 carnalem:
658 2621 727 2677 Caro
750 2624 820 2676 erum

56 2713 137 2781 piscit
166 2709 297 2765 aduersus
319 2711 461 2780 spiritum,
490 2713 516 2763 et
545 2711 660 2779 spiritus
691 2710 820 2764 aduersus

56 2815 79 2853 m
103 2798 179 2866 (Gal.
204 2813 230 2864 v,
257 2799 311 2866 lv).
337 2797 407 2853 Nam
440 2797 612 2865 substantia,
639 2798 666 2853 id
691 2806 732 2854 cst
757 2813 818 2854 mo-

56 2929 64 2954 ,
90 2887 140 2958 qui
166 2885 253 2943 rncnli
278 2900 329 2942 ure
353 2886 497 2955 substant,
521 2886 687 2943 inlirnorum
713 2887 819 2942 discre-

878 470 1026 526 demenliae
1044 470 1230 526 extremitas?
1258 472 1324 525 Eece
1337 472 1464 524 univesa
1490 475 1565 526 terra
1585 485 1676 525 eoram
1701 474 1726 525 te

878 563 927 624 esi,
949 559 976 613 id
991 566 1032 614 est
1055 558 1198 614 universes
1221 558 1394 615 terrenitatis
1414 559 1560 628 appetitus
1580 559 1609 614 in
1633 572 1725 629 prorn-

879 653 930 718 ptu
950 650 1006 713 esl;
1031 647 1052 702 si
1070 653 1101 702 tn
1121 647 1303 702 sinistrorum
1330 661 1380 715 per
1404 647 1578 719 flagitiorum
1597 660 1726 703 convexa

879 736 1063 806 processeris:
1087 737 1229 792 virtutum
1252 735 1428 802 modestiam,
1448 735 1524 806 quod
1546 744 1587 792 εει
1612 737 1724 800 dextra,

878 831 910 880 ut
934 823 989 880 dici
1016 824 1094 890 solet,
1132 831 1224 879 rostro
1247 830 1274 879 ct
1303 824 1453 895 unguibus
1475 839 1520 880 me
1545 824 1725 880 defensuram

878 912 1014 969 noveris?
1038 912 1114 982 qnod
1137 912 1159 967 si
1185 912 1219 967 de
1240 911 1300 982 ipsa
1322 911 1456 979 dexterae,
1481 911 1588 968 scilicet
1611 911 1727 968 virtutis

878 1001 1016 1068 custodia,
1031 999 1222 1071 perclationis
1237 1001 1373 1069 impetum
1389 1015 1435 1056 me
1447 1008 1555 1056 tentare
1568 998 1725 1071 delegeris?

876 1104 929 1161 ego
944 1089 981 1144 ad
1004 1092 1147 1144 sinistrum
1164 1095 1345 1157 peccatorum
1370 1101 1385 1142 a
1412 1088 1542 1144 maulim
1565 1087 1726 1144 commisso·

878 1191 943 1233 rum
960 1176 1068 1233 intuitu
1084 1177 1178 1233 cordis
1192 1190 1322 1246 pergens,
1341 1183 1490 1246 conceptos
1505 1175 1612 1232 rellubo
1628 1183 1725 1232 turno-

877 1281 922 1323 res
936 1266 1036 1323 aculeo
1048 1265 1236 1323 discretionis.

912 1391 998 1448 Vsus.
1024 1392 1063 1443 ιι).
1089 1418 1122 1428 -
1143 1389 1264 1442 Ειεειιιιε
1281 1391 1372 1456 itaque
1388 1387 1457 1441 Lolli
1472 1389 1556 1442 oculis
1574 1389 1643 1442 uidit
1667 1404 1723 1442 oru-

875 1495 934 1533 nem
956 1481 1029 1532 circo
1052 1481 1237 1556 serapionem
1255 1477 1395 1543 iordanis,
1426 1492 1485 1546 guar
1507 1479 1635 1530 urtiuema
1655 1478 1719 1530 iivi-

875 1567 1002 1635 pabainr,
1044 1571 1189 1634 arilepuam
1226 1565 1390 1619 sabemierei
1421 1568 1490 1619 Deus
1522 1564 1665 1620 Sodomam
1699 1568 1725 1618 ei

842 1655 1066 1735 ssGcnsorrliam,
1091 1653 1162 1708 sicut
1183 1654 1331 1723 paradisus
1360 1655 1466 1708 Domini
1491 1657 1516 1707 et
1536 1655 1607 1708 sicul
1632 1651 1725 1718 AEgp·

876 1749 939 1813 ptus
967 1743 1135 1797 venientibus
1163 1743 1192 1796 in
1212 1743 1304 1808 Segor.
1324 1742 1393 1796 Lotis
1413 1740 1513 1797 oculos
1532 1739 1627 1812 erigit,
1656 1753 1723 1796 cum

876 1830 1000 1889 carnalis
1014 1832 1158 1902 appetitus
1172 1844 1208 1886 ex
1222 1829 1283 1899 ipsa
1299 1844 1394 1886 rerum
1411 1828 1602 1885 mundialium
1618 1826 1724 1899 cupida

876 1918 1103 1977 consideratione
1133 1918 1276 1989 superbit;
1310 1918 1387 1974 videt
1414 1932 1472 1973 non
1500 1917 1666 1985 lordanem,
1694 1915 1723 1973 id

875 2016 917 2066 est
940 2008 1109 2064 descensum
1132 2021 1243 2074 eorum,
1268 2006 1374 2062 seilicet
1398 2006 1652 2077 iniquorumque
1674 2019 1724 2075 per

876 2111 1001 2153 amorem
1026 2095 1185 2152 visibilium
1215 2095 1245 2151 iu
1269 2094 1442 2150 invisibilem
1466 2095 1605 2150 labuntur
1632 2094 1722 2150 inter-

877 2186 958 2249 ilum,
989 2186 1038 2242 sed
1065 2200 1168 2239 omnem
1195 2199 1260 2255 quae
1286 2187 1359 2239 cirea
1387 2189 1428 2239 εει
1454 2185 1598 2252 regionem,
1624 2181 1652 2236 id
1681 2188 1723 2239 εει

876 2272 966 2344 ipsius
982 2272 1090 2344 peccati
1105 2273 1362 2340 circumstantiam,
1380 2271 1477 2328 saeculi
1501 2271 1606 2327 scilicet
1633 2269 1723 2341 buius

872 2362 1100 2435 jucunditatem3
1123 2362 1277 2420 descensus
1301 2375 1369 2417 sane
1393 2367 1541 2433 peceatum
1565 2366 1618 2427 εει,
1643 2359 1723 2430 regio

875 2455 952 2509 cirea
974 2453 1154 2518 descensum,
1179 2451 1270 2522 gloria
1293 2449 1466 2520 temporalis.
1499 2449 1565 2505 liaec
1595 2449 1723 2502 renieersu

875 2542 1015 2612 irrigatur
1029 2539 1070 2596 uti
1092 2539 1243 2610 paradisus
1259 2539 1319 2604 Dei,
1337 2538 1406 2608 quia
1429 2536 1518 2592 lallar
1532 2535 1622 2592 animi
1637 2535 1723 2607 cupi-

874 2630 948 2686 ditas
970 2627 1006 2683 ad
1032 2628 1171 2684 utendum
1199 2627 1280 2684 bonis
1301 2626 1475 2683 transitoriis
1499 2625 1561 2681 sine
1582 2624 1640 2681 ullo
1666 2624 1722 2680 cri-

876 2717 961 2773 minis
982 2716 1102 2773 incursu
1125 2716 1264 2788 confingit
1289 2715 1343 2771 sibi
1370 2715 1460 2773 inesse
1485 2712 1608 2784 gratiam
1637 2711 1723 2767 bonc-

873 2805 965 2872 statis,
987 2812 1015 2861 et
1029 2805 1083 2872 bis,
1101 2820 1166 2875 quae
1183 2803 1416 2874 quasiquaedarn
1432 2810 1500 2858 sunt
1516 2799 1669 2872 paradisus
1686 2798 1722 2855 ob

874 2893 993 2950 nimiam
1018 2893 1062 2948 sui
1086 2892 1208 2963 speeiem
1232 2891 1282 2946 liei
1306 2904 1395 2946 manu
1412 2888 1529 2957 consita,
1551 2887 1626 2943 licite
1640 2901 1723 2942 men-

56 2989 83 3042 a,
107 2988 167 3030 non
193 2973 246 3029 reu
260 2987 365 3044 eorpus
380 2983 407 3030 et
430 2974 564 3044 spurium
579 2990 693 3045 semper
718 2975 747 3030 in
773 2975 819 3031 uei
839 2979 939 3049 Crem,
974 2990 1001 3039 et
1033 2997 1120 3039 usum
1152 2981 1255 3037 debere
1292 2977 1426 3047 attribue
1469 2978 1529 3033 nae
1567 2973 1722 3031 nonesraus

56 3079 74 3121 ο
97 3062 203 3118 sentire
225 3063 405 3130 communia;
428 3063 496 3119 binc
516 3077 584 3134 ergo
602 3062 632 3118 lit
657 3063 820 3120 indesinens

74 3160 202 3223 pastores
231 3159 423 3222 utrorumque
451 3166 572 3223 gregum
597 3152 669 3221 risa,
697 3153 767 3208 dum
792 3162 819 3209 et

56 3241 106 3297 itio
126 3240 307 3297 rationabilis
328 3255 380 3311 per
395 3240 510 3297 virtutis
527 3242 601 3311 pasci
618 3241 696 3311 cupit
712 3241 817 3306 studia,

56 3343 88 3385 er
101 3344 192 3385 sacrae
208 3328 320 3400 pagine
334 3329 426 3399 dicta;
448 3330 572 3385 carnalis
588 3344 655 3386 vero
671 3331 819 3402 temporali

56 3425 124 3474 atur
138 3416 248 3488 gloria:
264 3424 386 3488 pascunt
402 3417 557 3474 rationales
576 3424 671 3475 motus
686 3419 819 3489 lacrymae

59 3505 134 3563 rales
157 3520 282 3576 queque
302 3505 486 3576 joculatoria3
519 3505 610 3562 multa
634 3505 723 3577 igitur
746 3506 820 3563 inter

56 3609 112 3665 quc
133 3594 296 3650 discordia:
322 3596 449 3658 Fuerunt,
475 3594 580 3666 inutril,
605 3596 673 3649 mili
694 3597 820 3664 lacrymae

56 3698 133 3738 sanes
147 3684 233 3747 (Psoi.
248 3697 305 3748 ιιι,
321 3683 358 3752 ι).

56 3825 93 3868 ns.
110 3812 137 3875 8,
150 3812 177 3865 9.
193 3839 227 3849 -
242 3811 281 3864 uo
293 3814 383 3863 aulem
393 3812 509 3877 tempore
518 3808 697 3869 Chartaneeus,
708 3809 733 3859 ει
745 3803 820 3858 Pte-

56 3915 72 3954 s
87 3898 251 3953 babitabant
264 3900 295 3951 in
310 3901 384 3951 terra
399 3897 457 3950 illa.
484 3895 560 3950 dieu
578 3909 641 3961 ergo
664 3893 769 3948 Abram
784 3891 821 3945 ad

56 4002 59 4042 :
75 3989 124 4055 Ne,
144 4001 243 4056 quasa,
263 3988 300 4039 sit
311 3986 440 4055 jurgium
454 3985 526 4038 irater
539 3998 580 4037 me
595 3989 619 4037 et
634 3988 668 4048 te,
685 3986 734 4036 52
750 3984 821 4035 inter

56 4091 93 4130 nes
107 4091 190 4142 meos,
205 4080 230 4128 ei
246 4079 320 4140 tuos3
336 4076 438 4139 fratres
453 4076 525 4126 enim
543 4086 647 4126 samus.
672 4072 739 4125 Ecce
758 4071 820 4123 uni·

75 4170 149 4219 ierra
174 4177 264 4217 caram
286 4166 331 4216 le:
357 4164 383 4217 si
406 4166 435 4216 ιιι
454 4161 652 4215 adsiuistram
675 4162 749 4225 ieris,
774 4173 820 4226 epo

875 3070 980 3127 fiducia
1006 3069 1068 3126 lons
1084 3069 1197 3134 illaesi,
1213 3068 1263 3138 qui
1282 3067 1311 3122 iu
1328 3066 1409 3122 initio
1429 3065 1518 3136 buius
1533 3063 1596 3120 libri
1617 3062 1722 3135 legitur

875 3166 962 3216 lotum
988 3163 1069 3215 lernau
1093 3156 1273 3228 superficiem
1297 3155 1445 3226 irrigasse3
1469 3167 1555 3224 porro
1575 3151 1721 3222 regionem

876 3247 1041 3318 irrigamus,
1069 3250 1166 3315 utpote
1194 3244 1361 3315 paradisum
1392 3241 1451 3308 Dei,
1479 3241 1549 3312 quia
1579 3237 1722 3297 mundum

875 3351 925 3393 nos
947 3349 1027 3407 posse
1048 3334 1189 3405 religiose,
1222 3333 1462 3401 conuncmcrqne
1484 3337 1580 3385 tenere
1605 3327 1722 3398 pollicc-

875 3439 951 3490 mur,
968 3430 1064 3493 ulpote
1089 3431 1146 3478 tarn
1173 3421 1292 3491 pulchre
1308 3427 1402 3475 satum
1419 3418 1507 3474 verbo
1534 3417 1601 3486 Dei3
1626 3415 1674 3472 sed
1698 3415 1722 3470 is

874 3513 926 3582 qni
950 3511 1132 3581 paradisusa
1152 3511 1234 3565 nobis
1252 3508 1322 3564 luiso
1337 3509 1474 3578 jactatur,
1497 3519 1631 3575 processu
1650 3510 1721 3558 tem·

875 3601 951 3671 poris
980 3600 1010 3655 lit
1042 3600 1193 3669 AEgyptus
1223 3597 1251 3652 id
1281 3605 1322 3652 est
1355 3595 1478 3651 tenebrae
1508 3600 1535 3650 el
1570 3591 1721 3649 obduratio

873 3689 978 3756 cordis,
1003 3701 1061 3742 non
1077 3686 1141 3741 aliis
1156 3693 1251 3742 tamen
1275 3698 1362 3753 quarn
1384 3682 1552 3737 uenientibus
1574 3685 1604 3735 in
1628 3682 1719 3747 Sapor,

875 3790 925 3845 per
937 3775 1026 3831 animi
1041 3775 1148 3830 scilicet
1168 3774 1280 3830 buxum
1297 3771 1498 3828 delabentibus
1513 3770 1542 3825 in
1557 3768 1719 3837 lasciviam3

874 3865 962 3936 Segcr
980 3864 1056 3920 enirn
1072 3864 1179 3919 dicitur
1192 3864 1290 3929 vitula,
1307 3861 1351 3917 vei
1371 3859 1545 3926 meridiana3
1570 3854 1721 3927 inquibus

875 3952 1045 4025 intelligitur
1072 3965 1181 4022 pravus
1206 3950 1295 4006 animi
1317 3958 1413 4015 aestus,
1437 3955 1525 4018 alque
1547 3945 1720 4017 petulantiam

874 4042 1004 4112 dumque
1018 4042 1051 4097 de
1069 4041 1152 4106 bano,
1169 4039 1246 4110 quod
1261 4053 1319 4095 non
1332 4045 1383 4104 εει,
1400 4037 1579 4103 confidimns,
1598 4034 1625 4090 in
1641 4047 1720 4099 vera,

874 4144 939 4201 pire
955 4129 1038 4185 nobis
1053 4129 1163 4195 insunt,
1176 4127 1251 4183 mala
1270 4127 1425 4182 cernimus.

56 4268 113 4306 ram
142 4251 247 4320 teneam
287 4252 312 4304 si
332 4255 361 4304 ιιι
384 4250 527 4304 desieram
551 4251 671 4317 elegeris,
701 4265 749 4318 epo
783 4249 861 4332 od„
913 4253 995 4309 Vnus.
1023 4254 1064 4318 ιι,
1084 4255 1126 4317 la,
1143 4254 1185 4305 13.
1203 4279 1237 4290 -
1260 4251 1403 4318 elegitque
1417 4247 1474 4301 sibi
1495 4246 1565 4302 Lolli
1587 4248 1722 4313 regionem

56 4356 115 4395 ram
132 4354 254 4408 pergam.
279 4338 320 4395 Eo
342 4347 467 4408 lempore
490 4352 549 4408 nuo
575 4345 722 4407 pastorum
743 4337 820 4393 intra

64 4427 223 4486 aoeiestium
254 4427 361 4483 scilicet
395 4435 484 4497 atque
518 4426 697 4482 terrestrium
722 4426 820 4498 jurgia

56 4523 176 4580 rantur,
193 4518 362 4574 Clauonaeas
386 4522 468 4585 atque
491 4517 645 4571 Piereaaus
669 4515 698 4571 iu
723 4523 820 4571 nostra

56 4618 88 4662 aa
111 4603 261 4661 allectione
284 4612 449 4661 versantur.
472 4604 655 4661 Cbananaeus
679 4603 821 4672 interpre-

70 4695 260 4759 reversaret,
280 4691 448 4749 Pherezeeus
464 4707 607 4762 seponas,
630 4691 676 4747 vel
695 4691 821 4746 dissemi-

69 4782 164 4838 :dum
190 4781 276 4837 enim¹
290 4795 386 4852 neque
400 4789 497 4837 noster
515 4781 658 4852 apperitus
681 4786 744 4849 post
766 4793 822 4834 mo·

56 4884 157 4928 numm
182 4883 281 4940 pacem
303 4871 388 4942 quasi
403 4871 439 4926 ad
457 4869 539 4927 solita
559 4869 632 4926 bella
655 4869 820 4932 revertitur,

56 4966 142 5025 unm,
159 4958 440 5029 delectationumque
455 4958 565 5015 semina
588 4957 693 5013 animae
712 4957 821 5026 insper-

56 5063 95 5118 rr,
119 5048 229 5119 ouibus
250 5048 310 5118 ipsa
329 5048 474 5104 multoties
496 5054 660 5117 superatur,
686 5047 823 5117 lorpuatnr

56 5138 201 5197 adirem
221 5137 260 5192 ad
281 5137 361 5204 Lolli,
386 5151 432 5203 ne,
461 5135 564 5206 inquil,
590 5135 662 5191 ratio
694 5134 730 5190 ad
752 5132 821 5189 alie·

79 5235 139 5285 tarn
170 5226 317 5282 contraria
342 5238 476 5282 exercere
505 5239 538 5280 ac
565 5237 682 5280 monere
707 5221 824 5278 studeas

56 5316 126 5384 nati,
150 5329 219 5373 cum
239 5328 275 5371 ex
299 5327 360 5371 una
377 5313 549 5384 prodeuntes
567 5319 661 5367 ruente
682 5311 822 5381 quodam·

68 5419 124 5464 noe
138 5403 249 5461 vinciat
263 5415 409 5476 germanae
423 5401 459 5457 ad
481 5400 601 5456 invicem
618 5403 708 5470 pietas
722 5398 823 5455 condi-

62 5493 130 5566 ;[ct
153 5492 205 5550 ubi
234 5497 314 5548 tanta
340 5496 452 5546 naturae
467 5494 509 5544 est
529 5489 634 5547 unitas.
659 5487 711 5544 sibi
734 5486 823 5543 ailer-

874 4344 948 4397 circa
968 4340 1123 4406 Iordanem,
1148 4344 1174 4394 ει
1187 4340 1295 4394 recessit
1315 4337 1350 4391 ab
1365 4339 1481 4402 orienle;
1499 4335 1635 4403 diuisique
1658 4341 1723 4390 ειιιιι

874 4431 1036 4485 alterutrum
1064 4445 1081 4481 a
1104 4430 1194 4496 fratre
1222 4441 1280 4482 sao.
1309 4426 1414 4489 Abram
1436 4439 1499 4478 cero
1528 4425 1665 4478 babilonii
1692 4426 1722 4479 in

875 4524 949 4573 terra
981 4503 1127 4575 'Gitanaam
1156 4516 1226 4570 Lolli
1255 4519 1376 4570 moratus
1401 4518 1442 4568 est
1468 4516 1497 4567 in
1521 4510 1631 4581 oppidis
1662 4527 1723 4582 qna

874 4611 952 4662 eraut
971 4604 1058 4676 jacta
1080 4603 1234 4668 dordonam,
1253 4608 1277 4658 ei
1300 4603 1435 4658 babilonii
1458 4603 1489 4655 in
1509 4599 1643 4655 Sodomis.
1669 4602 1720 4656 llo·

874 4698 959 4749 mines
982 4699 1071 4748 uatem
1094 4692 1237 4749 Sodomita
1259 4693 1371 4762 pessimi
1394 4694 1472 4744 εναιιι
1497 4704 1588 4744 soram
1609 4691 1721 4743 Domino

874 4784 968 4838 nimis.
994 4783 1043 4838 iiae
1067 4788 1131 4837 totae
1153 4781 1252 4852 igitur,
1274 4794 1349 4851 quas
1368 4777 1594 4849 prelibavimus,
1620 4776 1723 4832 mentis

876 4871 963 4925 laruae
977 4867 1214 4939 praesumptiones
1239 4866 1312 4922 siunt
1326 4872 1482 4936 antequam
1499 4864 1574 4919 Deus
1595 4862 1624 4917 in
1640 4861 1723 4918 nobis

876 4956 1072 5024 Gomorrbam,
1091 4955 1119 5010 id
1142 4960 1185 5010 est
1201 4954 1296 5023 populi
1316 4952 1484 5018 seditionem,
1512 4948 1587 5021 quod
1604 4963 1662 5004 non
1683 4957 1724 5006 est

876 5046 956 5102 aliud
984 5058 1072 5116 quam
1103 5043 1239 5100 vitiorum
1262 5039 1471 5098 turbulentiam
1505 5038 1662 5105 subvertat,
1696 5047 1724 5095 et

877 5135 1038 5202 Sodomam,
1067 5137 1225 5200 cecitatem,
1250 5129 1383 5186 videlicet
1406 5129 1441 5184 de
1464 5127 1543 5184 vitiis
1568 5128 1721 5184 orientem:

878 5224 932 5277 bac
958 5234 1085 5293 namque
1113 5228 1238 5292 utraque
1262 5219 1402 5275 subversa
1426 5230 1493 5272 mox
1517 5217 1618 5273 mnndi
1642 5215 1726 5272 nobis

877 5309 1028 5381 displicent
1051 5310 1197 5367 universa.
1228 5307 1342 5365 ilecedit
1370 5307 1438 5361 Lori
1465 5306 1723 5372 aceruatarum

879 5406 941 5470 post
956 5397 1146 5470 aliquantulae
1161 5410 1240 5467 pacis
1261 5395 1397 5466 parietem,
1414 5408 1501 5464 qnam
1517 5393 1547 5450 in
1572 5392 1726 5463 primordio

878 5485 1073 5542 conversionis
1100 5483 1254 5554 aliquoties
1277 5481 1454 5551 experimur,
1480 5482 1537 5537 Deo
1563 5480 1636 5536 bella
1664 5494 1726 5549 per·
