3818 6008
526 176 554 231 V.
573 175 738 233 utiteeitrt
754 142 900 233 acuaris
918 176 949 234 S.
974 175 1092 233 maniat
1113 175 1156 233 bit
1178 174 1370 233 monteauro

70 314 551 388 quiaiiquandovisisuntvixisse
561 314 627 370 Deo.
644 315 733 370 Tanto
751 313 919 372 enimdcte-
937 316 992 370 ha
1024 312 1151 385 pristinis
1184 319 1293 371 εεειοιε
1331 312 1514 382 tumultibus,
1551 312 1695 386 spirituaii
1729 328 1823 373 coram

53 177 103 250 ‚ar

1787 180 1819 233 88
1868 190 1871 219 t

73 493 126 549 sito
141 493 176 549 ad
191 493 289 550 seculi
304 493 393 550 luxus
405 491 520 548 avidius
535 494 852 562 proruerunt3iatisuat
865 495 920 547 ciri
974 492 1124 549 serenitate
1138 491 1329 561 perlunditnr.
1355 492 1406 545 i'iri
1431 491 1507 548 enim
1529 491 1682 562 requiescit
1704 491 1826 563 Spiritus

73 583 183 649 famosi,
208 581 278 652 quia
304 582 462 637 humanam
490 580 667 647 excedentes,
691 580 919 650 diabolicamque
975 581 1034 649 liei,
1048 580 1102 637 nisi
1116 594 1205 651 snper
1225 579 1368 650 quietum,
1389 580 1474 651 crrrjus
1497 593 1579 637 mens
1599 579 1737 638 vitiorum
1753 586 1825 637 stre·

75 668 217 726 imitantes
231 668 399 738 nequitiam,
416 674 444 724 et
461 667 494 723 dc
515 666 637 723 crimine
657 675 804 724 sumentes
827 669 920 724 auda-
976 670 1038 739 pitu
1067 684 1124 725 non
1150 668 1313 736 obsurduit,
1341 674 1369 725 ει
1403 667 1554 735 humilem,
1587 669 1639 740 qui
1665 668 1700 725 de
1726 683 1826 725 eorum

75 757 159 823 ciam,
177 756 253 813 unde
267 764 294 812 ει
308 757 438 827 gigantes
453 755 603 822 dicuntur,
623 763 773 827 postquam
799 755 868 826 lapsi
891 758 920 812 in
974 757 1096 814 victoria
1109 771 1167 813 non
1183 756 1333 827 superbiat
1348 758 1413 821 (isa.
1429 770 1505 824 nxvr,
1522 757 1559 826 a.)

76 845 229 915 reprobum
257 858 374 900 sensnm
403 843 520 910 luerint,
552 857 649 914 pravae
680 844 823 914 opinionis
839 845 922 916 prius
1011 847 1139 912 blansi),
1159 845 1201 914 10,
1219 848 1260 902 li.
1285 875 1319 885 —
1344 847 1390 900 liae
1410 848 1595 914 generationes
1609 846 1686 901 liloe:
1711 846 1765 900 Noe
1786 846 1830 898 nir

76 947 163 1007 quain
179 931 225 987 atii
243 946 369 1002 nequam
383 931 470 988 letare
486 932 655 1003 vulgantur.
974 935 1074 1004 iustus,
1087 939 1168 1003 cique
1179 937 1314 1004 perfectus
1330 936 1386 1001 snit
1412 936 1441 989 in
1460 935 1680 1001 generationibus
1706 935 1775 988 suis.
1793 935 1826 988 Et

112 1020 196 1078 Vnus.
212 1024 240 1086 5,
262 1022 289 1087 e,
304 1024 331 1075 i.
352 1050 386 1060 -
417 1019 514 1075 Videras
540 1024 629 1074 autem
655 1023 722 1075 Deru
746 1021 819 1092 quod
837 1023 923 1076 nauita
976 1026 1069 1092 paruit
1082 1029 1136 1078 tres
1152 1023 1234 1089 ilios,
1251 1024 1322 1088 Sem,
1339 1023 1425 1080 Clam
1435 1027 1461 1077 ei
1483 1022 1609 1092 iapheth.
1626 1021 1827 1079 Generationes

76 1110 184 1164 malitia
210 1109 348 1164 bominum
375 1113 444 1164 esset
469 1110 651 1174 interemat
677 1114 773 1164 curtata
796 1112 923 1178 copitalia
978 1119 1081 1167 nostrae
1103 1118 1172 1167 sunt
1192 1110 1388 1182 cogitationes,
1420 1109 1602 1176 intentiones,
1622 1116 1650 1166 et
1680 1123 1777 1181 opera,
1799 1117 1826 1166 et

78 1197 166 1253 cordis
188 1213 279 1252 eorum
300 1200 406 1252 intento
425 1200 493 1251 esset
516 1196 553 1250 ad
574 1198 676 1252 mnium
698 1200 775 1252 omni
796 1203 922 1266 tempore,
977 1199 1000 1256 si
1016 1213 1075 1270 qua
1093 1206 1162 1255 sunt
1181 1213 1247 1269 qnae
1263 1199 1337 1254 intro
1361 1197 1505 1254 oriuntur.
1527 1200 1559 1255 in
1583 1199 1628 1255 his
1650 1199 1748 1270 justus
1770 1205 1822 1261 ost,

77 1287 204 1356 parsitant
217 1300 287 1352 eum,
303 1285 376 1354 quod
393 1287 501 1351 fecisset
521 1285 654 1340 hominem
670 1288 699 1339 in
714 1291 787 1340 terra
818 1287 851 1341 ln
871 1287 925 1342 hac
977 1287 1029 1359 qui
1044 1287 1085 1343 sic
1099 1286 1258 1343 secundnm
1277 1286 1425 1342 scientiam
1451 1286 1618 1344 hurnanitus
1633 1288 1669 1343 ad
1684 1302 1723 1355 se,
1748 1295 1775 1343 et
1791 1287 1826 1343 ad

78 1373 307 1444 desperatissima
335 1372 477 1442 Babylone
500 1372 662 1429 constitutis
686 1373 763 1430 videt
786 1375 871 1441 Dens,
895 1373 923 1430 id
979 1374 1144 1447 proximum
1171 1374 1296 1446 gerenda
1324 1375 1461 1445 disponit,
1495 1383 1527 1432 ut
1561 1389 1673 1442 eorum,
1699 1390 1765 1446 qaas
1793 1374 1828 1431 ad

76 1470 118 1519 est
132 1461 229 1517 vidcrc
243 1475 291 1518 eos
306 1460 382 1528 lacit,
405 1473 494 1530 qnam
517 1461 651 1531 nequiter
672 1461 833 1517 carnalium
854 1461 926 1518 elie-
980 1467 1069 1522 iteum
1084 1461 1313 1535 dignoscendum
1328 1463 1601 1535 observandumque
1616 1464 1748 1530 attinent,
1770 1478 1829 1519 rne-

78 1550 171 1607 ctibus
204 1563 324 1620 operum
354 1547 460 1605 instent
486 1549 624 1616 exterius,
650 1563 797 1620 quamquo
817 1547 926 1621 iugiter
981 1553 1106 1619 minerit,
1129 1551 1238 1623 quibus
1258 1551 1406 1622 sapientia
1426 1552 1541 1609 habitus
1564 1552 1707 1624 congruit.
1734 1551 1830 1608 Perle-

79 1644 241 1708 proponant
263 1637 406 1707 nequiora
435 1637 565 1693 interius.
590 1637 673 1693 Videt
702 1636 809 1708 itaque,
832 1637 861 1693 id
885 1611 962 1694 estB

79 1726 223 1793 discernit,
243 1725 420 1796 demumque
439 1725 557 1796 poenitet
576 1726 660 1781 Deus.
685 1724 712 1781 Si
737 1726 814 1781 enim
834 1725 927 1796 preni-

80 1815 169 1873 tentia
185 1816 293 1872 bonnm
318 1822 369 1880 est,
389 1821 416 1870 et
441 1814 567 1886 idipsum
584 1815 690 1871 bonurn
714 1829 772 1870 uon
796 1829 813 1870 a
836 1814 925 1881 nohis,

81 1904 180 1961 sodex
204 1904 261 1961 lico
284 1910 336 1960 εει.
354 1904 431 1974 Ergo
450 1917 507 1959 non
529 1904 565 1959 ab
594 1917 625 1959 re
643 1902 772 1960 dicitnr:
799 1904 928 1958 rostrati

80 2008 151 2056 eum,
184 2007 252 2048 cum
285 2007 342 2048 non
376 1991 432 2048 nisi
466 2006 518 2048 nos
539 1991 684 2062 poeniteat,
720 1992 793 2062 quod
820 1995 928 2061 fecisset

82 2082 214 2135 bominem
236 2096 317 2149 super
339 2085 456 2148 terrum;
470 2095 537 2136 eum
562 2080 613 2151 qui
638 2081 758 2151 resipuit
783 2083 928 2152 penituit,

82 2167 152 2238 quia
170 2167 290 2224 interius
311 2181 398 2223 snum
420 2180 488 2223 cum
511 2167 658 2234 exteriori,
683 2169 761 2239 quod
786 2177 828 2226 εει
853 2176 954 2227 totus-

82 2255 177 2321 bomc,
191 2255 260 2311 dnm
276 2255 322 2312 his
339 2269 406 2326 qnae
418 2256 570 2327 superlicio
595 2263 678 2313 tenus
693 2256 830 2314 videntur
844 2259 930 2316 rebus

82 2343 230 2414 applicuit,
247 2344 282 2400 do
303 2343 438 2400 exteriori
459 2344 494 2399 ad
518 2343 649 2413 interius,
673 2344 764 2402 idest
789 2346 824 2402 ad
849 2347 931 2418 spiri·

84 2440 146 2489 tum
171 2445 303 2489 reversus
323 2432 474 2504 ingemuit.
500 2436 535 2489 rt
555 2438 642 2488 tactus
665 2433 756 2489 dolore
777 2436 867 2490 cordas
891 2439 931 2491 ia-

84 2523 224 2588 trinsecus,
240 2535 464 2591 praecavensque
479 2520 508 2576 in
533 2520 676 2587 laturum,
700 2523 804 2583 boleto.
829 2525 928 2593 inarsit,

84 2611 225 2677 bominem,
241 2625 319 2679 quem
344 2614 434 2665 areum
450 2625 469 2663 ε
483 2612 555 2676 socie
573 2619 652 2665 terra
666 2612 700 2665 ub
722 2611 827 2666 homine
840 2628 932 2684 ,usque

84 2698 122 2753 ad
132 2697 252 2753 uolucres
267 2699 325 2753 culi
338 2695 397 2770 iai,
407 2696 630 2768 odoraimcntr'ai,
648 2700 774 2767 creptili
788 2704 839 2754 Ιιι
847 2715 932 2770 usqttc

981 1648 1045 1697 ctus
1059 1648 1110 1704 est,
1134 1638 1185 1711 qui
1209 1638 1260 1696 etsi
1277 1639 1415 1697 universa
1436 1641 1580 1710 complere
1604 1654 1661 1696 non
1688 1639 1775 1712 possit
1794 1639 1830 1695 ad

983 1730 1137 1801 integrum,
1154 1742 1202 1785 cor
1214 1735 1309 1784 tauren
1331 1728 1525 1785 benevolendo
1548 1729 1584 1785 ad
1607 1743 1642 1784 ea
1659 1727 1832 1798 capessenda

983 1817 1067 1874 habet
1082 1817 1209 1883 pienum,
1232 1817 1371 1887 nullaque
1392 1831 1428 1873 ex
1451 1817 1735 1887 partomntiiatun13
1764 1829 1830 1872 curn

983 1907 1040 1962 Deo
1064 1904 1205 1974 ambulat,
1232 1904 1284 1975 qni
1310 1905 1346 1960 ab
1368 1905 1413 1961 his
1434 1906 1508 1975 ‘quac
1533 1904 1670 1961 irradiata
1691 1903 1832 1960 divinitus

982 1994 1055 2051 ratio
1078 1994 1190 2065 agenda
1213 1993 1352 2064 suggerit,
1375 1993 1456 2050 nulio
1483 1993 1566 2049 modo
1590 1993 1748 2055 discordat:
1762 1998 1832 2048 tunc

983 2082 1098 2138 demum
1130 2086 1186 2137 tres
1215 2079 1291 2136 filios
1322 2088 1450 2152 generat,
1482 2096 1548 2137 cum
1574 2081 1647 2137 iiber
1676 2094 1694 2137 a
1726 2080 1830 2137 lorensi

984 2171 1079 2226 labore
1099 2170 1156 2225 Deo
1183 2183 1232 2239 per
1252 2168 1347 2236 fidem,
1372 2183 1461 2240 spom,
1488 2169 1716 2240 charitatemque
1737 2176 1830 2224 vocat.

983 2260 1117 2328 Corrupto
1140 2262 1179 2312 est
1200 2262 1290 2311 nutem
1315 2261 1387 2312 terra
1412 2273 1502 2312 corum
1525 2260 1586 2320 lieo,
1613 2261 1639 2311 et
1662 2257 1765 2325 repieta
1793 2260 1832 2308 est

983 2348 1139 2416 iniquitate.

1020 2434 1105 2491 Vens.
1129 2437 1172 2501 ii,
1189 2433 1231 2488 te.
1246 2463 1280 2473 -
1305 2435 1423 2503 dumque
1445 2432 1558 2486 vidisset
1582 2432 1655 2485 Deus
1676 2437 1833 2501 corruptum

985 2525 1098 2587 terram;
1115 2523 1200 2575 omnis
1216 2523 1316 2590 quippe
1330 2535 1392 2575 ccrc
1406 2525 1565 2589 corruperat
1584 2523 1656 2573 cium
1676 2535 1759 2588 sarper
1774 2525 1832 2574 ter-

984 2625 1054 2675 rum,
1081 2608 1154 2663 dicit
1186 2608 1223 2661 nd
1252 2609 1330 2663 Noe:
1363 2609 1439 2662 Finis
1473 2609 1604 2661 uniuersae
1633 2613 1724 2662 corruis
1761 2611 1833 2662 uertit

985 2713 1074 2752 coram
1088 2712 1142 2763 mc,
1158 2697 1261 2766 repieta
1282 2700 1322 2750 esi
1341 2701 1414 2751 terra
1437 2698 1584 2764 iniquitute
1599 2712 1617 2749 a
1639 2701 1712 2762 lucie
1723 2712 1831 2760 eorum;

84 2787 122 2842 cd
139 2788 305 2841 animantem
322 2786 379 2859 lah,
403 2787 524 2841 volueres
548 2784 632 2859 cmiii.
653 2786 744 2859 rongi
768 2786 877 2855 dolore,
902 2788 930 2844 in
984 2791 1074 2854 elego
1097 2784 1254 2854 disperdam
1277 2798 1320 2838 eos
1344 2798 1404 2837 cum
1427 2787 1509 2837 terra
1533 2783 1576 2839 Ab
1598 2784 1713 2839 ironiine
1738 2798 1833 2853 usque

85 2876 216 2931 laturum
240 2888 411 2944 precavere,
428 2880 456 2932 et
474 2873 531 2930 alia
552 2889 609 2930 non
630 2874 679 2931 liei
699 2875 853 2944 passiones,
882 2877 929 2933 sed
945 2906 966 2958 t:
984 2873 1020 2930 ad
1033 2872 1219 2939 animantem,
1232 2885 1249 2926 a
1262 2870 1356 2941 reptili
1372 2887 1464 2942 usquo
1479 2871 1515 2927 ad
1530 2872 1663 2928 volucres
1678 2871 1740 2927 cinti
1757 2878 1832 2927 terra

87 2963 135 3019 uei
164 2962 193 3018 in
224 2963 304 3019 nohis
331 2969 398 3020 sunt
430 2963 564 3019 actiones.
590 2962 643 3030 Qui
666 2962 765 3033 itaquo
788 2964 931 3033 poenituit,
984 2968 1027 3018 est
1045 2966 1191 3030 corrupta,
1218 2958 1245 3014 id
1270 2966 1351 3015 esta
1380 2960 1495 3029 propria
1519 2959 1672 3016 stabilitate
1697 2960 1833 3016 distracta

88 3050 260 3108 intrinsecus
272 3051 402 3130 tangitur
415 3051 512 3107 dolore
530 3051 634 3119 cordis,
651 3058 683 3108 nt
696 3065 754 3107 non
769 3059 931 3109 momenta-

88 3154 159 3196 neus
185 3139 229 3195 vei
252 3140 288 3195 ad
317 3139 433 3195 oculum
457 3139 493 3196 sit
516 3139 597 3196 dolor
622 3139 859 3209 coaapunctionis,
885 3142 932 3198 sed

88 3234 216 3300 penetret
242 3227 382 3284 medullas
404 3227 517 3294 aalma,
545 3227 643 3283 abdita
667 3226 773 3283 scilicet
795 3227 932 3285 intentio-

88 3316 143 3384 nis,
163 3323 190 3373 et
213 3315 327 3372 laturas
352 3323 510 3385 precaveat
530 3313 728 3386 obligationes,
754 3330 791 3371 ne
811 3317 931 3374 verbum

87 3405 168 3462 iteret
186 3403 333 3460 orationis.
358 3402 385 3459 Si
398 3403 476 3459 enim
500 3403 566 3458 lieat
587 3403 663 3473 quis,
691 3417 742 3459 nec
757 3404 834 3474 quod
854 3405 933 3462 licvit

88 3493 223 3564 corrigat,
242 3506 272 3548 se
292 3492 389 3563 potius
411 3491 511 3548 indere
532 3504 621 3561 quarn
643 3489 738 3546 dolere
764 3490 934 3547 intrinsecus

89 3584 236 3636 monstrat.
258 3579 407 3636 Hominem
423 3592 472 3649 pro
491 3578 660 3634 carnalitate
675 3579 740 3648 poni
764 3593 835 3635 usus
858 3578 930 3634 Scri-

89 3675 182 3741 ptura
204 3674 256 3725 est.
282 3668 361 3724 Dolet
383 3681 452 3739 ergo
473 3665 629 3733 hominem,
652 3668 703 3737 qui
728 3681 777 3737 per
797 3666 935 3738 imagina-

43 3792 51 3799 -
89 3757 180 3813 tiones
203 3755 256 3812 sibi
290 3755 465 3825 insculptum
502 3753 648 3811 carnalem
680 3754 825 3824 allectum,
850 3756 933 3826 quasi

90 3845 263 3901 charaxatas
291 3843 405 3901 tabulas
431 3842 587 3899 obliterans
609 3843 713 3913 deplet,
740 3857 827 3915 quom
852 3858 934 3902 crea-

985 3063 1065 3104 meus
1086 3048 1121 3103 ad
1145 3047 1296 3118 voragines
1315 3048 1401 3104 totius
1424 3047 1560 3118 nequitiae
1582 3051 1735 3117 prostituta
1761 3048 1835 3103 dela-

985 3136 1072 3193 bitur.
1089 3136 1181 3192 Omnis
1200 3136 1277 3192 enim
1293 3151 1356 3190 curo
1379 3141 1538 3206 corruperat
1561 3138 1634 3190 niam
1654 3152 1742 3201 suam,
1764 3136 1832 3207 quia

986 3223 1117 3281 mollities
1143 3224 1266 3280 carnaiis
1290 3224 1433 3294 appetitus
1461 3224 1614 3294 dissiparat
1641 3224 1833 3294 inieceratque

986 3312 1064 3369 iliam
1087 3312 1123 3369 ad
1146 3313 1231 3382 cnjus
1254 3313 1337 3369 debet
1353 3312 1438 3384 dirigi
1465 3312 1607 3383 reguiam,
1630 3320 1738 3383 atquae
1763 3326 1832 3368 vera

986 3400 1161 3457 recteeundi
1179 3400 1225 3456 via
1244 3407 1295 3467 εει,
1323 3398 1430 3457 scilicet
1452 3400 1601 3466 rationem,
1626 3408 1653 3456 et
1677 3400 1729 3457 huc
1752 3417 1836 3471 super

987 3495 1098 3554 terram,
1117 3488 1197 3544 idest
1213 3503 1270 3544 non
1286 3488 1378 3545 solum
1400 3489 1474 3544 inter
1496 3489 1599 3544 mentis
1621 3488 1729 3555 abdita,
1745 3490 1793 3545 sed
1809 3496 1837 3544 et

988 3591 1080 3647 usque
1095 3577 1131 3632 ad
1145 3576 1298 3643 evidentia,
1315 3591 1381 3648 qnae
1400 3591 1451 3646 per
1466 3591 1580 3647 corpus.
1604 3584 1708 3633 terram
1729 3576 1837 3632 scilicet

988 3673 1125 3732 nostram,
1149 3664 1390 3721 administrantur
1422 3665 1572 3734 pravitatis
1599 3666 1740 3735 exempla.
1764 3665 1836 3722 Cum

987 3768 1055 3826 ergo
1080 3753 1139 3810 hac
1164 3754 1238 3810 Deus
1264 3753 1390 3820 vidisset,
1417 3753 1508 3809 idest
1534 3753 1657 3809 vivenda
1676 3753 1707 3809 in
1729 3753 1837 3824 quibus

988 3850 1153 3898 versaretur
1182 3841 1258 3897 mala
1282 3856 1356 3897 caeco
1378 3839 1517 3910 peccatori
1549 3841 1751 3911 proposuisset,
1787 3857 1838 3912 per

90 3932 141 4000 vit,
157 3932 186 3989 id
207 3939 249 3989 est
264 3945 351 4002 quem
373 3929 409 3986 ad
430 3931 521 3987 robur
537 3931 746 4002 explendarum
769 3932 934 4002 passionum
990 3930 1107 3986 internae
1118 3928 1299 3999 aspirationis
1310 3929 1451 3985 monitum
1468 3928 1509 3985 iili
1520 3929 1649 3999 suggerit
1673 3929 1743 4000 quid
1762 3929 1835 3987 lacto

90 4020 235 4077 decernis
257 4018 383 4075 motibus
401 4018 551 4075 excitavit.
571 4020 757 4087 Creasenlm,
782 4027 815 4077 ut
830 4019 936 4076 dicitur
988 4033 1061 4089 opus
1078 4025 1160 4083 esset,
1187 4017 1210 4072 si
1239 4017 1297 4075 Noc
1324 4017 1524 4073 intellectualis
1553 4017 1615 4073 lieri
1642 4017 1742 4088 veliet3
1770 4018 1836 4089 linis

90 4107 275 4175 Graecarum
288 4112 340 4173 est,
358 4105 434 4161 unde
449 4119 547 4162 creare
567 4105 726 4173 derivatur,
748 4113 776 4162 et
800 4114 935 4163 artocreae
988 4109 1059 4161 enim
1077 4109 1208 4161 universae
1222 4105 1315 4162 cornis
1336 4108 1409 4160 υειιι
1434 4121 1525 4161 coram
1544 4121 1595 4171 me,
1622 4108 1835 4163 consummatio

89 4203 117 4252 et
131 4207 257 4266 creagras
275 4199 427 4250 vocantur.
443 4192 497 4249 Sed
518 4193 575 4259 hie,
598 4210 615 4248 o
639 4197 713 4261 (ame
736 4199 824 4260 terra,
849 4194 933 4251 idest
952 4201 972 4254 li
990 4193 1091 4263 utique
1103 4193 1263 4263 omnigenae
1278 4192 1405 4263 corporis
1426 4193 1581 4264 voluptatis
1595 4194 1635 4259 lit,
1659 4193 1681 4250 si
1701 4194 1836 4251 veniatur

90 4283 126 4340 ab
148 4280 314 4347 intentione,
336 4288 363 4337 et
383 4294 480 4337 amore
500 4289 678 4338 terrenorum
702 4283 861 4340 abolendus
882 4291 934 4343 est,
988 4296 1078 4336 eornm
1104 4296 1155 4347 me,
1179 4282 1233 4338 hoc
1257 4281 1349 4338 estin
1371 4281 1474 4351 placito
1503 4296 1575 4338 meo.
1604 4283 1682 4348 Quod
1708 4297 1836 4353 namque

89 4367 600 4434 abhomine,abhissciiicetanimae
625 4370 759 4436 nrotibus,
780 4385 846 4440 qua>
867 4378 935 4427 sunt
990 4369 1059 4426 mihi
1087 4370 1287 4432 animosedet
1318 4371 1370 4426 hoc
1405 4383 1500 4426 coram
1527 4384 1581 4436 me,
1607 4377 1634 4426 ει
1664 4385 1722 4440 prae
1746 4372 1837 4428 oculis

90 4457 173 4530 quasi
197 4455 336 4513 rationem
360 4456 504 4524 habentia,
530 4467 562 4514 ut
587 4465 655 4514 srrnt
671 4458 813 4526 honestas,
828 4467 856 4515 ει
872 4474 935 4515 mo·
990 4457 1094 4515 habore
1109 4457 1181 4513 volo.
1198 4458 1261 4525 Quo
1274 4465 1374 4514 contra
1390 4473 1397 4512 :
1413 4460 1554 4525 Quoniam.
1572 4457 1677 4529 inquit,
1693 4473 1775 4528 pones
1794 4476 1836 4515 eoa

89 4545 179 4603 destia
192 4558 249 4600 non
269 4557 321 4613 pro
341 4544 398 4601 Deo
413 4545 462 4601 sed
477 4545 654 4602 saeculariter
669 4546 776 4613 habita,
791 4562 876 4616 usque
898 4548 936 4602 ad

88 4635 263 4698 trutmoniam,
283 4646 377 4703 usque
401 4633 436 4688 ad
462 4633 680 4705 exstirpandam
696 4634 826 4692 videlicet
851 4636 936 4706 cupi-

89 4722 216 4788 ditatem,
247 4734 312 4791 qnae
347 4720 383 4776 ad
412 4727 517 4777 terram
549 4721 665 4791 quidem
700 4723 865 4790 inclinatur,
887 4724 934 4780 sed

88 4822 176 4866 cansa
204 4808 405 4864 necessitatum
431 4815 599 4876 excusatur,
624 4816 651 4865 ct
681 4810 765 4881 quasi
788 4811 936 4882 suspendi·

90 4905 147 4963 tur,
172 4912 190 4950 n
221 4897 315 4965 reptili
340 4894 515 4966 tiagitiornm
537 4895 610 4952 coeni
633 4895 774 4960 latoribus
792 4898 936 4954 immersa

89 4998 155 5041 rum
167 4999 252 5054 usque
274 4983 311 5036 od
327 4984 443 5037 uolucres
465 4984 533 5049 coeii,
551 4983 577 5039 id
592 4991 635 5040 est
649 4983 809 5055 hypocrisis
832 4985 933 5053 lestus,

89 5071 140 5143 qui
163 5070 291 5127 vanitate
317 5069 461 5139 leruntur,
486 5071 719 5140 pessumdandos,
745 5072 773 5128 in
798 5086 857 5143 qna
877 5086 935 5127 ont·

89 5158 171 5215 nium
208 5158 399 5214 exstinctione
430 5159 643 5229 comprobatur,
673 5161 749 5230 equod
779 5159 933 5231 seqnitur:

88 5248 199 5302 Paenitet
213 5248 283 5300 etaim
298 5261 339 5299 me
351 5247 448 5311 (eciam
460 5262 512 5302 ecs.

123 5335 210 5391 Vitas.
223 5336 249 5389 8.
272 5361 309 5375 -
331 5335 386 5390 Νεε
407 5350 469 5390 uero
493 5337 596 5390 incutit
614 5337 734 5402 pretium
757 5351 848 5390 eornm
870 5339 932 5393 lieo.

88 5421 137 5478 liis
150 5423 247 5492 itaque
261 5422 344 5478 maiis
356 5423 544 5488 cessantibus,
571 5429 662 5492 crepta
685 5421 788 5481 urentia
810 5423 932 5494 requies,

989 4549 1099 4601 dueum
1114 4547 1198 4612 (Paci.
1214 4560 1262 4610 xx,
1286 4548 1340 4615 ta).
1356 4546 1428 4602 Cum
1452 4546 1550 4617 itaque
1566 4547 1602 4602 ad
1625 4546 1674 4602 Dei
1698 4547 1834 4616 placitum

987 4634 1113 4701 venitur,
1129 4633 1273 4704 quidquid
1289 4634 1385 4689 carnis
1401 4634 1490 4690 lusus
1508 4634 1672 4705 expostulat
1692 4637 1836 4706 extempio

989 4721 1143 4792 respuitur.
1188 4725 1211 4776 Α
1244 4723 1317 4789 tocie
1350 4737 1451 4787 eorum,
1481 4722 1673 4779 animantium
1719 4723 1836 4784 scilicet.

988 4809 1138 4866 hominum
1153 4815 1241 4880 atque
1261 4810 1416 4880 reptilium,
1439 4810 1467 4866 id
1489 4818 1532 4867 cst
1552 4811 1708 4868 intentione
1722 4812 1838 4881 cupidi-

989 4904 1091 4962 tatum,
1112 4903 1200 4967 atquc
1224 4895 1387 4963 libidinum,
1407 4898 1478 4955 lacic
1499 4898 1575 4954 enim
1599 4904 1627 4954 et
1652 4897 1837 4967 intendimus,

988 4992 1077 5055 atquc
1103 4983 1292 5041 intendimur.
1319 4985 1454 5056 iiepietur
1477 4992 1554 5043 terra
1578 4985 1739 5056 iniquitate,
1768 4987 1840 5057 quia

988 5074 1057 5129 dum
1090 5072 1174 5128 homo
1204 5072 1322 5129 interior
1356 5073 1504 5130 desideriis
1537 5073 1672 5144 turpibus
1705 5073 1838 5131 innititur

990 5162 1073 5218 homo
1086 5159 1211 5216 exterior
1231 5167 1306 5217 terra
1331 5161 1461 5218 videlicet
1483 5161 1618 5230 operibus
1640 5160 1758 5218 nefariis
1772 5163 1837 5217 elti—
1865 5159 1869 5165 '

988 5247 1095 5305 ciendis
1115 5248 1307 5306 indiliercntcr
1333 5249 1498 5320 exponitur.
1513 5248 1662 5320 [Disperdit
1677 5258 1774 5306 autent
1789 5265 1837 5306 eos

988 5349 1053 5392 cum
1066 5343 1151 5404 terra,
1165 5337 1235 5394 dum
1245 5350 1428 5402 mansorem,
1445 5337 1551 5395 scilicet
1564 5337 1702 5400 animam,
1721 5346 1749 5393 et
1773 5353 1835 5394 cor-

988 5439 1051 5495 pus,
1072 5431 1215 5485 terrenam
1242 5425 1453 5495 proculdubio
1479 5426 1667 5491 mansionem,
1693 5434 1836 5497 qnantum
