3818 6008
76 177 131 230 763
520 182 552 233 V·
573 180 742 239 cerasum
758 183 906 241 uestris
924 185 952 240 S.
975 187 1095 244 busim
1115 189 1160 245 bu
1183 189 1382 248 uovtnurtro
1775 201 1826 254 764

76 306 190 363 castello
212 308 318 380 pagani
339 315 418 366 tanto
450 309 480 365 in
504 317 615 367 nostros
633 310 850 370 bacchabantur
874 314 920 370 in·
939 320 1117 386 Apatenter,
1132 318 1157 374 si
1171 319 1387 390 intellexissent,
1408 324 1562 380 enuntiare
1584 324 1741 384 videbatur
1760 341 1827 384 ext-

78 410 168 453 cursu
182 404 215 452 ut
226 399 340 468 penitus
354 398 473 455 tolerare
500 399 664 468 nequirent.
694 403 755 457 buo
770 402 869 474 itaque
887 418 923 460 ex
979 406 1062 461 tium.

78 484 124 540 bis
138 499 211 555 quos
227 485 403 541 incluserant
425 486 575 553 militibus,
590 488 734 545 vulnerati
745 488 923 562 aufugiunt3
1015 493 1101 551 Porro
1114 496 1259 567 oppidani,
1277 497 1328 567 qui
1342 498 1451 554 crebris
1475 508 1571 557 nostro
1587 501 1728 558 exercitui
1750 502 1827 559 irru-

78 573 181 629 tcrtius
207 573 282 627 diem
309 572 449 629 adversus
487 574 591 641 nostes,
621 576 652 630 in
679 576 723 632 sui
749 577 923 648 detensione,
978 581 1125 651 ptionibns
1149 584 1365 650 incumbebant,
1400 600 1471 655 pene
1505 588 1566 644 sine
1605 589 1666 645 ullo
1689 591 1827 658 temporis

79 659 320 724 continuat,ade0
336 667 367 716 ut
388 660 461 717 duos
475 675 512 717 ex
526 662 568 718 eis
588 677 676 733 snper
693 665 768 721 muri
783 666 923 722 deambu-
979 670 1129 727 interstitio
1154 672 1272 728 intentis
1303 674 1439 739 arcubus
1467 683 1631 733 nostrorum
1654 676 1830 733 vulneribus

77 745 166 815 lacra,
183 747 267 802 sectis
289 747 419 818 ipsorum
441 750 603 817 hastilibus,
625 752 770 809 occiderit.
797 755 854 824 lpsi
868 763 924 811 ete·
978 766 1029 814 aut
1044 759 1161 815 necibus
1187 760 1364 818 insistebant.
1388 761 1443 829 Qui
1458 772 1554 819 autem
1574 765 1705 821 exterius
1729 765 1830 820 civita·

78 833 139 888 nim
154 840 212 890 tres
227 835 324 891 hastas
337 836 423 892 Turci
442 850 501 907 prae
517 839 653 894 manibus
675 841 851 898 concidendo
868 843 923 898 mi·
978 853 1035 902 tem
1048 846 1236 916 vallaverant,
1263 856 1291 904 et
1318 850 1462 906 moenibus
1486 851 1621 922 adiacens
1649 852 1829 910 territorium

77 928 213 976 nuerant.
235 922 303 978 Erat
331 931 427 980 autem
450 925 532 981 militi
565 925 603 982 illi
631 941 736 985 nrtmen
776 929 869 1000 Hugo,
896 937 924 986 et
978 932 1061 1004 longo
1082 933 1195 1005 lateque
1220 944 1414 1003 contexerant,
1436 939 1566 994 custodia
1591 939 1664 995 adeo
1692 940 1827 1011 vigilanti

78 1009 324 1078 agnominabatur
348 1012 481 1075 insanus,
506 1014 541 1069 de
579 1014 741 1072 domesticis
771 1017 923 1088 cujusdam
978 1022 1120 1079 univorsae
1145 1024 1278 1079 introitus
1292 1025 1371 1080 urbis
1391 1025 1598 1091 obstruserant,
1621 1034 1654 1084 nt
1677 1041 1828 1097 nusquam

76 1096 206 1163 loslredi,
245 1099 295 1169 qui
333 1099 368 1156 de
391 1101 611 1159 Montescabioso
644 1117 808 1171 praenomen
834 1106 924 1162 uabe·
977 1111 1057 1166 exire
1072 1110 1116 1167 vel
1136 1112 1258 1182 ingredi,
1275 1112 1330 1168 uisi
1356 1121 1453 1180 noctu,
1472 1121 1500 1169 et
1525 1115 1578 1170 boc
1605 1115 1679 1171 clam
1706 1114 1828 1171 omnino

79 1183 138 1240 bat.
977 1199 1115 1255 valerent.
1140 1200 1211 1256 Cum
1234 1209 1313 1256 tanto
1340 1215 1467 1272 namque
1483 1215 1604 1259 numero
1625 1203 1701 1259 idem
1732 1203 1829 1258 hostes

114 1317 295 1390 [xxfflm
312 1321 497 1378 gomma,
525 1330 589 1380 am
624 1323 733 1379 mih-,es
754 1325 860 1381 mim
885 1327 925 1382 ad
978 1285 1157 1356 luxuriaque
1171 1295 1367 1342 convenerant
1382 1296 1413 1342 ut
1427 1288 1533 1357 passim
1546 1288 1618 1344 nibil
1634 1288 1715 1345 aliud
1736 1301 1828 1358 quam

76 1421 214 1476 mmm·
231 1438 265 1447 -
280 1408 473 1467 Memorabffis
487 1419 584 1468 amem
598 1413 792 1481 Boemnndus,
809 1430 874 1472 cum
886 1416 923 1473 ad
978 1373 1106 1428 homines
1125 1387 1159 1428 ac
1183 1376 1305 1430 tentoria
1329 1375 1505 1442 viderentur,
1534 1377 1659 1445 pretiosa
1683 1375 1826 1445 supellex,

78 1497 443 1567 „astrumemugnandum
468 1499 518 1554 vix
535 1500 648 1570 aliquos
665 1501 787 1557 suadere
802 1502 920 1570 valeret,
977 1462 1127 1558 variarum
1140 1461 1263 1517 vestium
1278 1461 1431 1525 claritates,
1454 1471 1651 1520 armentorum
1667 1479 1701 1520 ac
1720 1477 1828 1534 pecua·

77 1594 145 1636 nam
161 1581 212 1652 qul
234 1583 310 1639 domi
336 1585 548 1654 delitescebant,
578 1588 660 1658 panis
687 1588 778 1659 aliqui
802 1591 923 1659 penuria
942 1562 1087 1668 Br¹⁰mm
1112 1548 1149 1644 fd
1174 1549 1311 1665 walia
1333 1564 1443 1643 gfflgffi'
1462 1551 1505 1606 Ad
1533 1553 1593 1607 [¹³³⁰
1607 1551 1637 1606 1¹¹
1663 1550 1829 1607 similam

77 1671 274 1739 arctabantur,
292 1672 340 1728 alii
367 1674 518 1746 gentilium
542 1676 622 1732 rabie
642 1689 811 1734 annumero
834 1686 923 1736 terre·
978 1646 1053 1699 Μ’
1070 1640 1101 1689 ⁰¹
1115 1641 1155 1688 ¹⁸³
1169 1632 1273 1699 ‘mm'
1291 1634 1401 1703 oempu'
1415 1642 1525 1690 ΝΜ
1540 1647 1658 1699 ums'
1680 1640 1745 1690 mm
1759 1647 1830 1703 pm

77 1758 195 1824 bantur,
211 1760 292 1830 gravi
307 1760 557 1819 animadversione
572 1764 686 1831 citatus,
711 1778 747 1820 ex
771 1778 805 1821 ea
819 1765 924 1823 civita·
977 1720 1830 1880 ῗέξᾞθὲᾘέΙῖξίκῗὲἓέῗξιῖῃᾷᾏιὲἒζᾞῗὲωῦἳὲᾃ8333

976 1904 1143 1954 cerneretur
1156 1897 1274 1969 species,
1290 1906 1323 1954 ut
1338 1911 1396 1953 non
1416 1911 1505 1953 causa
1520 1896 1654 1966 bellandi,
1669 1897 1719 1953 sed
1735 1897 1830 1968 potins

975 1985 1031 2041 sub
1049 1985 1169 2043 obtentu
1180 1993 1355 2056 putarentur
1369 1985 1538 2041 convenisse
1553 1984 1704 2056 gestiendi.
1727 1985 1829 2042 Prelio

977 2073 1058 2143 plene
1073 2074 1175 2145 majori
1191 2082 1301 2141 exacto,
1320 2075 1356 2131 ab
1372 2075 1425 2142 bis,
1442 2074 1494 2144 qui
1510 2073 1667 2130 interiuere
1676 2074 1827 2141 assentur,

975 2160 1157 2231 quodetiam
1181 2176 1281 2218 recens
1303 2164 1362 2218 nati
1374 2162 1520 2227 inlautuli,
1538 2176 1611 2232 qnos
1626 2161 1656 2216 in
1676 2163 1741 2232 ipso
1760 2176 1827 2233 pro-

976 2249 1073 2306 cinctu
1097 2251 1286 2320 expeditionis
1309 2251 1403 2307 enixae
1432 2250 1566 2307 mulieres
1604 2249 1735 2315 lucrant,
1758 2251 1827 2307 dum

976 2351 1027 2407 pro
1056 2339 1223 2408 urgentium
1254 2340 1430 2396 Francorum
1455 2337 1632 2394 insecutione
1658 2351 1827 2408 praeprope-

975 2434 1051 2494 rant,
1067 2440 1154 2496 seque
1167 2441 1314 2483 morarum
1330 2442 1364 2483 ac
1383 2427 1480 2483 oneris
1494 2426 1676 2496 impatientes
1698 2441 1827 2483 exoccu-

976 2523 1056 2585 pant,
1084 2515 1175 2571 medio
1204 2515 1320 2585 proiecti
1344 2516 1538 2585 reperirentur
1566 2515 1595 2570 iu
1615 2514 1760 2586 gramine,
1786 2515 1824 2571 uti

975 2616 1032 2669 eos,
1049 2602 1120 2658 dum
1132 2603 1186 2659 sibi
1203 2617 1292 2674 quam
1311 2603 1367 2659 illis
1391 2604 1455 2672 plus
1470 2610 1614 2669 metuunt,
1644 2601 1826 2673 negligenter

974 2689 1147 2748 alluderent.

1013 2779 1142 2852 [xxiii]
1164 2782 1254 2847 Quem
1273 2783 1432 2836 maximum
1451 2779 1577 2834 eborum
1597 2778 1757 2851 pmarinm
1769 2795 1825 2850 pc-

976 2866 1086 2922 tiuolur
1099 2868 1216 2923 obsessi,
1229 2899 1263 2908 -
1279 2870 1311 2924 lu
1326 2870 1404 2925 bunc
1416 2869 1524 2939 itaque,
1539 2882 1599 2938 quo
1611 2867 1756 2935 diximus,
1767 2882 1827 2923 mo·

976 2956 1058 3021 dum,
1082 2956 1183 3012 Turois
1212 2957 1342 3028 undique
1362 2965 1476 3014 nostros
1506 2956 1620 3027 prodire
1649 2956 1826 3023 vetantibus,

976 3052 1003 3100 et
1017 3045 1150 3100 exteriori
1167 3057 1269 3113 prosus
1287 3046 1342 3101 sibi
1367 3046 1593 3101 necessariorum
1623 3044 1830 3114 procuratione

77 1847 113 1903 tis
138 1847 222 1918 jubet
248 1849 342 1919 iguem
371 1857 452 1919 parte
475 1853 596 1920 supponi
629 1866 688 1922 qua
716 1853 804 1909 situm
829 1853 924 1910 luerat

76 1949 172 2005 nuper
193 1935 320 1992 deiuncti
339 1937 480 2006 palatium
498 1940 636 1995 cassiani.
654 1940 734 2008 Quod
750 1940 860 2013 quique
883 1942 925 1998 vi·

77 2033 184 2100 dentes,
209 2032 434 2104 derelictisque
464 2036 669 2092 cremabantur
690 2037 835 2105 omnibus,
872 2038 922 2094 alii

76 2121 112 2177 ab
148 2121 278 2178 inccndio
314 2122 518 2194 confugiebant
556 2123 594 2179 ad
635 2132 779 2195 castrnm;
811 2125 860 2180 alii
886 2127 923 2182 ad

75 2209 188 2266 comitis
204 2209 298 2266 Sancti
313 2209 406 2281 Egidii
422 2211 590 2268 confluxere
604 2221 724 2281 portam,
742 2213 861 2283 quidam
886 2215 924 2271 ad

75 2293 261 2352 Godelridum
288 2297 379 2353 coiere
407 2298 521 2366 ducem,
548 2299 673 2369 quisque
696 2299 732 2355 ad
756 2299 924 2371 eumenius

75 2381 212 2455 indigena
227 2385 384 2454 putabatur
397 2393 521 2455 gentem.
545 2386 609 2442 llox
632 2387 668 2443 ad
687 2396 786 2457 coeptae
801 2387 922 2446 destitu-

75 2471 160 2528 tionis
186 2480 378 2543 augmentum
409 2475 666 2530 vehementissime
690 2475 823 2531 nimietas
852 2484 920 2532 tem-

77 2560 196 2630 pestatis
212 2560 337 2630 incessit,
358 2561 398 2617 ita
414 2571 446 2618 ut
459 2561 539 2619 lieret
560 2570 640 2619 tanta
670 2563 799 2619 valitudo
823 2573 922 2622 vento-

75 2660 152 2715 rum,
167 2662 225 2719 quo
235 2648 377 2705 neminem
393 2663 464 2719 pene
474 2649 570 2705 liceret
581 2650 710 2707 incedere
720 2658 840 2708 rectum.
855 2653 922 2708 Bne-

77 2736 205 2793 mnndus
220 2735 339 2801 interea,
354 2737 423 2793 dum
435 2737 659 2809 conflagratione
676 2738 806 2795 borribili
821 2740 922 2797 abradi

78 2822 210 2879 lunditus
226 2823 363 2893 conspicit
378 2824 491 2892 urbem,
513 2826 598 2896 coepit
623 2841 676 2897 pro
701 2827 822 2884 ecclesia
844 2829 921 2885 Beati

76 2909 154 2967 Petri
190 2918 219 2967 et
244 2911 355 2968 Sancte
382 2912 487 2980 liarire,
522 2913 645 2985 aliisque
677 2914 801 2972 ecclesiis
836 2904 961 2974 anxiec

74 3004 150 3055 m
181 2999 267 3056 nimis
301 3008 434 3058 aestuare.
460 3001 504 3059 Ab
528 3002 599 3058 bora
614 3010 711 3060 tamen
731 3003 814 3060 tertia
830 3020 922 3076 usqne

74 3088 109 3142 ad
125 3089 218 3144 noctis
233 3089 370 3157 medium,
398 3090 514 3146 llamma
538 3091 706 3157 desaeviens,
736 3093 921 3150 ecclesiarum

73 3172 284 3244 domorumque
312 3174 369 3231 duo
389 3175 480 3231 millia
506 3175 615 3248 redegit
643 3177 672 3232 in
688 3177 823 3234 cinerem.
840 3179 923 3236 Circa

73 3260 266 3318 meditullium
281 3277 350 3335 ergo
364 3262 465 3331 noctis,
491 3278 585 3334 pyrre
610 3264 732 3322 furentis
756 3265 922 3338 conquievit

75 3350 226 3406 acerbitas.

976 3140 1089 3203 negata,
1108 3133 1193 3189 lamis
1215 3147 1264 3202 per
1287 3147 1401 3189 omnem
1427 3146 1497 3203 pene
1520 3132 1680 3189 exereitum
1711 3146 1828 3189 sucees-

975 3233 1037 3276 serc
1062 3220 1199 3291 pericula,
1214 3229 1242 3277 et
1265 3221 1354 3277 atroci
1379 3221 1542 3277 inediarum
1570 3221 1735 3289 insolentia,
1752 3234 1828 3291 pan-

976 3310 1122 3378 periorum
1137 3323 1323 3380 quorumque
1337 3310 1495 3379 praecordia
1522 3310 1726 3380 pulsabantur.
1753 3309 1826 3365 Cum

975 3398 1052 3453 enim
1089 3397 1201 3465 Franci,
1240 3397 1419 3454 antiochiam
1452 3398 1624 3463 obsidentes,
1659 3398 1827 3454 universam

108 3482 222 3555 [xxii]
240 3483 321 3567 Ignis
345 3484 381 3539 de
405 3485 472 3540 ocio
495 3485 602 3540 comm
628 3486 788 3542 Turdorum
801 3486 920 3569 erilium
975 3485 1361 3543 civibuscoutralreudarum
1372 3500 1504 3543 escarum
1515 3487 1627 3557 copiam
1638 3486 1826 3552 ademissent,

71 3572 308 3644 precamina-
331 3574 472 3631 Praeterea
499 3574 645 3632 castellani
672 3576 848 3634 atrocissime
869 3591 922 3633 ve·
974 3575 1095 3630 tantuin
1110 3573 1182 3631 urbe
1194 3582 1278 3644 capta
1292 3575 1443 3631 arctiorem
1471 3588 1600 3645 reperere
1618 3574 1826 3640 substantiam,

72 3661 183 3718 xabant
205 3669 329 3732 nostros,
351 3662 401 3733 qui
425 3662 619 3720 venabantur
638 3664 668 3719 in
697 3664 780 3732 urbe,
806 3664 923 3721 assiduo
974 3669 1083 3732 quanto
1110 3662 1332 3732 diligentiorem,
1363 3676 1399 3718 ne
1437 3670 1537 3719 contra
1558 3676 1588 3718 se
1611 3661 1781 3719 muniretur
1810 3675 1829 3716 a

74 3750 150 3818 ipsos
165 3749 313 3807 molimine
344 3750 439 3807 inedia
459 3750 602 3822 latigatos,
633 3751 758 3809 interdiu
783 3765 817 3808 ac
840 3761 922 3810 nocte
975 3749 1086 3816 Turris,
1110 3748 1165 3820 ipsi
1200 3749 1362 3807 obsessores
1391 3750 1517 3807 habuere
1544 3749 1717 3806 custodiam.
1736 3750 1829 3817 llixte

74 3838 230 3908 pulsantes,
247 3839 379 3909 ninilque
391 3847 582 3910 utrorumque
608 3841 754 3896 exercitus
773 3841 827 3897 nisi
855 3841 922 3897 lan·
975 3837 1072 3894 nuatis
1085 3837 1211 3908 denique
1234 3851 1301 3908 quse
1314 3838 1350 3894 ad
1367 3852 1452 3895 usum
1480 3838 1662 3908 pertinebant
1677 3838 1827 3905 omnibns,

72 3941 129 3983 cece
160 3933 188 3983 ct
211 3926 298 3998 gladii
321 3927 519 3996 disparabant.
553 3927 685 3984 videntes
700 3929 798 3998 itaque
829 3928 921 3985 nostri
975 3926 1057 3995 panis
1085 3926 1211 3997 exiguus
1244 3940 1303 3983 uno
1330 3926 1471 3998 Byzanteo
1497 3926 1657 3984 emebatur.
1695 3928 1829 3984 Annona

74 4013 246 4071 indesinenti
279 4028 309 4070 se
331 4013 474 4072 duellione
495 4016 596 4080 teneri,
621 4030 673 4072 nec
697 4016 753 4074 sibi
785 4016 809 4072 si
828 4017 923 4073 omnis
974 4027 1043 4084 ergo
1059 4014 1163 4070 raritas
1179 4022 1207 4070 et
1225 4014 1400 4072 condimenti
1423 4015 1557 4086 parcitas,
1579 4030 1647 4071 cum
1668 4015 1829 4086 plurimam

73 4101 245 4158 victualium
260 4102 341 4172 copia
355 4110 528 4173 suppeteret,
546 4112 596 4161 aut
611 4104 723 4172 edendi,
740 4111 791 4160 aut
806 4104 921 4161 bibendi
976 4100 1086 4171 ubique
1121 4101 1275 4171 peperisset
1291 4103 1467 4174 angustiam,
1496 4103 1605 4169 multis,
1640 4117 1701 4173 praa
1729 4103 1831 4175 inopia

73 4190 316 4260 opportunitatem
344 4190 403 4246 ulla
427 4205 464 4247 ex
495 4200 576 4261 parte
600 4192 726 4260 concedi,
755 4193 830 4248 inter
848 4201 921 4249 seet
939 4189 1215 4258 brumesceutibus,
1242 4191 1361 4247 extorsit
1391 4192 1529 4248 animam.
1560 4192 1600 4249 De
1621 4191 1683 4247 viui
1714 4192 1830 4261 potione

75 4278 180 4341 hostes,
198 4287 335 4336 caemento
356 4294 390 4335 ac
411 4280 506 4350 lapide
528 4288 656 4337 castrum
685 4280 839 4345 aedilicant,
855 4294 920 4337 ma·
973 4277 1137 4343 tacendum,
1152 4276 1230 4347 quod
1244 4278 1280 4333 ab
1294 4278 1426 4335 omnium
1442 4279 1613 4350 generaliter
1628 4293 1679 4336 ore
1691 4279 1829 4349 perierat

73 4366 166 4424 cuiuis
203 4366 405 4438 irequentibus
432 4369 543 4425 ambire
571 4368 715 4432 testinans,
755 4371 788 4425 nt
813 4368 857 4424 vel
885 4370 920 4425 de
975 4366 1010 4421 Et
1039 4366 1123 4435 plane
1153 4366 1264 4423 melum
1288 4367 1406 4435 biberet,
1432 4369 1478 4424 cui
1501 4368 1574 4424 nibil
1596 4369 1772 4438 suppetebat
1797 4377 1830 4427 nt

74 4463 176 4512 caetero
199 4455 409 4526 aliquantisper
432 4456 592 4513 securiores
614 4458 750 4513 existant.
773 4457 843 4513 Pars
867 4459 921 4513 ali·
973 4452 1080 4510 ederet.
1118 4455 1181 4510 lam
1214 4454 1363 4512 deliciente
1398 4454 1519 4528 legitimi
1561 4456 1655 4512 victus
1693 4457 1826 4524 obsonio,

73 4557 133 4615 qua
143 4545 303 4601 'lurcorum
314 4545 513 4602 commanebat
525 4545 555 4600 in
571 4552 673 4612 castro,
689 4559 755 4615 qnae
769 4547 921 4602 momentis
974 4541 1088 4611 equinae
1109 4542 1205 4599 carnis
1220 4545 1377 4615 quisquam
1392 4545 1442 4601 vix
1469 4544 1656 4601 reverebatur
1683 4545 1828 4612 edulium,

73 4646 161 4704 prope
186 4633 309 4704 singulis
335 4641 448 4690 nostros
472 4639 662 4690 consueverat
694 4633 807 4690 irritare
835 4633 920 4700 bello,
974 4631 1220 4702 contristabatque
1244 4632 1384 4702 plurimos
1394 4633 1594 4703 frequentibus
1617 4633 1743 4702 quesita
1757 4635 1828 4702 sma-

73 4721 129 4778 alia
169 4730 286 4792 propter
322 4722 471 4778 castellum
511 4722 637 4792 quodam
662 4722 860 4792 hospitabatur
890 4723 921 4777 in
974 4717 1063 4783 cellis,
1088 4727 1115 4776 et
1140 4720 1237 4776 carius
1253 4728 1349 4791 empta
1377 4722 1507 4790 paucitas
1532 4721 1692 4777 asinorum.
1725 4721 1829 4779 Pullus

72 4823 184 4880 campo.
214 4809 302 4867 Nocte
328 4824 398 4879 ergo
425 4809 557 4879 sequenti
585 4809 659 4881 ignis
678 4810 813 4879 speciesa
836 4809 921 4880 plaga
974 4806 1140 4876 quindecim
1179 4809 1276 4865 solidis
1308 4810 1488 4866 vendebatur
1518 4817 1545 4866 et
1574 4809 1690 4865 duobus
1722 4824 1826 4878 orum,

74 4897 303 4954 occidentanae
331 4896 401 4953 caelo
437 4896 608 4966 prolabitur,
636 4912 670 4954 ac
695 4898 772 4954 intra
806 4897 921 4953 hostilia
974 4907 1096 4964 nuxque
1121 4895 1251 4952 denario.
1276 4897 1330 4954 Ubi
1359 4898 1437 4954 enim
1463 4898 1613 4954 bominum
1650 4897 1828 4968 lrequentia,

73 4992 167 5041 castra
198 4985 326 5042 cadendo
353 4984 523 5042 demittitur.
542 4986 676 5057 Utrisque
705 4985 836 5056 partibus
854 4998 920 5054 spe·
974 4981 1089 5051 cibique
1103 4984 1192 5041 totius
1203 4986 1335 5054 penuria,
1351 5000 1465 5042 necesse
1484 4986 1610 5041 constitit
1630 4998 1701 5042 cara
1719 4986 1828 5045 ibidem

73 5072 176 5129 ctabile
190 5073 348 5143 plurimum
364 5073 489 5143 prebuit
514 5087 600 5130 casus
619 5073 670 5130 iste
682 5072 867 5129 miraculum.
882 5072 921 5128 At
974 5069 1073 5126 baberi
1100 5072 1208 5128 omnia.
1237 5073 1380 5142 Ficorum,
1396 5074 1581 5139 carduorum,
1611 5080 1700 5143 atque
1721 5074 1828 5133 vitium

74 5161 124 5216 ubi
139 5173 223 5217 mane
240 5161 384 5229 inclaruit,
401 5176 460 5232 quo
475 5163 560 5219 eitius
572 5169 690 5231 potuere
707 5161 793 5218 Turci
814 5173 833 5216 a
847 5160 918 5229 loco,
974 5159 1089 5216 lrondes
1104 5160 1132 5215 in
1150 5160 1298 5231 pulmenta
1317 5163 1503 5218 transierant.
1525 5163 1648 5231 Jamque
1665 5162 1696 5217 lu
1710 5161 1828 5219 arbori-

74 5247 102 5303 in
120 5263 178 5318 quo
193 5248 340 5306 desederat
354 5251 475 5307 celestis
497 5251 624 5313 llamma,
643 5250 780 5306 recedunt
798 5256 826 5303 et
853 5256 920 5305 ante
974 5248 1029 5303 bus
1052 5247 1164 5304 lructus
1189 5250 1280 5319 quaeri
1301 5257 1471 5307 cessaverat.
1503 5250 1620 5307 uterum
1645 5249 1736 5317 vices,
1755 5264 1826 5320 qne

77 5335 246 5402 boemundi,
262 5353 349 5408 qnam
378 5348 570 5410 occupaverat
588 5346 709 5410 portam,
726 5345 822 5393 castra
838 5350 918 5406 repo·
974 5336 1111 5393 rumlibet
1148 5337 1280 5394 loliorum
1309 5345 1452 5394 concoctae
1488 5337 1670 5393 diversitates
1689 5337 1825 5408 agebant.

76 5431 159 5482 nunt.
177 5424 258 5490 Qum
275 5435 449 5497 portentum,
481 5428 549 5484 illud
579 5426 724 5499 quodsibi
754 5424 921 5483 imminebat
976 5426 1135 5496 Equorum,
1165 5427 1351 5494 camelorum,
1380 5427 1538 5494 asinorum,
1576 5425 1676 5494 boum,
1702 5426 1826 5484 bubalo·
