3794 6008
116 262 169 320 875
564 260 599 317 V.
619 260 787 318 auianum
805 261 950 319 ABBATIS
968 261 998 318 S.
1019 262 1138 319 HARIAE
1157 263 1203 320 bn
1223 260 1417 319 NOVIGENTO
1814 264 1866 322 876

116 400 139 458 si
167 401 237 473 quid
265 400 325 456 istis
355 397 500 454 moraliter
530 397 678 467 arrideret,
712 398 845 456 sensibus
870 399 962 456 multa
979 399 1094 469 Aquod
1110 414 1167 456 non
1186 412 1289 469 parum
1312 397 1454 454 commodi
1479 397 1549 453 mihi
1570 398 1709 467 praestitit,
1726 400 1754 455 in
1770 414 1864 472 quan·

116 492 205 547 animi
220 489 377 547 acrimonia
392 487 577 558 perscrutari.
1018 494 1079 543 tum
1096 502 1148 553 ine,
1164 486 1294 543 ministro
1310 485 1457 552 vitiorum,
1474 484 1607 541 liberavit
1622 486 1659 542 ab
1674 487 1740 543 otio.

151 581 306 636 concionem
327 576 408 631 babet
430 576 579 631 Guibertus
598 575 711 645 rubente
739 590 788 630 suo
812 575 911 630 abbate
933 577 963 629 in
1053 577 1185 631 Libellum
1216 576 1249 630 de
1280 576 1420 630 sententiis
1451 574 1568 629 diuersis
1601 575 1816 643 anrtgeiiorum
1841 582 1867 632 et

114 673 224 723 cateno
250 665 376 720 canobio.
399 693 434 706 -
450 664 529 720 Unde
557 663 664 720 {mlum
686 670 729 720 esi
744 671 777 720 ut
799 677 865 720 cum
888 678 962 734 quo·
1016 666 1211 734 prophetarum
1229 665 1387 734 composuit.
1414 664 1505 728 Quare
1526 678 1582 718 non
1607 667 1699 718 sensui
1723 665 1866 733 ausgorico

114 755 179 810 dam
195 754 298 811 abbate
317 766 379 809 meo
393 753 429 809 ad
445 751 562 822 aliquod
578 751 733 822 provincie
748 758 852 808 nostrae
866 766 964 808 coeno-
1016 751 1063 806 sed
1086 754 1185 808 mucii
1211 752 1329 807 studuit.
1356 781 1391 792 -
1415 749 1521 821 Scripsi
1547 750 1656 826 interea
1677 752 1866 823 capitularem

115 843 195 899 bium
219 842 392 899 devenirem.
409 840 540 911 Cumque
555 840 596 896 illi
612 847 752 911 tanquam
767 840 899 910 plurimae
915 855 963 898 re-
1016 840 1145 898 libellum
1160 842 1194 897 de
1209 839 1332 897 diversis
1347 839 1572 911 Evangeliorum
1590 848 1618 896 et
1633 841 1865 911 propheticorum

115 931 228 1003 ligionis
248 931 310 986 viro
327 943 523 1002 suggererem,
535 939 567 986 nt
582 928 618 984 ad
633 929 820 999 capitularem
836 942 961 985 conven·
1015 930 1198 987 voluminum
1222 929 1379 997 sententiis,
1406 928 1440 985 de
1456 927 1529 984 libro
1548 927 1677 997 Numeri,
1693 930 1790 998 losne,
1812 931 1866 988 Ju-

113 1027 175 1076 tum
201 1019 329 1087 veniens,
347 1019 417 1074 inihi
444 1031 604 1074 sermonem
629 1017 744 1084 iaceret,
763 1031 798 1073 ea
812 1031 878 1088 quar
901 1030 962 1073 ase
1016 1018 1172 1089 diuumque
1185 1018 1283 1089 aliqua
1300 1018 1435 1085 inserens,
1451 1016 1499 1073 cni
1514 1017 1572 1073 huc
1586 1032 1680 1089 usque
1694 1018 1781 1075 tinem
1798 1019 1866 1075 dare

112 1108 284 1179 petebantur
312 1107 341 1162 in
357 1120 401 1163 me
418 1105 582 1173 transfudit,
607 1112 635 1161 et
650 1113 683 1162 ut
705 1106 782 1161 vices
805 1103 962 1175 superista
1015 1105 1125 1176 didere,
1145 1108 1215 1178 quia
1239 1107 1283 1163 his
1299 1106 1443 1177 explicitis
1464 1121 1529 1177 qna
1544 1106 1807 1176 impresentiarum
1823 1115 1865 1164 te-

112 1197 175 1267 ejus
200 1209 374 1266 exsequerer
388 1194 520 1251 exoravit
531 1201 559 1251 et
569 1193 665 1265 jussit.
685 1193 736 1250 bie
748 1201 844 1250 autem
864 1194 961 1250 liariae
1015 1210 1078 1260 neo,
1093 1196 1122 1250 in
1147 1195 1290 1252 similibus
1312 1195 1439 1254 exerceri
1462 1194 1614 1266 aliquoties
1638 1194 1674 1264 (si
1687 1196 1749 1252 vita
1772 1211 1866 1256 comes

112 1284 289 1356 Magdalenre
311 1284 421 1340 Natalis
435 1283 598 1340 celebratur
611 1284 720 1339 eodem.
742 1283 783 1338 Ea
797 1289 913 1353 propter
927 1284 962 1339 de
1015 1284 1113 1354 tuerit)
1127 1284 1184 1340 Deo
1203 1292 1376 1354 suggerente
1388 1283 1524 1340 delibero.
1541 1285 1575 1339 ln
1589 1298 1715 1355 quornm
1731 1285 1866 1355 plurimis

111 1373 184 1430 libro
209 1372 358 1442 sapientie
374 1372 504 1427 adbibita
523 1371 663 1427 sermonis
684 1371 804 1427 materia
825 1371 885 1427 solo
912 1370 961 1426 illo
1014 1371 1212 1444 tropologiam,
1230 1371 1260 1427 in
1279 1371 1379 1442 paucis
1401 1371 1568 1443 allegoriam
1582 1380 1708 1441 secutus,
1730 1372 1864 1430 eumdem

112 1462 198 1519 unico
222 1461 310 1517 verbo
336 1460 374 1517 illi
402 1460 452 1530 qni
477 1459 629 1530 petebatur
652 1460 785 1516 tractatui
809 1465 961 1516 contentus
1015 1474 1101 1530 quem
1124 1461 1154 1516 in
1179 1460 1279 1517 Genesi
1303 1460 1460 1517 habueram
1485 1475 1593 1518 morem
1619 1462 1700 1532 gessi.
1723 1462 1814 1518 Porro
1835 1463 1864 1519 in

112 1550 175 1606 tui:
196 1571 207 1598 ι
225 1549 379 1620 Sapientia,
404 1549 539 1615 uidelicet,
556 1547 645 1604 vincit
671 1548 819 1616 malitiam,
846 1549 961 1619 attingit
1014 1548 1111 1604 Genesi
1134 1547 1270 1621 adenis,
1294 1546 1367 1621 ideo]
1392 1549 1572 1619 potissimum
1595 1549 1751 1607 moralitati
1770 1551 1862 1607 inten-

111 1637 204 1693 asme
223 1637 371 1707 usquead
393 1637 478 1692 linem
508 1635 626 1702 lortiter,
653 1642 681 1691 et
707 1634 833 1705 disponit
864 1633 960 1691 omnia
1014 1637 1053 1703 di,
1071 1652 1128 1693 non
1144 1638 1222 1708 quod
1238 1638 1267 1693 in
1289 1652 1374 1695 sensu
1389 1638 1552 1709 allegorico,
1569 1638 1591 1694 si
1608 1638 1716 1707 pariter
1729 1638 1862 1695 elabora·

112 1726 240 1782 suatriter
273 1725 351 1795 (Sap.
379 1741 436 1794 vrrs,
473 1726 510 1794 l).
532 1747 542 1774 ι
565 1725 624 1779 lloc
643 1738 708 1779 cum
733 1738 792 1793 qua
811 1730 960 1793 potueram
980 1697 1086 1791 Brem,
1109 1726 1258 1782 sentienda
1290 1726 1454 1795 deficerent,
1485 1727 1533 1783 sed
1557 1728 1634 1798 quod
1663 1727 1774 1797 jndicio
1803 1741 1861 1784 meo

111 1815 239 1870 oratione
252 1813 463 1884 explanassem,
479 1821 507 1869 et
522 1812 590 1883 ipsis
604 1812 787 1869 auditoribus
804 1826 855 1882 pro
870 1811 959 1868 dieto·
1014 1814 1174 1885 allegoricis
1188 1814 1308 1870 moralia
1331 1816 1401 1870 satis
1420 1815 1474 1871 hoc
1496 1822 1622 1885 tempore
1645 1815 1762 1873 utiliora
1778 1824 1860 1888 puta·

111 1918 176 1960 rum
198 1902 364 1959 eorumdem
387 1901 586 1958 convenientia
610 1901 790 1971 placuissem,
814 1901 893 1971 prior
907 1902 960 1957 Ec·
1014 1916 1083 1971 rem,
1102 1902 1157 1958 inde
1171 1917 1207 1959 ex
1223 1904 1278 1959 lieo
1297 1903 1334 1959 ad
1350 1903 1494 1975 integrum
1517 1911 1619 1972 stante,
1636 1904 1769 1961 moribus
1795 1920 1860 1976 pene

110 1992 201 2047 clasiae
231 1989 331 2061 ipsius,
362 1988 524 2046 litterarum
544 2003 693 2045 sacrarum
724 2003 780 2044 non
806 1988 959 2046 minimum
1013 1992 1144 2047 omnium
1161 1992 1311 2062 multiplici
1334 1991 1403 2048 vitio
1424 1991 1593 2063 profligatis,
1614 1992 1735 2063 etquod
1758 1993 1789 2049 in
1814 1995 1860 2050 im·

111 2094 163 2150 pro
192 2078 317 2135 scientiae
345 2078 473 2148 potentia
495 2077 651 2147 studiosus,
677 2077 855 2134 familiariter
878 2093 895 2134 a
914 2093 959 2135 me
1013 2094 1143 2135 mensum
1160 2080 1275 2136 tendere
1296 2093 1369 2150 opus
1383 2082 1534 2136 non'meae
1556 2079 1650 2137 luerat
1673 2080 1798 2138 licentiae
1814 2090 1860 2140 ant

109 2167 206 2239 exegit
225 2173 257 2223 ut
276 2167 304 2222 nd
328 2166 381 2222 sibi
401 2165 565 2231 scriberem,
591 2165 621 2221 in
652 2158 723 2236 quo
737 2165 885 2221 materiam
906 2180 959 2221 su-
1011 2167 1178 2225 voluntatis.

110 2255 206 2312 mendi
239 2255 442 2326 cujuscunque
475 2254 616 2311 sermonis
646 2253 796 2324 acciperet.
817 2252 958 2320 Quoniam
1313 2256 1430 2314 CAPUT
1449 2257 1555 2314 XVlll.

109 2357 178 2415 ergo
193 2342 325 2399 abbatem
338 2356 447 2409 meum,
462 2357 520 2412 quo
535 2350 674 2412 praesente
688 2341 716 2397 id
727 2341 867 2410 dixeram,
882 2355 958 2412 aegre
1046 2346 1146 2400 lterum
1169 2344 1318 2400 admotus
1333 2349 1409 2414 peste
1431 2349 1514 2400 uertit
1537 2348 1686 2401 orationem
1705 2347 1858 2404 duibmtm.

109 2431 238 2488 laturum
262 2431 368 2501 scripta
392 2443 456 2486 mea
478 2443 680 2501 cognoveram,
698 2436 782 2485 caute
806 2429 959 2501 aggredior
1009 2459 1046 2473 —
1060 2432 1153 2504 lgitur
1168 2440 1258 2489 mater
1282 2433 1371 2489 bonos
1394 2441 1536 2503 quantum
1560 2433 1596 2489 ad
1611 2433 1761 2490 scientiam
1784 2449 1860 2492 meos

109 2519 264 2588 hominem,
293 2527 320 2575 et
336 2527 367 2575 nt
390 2532 479 2574 causa
494 2518 549 2575 viri
574 2518 661 2584 illius,
678 2531 765 2589 quem
788 2531 817 2573 se
839 2517 958 2588 diligere
1010 2519 1152 2576 admirata
1175 2534 1334 2589 successus,
1359 2521 1442 2577 valde
1468 2522 1609 2577 aestuabat
1629 2535 1717 2591 super
1744 2523 1860 2580 lubrica

110 2609 280 2676 testabatur,
314 2608 392 2678 quod
426 2607 566 2677 petebam,
600 2606 774 2678 indulgeret,
800 2620 835 2661 ex
870 2605 958 2662 latere
1010 2608 1101 2664 aetatis
1126 2622 1200 2679 quos
1222 2608 1377 2665 verebatur
1399 2608 1575 2666 excessibus.
1602 2609 1683 2667 Unde
1703 2619 1733 2668 et
1746 2612 1794 2668 sni
1819 2626 1860 2668 me

110 2698 194 2770 quasi
215 2712 251 2754 ex
255 2737 321 2753 ......
348 2696 584 2766 amici,etqnasi
608 2695 709 2752 talium
724 2696 822 2752 minus
844 2696 957 2753 studio-
1010 2695 1182 2752 imitatorem
1208 2697 1267 2754 lieri
1291 2711 1381 2768 quam
1406 2697 1504 2754 sedulo
1531 2699 1704 2768 postulabat,
1722 2700 1768 2756 cui
1796 2715 1859 2757 curn

108 2802 157 2844 sus
180 2799 289 2857 precor.
310 2785 477 2856 Suspicatus
502 2784 593 2856 igitur
616 2784 786 2840 brevissima
800 2798 845 2840 me
860 2784 956 2842 dictu·
1009 2785 1085 2840 Deus
1104 2784 1228 2853 speciem
1244 2792 1392 2856 tantopere
1414 2787 1600 2856 prestitisset,
1617 2787 1656 2843 ila
1670 2788 1817 2859 quidquid
1832 2791 1860 2845 in

110 2889 185 2942 rum,
203 2871 337 2942 assensit3
355 2871 440 2943 cuius
454 2885 519 2927 cum
537 2871 571 2926 de
585 2885 634 2928 ore
649 2871 770 2927 verbum
784 2871 955 2942 rapuissem,
1009 2887 1039 2928 se
1057 2872 1233 2930 laudabatur
1255 2874 1431 2944 posthabuit,
1448 2877 1518 2931 acsi
1534 2876 1861 2948 sesenullatennspnl-

109 2961 181 3033 cepi
196 2959 322 3017 exerceri
338 2960 366 3015 in
381 2973 414 3016 eo
430 2958 508 3030 quod
524 2973 737 3029 proposueram.
975 2962 1108 3051 cchram
1129 2962 1234 3026 scisset,
1261 2963 1300 3018 ita
1316 2962 1484 3020 viduitatem
1507 2964 1605 3033 coluit,
1629 2977 1663 3020 ac
1677 2965 1701 3021 si
1715 2965 1859 3022 maritalia

146 3051 304 3106 Tractatum
321 3049 443 3115 Qualiter
465 3063 550 3103 sermo
571 3050 632 3117 fieri
655 3048 759 3110 debeat,
780 3052 806 3103 et
824 3064 955 3103 commert-
1010 3063 1121 3120 semper
1146 3050 1235 3107 debiti
1262 3050 1366 3107 cubilis
1398 3052 1551 3121 impatiens
1576 3052 1748 3110 horruisset.
1780 3053 1857 3111 Nosti

108 3142 213 3195 turtum
237 3139 267 3192 in
285 3139 409 3192 Genesim
434 3136 532 3191 edidit.
549 3138 646 3205 iniquo
667 3138 758 3191 antimo
781 3136 812 3190 id
834 3139 889 3203 fert
904 3136 954 3191 ab·
1009 3146 1116 3207 tamen,
1142 3139 1270 3207 muriae,
1292 3139 1363 3211 quid
1388 3141 1462 3207 ildei,
1487 3140 1558 3211 quid
1573 3142 1680 3198 amoris
1703 3142 1793 3199 etiam
1808 3142 1856 3200 dc·

109 3229 165 3283 bes.
180 3225 409 3297 -Propositum
434 3233 529 3281 autem
546 3225 635 3281 habui
657 3233 689 3281 ut
706 3224 787 3281 initia
806 3224 953 3293 Geneseos,
1010 3226 1107 3283 iuncto
1131 3227 1254 3296 ipsisne
1283 3227 1376 3300 jugali
1392 3228 1535 3297 detulerit,
1567 3244 1657 3301 quam
1683 3231 1855 3301 quotidianis

107 3317 272 3372 Examerou
297 3313 415 3382 scilicet,
436 3312 622 3370 commentari
648 3313 796 3369 moraliter
821 3314 957 3384 aggrede-
1009 3329 1082 3385 pene
1097 3314 1254 3384 sacrificiis,
1284 3316 1464 3374 erationibus
1488 3332 1522 3374 ac
1537 3318 1680 3389 lacrymis,
1695 3320 1776 3376 haud
1801 3334 1853 3376 me·

106 3420 162 3462 rer.
178 3403 230 3461 Cui
245 3403 407 3459 commento
430 3401 573 3472 praeposui
590 3408 744 3459 tractatum
760 3403 829 3459 satis
849 3403 955 3459 medio·
1009 3403 1156 3459 diocribus
1174 3403 1361 3474 eleemosynis
1380 3406 1523 3462 solvendae
1544 3406 1608 3477 ejus
1628 3407 1745 3475 animae,
1770 3422 1853 3479 quam

106 3507 183 3551 crem
208 3491 333 3564 qualiter
360 3504 522 3547 sermonem
546 3489 608 3546 lieri
634 3497 772 3560 oporteat.
799 3493 859 3556 Quo
880 3505 956 3561 prce-
1009 3491 1134 3560 peecatis
1157 3493 1310 3562 praepediri
1336 3501 1467 3562 noverat,
1497 3494 1689 3552 indesinenter
1712 3496 1854 3553 institerit.

107 3581 193 3638 misso
225 3594 276 3636 sex
309 3580 422 3636 dierum
456 3577 629 3649 tropologice
670 3585 840 3648 prosecutus
870 3591 956 3649 opera
1009 3577 1072 3645 Qua
1086 3593 1123 3634 ex
1139 3594 1168 3636 re
1192 3580 1266 3636 mira
1282 3580 1331 3636 Dei
1346 3581 1557 3651 dispensatione
1575 3582 1671 3653 siebat,
1695 3584 1857 3641 utereber-

107 3670 179 3737 ludi,
198 3668 363 3739 importuno
378 3666 442 3724 licet
456 3666 580 3737 eloquio,
602 3681 727 3737 queque
741 3681 803 3723 meo
819 3665 956 3723 sedissent
1010 3664 1091 3720 rimis
1106 3664 1133 3721 ei
1155 3666 1324 3736 visionibus,
1344 3682 1419 3740 quos
1437 3670 1485 3726 illc
1498 3670 1609 3728 dolores
1627 3670 1657 3727 in
1673 3685 1729 3728 sua
1748 3686 1858 3744 purga-

106 3756 231 3830 iugenio.
259 3756 391 3827 Cumque
411 3755 536 3826 primum
559 3755 649 3812 abbas
672 3769 755 3812 meus
769 3769 858 3812 sacrae
877 3754 956 3811 illius
1010 3752 1086 3809 tione
1116 3753 1236 3824 terebat,
1258 3757 1471 3825 patientissimis
1493 3759 1752 3832 imaginationibus
1775 3776 1859 3818 mon-

106 3845 229 3902 historiae
262 3843 454 3913 conspexisset
486 3843 617 3899 adnotari
650 3843 820 3914 capitulum,
858 3843 956 3899 minus
1009 3849 1182 3899 strarentur.
1200 3843 1269 3911 Quae
1282 3845 1411 3902 visorum
1431 3861 1537 3918 genera
1551 3849 1630 3906 hand
1645 3849 1772 3907 dubium
1789 3852 1860 3922 quin

105 3948 176 3990 sano
191 3935 251 3989 haec
263 3931 386 3988 attendit
398 3930 516 3997 intuitu,
532 3938 639 3989 etcum
650 3946 696 3988 me
710 3931 837 4002 plurima
847 3931 956 3987 anima·
1008 3942 1046 3985 ex
1060 3930 1118 3985 Deo
1133 3931 1320 4000 proveniant;
1344 3933 1394 3990 nbi
1409 3934 1486 3991 enim
1507 3935 1588 3992 nulla
1602 3949 1694 4006 prava
1719 3939 1861 3995 securitas

105 4021 257 4078 dversione
281 4019 365 4075 irnem
384 4020 498 4091 scriptis
520 4019 577 4076 illis
601 4019 694 4076 tacere
717 4020 883 4087 monuisset,
910 4020 954 4075 vi·
1009 4029 1045 4072 ex
1060 4026 1208 4088 assumpta
1223 4018 1293 4075 lalso
1312 4020 1528 4091 pulchritudine
1552 4023 1670 4080 luminis
1688 4024 1790 4094 datur,
1813 4026 1860 4082 sed

106 4111 176 4168 dens
191 4109 270 4180 quod
300 4123 357 4164 non
381 4109 434 4164 nisi
450 4107 548 4179 spinas
572 4116 662 4178 cepta
678 4107 746 4163 talia
774 4106 865 4163 oeulis
892 4108 955 4178 ejus
1008 4118 1045 4161 ex
1067 4105 1165 4163 oblata
1187 4107 1293 4165 doloris
1319 4122 1353 4165 ac
1379 4124 1530 4180 poenarum
1557 4114 1647 4181 specie
1669 4114 1813 4172 orationis
1834 4122 1861 4172 et

107 4197 286 4269 ingerebant,
310 4211 368 4253 non
384 4196 477 4253 solum
493 4196 567 4268 ejus,
585 4196 633 4252 sed
655 4203 683 4253 et
698 4195 827 4253 omnium
852 4195 904 4266 qui
918 4196 955 4253 ad
1009 4192 1256 4265 elecmosynarum
1287 4198 1432 4255 incentiva
1456 4199 1632 4269 praebentur,
1657 4200 1709 4256 ubi
1730 4211 1861 4273 apertea

107 4287 135 4343 id
161 4287 254 4356 ipsum
276 4285 386 4342 deterre
414 4292 544 4354 poterant
567 4283 732 4354 presentias
758 4282 953 4353 praecavendo,
974 4282 1143 4351 nmortnis,
1168 4283 1224 4341 imo
1249 4286 1285 4342 ab
1299 4286 1418 4358 angelis.
1443 4288 1494 4359 qui
1518 4287 1646 4346 fidelium
1674 4298 1860 4349 mortuorum

106 4375 180 4431 clam
195 4373 267 4430 illud
289 4387 373 4429 omne
389 4372 495 4443 peregi.
516 4371 663 4442 Opuscula
684 4371 762 4426 enim
777 4383 839 4427 mea
852 4370 914 4427 haec
928 4375 956 4426 et
1009 4383 1109 4427 curam
1135 4381 1251 4444 gerunt,
1266 4373 1357 4430 divini
1372 4374 1458 4433 officii
1486 4377 1614 4433 remedia
1633 4377 1809 4450 exiguntur,
1825 4395 1860 4438 ex

106 4464 163 4521 alia
179 4463 223 4535 (Η)
239 4462 327 4519 nullis
347 4461 488 4531 impressa
504 4459 610 4516 tabulis
629 4459 765 4515 dictando
785 4466 814 4515 et
827 4460 955 4516 seriben-
1009 4459 1066 4515 beo
1088 4460 1226 4518 harcheri
1251 4462 1304 4519 hoc
1325 4463 1471 4520 sufficiens
1497 4465 1656 4535 probationi
1677 4474 1731 4536 est,
1757 4470 1862 4540 quiaa

106 4553 151 4621 do,
168 4551 319 4609 scribenda
341 4549 427 4606 eliam
448 4548 556 4619 pariter
579 4547 798 4605 commentando
822 4548 955 4605 immuta·
1008 4548 1187 4606 damonibus
1215 4564 1367 4620 nunquam
1396 4552 1481 4609 saluti
1515 4553 1677 4624 cujuspiam
1705 4556 1862 4625 protutura

107 4642 201 4699 biliter
224 4639 337 4711 paginis
365 4637 533 4694 interebam.
553 4636 693 4706 Tempore
716 4651 784 4708 ergo
800 4636 878 4693 illius
902 4636 955 4693 ab·
1008 4645 1192 4705 queruntur.
1224 4637 1367 4694 Sollicitas
1393 4638 1483 4710 igitur
1508 4639 1591 4696 bonae
1622 4640 1700 4697 illius
1728 4643 1861 4701 mulieris

106 4727 355 4787 batisomnimodo
380 4725 477 4782 studia
500 4738 563 4781 mea
577 4725 717 4782 delituere
745 4725 868 4782 silentio.
893 4724 954 4792 Quo
1008 4723 1124 4781 animus
1146 4724 1191 4781 his
1214 4724 1475 4797 significationibus
1489 4728 1655 4797 recalefieri,
1677 4744 1714 4786 ac
1727 4730 1860 4789 interno·

105 4818 268 4884 decedente,
297 4823 400 4872 nactus
426 4814 605 4870 occasionem
637 4814 706 4871 dum
734 4821 848 4885 pastore
875 4812 955 4869 locus
1008 4825 1075 4867 rum
1091 4819 1299 4871 tormentorum
1322 4813 1358 4870 ad
1374 4815 1531 4884 protectum
1551 4816 1665 4874 assidue
1688 4832 1742 4888 pro
1757 4821 1859 4877 marito

106 4907 152 4963 ille
166 4910 292 4969 vacaret,
314 4902 420 4972 impegi
446 4901 559 4958 tandem
584 4906 659 4957 m
674 4909 702 4958 et
721 4901 801 4958 brevi
817 4915 890 4972 opus
903 4915 953 4957 ex·
1007 4900 1155 4970 quondam
1170 4915 1223 4958 suo
1238 4900 1448 4959 intercessionis
1459 4904 1637 4974 portentione
1655 4908 1805 4965 succendi.

105 4995 191 5067 plevi.
207 4993 288 5061 Quod
301 4991 398 5047 decem
414 4989 496 5047 libris
509 4991 704 5060 complexum,
722 4989 955 5046 secundumillos
1043 4989 1168 5045 deitati
1188 4995 1268 5060 pater
1289 4992 1432 5048 Eorardus
1453 4993 1674 5064 nuncupabatur.
1701 4995 1748 5052 Ab
1773 5011 1857 5052 acore

105 5092 232 5155 quatuor
256 5079 479 5152 prenominatos
494 5078 638 5135 interioris
654 5077 776 5134 hominis
796 5085 899 5143 motus,
914 5077 954 5134 ita
1007 5079 1127 5132 munitur
1144 5094 1195 5149 per
1218 5081 1316 5137 nisum
1341 5110 1376 5120 -
1401 5081 1482 5138 Unde
1502 5082 1575 5139 inter
1598 5089 1702 5140 caetera
1730 5085 1857 5156 quadam

105 5171 242 5229 moralem
265 5175 420 5226 exsecutus
435 5182 499 5224 sum
516 5167 546 5222 in
564 5166 699 5222 omnibus
713 5173 838 5234 tropum,
855 5172 887 5222 ut
902 5180 953 5236 pc·
1007 5175 1100 5234 nocte,
1127 5167 1274 5224 bominica
1300 5176 1362 5239 post
1385 5170 1556 5238 matutinos,
1580 5172 1687 5229 aestatis
1709 5180 1856 5244 tempore,

105 5260 185 5316 nitus
205 5259 356 5314 immutato
380 5255 558 5313 locutionum
581 5253 682 5311 ordine
705 5253 787 5309 initia
801 5253 954 5311 continua·
1007 5268 1075 5311 curu
1095 5257 1224 5312 membra
1237 5270 1355 5314 scamno
1377 5259 1509 5316 cubitum
1529 5260 1737 5331 angustissimo
1750 5269 1857 5319 contu

105 5344 319 5418 renturaclt„
343 5342 391 5416 ad]
419 5356 598 5413 supremum.
622 5342 729 5411 inquo
753 5341 892 5411 opusculo
915 5357 955 5400 an
1008 5342 1094 5412 iisset,
1125 5358 1192 5401 mox
1223 5344 1253 5400 in
1279 5360 1379 5403 somno
1407 5348 1492 5418 coepit
1523 5347 1654 5418 deprimi,
1677 5362 1734 5406 sua
1767 5350 1856 5421 ipsius

105 5435 243 5505 cuiqnam
258 5433 425 5503 profecerim
451 5431 557 5500 neseio,
577 5429 716 5500 placuisse
737 5436 834 5487 tamen
850 5430 953 5500 plenis·
1008 5433 1106 5488 anima
1126 5432 1162 5489 de
1184 5448 1301 5505 corpore
1322 5436 1495 5493 sensibiliter
1515 5436 1570 5493 sibi
1596 5438 1660 5493 visa
1682 5445 1728 5495 est
1748 5439 1854 5512 egredi.

106 5536 163 5594 que
177 5520 337 5592 plurimum
351 5519 482 5577 litteratis
495 5533 553 5576 non
568 5517 685 5585 dubito;
696 5516 830 5575 hocvero
842 5528 953 5577 certum
1007 5519 1139 5591 Cumque
1160 5521 1250 5579 veluti
1267 5537 1318 5593 per
1342 5524 1499 5594 quamdam
1526 5525 1670 5598 porticum
1688 5525 1854 5596 duceretur,

1887 3746 1891 3849 l
