3818 6008
815 414 901 459 ΔΝΝΟ
925 414 1039 460 DOMINI
1062 415 1150 460 utctv.

389 615 708 816 VEN.
793 613 1580 825 GUIBERTUS
1692 820 1694 824 ι

197 939 453 1043 ABBAS
495 937 808 1061 SANCTAE
851 939 1115 1043 MARIAE
1157 940 1255 1046 DE
1299 932 1768 1047 NOVIGENTO.

56 1316 63 1405 t
625 1275 1030 1400 GUIBERTI
1072 1273 1357 1400 OPERA

106 1529 282 1594 Prodeant
307 1547 399 1594 nune
423 1528 571 1610 primum
596 1527 632 1591 in
655 1528 766 1591 lucem
790 1543 958 1591 unacum
982 1525 1167 1608 appendice
1193 1526 1234 1588 ad
1259 1526 1384 1588 librum
1417 1526 1557 1589 tertium
1579 1525 1623 1590 De
1654 1525 1729 1591 Vita
1751 1527 1863 1610 ipsius

150 1620 317 1683 nimirum
337 1616 521 1681 llermanni
536 1616 694 1679 monachi
710 1616 784 1678 libri
807 1622 890 1691 tres,
916 1614 961 1679 De
979 1614 1158 1678 'miraculis
1180 1613 1214 1678 S.
1239 1613 1362 1692 Muriae,
1382 1614 1453 1677 sive
1479 1614 1523 1679 [te
1549 1617 1765 1696 reparatione
1781 1615 1865 1681 Lau·

148 1706 320 1771 dttnensis
335 1706 508 1779 eeclesiae;
536 1705 578 1769 lle
613 1703 723 1768 Gestis
746 1703 984 1767 Bartholomaei
1011 1703 1184 1785 episeopi;
1211 1721 1249 1765 ac
1273 1704 1320 1791 iic
1340 1703 1473 1782 origine
1499 1707 1532 1766 et
1552 1703 1761 1768 incremento
1779 1703 1865 1770 Prae·

149 1795 418 1860 monstrateusis
434 1792 576 1856 ordinis.
596 1792 679 1857 item
700 1791 794 1857 Notae
807 1798 839 1857 et
854 1791 1113 1855 observationes
1136 1791 1282 1855 vetustis
1298 1792 1531 1854 monumentis
1547 1792 1680 1855 retertae
1700 1793 1741 1855 ad
1758 1811 1861 1874 qnos·

150 1882 452 1948 simitudinem
473 1882 590 1945 libros.
615 1881 733 1944 -His
750 1879 915 1943 accedunt
938 1879 1167 1944 additamenta
1191 1879 1227 1942 in
1252 1879 1376 1962 quibus
1392 1879 1475 1944 Vttae
1492 1878 1525 1944 S.
1551 1879 1738 1957 Gevemuri,
1755 1879 1790 1944 B.
1813 1881 1863 1946 Si·

150 1974 267 2036 monis
288 1971 424 2035 comitis
440 1969 685 2051 crespeiensis,
701 1974 733 2033 at
749 1968 783 2034 S.
799 1968 991 2048 Salabergae
1007 1969 1207 2041 abbatissam
1225 1987 1286 2031 nec
1307 1986 1375 2030 uon
1400 1968 1554 2047 lingonis
1570 1967 1863 2049 Rotbomagensis

59 2104 63 2127 .
149 2060 401 2142 archiepiscopi
416 2058 492 2134 libri
507 2063 576 2122 tres
595 2058 798 2138 flegmatum
814 2055 1011 2121 Christianae
1026 2057 1105 2119 tidei
1129 2062 1247 2119 contra
1272 2056 1450 2119 haereticos
1462 2057 1515 2121 sui
1531 2057 1717 2140 temporis;
1744 2063 1777 2122 et
1801 2056 1862 2122 lie·

150 2150 239 2213 berti
255 2152 297 2212 de
313 2147 428 2212 idente
439 2147 664 2211 Accessiones
678 2152 779 2228 utque
790 2145 967 2228 Appendix
981 2163 1147 2225 germana
1161 2145 1201 2208 ud
1223 2144 1444 2225 sigibertum.

58 2292 64 2359 f
113 2321 231 2387 emnia
250 2317 362 2385 studio
381 2329 413 2385 et
425 2338 527 2409 opera
541 2313 657 2384 domni
671 2320 765 2384 Luce
783 2316 962 2407 (ficiem,
982 2316 1139 2383 mornacii
1160 2313 1363 2384 benedictini
1379 2317 1643 2407 concrepatione
1662 2320 1698 2386 S.
1726 2318 1863 2424 Mauri,

210 2509 341 2578 (Lutetiae
356 2507 543 2576 Parisiorum,
559 2505 724 2577 sumptibus
737 2503 854 2562 loannis
868 2505 999 2572 Billaios,
1011 2505 1059 2562 via
1072 2506 1213 2575 Jacobea,
1228 2506 1283 2563 sub
1298 2507 1380 2577 signo
1395 2505 1422 2562 S.
1441 2507 1607 2578 Augustini,
1626 2507 1758 2579 uectat.)

709 2780 1269 2940 Puonueouuuit.

837 3046 1133 3123 AMPLISSIMO

493 3240 628 3364 DD.
687 3235 1159 3363 MATTHAEO
1218 3218 1470 3363 MOLE

695 3453 849 3510 stultus
871 3453 1085 3510 vstttsfflu'sts
1106 3455 1266 3511 vtttu'ctvt.

139 3642 332 3711 onotandem
346 3643 453 3711 animo,
484 3649 671 3712 pmtepraeses
693 3638 879 3710 amplissime,
904 3637 1061 3694 Guibertns
1083 3637 1130 3695 bie
1153 3646 1248 3695 noster
1270 3640 1368 3696 orbem
1393 3640 1488 3698 denuo
1511 3642 1636 3700 lustrare
1661 3646 1774 3715 gestiat,
1799 3658 1859 3702 non

105 3732 169 3787 satis
183 3731 256 3787 inibi
268 3738 449 3800 compertum
475 3729 594 3786 minime
610 3727 763 3785 dittitebor.
783 3727 846 3783 tam
866 3740 917 3796 per
933 3725 1024 3782 multa
1039 3733 1200 3796 temporum
1216 3728 1363 3784 enrricula
1379 3729 1407 3785 in
1424 3729 1602 3787 bibliothece
1622 3732 1781 3802 tranquilla
1795 3739 1858 3788 sta·

68 3830 71 3865 t
106 3819 177 3874 tione
193 3817 305 3888 positus
320 3819 477 3874 dormierat
491 3817 566 3874 inter
580 3824 709 3872 mertuos
723 3814 796 3872 liber
807 3814 981 3884 Guibertus3
998 3815 1065 3885 quis
1088 3815 1239 3871 suscitavit
1257 3816 1349 3872 eumt
1374 3816 1455 3874 Certe
1477 3818 1594 3889 quidem
1610 3834 1669 3874 nen
1691 3819 1751 3876 odit
1765 3819 1858 3877 lucent

106 3908 152 3977 poi
168 3920 286 3963 summo
307 3904 405 3963 labere
420 3913 449 3962 et
471 3917 544 3962 cera
571 3904 749 3975 permaxima
775 3910 815 3959 tot
842 3903 991 3974 pestitaras
1017 3903 1072 3960 evi
1086 3903 1131 3960 sui
1147 3916 1279 3961 errorum
1307 3904 1512 3978 bereseouque
1526 3908 1690 3964 tenebrase
1712 3908 1859 3966 mentibus

106 3995 256 4051 bominum
271 4000 300 4050 et
311 4007 408 4050 ceram
422 4001 450 4051 at
464 3993 581 4064 seriptis
595 3992 774 4063 propulsare,
790 3999 878 4062 atque
894 3990 985 4048 divini
1000 3990 1080 4047 verbi
1096 4006 1129 4047 ac
1150 3991 1316 4064 tbeetogieae
1330 3993 1459 4050 veritatis
1480 3995 1661 4065 preconibus
1677 3996 1766 4053 lacem
1781 4009 1857 4066 prn-

104 4083 174 4141 ierre
189 4096 249 4140 nen
261 4083 382 4140 destitit:
397 4090 428 4140 nt
448 4081 554 4140 coaevis
575 4082 672 4149 verbo,
698 4081 740 4137 sie
762 4088 791 4136 et
816 4080 935 4150 posteris
949 4094 1029 4136 nune
1048 4080 1163 4150 scripto,
1189 4093 1264 4135 novo
1282 4080 1365 4151 quasi
1389 4089 1494 4138 exortu
1523 4081 1662 4154 affulgeat
1679 4083 1858 4154 sapientissi-

66 4200 70 4247 t
104 4186 167 4228 nus
180 4172 292 4240 abbas;
308 4185 416 4228 memor
439 4169 640 4241 sapientissimi
666 4169 743 4240 mgis
761 4167 849 4237 edati,
876 4168 934 4224 imo
962 4167 1115 4237 sapientie
1138 4167 1297 4223 increatae:
1322 4170 1470 4237 Sapientia
1482 4170 1652 4239 absconditu,
1671 4176 1697 4226 at
1713 4173 1857 4228 thecum

103 4262 216 4327 isaeus,
242 4274 304 4328 qua
322 4260 483 4315 utilitatis
509 4260 634 4329 utrisque
660 4259 697 4328 (t)
728 4256 862 4314 Attamen
886 4254 1016 4313 meminit
1036 4256 1130 4312 doctus
1153 4256 1205 4311 iste
1218 4256 1326 4322 Scriba,
1343 4257 1395 4328 qui
1408 4259 1513 4327 profert
1529 4259 1562 4313 dc
1584 4261 1709 4314 thesauro
1723 4273 1772 4315 sue
1785 4274 1856 4315 nona

103 4353 227 4403 cecam
245 4347 294 4419 (2).
307 4348 384 4418 quod
399 4347 505 4404 veritas
518 4346 618 4403 edium
637 4346 739 4416 pariat,
757 4343 836 4415 quod
864 4351 892 4400 et
912 4342 992 4399 omni
1017 4344 1123 4400 seculo
1148 4358 1206 4399 nou
1231 4344 1326 4401 desint
1348 4347 1398 4414 qui
1421 4346 1586 4402 metadicuat
1607 4347 1664 4402 diei
1677 4348 1725 4418 (3),
1742 4347 1857 4419 quique

104 4435 247 4513 lugientes
262 4436 365 4505 lucem,
380 4437 495 4507 privata
513 4450 549 4492 ne
563 4443 727 4507 arguantur
740 4448 837 4505 opera,
858 4433 980 4489 alierum
1004 4432 1145 4488 insultant
1168 4432 1313 4502 operibus.
1329 4433 1391 4500 Quo
1407 4443 1489 4503 paeto
1505 4435 1602 4506 itaque
1626 4443 1685 4492 tam
1710 4436 1857 4493 diuturne

64 4554 69 4589 ς
104 4525 191 4593 quieti
208 4524 368 4582 valedicere
383 4539 442 4583 non
455 4523 666 4592 timetthara
679 4523 787 4580 nedum
803 4522 956 4587 lucentem,
970 4519 1018 4576 sed
1037 4527 1207 4590 arguentem
1226 4520 1312 4577 audet
1335 4521 1411 4577 hisce
1427 4523 1603 4592 temporibus
1625 4522 1738 4592 aperire
1755 4523 1858 4581 verita·

66 4592 69 4615 '
104 4620 160 4667 tem
174 4611 188 4664 i
201 4612 348 4679 Quantum
364 4613 455 4684 capio,
477 4620 665 4684 pmtepreses
680 4610 883 4677 illustrissime,
901 4609 1049 4679 idemque
1072 4622 1145 4664 usus
1159 4615 1201 4664 est
1214 4608 1284 4665 dum
1310 4609 1339 4664 in
1353 4609 1428 4666 vivis
1442 4618 1549 4682 ageret,
1574 4611 1753 4669 nuncetiam
1771 4613 1858 4669 adbi-

103 4700 171 4756 bere
185 4701 335 4757 eonsitium
350 4701 429 4758 ducit
451 4709 658 4772 opportunum.
684 4701 759 4756 Dum
774 4698 879 4755 etenim
908 4696 988 4767 operi
1013 4695 1140 4766 cuipiam
1168 4703 1328 4752 extremam
1357 4711 1476 4753 manum
1504 4697 1695 4768 imposuisset,
1712 4699 1856 4771 velletque

63 4780 68 4853 l
100 4789 274 4858 juristaeere
291 4789 410 4860 publici,
435 4789 508 4846 nibil
531 4788 634 4846 babuit
659 4787 811 4859 antiquius
837 4799 926 4856 quam
954 4792 986 4841 ut
1010 4797 1163 4854 procerum
1178 4784 1290 4841 animos
1304 4784 1356 4840 sibi
1373 4785 1541 4852 devinciret,
1569 4794 1763 4858 patronosque
1778 4789 1854 4844 omni

103 4875 155 4931 ide
169 4877 294 4948 majores
308 4891 369 4933 sue
384 4884 564 4949 compararet
585 4877 734 4936 doetrinae.
750 4889 816 4946 quae
839 4874 916 4943 (ticet
931 4871 977 4929 SS.
994 4874 1112 4928 Petrum
1135 4872 1249 4942 seriptis
1272 4872 1389 4928 ommno
1405 4874 1594 4942 consentiens,
1620 4874 1698 4943 quod
1714 4874 1779 4931 altis
1794 4875 1855 4931 hae-

103 4972 196 5019 rentes
210 4964 358 5021 radicibus
371 4978 494 5028 errores,
512 4977 605 5020 mores
619 4977 769 5034 perversos
787 4976 821 5018 ac
836 4962 961 5018 nefarios
986 4975 1058 5018 usus
1087 4961 1243 5029 impeteret)
1269 4975 1352 5031 passa
1379 4971 1451 5018 esset
1468 4962 1638 5032 perieulum,
1663 4962 1693 5018 ni
1710 4963 1854 5032 prodeun-

104 5059 157 5107 tem
172 5052 326 5109 sublimior
342 5061 434 5110 tutata
448 5053 548 5110 luisset
573 5053 740 5110 auctoritas.
757 5050 830 5119 Quid
857 5064 926 5121 erge
952 5051 1058 5106 mirum
1079 5049 1216 5105 sinestra
1240 5050 1294 5106 bac
1309 5050 1370 5120 ipsa
1386 5057 1549 5120 tempestate
1563 5048 1676 5105 nonnisi
1701 5051 1854 5123 cujusdam

104 5140 224 5196 vindicis
239 5142 371 5199 acerrimi
385 5140 651 5213 sapientissimique
678 5141 768 5199 tretus
797 5139 933 5210 auspiciis
949 5138 978 5194 in
1005 5136 1154 5209 publicum
1173 5138 1286 5209 prodire
1302 5137 1466 5196 detrectat?
1480 5138 1587 5196 Verum
1603 5137 1754 5197 enimvero
1766 5153 1854 5212 quetu

136 5299 178 5370 (t)
192 5300 275 5356 ltccti.
291 5314 349 5369 ιιι,
365 5301 409 5357 t't.

138 5369 173 5439 β)
188 5370 288 5427 ltottb
304 5384 364 5431 xm.

70 5460 73 5473 ·
139 5439 176 5512 (3)
189 5440 239 5497 ted
252 5444 324 5507 tut

280 5533 419 5599 Perses..
446 5529 552 5599 CLVI.

79 5702 266 5893 ,ψ
