3818 6008
112 281 179 335 titt
617 277 664 333 ab
683 277 759 360 obe.
781 276 861 334 VEN.
881 273 1045 334 ahlbhtttl
1066 275 1112 334 llll
1131 274 1330 333 solicitata
1799 275 1865 332 titt

108 413 357 471 observationibus
382 411 486 468 nostris
506 411 633 468 intexere
654 419 750 467 actum
774 424 860 482 agere
878 409 956 467 vide·
974 409 1133 467 AParisios
1143 418 1276 482 precatus
1283 418 1326 467 est
1339 410 1507 481 praedictum
1522 411 1634 468 Patrem
1649 409 1863 480 (Gnillelmuml

109 515 170 572 rer3
186 501 328 572 siquidem
343 500 372 555 in
388 499 441 556 hoc
454 506 626 570 argumento
640 499 734 570 ample
748 513 782 555 ac
796 499 957 568 pererudite
1010 504 1043 553 ut
1064 497 1227 568 susciperet,
1245 505 1272 553 et
1294 497 1453 554 secuudum
1469 498 1632 570 regularem
1649 497 1864 554 institutionem

109 588 251 646 laboravit
276 595 387 644 nostras
411 587 549 645 Claudius
574 588 739 644 llemeraeus
762 588 869 655 doctor,
886 588 955 644 dum
1010 584 1167 652 ordinaret,
1183 586 1260 655 quod
1274 592 1302 641 et
1316 584 1390 641 fecit.
1412 585 1469 641 Nec
1491 599 1549 641 non
1565 592 1592 641 et
1615 585 1674 641 0do
1690 599 1791 642 comes
1805 583 1865 655 pari

109 676 265 743 adviveret,
293 675 454 733 Serbonicae
486 675 636 742 societatis,
663 676 799 743 Historia,
824 675 869 732 cui
892 675 957 731 titu·
1011 671 1161 731 devotione
1189 674 1283 731 locum
1309 674 1334 730 S.
1364 674 1483 731 Faronis
1518 674 1546 729 in
1580 673 1652 730 urbe
1688 673 1865 739 bleldarum,

109 765 164 830 lus,
177 767 309 836 Augusto
327 764 588 821 Viromanduorum
607 763 766 831 illustrato,
792 777 857 836 pag.
871 766 916 830 65,
929 770 957 821 ct
1010 761 1102 818 cidem
1119 762 1261 819 commisit
1276 762 1435 818 venerabili
1457 763 1550 832 Patri3
1569 763 1661 818 sedet
1686 760 1868 817 honorabilis

109 866 208 922 apag.
226 853 261 906 et
275 852 311 907 ad
327 853 371 906 99.
656 849 663 862 ’
1012 850 1117 921 presul
1145 851 1277 908 tielensis
1305 850 1439 907 Ecclesiae
1462 850 1658 906 Theodericus
1680 849 1867 906 Gorsieusenr

145 940 252 997 Verum
268 954 303 996 ne
327 940 440 1010 penitus
461 939 596 1011 jejunum
621 940 741 1011 legentis
764 940 893 996 animum
910 954 956 997 re·
1011 935 1156 992 abbatiam
1172 938 1269 993 eodem
1298 937 1357 992 zelo
1380 936 1428 992 llei
1453 935 1665 991 commendavit
1693 935 1744 998 illi,
1777 957 1788 983 ·
1815 942 1867 991 etc.

109 1027 251 1100 linquam,
283 1028 457 1098 paucissima
481 1042 518 1084 ex
540 1041 605 1100 pag.
637 1030 670 1083 65
694 1042 838 1098 apponere
861 1028 956 1085 visum
1011 1024 1139 1094 benique
1156 1023 1181 1080 S.
1205 1024 1324 1096 Benigni
1346 1024 1505 1080 chronicon
1521 1024 1631 1079 calamo
1644 1029 1817 1090 exaratum,
1841 1023 1868 1079 iu

108 1123 149 1173 est
165 1130 204 1170 :o
227 1115 268 1171 lld
293 1117 367 1187 ipsos
391 1130 461 1186 pene
485 1130 584 1172 muros
605 1115 745 1187 Augustae
762 1116 798 1186 (S.
815 1116 955 1183 Quintinil
1012 1114 1146 1169 llrunoue
1166 1113 1290 1183 episcop.
1314 1113 1433 1184 lingon.
1459 1131 1472 1163 a
1497 1112 1626 1167 bolanus
1649 1119 1749 1168 autem
1769 1112 1869 1167 Bruno

109 1203 314 1259 monasterium
340 1203 567 1271 humolariense,
600 1204 691 1275 Eligio
723 1213 839 1276 regente
865 1205 958 1261 cathe
1010 1201 1196 1258 considerans
1219 1202 1332 1258 Patrem
1366 1200 1541 1257 wilielmum
1578 1201 1617 1256 ita
1649 1199 1817 1256 ferventem
1839 1200 1868 1255 in

108 1291 190 1348 dram
227 1293 453 1359 Noviomensem,
493 1292 567 1348 mira
607 1306 769 1349 nonnarum
807 1293 957 1350 sanctitate
1010 1289 1148 1361 religione
1171 1304 1205 1345 ac
1229 1289 1386 1346 monastiea
1405 1288 1592 1355 institutione,
1614 1288 1764 1344 etlocaei
1790 1293 1867 1344 m

108 1378 253 1448 inclaruit,
280 1388 342 1437 tum
375 1394 443 1437 vero
471 1380 607 1449 maxime,
632 1395 698 1437 cum
721 1387 762 1438 est
786 1381 957 1451 praefectura
1010 1377 1162 1434 commissa
1180 1378 1216 1434 de
1231 1378 1275 1433 die
1291 1377 1320 1433 iu
1336 1378 1410 1433 diem
1428 1376 1456 1431 in
1479 1377 1583 1433 melius
1599 1376 1750 1447 proficere,
1768 1377 1868 1432 omnia

19 1518 21 1525 ,
107 1469 171 1539 eius
203 1468 379 1539 liunegundi
414 1468 518 1539 virgini
553 1468 761 1526 commendata.
792 1469 857 1525 ilaec
893 1477 957 1526 orta
1011 1465 1039 1520 in
1056 1479 1109 1521 suo
1131 1465 1297 1536 episcopatu
1320 1463 1491 1521 monasteria
1508 1464 1597 1534 ipsius
1612 1464 1773 1535 delegavit,
1799 1479 1866 1535 pro-

108 1555 271 1612 hambaidis
301 1556 469 1624 domicellis,
505 1555 581 1612 binis
621 1556 792 1612 milliaribus
825 1557 861 1613 ab
898 1561 955 1614 Au·
1009 1552 1253 1620 videntiae,›etc.

107 1647 202 1712 gusta,
220 1648 272 1698 etc.
299 1640 415 1711 Scripsit
437 1641 501 1713 ejus
524 1641 613 1697 vitam
637 1643 781 1699 Beruerus
803 1642 904 1713 abbas,
928 1650 956 1700 et
1046 1638 1092 1711 β’)
1107 1642 1173 1697 lein.
1191 1671 1225 1681 -
1241 1640 1281 1695 Et
1293 1642 1352 1698 Son
1362 1640 1556 1708 Quintiomaia
1569 1640 1605 1696 de
1618 1642 1728 1708 Monte,
1743 1646 1802 1696 etc.

106 1728 326 1801 chorographus
353 1730 563 1787 reformationis
587 1731 650 1801 ejus
672 1731 736 1801 loci,
760 1731 815 1788 sub
839 1733 955 1789 eilberto
974 1702 1042 1784 Bln
1059 1736 1163 1797 monte,
1182 1728 1218 1785 ab
1234 1728 1306 1785 urbe
1329 1729 1438 1785 Peroua
1458 1728 1551 1799 primo
1573 1728 1679 1797 lapide,
1702 1727 1863 1798 disparato,

75 1831 85 1843 ·
107 1815 157 1873 Pio
177 1816 279 1873 comite
295 1816 570 1885 Viromanduorum,
588 1831 635 1872 an.
652 1820 704 1873 eta
727 1819 824 1889 ejectis
841 1821 955 1886 nonnis,
1009 1813 1146 1870 collocata
1169 1822 1211 1870 est
1233 1813 1349 1871 abbatia
1374 1814 1402 1871 S.
1423 1814 1568 1884 Quintini3
1592 1822 1636 1870 est
1650 1814 1729 1870 euim
1757 1814 1816 1870 alia
1835 1814 1862 1870 S.

107 1919 206 1976 quaa
230 1905 329 1976 regula
350 1904 528 1962 deiecissent.
548 1923 562 1957 a
586 1908 614 1962 s.
643 1907 835 1978 hunegundis
859 1908 954 1966 Vitam
1008 1900 1145 1969 Quintino
1173 1916 1255 1960 sacra
1283 1902 1423 1973 Augustae
1450 1901 1730 1968 Viromanduorum,
1762 1903 1861 1973 vulgo,

106 1991 181 2050 inter
213 1992 351 2049 Surianas
375 1999 540 2049 sauctorum
566 1993 653 2061 Vitas,
683 1994 729 2051 die
752 1998 786 2050 25
811 1996 953 2068 Augusti:
1008 1987 1241 2061 l’abbayeotrte,
1257 1989 1355 2046 sende
1378 1989 1454 2058 thie,
1478 1990 1595 2047 abbatia
1620 1990 1646 2046 S.
1673 1989 1809 2056 Quintini
1834 1990 1861 2045 iu

43 2091 50 2096 ·
106 2079 283 2151 Praeceptum
300 2093 367 2136 vero
392 2079 529 2136 ludovici
549 2080 746 2150 Ultramarini,
772 2083 807 2139 de
822 2083 955 2140 inducen·
1008 2076 1116 2144 insula,
1137 2077 1178 2133 sic
1199 2085 1380 2148 nuncupata,
1402 2078 1479 2148 quod
1502 2085 1659 2149 antequam
1675 2077 1751 2134 urbs
1763 2078 1860 2134 eadem

107 2167 150 2224 dis
178 2167 326 2225 monachis
356 2168 383 2223 in
413 2168 574 2225 coenobium
599 2170 823 2238 humolariense,
848 2172 954 2228 sancti·
1008 2180 1026 2222 a
1055 2166 1184 2236 Philippo
1211 2167 1235 2222 ll
1260 2166 1464 2238 Hispaniarum
1487 2180 1554 2238 rege
1585 2175 1754 2236 caperetur,
1783 2181 1862 2223 secus

106 2255 282 2312 monialibus
308 2254 446 2326 expulsis,
472 2271 524 2312 nec
545 2272 602 2313 non
623 2259 752 2315 diversas
777 2273 842 2330 quar
866 2259 901 2315 ad
926 2259 954 2316 id
1008 2253 1161 2311 somonam
1189 2254 1312 2311 fluvium
1338 2261 1463 2312 exstaret
1490 2269 1597 2311 :nuno
1619 2269 1688 2311 vero
1711 2255 1810 2311 media
1833 2256 1860 2310 iu

106 2350 234 2412 spectant
258 2342 423 2399 monasterii
447 2343 562 2401 chartas
586 2347 709 2416 reperies
732 2348 761 2403 in
788 2355 899 2420 regesto
917 2348 954 2403 ad
1008 2342 1080 2400 urbe
1095 2347 1233 2415 Augusto
1247 2343 1517 2400 Viromanduorum.
1535 2343 1574 2399 lle
1588 2357 1648 2415 qna
1668 2342 1813 2415 sigebert.
1827 2344 1861 2399 ad

106 2430 211 2486 calcem
228 2431 353 2501 pretate
368 2431 446 2500 hist,
461 2433 617 2504 pegasei
631 2448 689 2501 seq.
818 2423 822 2429 ’
1008 2430 1134 2487 anilii.

141 2514 185 2588 (⁷¹)
208 2518 276 2572 lnrn.
300 2547 336 2559 -
353 2517 517 2575 Hearieom
545 2521 700 2577 coenobiolo
730 2521 821 2578 eliam
843 2525 954 2594 profice
1043 2518 1205 2575 lionasterii
1243 2517 1338 2575 Sancti
1368 2517 1497 2586 Quintlni
1528 2519 1563 2575 de
1594 2518 1698 2580 llonte.
1730 2519 1793 2576 solo
1826 2519 1860 2575 ab

105 2609 177 2659 reat.
207 2604 288 2672 Quod
319 2606 476 2663 ilenricum
504 2608 597 2665 tribus
622 2611 766 2666 asceteriis
787 2611 952 2681 praefectum
1006 2606 1215 2663 Nortbmannis
1233 2605 1388 2676 adaequati,
1405 2605 1493 2663 nullae
1508 2606 1592 2662 nobis
1606 2607 1780 2676 superstites
1796 2616 1862 2665 sunt

106 2693 217 2758 audias,
239 2693 356 2750 minime
372 2693 423 2750 tibi
438 2695 618 2752 suadendum
640 2704 692 2765 est,
708 2711 807 2754 eorum
826 2697 954 2756 redditus
1007 2693 1153 2765 primaerae
1168 2693 1345 2750 fundationis
1368 2701 1453 2761 note,
1471 2703 1575 2763 praeter
1587 2694 1698 2751 filietas
1712 2696 1860 2751 Addlbsslll

106 2791 140 2835 ac
169 2780 346 2837 substautias
368 2782 397 2837 iu
424 2783 566 2852 privatam
598 2783 749 2841 utilitatem
784 2800 951 2857 usurpasse,
1007 2781 1271 2839 Viromanduorum
1296 2782 1429 2839 comitis:
1454 2782 1597 2854 equibus
1616 2782 1859 2840 instaurationem

106 2867 190 2939 quasi
212 2870 352 2942 sacrilegii
375 2871 439 2927 labe
471 2885 504 2926 ac
533 2879 619 2942 peste,
644 2881 732 2944 atque
754 2874 898 2932 obstinata
919 2890 953 2932 ea
1006 2868 1114 2939 liariter
1133 2877 1161 2926 el
1192 2870 1404 2941 aliquantulam
1434 2870 1554 2941 originis
1580 2868 1713 2940 ejusdem
1737 2871 1859 2928 coenobii

106 2954 284 3027 malignitate
314 2957 480 3026 laborasset,
515 2973 580 3029 quae
610 2966 638 3016 et
669 2963 824 3018 subsecuta
846 2962 953 3020 saecula
971 3001 992 3058 c
1007 2957 1137 3015 notitiam
1154 2959 1297 3029 percipere
1311 2964 1362 3014 est.

106 3041 176 3098 adeo
199 3041 306 3111 infecit,
332 3053 364 3101 ut
391 3059 598 3117 quamcunque
622 3048 792 3105 medicinam
816 3051 953 3108 hactenus
1044 3066 1056 3095 ι
1082 3047 1142 3117 Ego
1174 3045 1347 3102 adalbertus
1378 3058 1472 3101 comes
1493 3051 1594 3101 notum
1618 3059 1681 3102 esse
1708 3046 1777 3103 volo
1803 3055 1857 3102 tam

106 3132 258 3201 respuisse,
278 3132 438 3205 vicisseque
459 3133 604 3206 videatur;
627 3149 730 3207 nempe
751 3138 877 3195 nefanda
892 3139 950 3208 illa,
1007 3133 1197 3206 presentibus
1236 3147 1324 3205 auam
1357 3133 1474 3199 futuris,
1510 3135 1539 3188 in
1571 3147 1633 3190 1⁰80
1666 3135 1857 3192 Virodunensi

105 3229 207 3288 regum
225 3219 425 3291 principumve
446 3223 635 3292 concessione,
659 3224 841 3283 abbatiarum
863 3227 952 3284 eccle·
1006 3221 1144 3279 comitatu
1168 3222 1204 3278 ab
1235 3221 1355 3292 antiquo
1387 3228 1513 3291 ternpore
1533 3222 1679 3278 exstitisse
1708 3224 1856 3280 ecclesiam

106 3300 274 3374 siarumque
296 3305 462 3364 reddituum
486 3309 515 3364 ln
529 3308 603 3365 laica
625 3310 685 3366 sive
707 3311 857 3368 saecularia
871 3312 954 3370 bene-
1007 3309 1035 3366 in
1061 3310 1170 3367 honore
1200 3311 1292 3367 sancti
1317 3309 1448 3374 Quintini
1470 3309 1605 3381 martyris
1628 3309 1805 3379 dedicatam,
1830 3313 1854 3366 in

106 3387 171 3444 ficia
201 3390 341 3464 divulsio;
376 3401 476 3450 contra
510 3409 576 3452 vero
607 3396 668 3452 haee
695 3410 783 3452 onera
806 3398 861 3455 sibi
885 3401 953 3470 poni
1006 3407 1102 3456 monle
1126 3401 1222 3469 sitam,
1243 3399 1331 3470 juxta
1353 3399 1451 3455 vicum
1476 3398 1624 3466 Porouam,
1652 3413 1746 3469 quam
1767 3415 1855 3471 quon·

105 3478 277 3548 patiebatur,
302 3494 395 3553 eaque
421 3482 523 3539 lubens
548 3483 674 3552 subibat,
703 3487 836 3557 exempla
856 3489 954 3545 subse
1005 3486 1073 3544 dam
1098 3488 1250 3559 Dagoberti
1273 3487 1349 3558 regis
1380 3487 1559 3554 auctoritate,
1588 3487 1764 3544 Erchenaldi
1792 3501 1856 3559 pre·

105 3573 191 3624 cutus
215 3569 419 3638 praeclarorum
452 3571 588 3645 religione
618 3581 646 3629 et
679 3574 830 3632 sanctitate
858 3577 953 3633 archi·
1007 3575 1070 3633 lecti
1086 3577 1248 3644 donatione,
1273 3575 1364 3633 sancti
1387 3575 1472 3646 Eligii
1489 3574 1633 3645 pontilicis
1649 3574 1855 3644 benedictione,

104 3656 329 3725 mandritarum‚
360 3659 503 3716 Benedicti
538 3660 719 3728 anianensis,
751 3676 785 3719 ac
807 3663 953 3722 Guillelmi
1007 3664 1129 3722 Ultanus
1147 3664 1265 3736 quidam
1292 3678 1396 3737 genere
1421 3663 1531 3727 Scotus‚
1555 3662 1733 3732 professione
1759 3679 1857 3720 mona-

106 3742 286 3801 lliviouensis
308 3747 368 3802 sive
390 3746 580 3814 Fiscanensis,
598 3747 650 3818 qui
669 3761 795 3806 canones
820 3753 953 3810 monasti·
1005 3753 1088 3820 chus,
1131 3752 1330 3809 ecclesiasticis
1371 3750 1578 3817 sanctionibus,
1619 3765 1654 3807 ac
1694 3753 1859 3809 monasticis

105 3844 162 3898 cos,
183 3831 275 3888 aetatis
297 3832 368 3890 vitio
390 3833 571 3902 deformatos,
592 3837 628 3893 ad
653 3837 808 3909 antiquum
831 3839 951 3897 ultorem
1006 3841 1131 3910 institnit
1164 3840 1404 3909 institutionibus,
1439 3839 1552 3895 abbatis
1582 3840 1692 3896 honore
1727 3841 1857 3909 functus;

105 3928 290 3977 revocarunt.
1005 3936 1067 4000 post
1088 3928 1173 4000 cuius
1196 3929 1262 3986 vitae
1283 3942 1444 3993 excessum,
1469 3928 1593 3993 incuria,
1614 3941 1649 3984 ac
1664 3928 1858 3986 barbarorum

141 4007 180 4063 lle
209 4010 309 4079 priori,
345 4011 480 4068 ludovici
515 4012 555 4069 Pii
590 4013 655 4084 imp.
688 4015 814 4086 diploma
835 4025 901 4073 tom.
927 4019 951 4074 ll
1004 4016 1187 4073 insectatione
1217 4017 1253 4073 ad
1269 4024 1379 4073 tantam
1404 4015 1608 4072 desolationem
1638 4016 1703 4086 ipsa
1728 4019 1859 4088 pervenit

104 4093 209 4152 Concil.
234 4096 307 4167 Gal,
332 4106 360 4155 et
380 4099 498 4169 epistola
520 4103 636 4158 Patrem
661 4101 763 4159 ladani
786 4105 951 4161 monasterii
1004 4105 1123 4162 ecclesia
1137 4112 1169 4161 ut
1190 4105 1240 4161 vix
1260 4118 1327 4161 rara
1342 4105 1470 4175 antiquae
1486 4103 1671 4160 habitationis
1685 4114 1859 4177 apparerent

104 4183 140 4239 ad
157 4185 311 4242 monachos
330 4186 508 4245 anianenses
532 4189 561 4244 in
585 4187 662 4247 calce
675 4190 755 4255 Vitae,
780 4205 846 4261 quae
864 4206 951 4263 opera
1005 4194 1136 4265 vestigia.

103 4269 231 4341 eiusdem
244 4271 270 4327 S.
286 4273 427 4330 Benedicti
445 4277 587 4345 praecedit.
970 4292 991 4348 p
1043 4303 1057 4332 «
1075 4282 1156 4337 liano
1170 4281 1259 4353 igitur
1273 4295 1325 4351 pro
1338 4294 1407 4337 meae
1426 4279 1551 4337 remedio
1571 4280 1688 4349 animae,
1707 4284 1861 4352 praedeces

139 4360 179 4416 De
211 4369 308 4418 sancto
338 4361 489 4420 Guillelmo
518 4365 679 4422 chronicon
713 4380 765 4421 ms.
799 4367 950 4426 Besuensis
1004 4383 1102 4427 sorum
1127 4368 1186 4426 sive
1208 4369 1356 4426 haeredum
1379 4383 1510 4425 meorum
1534 4368 1636 4436 salute,
1661 4368 1767 4426 divina
1788 4385 1860 4428 com·

103 4449 268 4504 monasterii
284 4449 369 4521 cujus
383 4458 411 4506 et
430 4451 519 4509 abbas
532 4452 586 4509 fuit
603 4468 638 4508 1«
654 4453 761 4510 Verum
779 4456 849 4525 quia
864 4470 951 4528 super
1004 4467 1129 4531 punctus
1144 4457 1341 4528 inspiratione,
1353 4457 1426 4528 jussi
1438 4471 1456 4514 a
1466 4456 1654 4513 fundamento
1669 4459 1858 4522 reaedificare,

104 4548 219 4607 gregem
233 4536 287 4593 sibi
304 4539 488 4596 commissum
504 4540 600 4597 solerti
612 4541 743 4612 vigilavit
757 4557 837 4608 cura,
852 4545 951 4602 divina
1003 4555 1030 4604 et
1045 4546 1148 4603 abbate
1166 4546 1330 4612 constituto,
1350 4560 1415 4603 cum
1435 4545 1552 4602 oonsilio
1569 4544 1699 4601 fidelium
1716 4561 1858 4615 meorum,

104 4624 262 4692 promeruit
282 4628 375 4697 gratia
389 4627 424 4684 de
446 4628 541 4686 fructu
559 4643 679 4700 operum
702 4644 823 4688 suorum
848 4633 877 4689 in
897 4634 951 4691 hac
1003 4636 1149 4692 abbatiam
1173 4634 1273 4692 studui
1297 4634 1415 4705 dotare;
1434 4633 1535 4705 sicque
1559 4633 1588 4690 in
1616 4641 1794 4705 perpetuum
1819 4650 1860 4693 ra-

103 4712 229 4781 gaudere
244 4714 319 4770 vita:
335 4728 404 4771 nam
423 4716 585 4787 regularem
604 4716 795 4788 disciplinam,
811 4721 950 4792 quaejam
1003 4731 1076 4792 tuor,
1090 4731 1119 4779 et
1137 4722 1340 4780 inconvulsum
1353 4735 1531 4793 permanere.

102 4798 245 4858 deciderat
264 4817 315 4873 per
335 4811 465 4859 veterum
489 4804 703 4876 negligentiam,
725 4817 810 4878 prout
833 4817 951 4866 sanctus
1042 4813 1165 4884 «liujus
1185 4815 1282 4868 autem
1305 4811 1378 4868 dotis
1393 4825 1439 4867 res
1457 4811 1502 4868 hae
1526 4816 1612 4867 sum:
1631 4810 1664 4866 ln
1682 4826 1759 4884 pago
1778 4814 1858 4870 viro-

103 4887 273 4947 Benedictus
308 4905 372 4948 eam
404 4892 565 4963 composuit
596 4893 624 4950 iu
656 4895 810 4964 pristinum
842 4904 948 4954 statum
1004 4901 1127 4960 dunensi
1150 4899 1253 4957 villula
1276 4912 1345 4968 una,
1370 4913 1436 4970 quae
1458 4897 1565 4955 dicitur
1588 4897 1764 4970 Aisileonrt3
1784 4908 1813 4957 et
1831 4902 1858 4956 iu

103 4976 270 5047 corrigendo
284 4979 468 5047 restauravit,
486 4993 520 5035 ac
543 4993 593 5050 per
614 4982 743 5040 diversas
763 4984 864 5041 mundi
880 4999 950 5055 par·
1003 4990 1065 5061 ipso
1093 5002 1179 5061 pago,
1204 4989 1233 5044 in
1265 4986 1335 5044 villa
1365 4987 1533 5045 ilurticnlus
1556 4996 1738 5056 nuncupata,
1765 4989 1857 5045 mansi

103 5069 154 5130 tes,
171 5077 220 5133 per
243 5064 329 5134 plura
348 5067 522 5124 monasteria
545 5069 702 5140 aregularl
727 5070 947 5138 tramitedevia‚
1002 5087 1120 5149 septem,
1155 5084 1182 5134 or
1214 5076 1350 5132 modionas
1380 5075 1505 5132 ecclesie
1535 5074 1571 5130 do
1602 5075 1743 5145 buriaco,
1781 5077 1855 5149 apud

104 5157 227 5223 iamper
246 5166 276 5208 se
300 5167 388 5224 quam
405 5168 455 5225 per
478 5170 555 5224 suos,
580 5172 654 5228 quos
669 5158 787 5214 abbates
800 5159 951 5215 ordinave-
1002 5163 1157 5222 castellum
1172 5163 1313 5235 Nigellum
1335 5177 1423 5233 super
1446 5162 1570 5219 durium
1594 5161 1718 5234 l’lugon,
1742 5173 1856 5234 pontem

102 5246 156 5307 rat,
172 5240 329 5298 monastico
353 5243 446 5299 ordini
462 5244 599 5302 subdidit.
619 5266 630 5294 ·
655 5246 690 5302 nt
708 5244 783 5302 infra
798 5245 883 5303 refert
898 5248 949 5318 qui
1002 5264 1068 5307 cum
1096 5257 1171 5306 terra
1194 5249 1374 5319 appendente
1397 5247 1448 5304 ibi.
1474 5249 1506 5303 ln
1529 5248 1629 5320 ‘regeri
1649 5248 1740 5307 hamo
1765 5253 1856 5308 mansi

103 5335 206 5398 rogatu
238 5330 373 5387 Richardi
406 5333 673 5390 Nortbmannornm
705 5335 787 5391 ducis
821 5335 949 5407 regimen
1003 5338 1076 5408 du0;
1100 5344 1128 5394 et
1151 5337 1180 5392 in
1205 5337 1274 5394 villa
1302 5351 1368 5408 quae
1392 5336 1498 5393 dicitur
1520 5340 1633 5394 Sanctae
1655 5338 1854 5410 Radegundis,

101 5419 256 5486 susceperit
271 5419 393 5475 abbatim
409 5421 597 5477 Fiscanensis.
618 5423 683 5477 ltem
700 5422 765 5479 allis
779 5423 947 5495 interjectis:
1004 5426 1095 5482 mansi
1110 5433 1175 5481 tres.
1192 5427 1224 5480 ln
1240 5425 1303 5479 vico
1320 5423 1582 5492 medietascapellra
1597 5423 1696 5480 Sancti
1713 5426 1853 5494 Quintini,

102 5523 117 5556 e
140 5505 283 5564 liebertus
304 5507 390 5564 etiam
414 5523 466 5566 rar
487 5510 633 5568 abbatiam
659 5510 687 5571 S.
712 5511 848 5570 Germani
871 5514 949 5584 apud
1002 5528 1069 5571 cum
1082 5512 1302 5585 quatuordecim
1316 5511 1487 5583 hospitibus.
1502 5513 1535 5569 ln
1550 5511 1620 5569 villa
1638 5513 1756 5584 mania,
1773 5529 1856 5587 super
