3794 6008
343 259 520 343 unnuouur
541 285 588 343 no
607 285 727 343 urnac.
749 286 777 342 s.
799 285 919 343 ιιιιι
938 286 1091 345 monuo.
1107 318 1141 328 -
1155 287 1220 343 ιιι.
1242 288 1289 344 ru.

1633 295 1685 350 994

52 431 102 478 itos
125 421 309 477 scholasticos
333 421 362 475 in
376 422 467 477 molta
489 423 609 492 penuria
630 431 658 478 ct
681 437 779 479 neces·
798 423 916 479 Allnde
935 438 992 479 nou
1018 424 1159 480 immerito
1181 425 1303 481 dixerim
1319 440 1381 482 eam
1405 425 1445 482 illi
1474 441 1491 483 a
1518 429 1573 485 [leo
1589 442 1682 487 reser-

52 510 150 582 liquit.
172 511 313 580 Tuncque
338 509 462 580 primum
481 511 527 566 vir
546 511 597 566 Dei
613 511 779 567 recordatus

54 614 129 671 quas
158 612 243 670 prope
270 600 425 654 Remorum
446 599 548 655 urbem
573 614 640 654 enm
664 600 778 656 audisse

52 687 165 754 ixirnus,
181 694 208 742 et
229 685 288 756 ipse
310 686 461 754 intellexit,
477 695 505 743 et
520 687 624 744 domno
644 688 777 759 episcopo

52 789 89 832 er
103 776 157 832 boc
175 774 332 831 consolanti
347 776 489 846 exposuit,
505 777 663 833 secundum
679 791 776 832 vocem

51 871 200 920 amaverat
233 878 239 918 :
272 863 324 920 llic
354 871 397 920 est
419 863 579 921 Norbertus
618 871 646 921 et
682 867 778 922 socius

52 966 83 1010 nc
106 952 285 1024 signillcasse
308 951 386 1022 quod
418 966 455 1008 ex
479 951 593 1009 duobus
625 953 706 1009 sociis
727 946 777 1024 qui

73 1047 224 1108 venerant,
242 1054 321 1097 unus
336 1039 516 1096 solummodo
537 1048 610 1098 esset
624 1055 778 1098 remansu-

52 1142 85 1186 cr
111 1143 178 1185 cum
198 1128 274 1185 luda
294 1128 438 1185 exiturus.
462 1129 496 1184 Et
517 1128 577 1199 ipse
601 1128 719 1200 quidem
737 1129 778 1186 sic

52 1224 118 1274 arat.
685 1213 693 1232 ⁸

52 1319 92 1362 us
106 1313 203 1362 autem
226 1304 350 1362 leonius
373 1305 462 1362 abbas
484 1304 581 1362 Sancti
599 1305 716 1373 bertini,
733 1305 779 1363 vir

52 1391 168 1459 asinius,
193 1398 220 1447 et
246 1400 304 1448 tam
331 1392 482 1463 gentilium
500 1406 589 1463 quam
612 1392 778 1450 divinarum

52 1479 304 1551 imperitissimus,
332 1495 425 1551 nuper
444 1485 520 1535 5⁴0
544 1482 623 1538 bunc
648 1480 778 1538 libellum

52 1567 171 1625 »rotinus
184 1567 268 1624 aliter
290 1568 496 1639 interpretatus
509 1577 551 1626 est
567 1570 643 1626 illam
667 1585 776 1637 vocem,

52 1673 57 1711 ι
79 1664 111 1713 ιι
131 1670 168 1713 ιι
189 1664 345 1727 partesue
369 1657 539 1715 sententiam
560 1672 642 1714 suam
664 1658 711 1714 bic
726 1673 779 1728 po-

833 517 939 567 vatam.

869 599 1069 670 Paupertatem
1086 608 1181 656 tamen
1198 608 1306 657 tantam
1331 601 1359 657 iu
1378 603 1477 672 primis
1492 602 1531 659 ibi
1546 604 1684 662 sustinuit

833 697 865 744 ut
881 696 985 758 preter
1007 702 1100 745 unum
1124 689 1249 755 asinum,
1276 690 1433 746 burdinum
1460 692 1586 761 nomine,
1611 692 1684 750 nibil

833 790 905 848 pene
923 775 1002 833 aliud
1029 776 1177 844 baberent,
1207 793 1294 848 quem
1332 779 1360 834 in
1387 779 1548 848 proximam
1581 779 1684 837 silvam

832 866 976 934 Vosagum
997 877 1082 920 mane
1100 864 1247 934 ducentes,
1266 865 1404 937 lignaque
1424 880 1498 922 caesa
1517 867 1602 923 dorso
1621 867 1685 938 ejus

831 948 1019 1021 imponentes,
1037 950 1210 1006 Laudunum
1235 951 1415 1019 reducerent,
1440 960 1468 1007 ot
1493 966 1530 1008 ιι
1558 952 1683 1011 venditis

832 1039 919 1110 lignis
938 1050 1041 1108 panem
1065 1038 1118 1095 sibi
1139 1048 1276 1106 emerent,
1294 1039 1438 1096 multoties
1449 1040 1511 1110 jam
1526 1041 1578 1097 diu
1589 1041 1685 1113 jejuni

833 1135 990 1194 manentes,
1014 1127 1104 1183 donec
1126 1127 1208 1198 panis
1229 1127 1275 1184 ille
1295 1135 1410 1198 emptus
1435 1135 1499 1198 post
1523 1143 1629 1185 nonam
1643 1130 1685 1186 eis

832 1215 1002 1271 delerretur.
1029 1213 1085 1284 lpsi
1110 1221 1206 1269 tamen
1236 1215 1400 1270 consolante
1425 1214 1529 1272 abbate
1550 1216 1684 1275 Gualtcro

833 1303 863 1359 in
887 1310 967 1360 tanta
989 1300 1112 1373 penuria
1137 1316 1194 1357 non
1218 1301 1392 1372 deficientes,
1417 1304 1466 1360 sed
1491 1305 1605 1361 assidue
1627 1306 1684 1363 Deo

832 1392 998 1459 servientes,
1023 1397 1051 1446 et
1074 1388 1209 1445 manibus
1231 1390 1353 1459 propriis
1372 1388 1529 1448 laborando
1543 1391 1684 1462 paulatim

833 1478 1023 1550 proficientes,
1048 1477 1083 1532 ad
1111 1483 1221 1533 tantam
1243 1478 1304 1548 jam
1331 1477 1386 1533 Deo
1410 1478 1534 1535 donante
1559 1482 1684 1550 provecti

833 1577 902 1625 sum
911 1565 1121 1624 abundantiam
1133 1573 1165 1622 ιι
1179 1578 1216 1621 ιι
1229 1565 1321 1620 vineis
1332 1567 1393 1622 suis
1409 1566 1463 1622 tria
1473 1566 1563 1622 millia
1574 1569 1685 1626 modios

831 1655 892 1712 vini
917 1655 1083 1725 trequentor
1116 1653 1251 1722 habeant,
1284 1660 1393 1710 ettam
1421 1653 1450 1711 in
1485 1662 1628 1712 terrarum
1657 1665 1685 1715 et

55 1744 199 1814 praecepit,
237 1744 335 1800 dicens
375 1759 411 1800 ιι
452 1746 513 1815 ipsa
553 1745 780 1803 consideratione
799 1729 1062 1799 Bmolendinorum
1088 1754 1177 1812 quam
1203 1748 1231 1796 et
1259 1741 1288 1796 in
1325 1755 1460 1811 pecorum
1498 1743 1683 1812 possessione,

52 1846 65 1886 s
87 1837 115 1887 et
142 1844 270 1902 personae
292 1833 551 1903 appropinquantis
574 1834 668 1903 palam
691 1833 779 1890 intel·
833 1840 938 1888 cuncta
962 1845 1034 1903 pene
1049 1830 1250 1887 laudunensis
1263 1829 1443 1901 episcopatus
1462 1831 1592 1888 coenobia
1609 1846 1685 1902 prae-
1712 1846 1719 1858 ·

53 1934 83 1976 se
105 1920 183 1991 quod
207 1920 448 1977 bartholomaeum
474 1921 638 1991 episcopum
659 1919 779 1976 vexilla
833 1920 946 1976 cellant.
972 1919 1126 1975 Charitatis
1150 1919 1236 1974 etiam
1260 1926 1288 1974 et
1319 1919 1520 1989 hospitalitatis
1542 1927 1622 1976 tanta
1644 1920 1683 1976 ibi

52 2007 79 2064 tit
93 2010 203 2064 socium
219 2021 279 2065 esse
307 2008 449 2065 Norberti.
475 2009 546 2065 Cum
568 2008 655 2075 enim,
672 2009 776 2078 inquit,
833 2008 983 2064 allluentia
1004 2007 1148 2077 reperitur
1180 2013 1212 2062 ut
1231 2015 1347 2076 propter
1371 2007 1513 2076 hospitum
1538 2008 1685 2064 assiduam

56 2094 136 2152 iebus
160 2095 256 2152 Remis
279 2095 444 2153 demoratus
468 2104 496 2152 et
521 2110 602 2167 papae
627 2096 705 2166 loqui
720 2110 777 2151 non
833 2098 1052 2167 susceptionem,
1078 2102 1195 2165 propter
1210 2108 1371 2164 pauperum
1389 2095 1588 2164 quotidianam
1613 2096 1684 2153 rele-

59 2183 148 2240 tristis
168 2197 202 2239 ac
216 2184 370 2254 desperans
385 2184 419 2240 de
441 2185 512 2240 urbe
527 2185 640 2252 exisset,
655 2191 682 2240 et
706 2184 777 2254 quid
831 2185 987 2254 vationem,
1002 2184 1108 2240 mirum
1120 2184 1150 2238 in
1164 2182 1282 2238 modum
1293 2182 1426 2238 videatur
1441 2182 1480 2239 ibi
1495 2183 1571 2240 Deus
1587 2185 1685 2240 omnia

52 2278 105 2328 eret
138 2271 183 2327 vel
214 2286 273 2342 quo
299 2280 422 2329 verteret
448 2272 577 2340 nesciret,
606 2273 778 2343 nullamque
831 2272 1023 2342 multiplicare
1036 2280 1064 2328 et
1087 2278 1285 2342 augmentare,
1310 2270 1380 2327 adeo
1396 2279 1427 2327 ut
1448 2272 1510 2342 jam
1525 2271 1599 2328 inter
1614 2286 1684 2342 pra

54 2361 147 2416 ionem
169 2369 273 2430 praeter
299 2363 386 2418 beum
410 2361 465 2417 sibi
492 2361 597 2418 babere
620 2362 775 2430 videretur,
831 2364 918 2434 cipua
942 2368 971 2418 ιι
992 2359 1160 2417 excellentia
1185 2359 1313 2416 Franciae
1340 2359 1512 2416 monasteria
1532 2368 1684 2432 compute-

52 2448 162 2506 duobus
184 2448 269 2504 sociis
292 2450 365 2518 suis,
391 2463 465 2520 quos
488 2449 541 2506 sibi
567 2448 778 2506 indivisibiliter
832 2458 889 2507 tor.

52 2551 92 2594 ros
112 2551 291 2609 quocunque
315 2537 378 2603 iret,
396 2537 566 2607 confidebat,
584 2551 641 2593 vox
656 2537 778 2608 desuper
831 2547 898 2606 Can.
926 2547 972 2607 Vl.
1002 2546 1144 2616 Quomodo
1167 2545 1432 2602 premonstratensi
1460 2544 1581 2602 abbatiae
1601 2550 1684 2603 Dom-

52 2626 93 2682 it:
121 2625 172 2681 llio
195 2633 238 2682 est
261 2625 429 2694 liutbertus,
456 2633 483 2682 et
503 2627 598 2682 socius
618 2628 691 2696 ejus,
707 2626 777 2683 acsi
1060 2633 1115 2671 ’Μ
1131 2617 1218 2689 fluet)
1235 2617 1387 2688 praefectus
1401 2616 1449 2671 ⁸²²·

73 2713 100 2770 ei
116 2712 256 2769 dixisset:
279 2712 339 2772 lloli
358 2713 519 2783 desperare,
544 2713 588 2770 vel
614 2714 643 2770 in
663 2713 777 2770 duobus
866 2714 1051 2772 Postmodum
1082 2713 1166 2770 etiam
1200 2715 1229 2769 in
1267 2713 1529 2770 premonstratensi
1564 2714 1683 2772 ecclesia

61 2802 147 2859 sociis
171 2801 228 2858 tuis
259 2801 401 2859 conlidere
432 2803 502 2873 quia
534 2817 598 2860 ecce
626 2817 713 2873 prope
734 2811 777 2860 est
831 2802 955 2860 domnus
975 2801 1134 2860 Norbertus
1157 2801 1247 2857 abbas
1271 2801 1388 2872 quidem
1414 2815 1474 2858 esse
1505 2801 1606 2872 uoluit,
1634 2803 1682 2860 sed

52 2903 85 2959 ιι,
101 2904 188 2961 quem
206 2890 254 2947 tibi
280 2891 356 2946 Deus
375 2889 485 2946 socium
506 2890 594 2958 dedit,
619 2889 671 2961 qui
688 2899 714 2946 te
729 2903 776 2946 sc·
831 2891 913 2948 illum
927 2906 964 2949 ιι
979 2890 1094 2949 duobus
1108 2890 1191 2947 sociis
1207 2891 1277 2958 suis,
1292 2891 1343 2961 qui
1365 2903 1432 2946 cum
1446 2904 1478 2946 eo
1493 2898 1681 2960 remanserat,

52 2977 148 3035 lucens
168 2977 251 3033 laciet
267 2991 348 3047 pape
371 2976 507 3048 colloqui,
533 2977 628 3050 quiin
652 2978 776 3034 tribula·
794 3026 815 3084 c
831 2980 946 3037 nornine
967 2979 1129 3051 Hugonem,
1146 2979 1274 3050 ejusdem
1292 2978 1343 3034 loci
1366 2979 1498 3034 abbatem
1523 2978 1681 3036 constituit.

52 3079 57 3121 ι
84 3065 144 3123 tuis
173 3064 333 3122 consolator
352 3065 537 3123 dulcissimus
560 3066 611 3123 tibi
634 3067 698 3134 erit,
724 3064 776 3137 qui
829 3069 893 3125 Non
916 3068 1010 3126 solum
1034 3077 1131 3125 autem
1156 3069 1297 3135 virorum,
1322 3067 1370 3122 sed
1396 3066 1482 3123 etiam
1506 3067 1682 3125 leminarum

52 3164 86 3211 tm
101 3162 129 3211 et
143 3154 290 3210 ecclesiam
309 3154 337 3210 in
351 3167 410 3225 qua
424 3155 596 3225 requiescas,
607 3163 635 3212 et
647 3153 775 3211 fructum
830 3159 961 3215 cobortes
976 3157 1051 3214 idem
1075 3156 1233 3213 Norbertus
1253 3155 1289 3212 ad
1313 3156 1405 3212 Deum
1428 3164 1593 3213 convertere
1618 3164 1683 3214 stu-

52 3241 136 3299 dabit.
164 3242 230 3298 llaec
254 3242 326 3298 mibi
347 3243 471 3299 scribere
493 3244 626 3313 precepit
652 3244 776 3299 domnus
830 3246 902 3314 duit,
921 3246 960 3303 ita
975 3253 1007 3303 ιι
1025 3245 1109 3301 bodie
1135 3244 1164 3300 in
1179 3243 1300 3300 diversis
1325 3244 1455 3315 ejusdem
1469 3245 1594 3303 ecclesiae
1615 3245 1684 3304 locis

72 3331 163 3388 abbas
186 3331 282 3386 Sancti
306 3331 423 3399 bertini,
448 3338 474 3387 et
497 3345 550 3402 ego
575 3332 774 3389 credeuseum
831 3333 986 3405 plusquam
1008 3332 1086 3389 mille
1101 3333 1250 3390 videamus
1274 3346 1427 3390 conversas
1444 3340 1523 3389 tanto
1547 3334 1642 3406 rigore
1655 3342 1684 3392 ιι

58 3419 129 3477 bene
160 3428 188 3477 et
221 3419 342 3477 fideliter
374 3419 558 3489 intellexisse,
596 3421 718 3478 libenter
749 3418 774 3476 ei
830 3423 941 3479 silentio
970 3423 1026 3479 lleo
1050 3423 1158 3478 servire
1186 3429 1217 3478 nt
1252 3420 1281 3476 in
1309 3421 1525 3478 districtissimis
1546 3422 1683 3480 coenobiis

830 3511 1039 3568 monachorum
1062 3509 1113 3566 rix
1137 3508 1258 3565 similem
1282 3509 1450 3580 religionem
1471 3513 1559 3579 possit
1577 3510 1683 3582 aliquis

60 3633 95 3647 ..
110 3605 254 3673 Quomodo
271 3605 416 3660 martem
426 3605 524 3672 sactus
537 3603 776 3661 ,trummacum
831 3598 971 3655 invenire.
1004 3597 1061 3654 Nec
1095 3604 1248 3652 contentus
1282 3594 1336 3653 luit
1377 3597 1453 3652 intra
1483 3597 1684 3656 laudunensis

75 3676 155 3732 riolae
165 3675 267 3732 Sancti
281 3675 407 3731 Martini
421 3676 628 3731 Lattdvnew's·
831 3686 960 3743 diocesis
979 3686 1117 3742 terminos
1141 3682 1265 3741 fratrum
1280 3698 1401 3741 suorum
1417 3693 1528 3742 turmas
1545 3688 1680 3757 coerceri,

56 3774 143 3831 udum
158 3788 226 3848 ergo
252 3774 354 3831 videns
376 3775 526 3844 episcopus
549 3774 579 3830 in
602 3775 700 3831 eodem
715 3773 776 3832 loco
830 3776 880 3832 sed
895 3776 987 3832 instar
1000 3787 1099 3844 apum,
1116 3787 1183 3844 ιιι
1206 3773 1241 3829 de
1256 3772 1381 3829 vasculis
1399 3775 1427 3829 iu
1443 3774 1551 3846 quibus
1565 3776 1682 3834 mellill-

52 3859 190 3916 istratensi
215 3859 359 3930 jamnon
394 3873 517 3930 parvum
540 3874 695 3917 numerum
718 3859 776 3916 lra-
831 3864 960 3921 caverint
975 3872 1125 3932 exeuntes,
1148 3863 1184 3918 ad
1206 3862 1263 3918 alia
1278 3862 1339 3918 loca
1362 3861 1569 3920 mellillcaturae
1585 3872 1683 3922 trans-

52 3947 155 4021 ligiose
178 3948 340 4006 viventium
363 3948 540 4016 convenisse,
562 3949 674 4019 rogavit
696 3948 777 4006 dom·
830 3953 939 4021 volant,
963 3952 1048 4010 etiam
1078 3951 1138 4022 ipse
1168 3951 1281 4007 diversa
1314 3958 1342 4007 et
1371 3952 1482 4010 deserta
1508 3952 1569 4009 loca
1598 3954 1684 4024 coepit

52 4035 195 4105 rbcrtum,
213 4044 245 4093 ut
261 4036 375 4107 aliquos
387 4050 423 4093 ιι
440 4037 508 4109 ipsis
524 4038 552 4093 in
567 4039 777 4108 suprascripta
831 4050 964 4113 expetere
978 4041 1152 4113 directisque
1170 4039 1310 4097 iratribus
1334 4054 1409 4097 nova
1425 4043 1598 4100 monasteria
1613 4044 1683 4101 redi·

53 4123 138 4181 artiui
163 4125 320 4193 ecclesiola,
345 4125 450 4197 inqua
473 4126 533 4196 ipse
547 4134 667 4196 rogatus
681 4140 775 4182 rema·
831 4129 926 4187 licere.

52 4211 159 4284 luerat,
185 4220 314 4284 poneret,
341 4214 391 4284 qui
415 4227 479 4270 eam
503 4213 540 4270 ad
563 4212 612 4269 Dei
639 4214 775 4270 bonorem
865 4217 1101 4276 Constituitvero
1119 4232 1155 4275 ex
1178 4217 1313 4275 omnibus
1336 4220 1611 4292 monasteriisque
1636 4221 1682 4279 vel

52 4314 92 4359 tre
117 4309 145 4359 et
175 4311 364 4375 augmentare
391 4304 548 4360 studerent.
583 4303 776 4373 acquiescens
794 4323 816 4378 ῃ
831 4305 861 4361 in
875 4306 936 4363 vita
950 4320 1014 4375 sua,
1034 4305 1079 4362 vel
1106 4314 1167 4377 post
1190 4305 1299 4363 obitum
1323 4319 1409 4363 suum
1436 4309 1629 4367 institutiones
1649 4323 1683 4367 ac

52 4388 128 4447 sibus
150 4391 313 4462 pontificiis,
328 4405 436 4462 paucos
454 4406 491 4449 ex
511 4391 648 4449 iratribus
662 4393 723 4448 suis
738 4391 777 4448 ibi

52 4479 236 4551 abbatemque
258 4480 322 4551 ejus
334 4480 432 4537 virum
457 4480 622 4552 religiosum
637 4480 777 4537 domuum

52 4580 94 4624 nm
117 4566 251 4638 prefecit.
275 4568 328 4625 Cui
350 4570 434 4638 Deus,
460 4577 569 4637 orante,
586 4569 661 4624 sicut
682 4568 777 4624 credi-

52 4662 99 4712 ιιι
115 4655 248 4725 biartinc,
273 4664 384 4713 tantam
399 4656 546 4713 confestim
568 4657 690 4727 gratiam
706 4670 777 4712 con-

73 4743 109 4800 de
132 4743 194 4813 ipso
219 4758 337 4816 quoque
361 4744 432 4800 illud
447 4744 580 4800 videatur
605 4758 685 4815 posse
709 4743 775 4812 dici,

52 4855 53 4879 ι
69 4843 152 4887 sacra
166 4831 263 4902 puella
279 4832 411 4902 ltagueli,
428 4833 503 4902 patri
517 4832 579 4902 ejus
594 4831 717 4902 augelus
731 4831 778 4888 di-

52 4921 189 4990 'ropterea
206 4919 305 4977 nullus
322 4921 416 4990 potuit
430 4921 536 4977 babere
547 4935 620 4986 earu,
638 4920 776 4990 quoniam

52 5007 117 5064 tenti
131 5008 222 5065 Deum
238 5009 358 5066 debetur
369 5009 478 5080 coniux
493 5008 551 5065 lilia
565 5016 615 5065 tua
629 5007 710 5080 (Tob.
725 5023 775 5076 vu,

52 5095 163 5153 imiliter
185 5111 249 5154 eam
272 5097 347 5154 beati
373 5097 489 5155 llartini
509 5096 685 5153 ecclesiolam
710 5111 777 5154 cum

52 5183 73 5239 b
87 5184 219 5255 episcopo
233 5185 389 5256 regendam
406 5186 605 5256 suscepissent,
618 5184 776 5256 nullusque

52 5272 81 5330 bi
103 5274 239 5343 prolicere
260 5275 407 5344 potuisset,
428 5274 496 5330 buic
518 5273 613 5330 abbati
630 5273 774 5342 Gualtero,

831 4395 939 4467 regule
961 4409 1022 4453 suae
1049 4408 1181 4451 normam
1211 4408 1244 4450 ac
1272 4395 1448 4465 propositum
1476 4405 1681 4469 sequerentur,

831 4483 958 4541 universi
972 4483 1090 4540 abbates
1115 4483 1238 4555 singulis
1251 4482 1336 4540 annis
1358 4483 1387 4540 in
1412 4484 1481 4541 testo
1504 4484 1531 4541 S.
1550 4485 1679 4556 Dionysii

830 4571 866 4627 ad
890 4571 1012 4643 primam
1046 4580 1176 4639 matrem,
1202 4572 1237 4629 de
1270 4586 1329 4643 qua
1351 4581 1557 4642 processerant,
1588 4573 1683 4630 idest

831 4661 1129 4718 Praemonstratensem
1170 4661 1329 4728 ecclesiam,
1371 4659 1455 4730 quasi
1500 4660 1536 4717 ad
1575 4661 1681 4720 loutem

830 4753 903 4804 ιιι
928 4748 1054 4819 potaturi
1075 4748 1271 4818 convenirent,
1287 4756 1315 4806 et
1341 4748 1428 4805 simul
1445 4749 1527 4818 positi
1547 4751 1682 4823 generale

830 4838 990 4909 capitulum
1005 4843 1144 4904 tenerent,
1168 4850 1202 4892 ac
1225 4835 1335 4906 siquid
1352 4836 1397 4893 vel
1419 4837 1618 4908 communiter,
1636 4840 1681 4898 vel

830 4926 859 4981 iu
872 4926 971 4996 aliquo
993 4923 1066 4981 lorte
1088 4924 1294 4995 corrigendum
1319 4931 1400 4994 esset,
1426 4925 1530 4983 ibidem
1551 4929 1681 5001 corrige-

830 5022 903 5071 rent.
929 5013 1001 5070 Cum
1025 5028 1094 5085 ergo
1118 5014 1241 5070 necdum
1267 5013 1387 5085 triginta
1410 5016 1478 5071 anni
1501 5017 1679 5087 transierint,

829 5113 862 5155 ex
877 5114 934 5171 quo
958 5098 1082 5155 domnus
1102 5097 1260 5155 Norbertus
1279 5113 1329 5168 per
1349 5102 1547 5173 supradictum
1567 5103 1681 5175 episco-

830 5202 898 5258 pum
916 5186 954 5243 ibi
969 5187 1112 5244 adductus
1130 5195 1183 5255 cst,
1201 5187 1260 5257 jam
1277 5195 1384 5255 tamem
1397 5189 1497 5246 diviua
1523 5200 1679 5261 prestante

830 5275 934 5348 gratia,
958 5283 997 5333 tot
1017 5276 1122 5333 exinde
1144 5277 1319 5333 monasteria
1350 5278 1541 5349 pullularunt,
1566 5287 1599 5337 ut
1621 5281 1680 5338 lere

52 5376 76 5419 ia
88 5362 207 5420 lortuna
222 5377 273 5434 per
286 5363 415 5419 divinam
431 5363 553 5436 gratiam
569 5378 663 5421 comes
675 5364 776 5422 adbae·
829 5373 945 5422 centum
960 5363 1079 5420 abbates
1105 5364 1134 5419 in
1158 5365 1293 5434 predicto
1317 5364 1387 5422 iesto
1409 5380 1446 5422 ιι
1464 5366 1505 5424 eis
1519 5366 1560 5423 ibi
1574 5383 1678 5427 conve·

54 5448 99 5507 ira
110 5450 259 5509 duodecim
275 5464 366 5507 annos
382 5450 537 5524 plusquam
548 5452 776 5525 quingentorum
829 5454 906 5510 uisse
929 5452 1125 5523 inveniantur,
1145 5467 1203 5510 non
1218 5453 1312 5511 solum
1326 5468 1364 5511 ιι
1385 5455 1517 5525 Francia,
1533 5456 1578 5514 vel
1602 5457 1673 5516 Bur·

71 5539 128 5597 [ιιι
147 5539 336 5599 servientium
351 5541 390 5599 ibi
412 5549 573 5600 conventus
595 5541 776 5601 inveniretur
829 5540 950 5615 gandia,
966 5541 1014 5600 sed
1028 5555 1066 5598 cx
1083 5540 1146 5613 ipsa
1160 5556 1278 5616 quoquo
1292 5544 1472 5615 Alamannia,
1488 5544 1615 5605 saxonia
1628 5561 1680 5605 acu
