3818 6008
74 123 129 176 686

639 115 829 172 6661111161
849 113 916 169 PER
937 111 1157 169 vatheos-
1176 109 1240 164 616.
1261 110 1284 165 1.

1781 109 1832 161 686

73 240 134 308 1611
155 248 330 320 666616166
354 247 501 315 examina,
532 245 740 314 conflaverunt,
776 252 804 301 et
831 242 1132 310 edictisAelamaret,
1159 254 1226 297 cum
1255 237 1336 295 alteri
1360 251 1420 293 non
1450 235 1547 293 minus
1580 236 1832 308 11166111666616-

74 339 251 411 6616611666,
268 337 463 408 6666666666
478 336 606 408 gentium
626 348 794 391 numerosos
819 333 928 390 616161-

74 435 124 484 tus
140 431 350 483 contraxerunt
370 439 376 478 :

110 513 156 568 Hi
169 516 273 576 161666,
287 509 429 565 1116661161
443 508 590 564 bantinum
601 506 758 564 terroribus
769 506 838 563 6611.

111 600 186 671 Quid
207 601 242 657 de
257 599 312 657 illis
341 598 434 655 dicam
454 598 505 669 qui
526 599 587 654 sine
610 597 736 664 domino,
758 596 819 652 sine
846 594 931 665 prin-

74 690 148 760 cipe,
164 687 223 744 6616
239 687 371 744 videlicet
388 688 444 743 1166
469 687 635 757 impulsore,
659 700 715 741 nou
741 685 824 741 modo
847 691 931 740 extra

75 776 200 836 natalem
219 775 406 847 provinciam,
423 782 506 831 extra
529 773 614 830 etiam
632 772 772 845 originale
796 785 929 843 regnum,

74 876 179 920 verum
201 875 319 933 quoque
346 869 428 916 extra
449 859 663 916 multitudinem
700 859 931 929 interjacentium

76 949 229 1006 nationum
251 946 392 1018 progressi
423 954 510 1016 atque
534 946 712 1016 linguarum,
735 945 769 1000 de
794 943 931 1001 extremis

75 1037 180 1096 Oceani
206 1035 362 1092 Britannici
392 1034 508 1102 1161666,
535 1048 628 1104 66666
657 1033 693 1088 66
722 1032 810 1088 161166
848 1039 931 1089 16116

79 1124 273 1182 meditullium
289 1130 449 1178 castrorum
464 1134 584 1176 suorum
600 1119 675 1175 acies
690 1119 871 1189 6166616161
892 1119 932 1175 116

80 1210 143 1285 [61,
157 1212 215 1282 1116]
230 1226 305 1268 nova
319 1218 347 1267 61
373 1209 590 1280 incomparabili
609 1208 852 1279 ierosolymitanae
876 1221 932 1263 611-

79 1297 232 1368 6661116616
260 1296 379 1354 victoria
404 1296 559 1366 loquimur,
578 1294 662 1365 cuius
683 1301 763 1350 tanta
787 1307 856 1364 erga
883 1306 932 1348 eos

78 1385 130 1456 qui
157 1399 215 1441 non
239 1383 383 1453 desipiunt
407 1383 504 1439 existit
531 1383 623 1454 gloria
655 1388 686 1438 ut
714 1385 823 1447 nostra,
853 1379 930 1450 6666

78 1473 160 1530 66116
174 1473 318 1542 616161116
331 1479 510 1536 661661661,
527 1469 575 1524 1611
595 1467 677 1524 111616
699 1467 859 1538 jubilemus
884 1465 932 1520 in-

982 328 1208 397 61666166661
1238 327 1364 396 iorisque
1393 324 1574 394 protectionis
1597 333 1663 381 vota
1685 325 1831 383 clamaret.

982 414 1455 485 616666616166166166616166,
1478 420 1605 469 6116616
1630 413 1686 470 illis
1711 413 1833 472 facultas

982 503 1135 561 videbatur
1147 504 1218 585 111116
1233 504 1287 560 1161
1302 502 1430 569 1666661,
1443 503 1550 572 661666
1560 501 1648 559 nullae
1662 511 1832 573 sumptuum

983 592 1283 662 6661666666166661,
1301 599 1412 662 quanta
1427 590 1482 646 11116
1504 591 1612 662 661666
1639 592 1740 663 ingens
1765 607 1833 662 pos-

982 679 1141 737 sessionum
1163 679 1297 746 venditio,
1315 687 1365 736 aut
1391 678 1519 736 thesauri
1542 679 1657 750 repositi
1677 680 1834 750 opulentis-

984 767 1090 824 simum
1108 767 1244 824 viaticum
1259 769 1466 824 convehebant.
1484 767 1603 823 Videres
1622 768 1730 824 616166
1751 769 1833 825 Salo-

985 856 1078 913 monis
1102 857 1254 912 evidenter
1275 856 1346 912 illud
1376 854 1487 926 impleri
1505 855 1636 926 «Regem
1652 855 1833 913 locustanon

985 945 1081 1012 habet,
1094 952 1121 1001 61
1136 945 1283 1017 egreditur
1297 945 1431 1000 univorsa
1448 958 1497 1013 661
1518 951 1628 999 11116166
1652 959 1720 1000 6666
1735 944 1831 1016 (Prae.

985 1035 1129 1102 30,27).›

1021 1122 1088 1177 1166
1113 1121 1223 1177 1666616
1255 1120 1369 1178 6611616
1405 1120 1488 1176 bonae
1516 1119 1690 1188 operationis
1727 1121 1833 1178 saltum

985 1211 1110 1278 dederat,
1151 1211 1283 1282 qnandiu
1308 1210 1400 1280 longas
1440 1209 1601 1280 iniquitatis
1638 1211 1834 1281 congelatione

986 1307 1153 1370 torpuerat:
1169 1299 1261 1355 61661
1278 1297 1474 1368 6611616611116
1495 1297 1588 1352 terror
1604 1296 1754 1354 incanduit
1769 1298 1833 1369 [61,

985 1386 1164 1460 6166666111,
1189 1387 1321 1459 genuinae
1350 1385 1423 1441 illico
1453 1385 1715 1456 transmigrationis
1737 1386 1833 1442 evola-

986 1475 1063 1532 tione
1077 1475 1207 1547 prosiliit,
1234 1475 1304 1530 dum
1325 1473 1359 1529 de
1384 1474 1472 1543 patris
1497 1474 1637 1529 6616666
1663 1475 1834 1544 cognatione

77 1562 179 1634 31611111
196 1559 530 1631 1111111011·Ηοΰῦθὸ1105
546 1555 674 1627 aggredi,
690 1568 749 1610 1¹0ss
770 1554 866 1610 issanis
885 1552 931 1607 ¹²·
951 1535 1152 1636 Bdigreditur,
1169 1571 1194 1620 et
1223 1578 1272 1634 per
1288 1571 1393 1618 666616
1418 1562 1585 1617 intentionis
1609 1561 1834 1632 assumptionem

77 1663 142 1717 mae,
165 1663 223 1705 non
245 1646 446 1718 pecuniarum,
473 1659 531 1698 non
552 1641 691 1698 dilatandi
716 1641 815 1697 limitis
839 1639 932 1711 coegit

77 1737 208 1804 ambitio,
221 1736 328 1806 quibus
342 1732 540 1789 occasionibus
551 1731 718 1787 innituntur
732 1736 783 1785 aut
796 1729 850 1783 uisi
864 1733 932 1784 sunt

77 1839 149 1895 pene
160 1839 261 1881 omnes
276 1822 327 1894 qui
342 1830 442 1878 contra
458 1820 600 1891 quoslibet
615 1832 695 1874 arma
718 1824 843 1884 movent,
872 1817 932 1872 sive

77 1919 243 1969 moverunt.
261 1911 372 1977 Quibus
388 1908 460 1964 illud
469 1907 610 1979 poeticum
628 1914 789 1976 opportune
803 1905 929 1961 dicitnr:

132 2019 201 2086 Quia
216 2018 309 2084 furor,
327 2014 439 2082 ocioea,
455 2030 517 2086 6116
531 2018 614 2068 tanta
624 2011 742 2067 licentio
750 2011 841 2080 serri,
864 2062 870 2069 .

132 2089 269 2146 Gentibus
284 2086 385 2141 1666616
399 2086 550 2165 proprium
560 2085 683 2156 praebere
696 2083 844 2164 oratorem?

131 2160 219 2215 Bella
231 2158 294 2232 geri
301 2158 425 2229 61116611,
440 2156 537 2211 661166
551 2156 685 2210 habitura
700 2154 869 2225 triumphos.

79 2264 196 2320 Sienim
210 2279 263 2335 616
279 2264 410 2320 libertate
426 2263 543 2329 tuenda,
555 2270 605 2318 aut
620 2276 671 2332 616
689 2259 805 2330 6661166
828 2274 858 2316 16
879 2259 932 2316 66-

79 2351 223 2408 tendenda
252 2359 398 2408 sumerent
431 2364 559 2415 causam,
585 2349 798 2406 excusationem
831 2347 932 2418 utique

80 2439 257 2510 praetendere
276 2447 391 2509 possent
416 2437 575 2493 honestam.
593 2437 648 2493 Ubi
671 2444 767 2492 autem
788 2445 839 2493 aut
863 2436 932 2492 bar-

80 2529 219 2584 bararum
236 2528 376 2599 gentium,
388 2530 439 2583 aut
449 2525 590 2582 metuitur
605 2524 774 2596 gentilitatis
786 2524 931 2591 incursus,

985 1653 1113 1708 moribus
1133 1653 1314 1707 immutatur.
1340 1651 1405 1719 ipsa
1428 1663 1522 1720 regern
1547 1664 1604 1704 non
1630 1649 1741 1716 habuit,
1765 1650 1835 1720 quia

984 1754 1108 1809 qttaeque
1135 1738 1225 1794 1166116
1247 1739 1344 1793 anima
1366 1737 1444 1792 omni
1471 1737 1589 1803 ducatu,
1617 1744 1720 1806 616161
1744 1736 1834 1793 661166

984 1825 1153 1891 1161661611,
1178 1825 1248 1880 666
1277 1824 1352 1880 111166
1376 1838 1406 1878 66
1434 1822 1670 1879 contubernalem
1699 1823 1831 1890 aestimat,

983 1928 1108 1985 eumque
1123 1911 1478 1983 6161166161616666666
1494 1910 1617 1978 dubitat,
1635 1910 1719 1980 cuius
1735 1911 1834 1967 volun·

984 2010 1089 2060 161661
1115 2002 1251 2058 166116616
1275 2016 1304 2057 66
1329 2000 1456 2070 coepisse,
1481 2014 1567 2070 quem
1604 2000 1633 2054 iu
1661 1999 1834 2069 egestatibus

984 2090 1085 2147 solatio
1100 2090 1153 2146 sibi
1178 2090 1311 2145 tutorum
1336 2087 1502 2159 conjubilat.
1533 2087 1586 2143 Sed
1614 2095 1740 2158 666661
1768 2103 1834 2157 666

983 2178 1131 2250 egreditur
1146 2176 1329 2244 universitas
1344 2176 1398 2232 nisi
1415 2175 1471 2243 1116,
1493 2189 1558 2245 666
1577 2175 1613 2230 66
1636 2189 1728 2230 66616
1743 2176 1833 2231 1666-

985 2282 1042 2338 666
1057 2267 1248 2337 appetendum
1270 2263 1571 2321 numerosissimarum
1596 2262 1724 2333 plebium
1748 2263 1834 2319 corda

986 2355 1070 2411 vertit
1101 2353 1289 2424 simplicitas?
1323 2352 1395 2410 Cum
1431 2351 1521 2407 solam
1559 2352 1642 2421 qnasi
1672 2350 1834 2420 specialiter·

985 2443 1163 2498 Francorum
1191 2449 1305 2513 gentem
1332 2454 1420 2510 66661
1446 2440 1500 2495 666
1530 2452 1560 2494 16
1582 2438 1833 2494 66166661161166

985 2530 1147 2601 apostoticae
1161 2529 1236 2585 sedis
1256 2528 1392 2600 attigerit,
1414 2541 1479 2598 666
1503 2540 1574 2598 gens
1595 2526 1756 2583 Christiano
1779 2528 1834 2584 sub

80 2615 118 2671 ab
128 2628 277 2671 armorum
290 2615 357 2685 jure
370 2612 470 2670 6111166
484 2612 567 2668 debet
584 2613 665 2668 miles
680 2611 782 2679 arceri,
797 2611 863 2668 etsi
879 2612 933 2667 1616
982 2618 1049 2690 jure
1063 2632 1152 2690 agens
1166 2632 1224 2673 non
1247 2617 1321 2672 illico
1336 2624 1447 2672 turmas
1470 2615 1558 2671 edidit
1573 2629 1579 2669 :
1595 2621 1622 2670 61
1647 2615 1715 2670 666
1733 2623 1835 2685 pensat

985 2708 1081 2763 661166
1096 2705 1226 2762 eamdem
1242 2704 1326 2761 6666
1349 2703 1451 2759 666616
1467 2717 1554 2773 66616
1577 2703 1692 2770 Franci,
1709 2703 1835 2759 Franco·

952 2810 1051 2887 crum
1067 2793 1175 2864 quibus
1198 2798 1317 2862 possunt
1345 2791 1466 2856 viribus,
1495 2790 1629 2846 nituntur
1654 2798 1682 2846 61
1703 2790 1837 2847 6661661

80 2701 235 2767 defuerint,
252 2702 381 2771 6166616
399 2707 505 2756 666616
522 2699 656 2755 Ecclesia
673 2698 793 2754 tuitione
815 2712 932 2755 666666-

34 2782 36 2787 ’
80 2797 300 2861 1616616666
324 2789 448 2860 legitime
472 2787 695 2845 6611611661611.
726 2787 771 2852 111,
794 2787 933 2857 66661616

81 2881 111 2935 16
129 2879 258 2936 666166
279 2880 381 2936 animis
408 2879 469 2934 666
493 2878 539 2948 616
557 2877 661 2933 6661611
687 2876 807 2933 16166116
829 2883 857 2933 61
885 2877 933 2931 ha-

81 2967 165 3024 bendi
192 2975 363 3024 cunctorum
392 2967 518 3036 pervasit
551 2965 638 3021 corda
671 2965 768 3033 libido,
808 2965 933 3022 instituit

81 3064 181 3113 nostro
201 3064 327 3128 1666616
346 3057 446 3127 616116
464 3063 564 3112 666616
585 3055 670 3122 11666,
697 3061 729 3110 61
749 3055 819 3110 6166
841 3067 933 3125 6666-

81 3145 149 3202 stris
169 3152 197 3202 et
222 3145 330 3216 vulgus
355 3145 503 3210 oberrans,
530 3142 725 3211 6611616616
758 3140 933 3212 paganitatis

82 3234 216 3304 exemplo
237 3234 403 3288 16661666
426 3231 621 3286 versabantur
640 3229 739 3296 caedes,
763 3242 870 3285 novum
886 3243 933 3284 16-

83 3323 211 3392 perirent
223 3321 325 3377 salutis
335 3319 529 3390 6166616666
549 3333 651 3390 genus,
669 3325 700 3375 ut
723 3333 776 3374 nee
802 3318 934 3375 16661166

83 3408 174 3466 616616
190 3407 240 3483 U,
263 3406 365 3480 ejecta]
390 3407 442 3476 (uti
465 3406 525 3462 fleri
547 3407 660 3474 assolet)
680 3406 838 3464 monastiea
863 3421 934 3462 con-

86 3502 259 3570 versatione,
274 3516 325 3559 seu
340 3502 472 3573 religiosa
487 3501 615 3572 qualibet
634 3501 817 3571 professione,
842 3515 933 3557 6666-

86 3591 148 3646 1616
163 3589 327 3659 1611666616
342 3597 522 3661 oogerentur,
538 3589 586 3645 sed
613 3590 667 3646 666
687 3596 824 3645 66666616
847 3590 934 3646 licen-

88 3679 129 3734 tia
142 3685 170 3734 et
179 3677 292 3745 babitu,
307 3691 344 3734 ex
359 3691 413 3734 666
425 3678 555 3748 16661616
566 3676 670 3746 alticio,
686 3676 736 3731 Dei
749 3676 936 3747 aliquatenus

88 3766 213 3839 gratiam
236 3773 491 3836 consequerentur.

123 3849 276 3923 Omaigeaa'
288 3853 382 3906 6161116
403 3854 431 3905 61
441 3849 617 3906 'conditionis
632 3850 760 3906 homines
770 3853 874 3905 6116616
888 3849 936 3906 ab·

86 3939 226 3995 dicabunt
239 3939 284 3994 uti
297 3943 398 3996 contra
409 3939 535 4012 perfidos
552 3939 591 3993 66
606 3939 711 3994 bellam
727 3937 937 4010 proficisceren-

88 4031 145 4083 tur.
162 4060 195 4069 —
220 4030 277 4086 lieo
302 4044 371 4101 ergo
395 4029 551 4098 incentore,
577 4036 667 4086 motas
685 4028 851 4085 andivimus
873 4027 935 4102 [61,

986 2881 1199 2940 communicare
1226 2877 1405 2935 discrimini?
1432 2878 1550 2934 Videres
1576 2878 1724 2935 Scotorum
1759 2879 1837 2949 apud

985 2986 1015 3028 se
1029 2970 1177 3035 ierocium,
1198 2969 1269 3024 alias
1290 2967 1458 3035 imbellium,
1481 2981 1588 3023 cuneos
1609 2981 1694 3023 crure
1720 2967 1835 3035 intecto,

985 3059 1098 3130 hispida
1110 3056 1270 3128 chlamyde,
1289 3070 1326 3112 ex
1356 3055 1484 3111 humeris
1506 3055 1684 3125 dependente
1700 3055 1835 3125 psitarcia

986 3146 1228 3219 [at.,sytarchia],
1246 3145 1279 3200 de
1303 3144 1410 3200 linibus
1425 3142 1576 3215 uliginosis
1595 3143 1692 3212 allabi,
1718 3151 1745 3200 et
1770 3144 1835 3214 qui·

986 3236 1041 3292 bus
1053 3235 1185 3301 ridicula,
1204 3241 1348 3304 quantum
1363 3233 1397 3287 66
1420 3246 1480 3297 666,
1498 3231 1590 3286 161661
1606 3245 1686 3286 61166
1708 3231 1835 3301 6661666,

987 3337 1047 3380 666
1063 3323 1126 3378 6661
1151 3336 1184 3378 66
1213 3320 1371 3377 devotionis
1404 3319 1485 3375 nobis
1510 3318 1622 3375 6611116
1651 3328 1834 3389 praesentare.

987 3412 1086 3467 Testor
1099 3411 1189 3466 Deum
1207 3423 1251 3464 me
1267 3408 1380 3463 audisse
1393 3406 1487 3462 nescio
1500 3406 1585 3477 cujus
1599 3407 1729 3463 barbarae
1744 3407 1838 3478 gentis

988 3497 1118 3554 homines
1132 3498 1168 3552 ad
1185 3496 1274 3552 nostri
1290 3503 1402 3565 portum
1428 3495 1516 3549 maris
1541 3494 1686 3565 appulsos,
1711 3509 1835 3565 6661661

987 3599 1079 3643 sermo
1106 3585 1175 3640 adeo
1203 3584 1363 3639 habebatur
1391 3581 1554 3648 incognitus
1585 3589 1626 3649 ut,
1655 3581 1757 3653 lingua
1782 3597 1834 3640 va-

988 3681 1081 3741 cante,
1102 3673 1258 3744 digitorum
1281 3685 1369 3741 super
1392 3669 1495 3741 digitos
1527 3671 1738 3727 transversione
1762 3677 1832 3727 :m

987 3762 1081 3820 crucis
1115 3761 1199 3833 signa
1226 3760 1445 3830 praetenderent,
1479 3758 1582 3828 bisque
1606 3758 1727 3815 16616116.
1759 3761 1837 3831 6666

988 3851 1149 3921 nequibant
1161 3849 1289 3915 vocibus,
1306 3863 1336 3905 se
1352 3847 1416 3904 irdci
1431 3861 1518 3903 causa
1536 3846 1674 3918 proticisci
1698 3857 1838 3905 monstra-

990 3945 1063 3995 rent.
1080 3939 1132 3995 Sed
1147 3938 1182 3994 de
1198 3937 1242 3993 his
1257 3950 1309 3993 suo
1328 3936 1389 3992 1666
1411 3935 1537 3993 66611611
1562 3935 1680 3992 lorsitan
1703 3935 1837 4007 {circum-

990 4026 1132 4083 locutione
1147 4025 1349 4091 tractabimus;
1373 4038 1452 4080 nnnc
1476 4024 1511 4080 de
1528 4024 1773 4095 ierosolymitana
1791 4025 1838 4082 vel

87 4116 224 4184 vidimus]
241 4117 379 4184 nationes,
404 4125 432 4172 et
448 4116 594 4172 adomnia
610 4116 854 4173 necessitudinum
871 4116 937 4173 alie·
956 4112 1400 4184 [1011666116616166611666
1419 4120 1490 4181 6161,
1507 4112 1647 4180 Ecclesia,
1670 4111 1839 4183 aliquantis

86 4201 276 4271 ctionumque
291 4216 397 4274 genera
412 4203 612 4271 praecordiales
628 4203 724 4259 661166
739 4204 937 4274 praedurantes

86 4288 386 4346 166166116661666
410 4289 564 4345 Christiani
589 4289 714 4346 nominis
734 4290 828 4347 hostes
854 4305 936 4347 ever-

86 4377 189 4434 tendos
201 4377 336 4433 exsilium
351 4384 456 4446 petere,
472 4376 630 4446 orbemque
653 4376 796 4444 latinum,
822 4377 938 4434 notitias

85 4464 174 4520 etiarn
198 4470 340 4520 terrarum
362 4464 509 4531 excedere,
527 4471 638 4534 quanta
664 4464 806 4520 neminem
835 4465 937 4520 alacri-

87 4558 145 4607 tate
173 4551 332 4608 viderimus
360 4551 612 4620 661666166661
647 4551 707 4607 6166
736 4552 820 4608 166166
848 4551 936 4608 adire.

88 4637 219 4694 Honores
232 4637 410 4708 amplissimi,
431 4637 615 4694 castellorum
631 4645 658 4694 et
674 4638 791 4695 urbium
812 4638 940 4694 dominia

87 4725 311 4796 spernebantur,
336 4725 775 4796 616166661666111166611661
800 4725 939 4797 quiddam

87 4811 220 4869 tabidum
231 4811 415 4874 vilescebant,
424 4811 503 4868 omni
518 4826 631 4884 gemma
644 4814 791 4884 qnondam
801 4814 941 4886 gratiores

88 4897 245 4970 promiscui
270 4913 357 4956 66166
379 4899 532 4970 pignorum
553 4901 776 4959 fastidiebantur
796 4908 938 4972 aspectus,

87 4986 167 5045 6166
182 4988 261 5059 quod
270 4987 436 5045 mortalium
448 4989 548 5046 nullus
562 4997 613 5046 aut
632 5003 736 5061 urgere
750 4989 868 5059 imperio
886 5003 940 5060 po·

89 5074 202 5144 tuisset,
224 5083 274 5131 aut
297 5074 431 5131 suasione
447 5075 612 5144 propellere,
633 5076 669 5131 ad
692 5075 720 5130 id
742 5075 838 5132 subita
864 5088 941 5130 men·

90 5161 164 5219 tium
205 5162 420 5220 demutatarum
448 5163 640 5220 obstinatione
668 5164 844 5220 terebantur.
877 5165 940 5222 Non

90 5258 154 5308 erat
168 5250 523 5322 666166166111666166616
547 5266 675 5324 personae
696 5254 889 5311 necessarium
909 5263 942 5313 nt

991 4217 1187 4275 peragamus.

1327 4290 1444 4346 CAPUT
1465 4289 1500 4344 11.

1027 4378 1085 4451 [li]
1096 4376 1285 4433 Orientalium
1289 4377 1364 4450 fider
1372 4374 1549 4433 6111666666.
1566 4373 1648 4429 Unde
1659 4372 1788 4430 11616661.
1804 4401 1839 4415 -

992 4469 1015 4522 Α
1035 4465 1211 4536 temporibus
1235 4466 1327 4522 fidelis
1352 4465 1475 4521 1161666.
1501 4461 1680 4519 Constantini
1703 4461 1840 4533 principis

992 4555 1100 4618 matris,
1124 4569 1175 4625 per
1195 4554 1257 4611 loca
1281 4553 1479 4610 Dominiorum
1504 4559 1532 4608 et
1549 4550 1758 4621 suppliciorum
1775 4551 1837 4620 leb,

992 4640 1208 4697 Dominicorum
1254 4636 1473 4712 suppliciorum]
1519 4637 1646 4709 vestigiis
1690 4636 1837 4710 insignita,

993 4728 1209 4795 basilicarum,
1227 4742 1276 4799 661
1292 4727 1421 4785 eamdem
1445 4729 1658 4796 6666616661
1680 4725 1840 4783 ministeria

993 4819 1082 4890 digna
1093 4817 1219 4873 basilicis
1233 4817 1373 4873 instituta.
1392 4815 1481 4880 Quem
1503 4813 1693 4871 institutionis
1708 4814 1839 4871 ordinem

994 4914 1057 4977 post
1084 4907 1231 4962 decessum
1263 4905 1457 4976 6161616166,
1498 4917 1548 4974 661
1574 4902 1695 4958 Romani
1727 4903 1840 4975 imperii

994 4994 1197 5062 successiones,
1236 4994 1383 5051 diuturnis
1424 4992 1612 5062 temporibus,
1649 4991 1841 5049 ecclesiastiea

995 5083 1114 5139 historia
1137 5082 1267 5151 docente,
1291 5081 1484 5152 comperimus
1506 5080 1686 5152 perdurasse.
1711 5079 1840 5138 0116616-

995 5170 1065 5226 lium
1080 5178 1177 5226 autem
1191 5169 1270 5236 tides,
1295 5184 1362 5225 cum
1383 5182 1495 5238 semper
1507 5168 1679 5226 nutabunda
1704 5168 1841 5225 eonstite-

995 5258 1042 5326 rit,
1058 5266 1086 5315 et
1109 5271 1206 5314 rerum
1235 5258 1379 5314 1661111666
1400 5271 1541 5316 6616166
1568 5257 1715 5314 mutabilis
1737 5266 1764 5315 61
1786 5269 1841 5312 va-

91 5338 129 5396 ad
144 5339 313 5397 excitandos
328 5338 448 5409 616666
471 5339 532 5412 ipso
549 5342 670 5412 populos
691 5341 722 5398 in
750 5342 877 5401 eeclesiis
897 5345 944 5402 de·
998 5346 1136 5417 gabunda
1156 5347 1252 5414 tuerit,
1275 5359 1387 5419 semper
1410 5361 1428 5403 a
1445 5349 1547 5420 regula
1567 5359 1645 5405 1616
1667 5344 1844 5403 credulitatis
