3818 6008
18 180 20 183 '
72 165 122 225 leo
514 159 543 222 ll.
567 158 738 223 ebrorum
754 156 900 220 naeniis
918 159 947 219 S.
969 156 1087 231 blatii
1105 159 1150 218 DE
1170 153 1367 216 normanni)
1773 153 1822 214 tot

71 306 146 359 mue,
163 303 250 362 qnam
264 288 417 356 custodire,
434 301 552 359 quaque
566 286 623 343 irui
637 285 787 357 cupimus,
800 286 921 355 sicergo
939 287 960 341 Α
976 288 1043 350 erat,
1065 283 1133 354 quid
1155 298 1259 338 necesse
1272 285 1328 351 sciit
1343 285 1497 352 concipere?
1519 283 1696 352 Perreaitque
1709 288 1740 336 nt
1755 298 1821 337 con-

68 381 155 453 junta
174 386 293 450 puteum
308 378 428 434 habitat.
973 375 1072 428 sutor-et
1086 375 1240 445 poncinum.
1265 372 1418 442 Postquam
1438 371 1468 426 in
1482 370 1679 427 conversionis
1694 370 1822 441 primor-

106 465 192 521 Vnus.
209 467 248 527 li,
267 465 309 517 18.
325 493 359 502 -
384 464 460 516 Anni
477 463 539 516 uita
555 462 652 515 ismael
674 465 779 514 curtum
803 460 919 528 triginta
973 463 1019 519 dio
1032 463 1177 532 patientiae
1194 462 1269 533 leges
1292 461 1502 531 amplectimur,
1520 460 1609 530 ipsam
1633 461 1757 516 sterilem
1776 476 1821 516 re-

71 559 180 624 septem.
198 554 326 620 deficiens
341 554 464 604 mortuus
478 554 564 610 esaei
583 551 724 618 appositus
739 548 919 618 odpopntnm
974 549 1111 620 perimus,
1137 548 1206 620 quia
1235 548 1287 604 etsi
1315 547 1496 603 adversarios
1519 547 1629 613 tolerat,
1655 547 1701 602 tris
1724 555 1820 603 tamen

71 657 159 696 suum.
175 641 320 696 dubitauit
334 643 423 692 autern
440 638 476 692 ab
500 638 603 692 Heoita
627 653 711 707 usque
729 638 920 705 Suq-quare·
974 638 1097 709 benigne
1118 637 1236 707 obsequi
1257 637 1384 693 arduum
1409 637 1494 691 nimis
1507 644 1598 706 putat.
1619 636 1739 692 Necesse
1752 651 1821 707 ergo

71 734 154 800 spicit
171 731 327 799 AEppplum
348 727 546 781 introeuntibus
561 728 707 796 Assyriam
735 731 801 780 1⁰1
830 741 919 779 cor-orn
972 734 1015 783 est
1031 738 1064 783 ut
1078 740 1230 796 precemur
1247 726 1401 781 Dominum
1420 740 1478 795 quo
1494 725 1602 781 tribuat
1619 727 1738 781 Rebeccae
1758 741 1821 779 con·

71 820 173 874 cunctis
185 817 321 883 fratribus
331 818 389 869 suis
400 816 475 870 obiit.
488 815 540 869 Per
554 814 748 883 septenarium
759 813 921 882 temporali·
973 822 1087 885 captum.
1109 815 1201 886 igitur
1214 814 1398 880 exaudimur,
1414 816 1511 885 etjam
1528 814 1656 884 geminos
1668 814 1742 869 letus
1756 828 1823 869 oon-

71 902 726 977 msaccipitur,quceseptemdiebnsevolvitur.
738 900 920 957 tricenarius
974 906 1111 973 cepimus,
1131 903 1248 972 scilicet,
1274 912 1306 959 ut
1327 918 1400 973 quos
1416 903 1582 971 toleramus,
1607 904 1668 960 sine
1683 902 1822 973 scrupulo

72 996 108 1051 ad
123 992 270 1051 Trinitatis
285 992 604 1062 pertinetditectionem,
615 1006 667 1061 per
676 991 919 1062 piorumoperum
973 992 1072 1064 aliquo
1088 993 1117 1046 in
1142 992 1265 1064 gratiam
1285 992 1480 1058 admittamus,
1498 999 1606 1047 etcum
1626 992 1823 1047 amaverimus

37 1131 42 1137 .
71 1083 295 1149 exsecutionem,
312 1082 404 1138 sexies
420 1081 503 1151 quini
514 1081 632 1151 triginta
642 1080 793 1149 complent.
803 1078 921 1135 Serdic-
974 1080 1138 1138 benefacere
1153 1081 1197 1137 his
1211 1081 1297 1137 etiam
1323 1095 1388 1136 cum
1417 1080 1708 1150 perseveraverintin
1734 1079 1820 1145 malo,

72 1172 356 1242 bustecitloperasua
367 1170 450 1237 Deua,
461 1169 637 1225 sextaetiam
648 1168 918 1224 creavithominem.
974 1185 1008 1228 ac
1022 1170 1164 1227 deservire
1185 1184 1336 1239 curemus;
1357 1169 1406 1224 sed
1420 1168 1597 1225 colliduntur
1611 1171 1640 1223 in
1655 1174 1730 1223 utero
1752 1184 1821 1237 par-

71 1261 197 1331 0perum
231 1273 298 1330 ergo
326 1257 458 1314 senarius
491 1258 586 1313 innuit
614 1256 824 1327 perlectionem,
855 1269 920 1325 qua
973 1261 1041 1320 onii,
1058 1260 1128 1330 qnia
1142 1259 1281 1315 immensa
1295 1265 1337 1313 est
1351 1256 1513 1328 congressio
1529 1257 1605 1313 intra
1618 1258 1821 1312 conscientiam

72 1348 199 1420 quinarii
214 1348 389 1403 exteriorum
412 1360 550 1402 sensuum
566 1345 697 1402 cohibeat
714 1344 917 1415 inaequitatem.
974 1348 1029 1404 ista
1043 1349 1137 1404 lacere
1160 1347 1302 1404 molientis
1324 1346 1423 1401 animi.
1449 1347 1524 1401 Dum
1546 1345 1622 1400 enim
1639 1346 1717 1401 videt
1740 1345 1822 1399 obse·

72 1439 260 1494 Centenarins
276 1450 343 1491 vero
363 1434 587 1505 insinuatque
606 1433 919 1500 dexterest,l)eicon·
974 1437 1077 1507 quium
1103 1436 1215 1506 ingrate
1240 1435 1276 1491 ab
1301 1435 1416 1491 inimico
1440 1434 1558 1504 suscipi,
1586 1449 1665 1491 mens
1694 1434 1754 1504 ipsa
1770 1448 1824 1490 cur

73 1526 298 1597 temptationem.
315 1523 463 1594 Quidquid
485 1525 583 1593 itaque
602 1522 820 1592 temporalitatis
837 1519 920 1576 nobis
973 1525 1058 1582 ratem
1081 1524 1190 1596 diligat,
1213 1524 1381 1594 indignatur
1404 1523 1468 1579 sibi.
1489 1526 1594 1579 Anoare
1615 1538 1694 1595 ergo,
1721 1531 1749 1579 et
1764 1538 1822 1578 non

73 1616 155 1683 inest,
178 1613 297 1670 aliectus
312 1620 408 1669 noster
428 1627 515 1668 verus
538 1611 640 1667 ismael
656 1610 799 1680 expendat
816 1609 844 1664 in
860 1609 919 1675 Dei,
940 1597 1077 1681 Bamari,
1102 1613 1274 1684 obsequium
1296 1613 1431 1682 praebere,
1454 1613 1502 1669 sed
1525 1612 1641 1682 despici,
1665 1620 1824 1683 utrumqne

73 1719 130 1760 11011
155 1703 250 1771 verbo,
275 1702 324 1759 sed
348 1716 433 1772 Odere
448 1701 568 1771 luteam,
593 1699 782 1765 ditectionem,
810 1697 834 1753 si
857 1698 920 1753 vatt
975 1704 1102 1773 graviter
1122 1701 1293 1773 indignatur
1315 1702 1379 1769 sibi,
1401 1701 1471 1771 dum
1486 1701 1635 1758 servitium
1651 1715 1709 1757 non
1723 1716 1824 1757 snsce-

72 1791 230 1862 perlectum
246 1792 338 1848 lacere
352 1789 508 1856 hominem,
528 1797 556 1844 et
575 1787 626 1843 bei
646 1787 786 1858 attingere
802 1784 921 1841 visionis
976 1800 1056 1862 ptum
1081 1790 1228 1846 internum
1259 1791 1413 1847 conturbat
1442 1803 1581 1852 amorem,
1611 1796 1638 1845 et
1661 1803 1743 1845 amor
1768 1789 1825 1858 ipse

73 1879 290 1936 beatitudinem.
315 1878 342 1934 is
364 1891 503 1934 numerus
526 1884 568 1932 est
593 1890 736 1932 annnorum
761 1873 919 1945 plenitudo,
975 1878 1061 1935 nimis
1071 1893 1147 1950 aegre
1161 1879 1271 1949 patitur
1285 1878 1371 1935 cilicii
1383 1879 1597 1949 impensionem.
1614 1877 1699 1947 Quid,
1717 1879 1823 1948 inquit,

73 1967 179 2023 scilicet
202 1967 281 2022 clara
301 1965 454 2022 virtutum.
484 1964 565 2021 Unde
588 1978 715 2035 congrue
739 1963 920 2033 postmodum
975 1967 1046 2024 mihi
1068 1968 1195 2038 proderit
1218 1966 1308 2038 hujus
1329 1967 1411 2023 bonae
1436 1966 1556 2023 actionis
1569 1967 1732 2037 concepisse
1752 1965 1824 2022 alie·

74 2056 180 2112 dicitur
204 2059 344 2126 oppositus
370 2055 407 2108 od
435 2054 564 2123 poputum
587 2068 676 2120 suurn,
701 2052 771 2108 dnm
796 2060 858 2122 post
882 2058 922 2107 tol
976 2065 1064 2124 ctum,
1077 2055 1128 2127 qni
1138 2056 1174 2111 ad
1186 2064 1242 2111 tam
1256 2056 1365 2112 tristem
1375 2055 1555 2112 eonscientiae
1569 2056 1661 2127 vergit
1671 2054 1824 2112 ellectum?

74 2144 261 2201 claritudines
290 2143 449 2200 sanctitatis
472 2142 614 2199 derelictis
638 2141 847 2198 habitatoribus
868 2140 922 2196 Ce-
975 2145 1029 2202 Sed
1059 2146 1212 2215 petendum
1235 2153 1276 2201 est
1300 2143 1552 2201 intellectualitatis
1575 2144 1738 2212 oraculum,
1775 2142 1822 2198 ubl

75 2233 138 2299 dar,
163 2232 255 2289 sotum
288 2231 386 2301 patria
415 2245 515 2287 revera
541 2230 600 2300 jnm
631 2244 691 2285 sua
716 2227 922 2298 supercoelestis
976 2234 1336 2290 oonsutannusnominum.

75 2321 191 2392 populo,
207 2320 376 2377 concivibus
387 2319 447 2375 suis
463 2319 569 2388 apponi
584 2332 664 2374 nnnc
680 2317 831 2384 desiderat,
850 2316 878 2371 in
891 2330 922 2372 re
1012 2323 1098 2380 Vnus.
1114 2325 1159 2389 aa,
1175 2323 1219 2387 aa,
1236 2325 1280 2377 25.
1301 2352 1335 2362 -
1356 2324 1421 2376 bno
1435 2324 1506 2376 enim
1527 2326 1616 2390 pentes
1640 2323 1670 2375 in
1688 2325 1764 2377 utero
1780 2326 1823 2376 tuo

76 2418 171 2481 postea
186 2409 383 2481 apponendus.
401 2408 544 2463 dubitauit
568 2414 664 2462 antem
680 2407 714 2460 ab
730 2408 824 2461 lieciio
839 2421 923 2475 cuque
976 2417 1050 2478 sunt,
1073 2416 1098 2465 et
1123 2411 1176 2465 duo
1198 2411 1295 2480 populi
1314 2426 1347 2465 ec
1367 2416 1459 2465 uentre
1484 2415 1528 2464 tuo
1552 2408 1720 2473 dividentur,
1736 2422 1822 2476 popu·

75 2500 138 2565 Sur,
153 2499 182 2555 id
204 2506 247 2555 est
267 2498 433 2576 dominatus
451 2504 493 2553 est
513 2495 638 2552 motibus
662 2496 722 2551 suis
743 2510 760 2550 a
781 2494 922 2564 principio
977 2503 1071 2569 iusque
1090 2500 1222 2569 poputum
1246 2500 1396 2569 superante,
1426 2504 1450 2553 en
1476 2499 1565 2567 major
1590 2499 1687 2552 sorores
1712 2498 1821 2550 planari.

76 2587 281 2653 conversionis,
303 2586 333 2641 in
354 2599 412 2656 quo
435 2585 529 2641 omnis
552 2590 686 2640 creatura
710 2583 923 2654 ingemiscendo
978 2590 1030 2655 Qui
1040 2592 1118 2659 prior
1141 2603 1262 2656 opressus
1285 2592 1333 2655 est,
1349 2589 1430 2654 rusus
1445 2591 1513 2653 aot,
1536 2591 1560 2641 et
1580 2590 1650 2640 totus
1673 2587 1703 2639 in
1725 2599 1823 2639 rnorem

76 2678 202 2749 parturit
216 2689 309 2747 usqne
328 2676 424 2730 adbuc
439 2682 466 2729 et
486 2673 561 2729 dolet
576 2676 660 2742 (aon.
677 2688 734 2740 vm,
756 2675 822 2742 ως
840 2687 924 2740 usquc
975 2678 1055 2748 petiis
1088 2677 1227 2747 hispidus.
1267 2679 1449 2745 Vocatumque
1476 2680 1515 2731 esi
1538 2690 1632 2729 onumen
1656 2674 1716 2743 ejus
1740 2676 1821 2728 Esau.

76 2767 138 2831 Sur,
160 2764 188 2820 id
210 2773 252 2820 est
276 2777 368 2834 usque
390 2763 425 2818 ad
440 2761 601 2831 spiritualis
623 2760 800 2816 tortitudinis
824 2770 924 2816 contra
977 2768 1105 2821 Protinus
1119 2767 1188 2819 alter
1203 2765 1341 2832 egrediens
1351 2766 1477 2834 plantam
1490 2766 1589 2831 (ratris
1608 2763 1713 2817 tenebat
1731 2778 1822 2827 macru,

77 2854 174 2911 omnia
196 2859 422 2922 temperamenta
450 2850 549 2906 robur.
574 2848 643 2916 Qua
666 2857 763 2906 tanren
787 2847 923 2904 tortitudo

77 2943 192 3014 respicit
204 2942 371 3012 AEgyptum,
398 2939 425 2994 id
440 2945 481 2994 est
501 2937 694 2994 tribulationis
709 2936 924 3008 coangustantis

78 3032 220 3099 tenebras,
239 3029 450 3086 introeuntibus
465 3027 560 3083 carnis
575 3026 725 3083 allectibus
739 3026 880 3096 Assyrios,
896 3026 925 3081 id

77 3128 119 3178 est
154 3120 271 3187 aulicos,
311 3118 426 3183 scilicet,
461 3116 567 3172 imitari
595 3114 758 3171 volentibus
794 3129 925 3186 quosque

77 3209 218 3279 voluptati
234 3207 353 3264 deditos.
369 3205 459 3262 Antas
477 3219 604 3275 namque
619 3203 749 3260 omnium
764 3218 825 3260 esse
839 3204 926 3259 novi-

79 3310 144 3353 mus
156 3296 338 3367 voluptatum
351 3294 513 3351 volentabra.
528 3295 562 3350 ln
577 3293 710 3350 domibus
726 3293 810 3364 plane
824 3307 926 3364 regum

77 3390 146 3440 sunt
162 3385 213 3454 qni
238 3383 371 3440 mollibus
392 3383 557 3439 induuntur
583 3385 656 3446 [Luc.
672 3397 721 3451 vn,
735 3382 798 3452 25):
827 3382 927 3438 Hevila

78 3473 285 3543 interpretatur
308 3474 476 3542 parturiens,
499 3472 543 3528 vel
567 3472 674 3540 dobes,
699 3471 754 3528 Sur
776 3471 925 3538 fortitudo;

77 3562 219 3633 AEgyptus
235 3562 374 3616 tribulatio
392 3566 585 3628 courtpustans,
602 3560 646 3616 vel
658 3560 779 3615 tenebrae.
796 3561 928 3615 Habitare

77 3665 156 3718 vero,
184 3665 235 3721 pro
259 3651 385 3722 eoquod
409 3659 460 3716 est,
485 3650 632 3716 dominari,
650 3651 680 3705 in
704 3649 855 3718 Scriptura
874 3664 927 3719 po-

77 3740 168 3797 nitur.
180 3741 254 3796 bom
266 3739 349 3810 plane
359 3740 443 3795 tortia
453 3738 588 3810 quaelibet
601 3738 724 3809 agimus,
738 3745 766 3794 et
780 3738 814 3794 de
825 3737 928 3794 mundi

78 3829 264 3886 oblectatione
289 3829 373 3899 quasi
402 3828 436 3884 de
464 3827 538 3883 aulae
560 3827 679 3884 introitu
707 3833 864 3894 tentamur,
891 3827 928 3882 ad

77 3918 235 3989 AEgyptum
266 3917 396 3975 meroris
430 3924 458 3972 et
488 3916 682 3984 tenebrarum,
721 3915 799 3986 qnod
836 3922 928 3971 totum

78 4007 207 4063 mundus
218 4013 269 4074 est,
285 4005 430 4063 attendere
443 4005 591 4085 debemus.
605 4005 697 4061 Assur
710 4011 806 4059 autem
822 4003 929 4060 dicitur

79 4094 153 4149 oum.
171 4095 266 4150 Coram
281 4099 383 4149 cunctis
401 4095 538 4161 fratribus
554 4094 621 4159 obit,
633 4093 711 4163 ,dnm
725 4091 861 4148 omnibus
875 4092 929 4161 piis

977 2853 1127 2910 etidcirco
1156 2854 1306 2923 appellauit
1331 2868 1425 2907 nomen
1444 2853 1503 2922 ejus
1527 2851 1619 2906 iacob.
1643 2854 1709 2906 Duae
1737 2855 1825 2917 pentes

978 2942 1096 3013 patienti
1121 2943 1226 2998 aninne
1255 2945 1284 2995 in
1312 2941 1493 2997 eonscientiae
1525 2946 1600 2995 uin-o
1628 2945 1702 3005 suini,
1732 2939 1826 3014 carnis

979 3030 1085 3088 scilieet
1110 3031 1262 3101 cogitatus,
1288 3037 1315 3085 et
1342 3028 1506 3100 spirituales
1529 3029 1647 3086 rationis
1672 3035 1779 3095 motus,
1803 3033 1827 3081 et

979 3136 1013 3174 ea
1035 3125 1136 3185 uentre,
1163 3119 1191 3175 id
1217 3123 1269 3186 est,
1299 3119 1428 3175 bumana
1452 3116 1618 3189 tragilitate,
1642 3117 1701 3173 duo
1722 3129 1827 3189 genera

980 3210 1159 3280 appetituum
1192 3207 1246 3264 sibi
1283 3207 1405 3263 invicem
1439 3207 1628 3275 infensorum,
1667 3205 1828 3262 conditione

979 3296 1228 3369 corruptibilitatis
1257 3296 1377 3353 unitatis
1404 3302 1512 3352 statum
1536 3295 1728 3366 prepediente
1758 3308 1827 3350 con·

981 3393 1113 3457 surgent,
1127 3385 1175 3442 sed
1193 3387 1309 3455 populus
1324 3385 1454 3454 populum
1478 3391 1605 3454 superat,
1620 3382 1763 3457 majorque
1777 3386 1826 3437 mi-

979 3477 1042 3530 nori
1069 3475 1167 3542 servit,
1197 3475 1267 3530 dum
1291 3473 1455 3529 animalitas
1480 3488 1546 3544 quae
1574 3473 1667 3543 primo
1689 3472 1719 3527 in
1750 3470 1826 3527 omni

981 3563 1096 3621 bomine
1111 3570 1226 3635 regnat;
1247 3562 1327 3633 prius
1341 3562 1428 3629 enim,
1444 3561 1530 3634 juxta
1551 3560 1730 3632 Apostolum,
1752 3559 1827 3630 quod

981 3651 1115 3719 animale,
1139 3651 1314 3720 demumque
1337 3649 1414 3720 quod
1429 3649 1578 3720 spirituale
1598 3650 1622 3720 (l
1635 3650 1695 3706 Cor.
1712 3663 1760 3716 xv,
1773 3646 1827 3716 46),

982 3739 1193 3811 spiritualitatis
1222 3746 1254 3794 ut
1283 3739 1405 3810 dignum
1431 3746 1474 3794 est
1500 3738 1619 3808 imperio
1643 3737 1827 3808 subjugatur.

981 3830 1044 3886 Noli
1073 3843 1152 3900 ergo,
1182 3827 1287 3899 inquit,
1315 3842 1402 3898 penes
1430 3834 1456 3883 te
1484 3828 1606 3896 turbari,
1636 3828 1658 3883 si
1687 3826 1829 3897 patientia

983 3917 1101 3989 praemio
1115 3918 1159 3973 vis
1180 3916 1322 3973 coronari.
1338 3918 1390 3983 Qui
1401 3920 1479 3987 prior
1490 3916 1646 3987 egreditur,
1663 3919 1744 3984 rusus
1759 3922 1827 3980 erat,

982 4005 1052 4076 quia
1068 4005 1091 4061 is
1105 4005 1154 4075 qui
1168 4005 1301 4075 primitus
1317 4005 1346 4061 in
1363 4004 1445 4061 nobis
1462 4012 1581 4075 apparet
1597 4012 1703 4073 motus,
1718 4019 1755 4060 en
1770 4017 1830 4074 pas·

980 4093 1059 4149 sione
1074 4094 1281 4150 desideriorum
1297 4093 1424 4160 veniens,
1440 4094 1524 4164 qnasi
1539 4107 1576 4149 ex
1596 4094 1703 4154 carnis.
1723 4100 1751 4148 et
1766 4105 1831 4147 san·

79 4181 169 4237 animi
184 4181 308 4238 motibus
322 4196 339 4237 a
353 4195 407 4238 sna
422 4182 591 4254 evagatione
613 4181 745 4248 reversis,
762 4180 875 4251 sibique
890 4180 925 4236 ad
946 4200 969 4255 ῃ
984 4181 1081 4254 guinis
1110 4182 1221 4252 origine
1257 4188 1308 4249 est,
1337 4181 1635 4252 concupiscentialiter
1670 4180 1828 4236 [lammens.

78 4270 272 4328 securandum
288 4271 508 4341 praesentibnsa
527 4270 632 4327 lorensi
648 4270 831 4326 distractione
842 4277 929 4340 atique

79 4360 192 4431 negotio
214 4360 293 4416 beate
314 4359 420 4416 interit.
445 4360 525 4416 Unde
540 4367 567 4416 et
581 4359 714 4429 superius
735 4359 863 4427 primum
878 4359 929 4414 de-

80 4448 188 4518 iecisse,
225 4450 406 4519 postmodum
441 4456 574 4504 mortuus
608 4447 696 4503 luisse
723 4447 844 4516 dicitur3
873 4446 929 4502 nisi

79 4538 155 4594 enim
180 4537 282 4594 ismael
305 4546 424 4594 terrenae
448 4551 484 4592 ex
514 4543 571 4593 toto
586 4535 780 4592 affectualitati
806 4535 929 4602 deliciet,

81 4626 187 4696 peccati
200 4625 348 4683 adscribas
363 4624 507 4697 quomodo
522 4623 646 4680 moriad
660 4622 808 4695 integrum
823 4623 930 4694 queat?

116 4713 185 4781 Quae
213 4722 378 4785 sequnntur
406 4714 503 4784 (Vens.
533 4711 639 4783 ld-an),
666 4712 738 4769 alias
763 4712 824 4784 jam
854 4713 931 4768 dicta

82 4811 159 4871 sunt,
175 4810 294 4874 excepto
308 4803 386 4875 quod
397 4802 584 4872 quadroointo
601 4816 735 4857 annorum
749 4801 828 4856 isaac
846 4800 931 4856 duxit

82 4893 249 4960 Rebeccam,
264 4906 315 4963 per
330 4891 460 4963 decalogi
476 4891 607 4949 videlicet
628 4891 831 4962 impletionem,
849 4905 931 4947 sunr-

83 4995 160 5037 mam
172 4981 332 5052 Evangelii,
350 4981 428 5052 quod
443 4981 628 5051 quaternario
641 4981 773 5053 signatur
788 4981 933 5051 attingens

84 5071 121 5127 ad
140 5071 285 5140 pacientiae
308 5070 469 5142 amplexus,
487 5070 565 5140 quod
588 5077 631 5126 est
652 5069 833 5139 perlectionis
857 5066 932 5123 iasti-

85 5159 166 5230 gium
204 5159 328 5215 devenit.
364 5161 580 5229 deprecatusque
611 5163 650 5212 est
678 5160 757 5212 isaac
790 5158 933 5211 bominum

85 5263 135 5318 pro
156 5262 241 5302 neore
254 5263 315 5312 suo,
338 5264 366 5303 eo
387 5249 459 5317 quod
484 5253 551 5303 esset
572 5249 687 5314 sterilia
717 5248 766 5315 qni
790 5245 933 5299 ecoudioit

87 5351 157 5402 eum,
176 5341 201 5391 et
229 5335 305 5390 dedit
328 5341 482 5406 conceptum
509 5336 642 5402 Rebecca,
672 5334 719 5388 sed
738 5333 934 5388 collidebantur

88 5427 117 5482 in
141 5429 216 5478 utero
235 5423 293 5495 ejnu
311 5428 431 5495 paruuli.
455 5427 520 5490 Qua
547 5427 605 5478 ait:
622 5425 653 5478 Si
669 5424 792 5477 sicinini
807 5423 932 5489 sutricum

985 4272 1012 4327 ls
1025 4271 1102 4326 enim
1130 4270 1206 4326 color
1220 4277 1247 4326 et
1271 4270 1355 4342 ignis,
1375 4277 1403 4326 et
1426 4269 1579 4340 sanguinis
1595 4268 1718 4338 speciem
1736 4268 1829 4336 babel,

984 4359 1061 4417 unde
1088 4367 1116 4415 et
1137 4366 1238 4415 aestum
1264 4358 1502 4427 concupiscentiae
1526 4357 1651 4414 carnalis
1678 4356 1830 4428 signilicat.

984 4450 1018 4505 in
1030 4463 1129 4503 morem
1141 4449 1221 4517 peliis
1239 4455 1280 4504 est
1296 4446 1432 4517 hispidus,
1449 4447 1518 4503 dum
1534 4447 1686 4515 asperitate
1707 4446 1833 4502 inlluen·

986 4538 1058 4594 tium
1072 4535 1322 4606 superfluarumve
1341 4535 1545 4607 cogitationum
1566 4539 1636 4587 roa
1652 4548 1687 4589 ac
1701 4541 1833 4590 motuum

985 4638 1096 4694 semper
1123 4631 1165 4679 est
1190 4623 1335 4679 horridus.
1360 4623 1413 4679 Per
1443 4623 1544 4693 pellem
1571 4637 1637 4679 vero
1667 4623 1833 4678 meritoriam

985 4726 1138 4784 possumus
1160 4712 1328 4783 intelligere,
1346 4726 1412 4782 cquae
1433 4710 1566 4767 anirnalis
1579 4712 1639 4782 jam
1667 4711 1770 4767 mortui
1787 4725 1834 4767 rc-

985 4799 1167 4872 presentatio
1199 4809 1255 4870 est;
1283 4799 1421 4856 memoria
1446 4814 1515 4871 ergo
1542 4806 1640 4856 nostra
1674 4806 1715 4855 tin
1740 4795 1834 4852 aillnit

986 4889 1152 4945 incursibus
1183 4889 1409 4960 suggestionum,
1442 4896 1552 4958 quanta
1591 4886 1671 4956 pellis
1698 4885 1835 4957 qnalibet

986 4977 1125 5035 densitate
1149 4978 1280 5048 pilorum.
1314 4978 1392 5035 Esau
1421 4978 1528 5034 dicitur
1556 4991 1666 5031 acanus
1692 4975 1834 5045 lapidum;

986 5067 1141 5125 carnalitas
1168 5067 1266 5137 itaque
1290 5074 1388 5122 nostra
1410 5080 1531 5123 acervus
1548 5064 1677 5135 lapidum
1702 5071 1832 5128 vocatur,

987 5157 1056 5213 dnm
1066 5157 1188 5227 pondus,
1202 5163 1229 5212 et
1239 5156 1348 5212 duritia
1362 5155 1568 5225 spiritualium,
1581 5151 1834 5224 corporaliumque

986 5246 1107 5316 pestium
1137 5245 1330 5302 indesinenter
1360 5244 1388 5299 in
1416 5244 1492 5299 illam
1519 5242 1694 5314 congeritur,
1719 5248 1752 5298 ut
1775 5242 1835 5312 jam

987 5331 1037 5388 vin
1053 5333 1087 5389 ad
1104 5347 1228 5403 superna
1244 5335 1401 5404 quaerenda
1416 5333 1541 5396 levetur:
1559 5333 1607 5388 sed
1625 5333 1752 5401 protinus
1767 5332 1835 5384 atter

988 5423 1144 5493 egreditur,
1178 5423 1228 5493 qui
1256 5424 1380 5493 plantum
1408 5424 1509 5489 fratris
1533 5437 1620 5491 ,mortu
1643 5427 1737 5476 teneat
1765 5419 1834 5475 dum
