3794 6008
119 188 186 242 lm
630 185 677 241 ob
693 183 770 242 ΟΡΡ.
792 185 868 242 tert.
889 184 1059 242 oblectem
1077 184 1122 242 bn
1142 180 1337 241 bottcssnro
1808 184 1863 237 titi

116 321 216 398 posui;
231 321 255 380 si
279 336 347 380 vero
371 319 490 386 orando,
512 319 723 391 eleemosynam
745 318 887 389 iaciendo,
910 332 997 393 song
1052 320 1228 377 Francorum
1244 332 1397 391 procerum
1412 330 1660 390 parsegomagua
1674 316 1731 374 lui.

115 412 196 469 aliud
211 410 291 482 quid,
308 408 386 480 quod
409 409 466 465 lieo
487 407 607 479 placeat,
630 409 795 478 exhibeam,
820 408 964 479 operando
1019 408 1199 479 paupertatis
1230 421 1341 476 amaus,
1367 406 1490 478 patriam
1520 407 1730 477 mundumque
1759 394 1865 477 reliqui,

116 500 250 556 omnibus
272 497 363 553 modis
385 504 417 554 ut
432 496 462 552 in
482 497 527 552 his
551 497 739 568 participetur
760 504 874 568 exopto.
899 497 965 553 »Et
1054 494 1192 564 Spiritum
1207 493 1315 550 divitiis
1328 492 1465 550 omnihus
1480 491 1655 550 anteferens.

117 588 162 644 his
176 586 258 641 dietis
271 585 378 655 pariter
393 585 589 642 abcesserunt.
1018 583 1084 639 Post
1097 583 1133 638 ad
1150 582 1334 651 apostoltoam
1348 582 1467 638 celestis
1482 581 1622 652 principis
1637 580 1757 650 aulam,

153 675 202 729 llis
216 681 258 729 est
281 673 327 729 vir
349 673 396 729 ilie
420 672 653 744 religiosissimus
672 672 834 741 dussimus,
860 672 911 743 qui
930 687 965 729 ex
1053 671 1187 728 Eximius
1202 670 1274 727 tanti
1291 684 1336 727 me
1350 669 1442 727 Patris
1455 670 1514 742 egit
1528 683 1620 727 emor.

118 761 221 817 abbate
238 760 401 817 cantuariae
418 760 658 830 archiepiscopus,
676 768 704 817 et
728 759 878 831 legationis
892 774 965 831 apo·
1018 761 1078 826 Quo
1092 758 1165 816 duce
1178 772 1342 829 promerear
1354 759 1469 815 tandem
1482 772 1571 829 super
1584 765 1666 815 astra
1681 757 1791 814 levari.

117 848 222 906 stolioee
238 848 267 904 in
284 847 385 919 tngha
399 848 517 904 sortitus
531 854 571 904 est
586 847 763 919 dignitatem.
1054 848 1186 919 llospitor
1201 847 1247 904 hic
1261 860 1358 904 sacras
1371 847 1505 904 conditus
1515 853 1581 904 ante
1596 846 1684 904 iores.

154 935 329 992 Hacetalia
353 949 418 1005 quae
442 936 477 992 de
500 933 613 992 Simone
636 935 743 1005 scripta
764 943 843 1003 sunt,
866 935 895 992 hi
913 937 964 1006 qui

117 1025 152 1082 de
167 1025 283 1095 propria
297 1022 416 1090 familia,
434 1024 462 1078 iu
476 1023 580 1080 saeculo
595 1023 651 1079 viri
664 1023 881 1094 religiosissimi,
897 1037 964 1081 cum

117 1126 150 1170 eo
166 1113 296 1170 habitum
310 1111 469 1182 spiritalem
493 1119 691 1181 susceperunt,
716 1125 782 1181 quae
803 1110 895 1168 oculis
917 1110 965 1166 in·
1018 1110 1093 1168 Olim
1108 1110 1182 1167 lacta
1197 1109 1289 1167 Patris
1303 1123 1448 1168 renovans
1461 1108 1616 1166 dictamine
1628 1108 1734 1166 lratris

117 1200 183 1257 tuiti
211 1206 335 1257 suntet
362 1200 484 1257 auribus
517 1199 683 1266 audieruut,
719 1199 964 1270 quemadmodum
1019 1198 1170 1269 Discipulis
1186 1211 1318 1255 normam
1327 1197 1427 1268 scripsi
1443 1197 1497 1254 sub
1510 1210 1636 1268 paupere
1650 1196 1774 1266 lorma;

117 1288 294 1358 scripsimus,
310 1288 350 1345 ita
364 1302 425 1345 esse
437 1287 530 1345 testati
544 1292 623 1344 sunt.
1019 1286 1072 1343 Sed
1087 1287 1157 1357 quia
1170 1301 1221 1344 neo
1237 1285 1346 1356 spernit
1361 1286 1438 1342 licus
1451 1285 1524 1354 bec,
1536 1298 1589 1342 nee
1602 1284 1803 1355 pauperiora,

116 1394 298 1465 Epitaphium
322 1395 439 1450 Simonis
467 1395 580 1458 comitis,
608 1394 741 1462 seriptum
770 1395 800 1449 in
820 1391 966 1464 pyramide
1019 1375 1147 1432 ostendii
1162 1375 1281 1446 Moyses,
1296 1373 1376 1444 operi
1390 1373 1526 1444 ⁰&lliendo
1539 1373 1664 1442 minim»

152 1466 284 1535 eiusdem,
325 1480 343 1518 o
380 1465 486 1519 domino
516 1480 593 1534 papo
635 1464 753 1532 Urbano,
795 1467 965 1534 cognomento
1018 1462 1113 1531 Quare
1127 1463 1261 1520 lectorem
1272 1462 1392 1533 cupiens
1404 1461 1620 1531 auxiliatorem,

153 1536 252 1591 odim&
1019 1552 1062 1609 lle
1076 1552 1152 1623 legat
1167 1552 1315 1608 absentem
1330 1565 1415 1623 posco
1429 1551 1535 1607 virtute
1551 1556 1714 1606 carentem.

117 1638 214 1696 Simon
230 1639 340 1695 habens
355 1653 469 1708 nomen,
485 1637 629 1708 majorum
644 1637 787 1709 sanguine
802 1637 890 1702 clero,
986 1632 1006 1685 B

296 1929 533 2105 rire
592 1928 1001 2075 sonores
1068 1881 1681 2075 sennensem

634 2185 840 2243 ABBA'IISSAE
868 2185 894 2242 S.
920 2185 1065 2243 toenitis
1089 2185 1345 2254 LAUDUNENSIS,

1352 988 1423 1042 Item
1434 1001 1538 1042 uersus.

722 2371 960 2458 SUPPARI
994 2371 1266 2464 AUCTORE.

644 2730 973 2805 PROLOGUS
1018 2729 1338 2804 AUCTORIS.

150 3031 227 3082 dae
251 3025 285 3081 ln
310 3022 409 3081 intulis
432 3020 660 3079 sacerdotalibus
696 3020 804 3078 honore
833 3019 1000 3090 decoratoc
1020 3026 1121 3091 eaptus
1134 3033 1231 3076 amore
1245 3026 1352 3076 sanctae
1370 3018 1481 3087 matris,
1503 3017 1599 3091 legere
1618 3019 1799 3090 decreverit,
1823 3033 1864 3078 nu

114 3110 272 3182 religionis,
300 3109 348 3167 cui
368 3109 450 3179 copia
474 3108 539 3176 luit,
564 3108 709 3165 Ouortmo
732 3121 821 3178 papae,
842 3121 964 3163 necnon
1019 3107 1123 3178 quaerit
1136 3107 1165 3163 iu
1177 3105 1223 3164 his
1239 3107 1402 3164 Tullianam
1425 3106 1631 3178 eloquentiam,
1651 3122 1709 3165 neo
1728 3117 1864 3166 oratorum

114 3197 296 3254 etsacerdoti
311 3196 477 3252 castissimae
500 3195 604 3253 Christi
626 3194 734 3267 virgini
758 3198 896 3253 basreunr
916 3195 965 3252 ab
1018 3194 1195 3264 iacnndiam,
1220 3209 1278 3253 non
1302 3195 1539 3267 pbilosophorum
1567 3194 1718 3265 llosculos,
1734 3204 1765 3254 et
1784 3197 1866 3254 stoioo

116 3283 239 3351 betisste,
255 3292 282 3341 et
297 3283 481 3341 Senteeeoe.
1018 3297 1084 3341 rum
1107 3284 1236 3341 diversas
1261 3283 1439 3353 assertiones,
1457 3283 1506 3341 sed
1531 3282 1698 3354 veritatem,
1715 3293 1745 3343 et
1772 3284 1866 3355 simpli-

148 3371 331 3428 Jussionihns
351 3371 465 3438 vestris,
487 3385 504 3428 o
528 3371 727 3428 venerandum
752 3370 840 3428 decus
865 3384 966 3441 paren·
1017 3372 1133 3429 ciiatem
1152 3371 1287 3429 historiae.
1310 3372 1410 3442 Neque
1436 3371 1513 3429 enim
1537 3370 1638 3443 aquila
1667 3373 1803 3430 extensis
1823 3372 1866 3429 elis

115 3465 176 3516 tum
192 3459 320 3530 almique
334 3459 450 3531 vigoris,
477 3472 576 3530 parere
592 3474 649 3515 non
665 3458 773 3524 distuli,
794 3473 852 3530 qno
877 3458 962 3528 potis·
1017 3474 1130 3531 semper
1153 3461 1189 3516 ad
1204 3450 1311 3518 aethe'ra
1333 3460 1442 3529 volitat,
1467 3460 1517 3517 sed
1539 3459 1700 3531 aliquoties
1723 3464 1829 3519 assolet
1841 3467 1865 3516 ut

113 3548 220 3604 simum
242 3548 325 3604 almae
345 3547 455 3615 matris,
478 3555 506 3605 et
524 3547 631 3604 nostris
655 3546 839 3618 praelerendae
860 3554 964 3617 tempo
1018 3547 1230 3605 remissioribus
1251 3547 1354 3619 pennis
1375 3549 1527 3605 descendat
1551 3548 1587 3604 ad
1611 3555 1732 3618 terras;
1751 3557 1781 3607 et
1803 3549 1865 3605 inter

113 3635 196 3691 ribus
209 3634 332 3705 lemine,
358 3634 520 3707 salaberga
535 3635 624 3692 vitam
644 3642 733 3707 atque
749 3642 894 3706 gestorum
919 3649 962 3691 se·
1017 3637 1111 3708 regias
1134 3651 1209 3707 saepe
1234 3637 1331 3707 dapes,
1370 3637 1456 3695 etiam
1478 3637 1547 3693 vilia
1579 3649 1667 3706 poma
1695 3637 1865 3708 lactueaqoe

112 3723 194 3791 riom,
210 3721 239 3778 in
255 3731 398 3794 quantum
409 3738 455 3780 res
464 3723 574 3781 sinebat
588 3730 615 3780 et
626 3723 725 3780 divina
741 3724 830 3794 pietas
849 3722 962 3779 larebat
1017 3731 1163 3794 aggrestes
1189 3723 1297 3795 optima
1320 3738 1444 3796 quaeque
1471 3730 1634 3781 censentur.
1670 3724 1813 3783 orandus
1832 3731 1866 3781 est

112 3824 175 3868 meo
191 3810 339 3867 debuerim
364 3810 438 3882 stylo
462 3811 577 3869 cudere.
605 3811 658 3868 Sed
687 3826 740 3883 ego
763 3812 792 3867 in
816 3810 962 3881 hacparte
1016 3811 1093 3873 Deus
1107 3812 1190 3869 Pater
1210 3819 1243 3869 ut
1258 3811 1419 3868 densissimi
1445 3813 1564 3883 pectoris
1585 3812 1751 3886 obtusique
1774 3825 1865 3871 sensus

111 3898 195 3956 ratde
210 3912 255 3954 me
268 3912 369 3955 censeo
395 3898 454 3955 iore
471 3899 619 3970 imparem,
641 3899 748 3970 quippe
764 3899 816 3970 qui
834 3899 883 3956 vix
899 3898 962 3969 pri·
1016 3899 1117 3955 nubila
1129 3900 1251 3972 detegat.
1268 3899 1401 3957 Orandus
1419 3907 1502 3957 estet
1517 3899 1650 3957 Salvator
1671 3909 1779 3960 noster
1796 3903 1867 3958 lesus

112 3985 166 4043 mis
183 3986 313 4043 imbutus
326 4001 392 4044 sum
415 3987 527 4056 litteris,
552 3994 580 4044 et
598 3987 760 4045 Christiana
782 3986 962 4058 simplicitate
1016 3986 1155 4057 Christus,
1173 3995 1205 4045 ut
1220 4002 1354 4045 auranos
1366 3986 1393 4044 S.
1410 3987 1531 4057 Spiritus
1542 3986 1644 4046 afflare
1660 3989 1817 4063 dignetur,
1830 3996 1864 4055 ut,

112 4077 261 4131 educatus.
279 4075 331 4132 Sed
345 4090 411 4133 sum
419 4091 529 4134 memor
544 4077 622 4134 illius
638 4078 751 4134 Domini
764 4084 792 4134 et
806 4076 961 4134 salvatoris
1015 4077 1137 4148 caligine
1161 4077 1263 4133 mentis
1290 4076 1404 4144 abrasa,
1429 4075 1595 4133 laenitatem
1621 4079 1826 4135 accommodet
1839 4077 1866 4133 lo

113 4162 257 4233 praeconii,
274 4163 412 4220 dicentis:
436 4166 549 4222 «Petite
571 4172 599 4221 et
618 4165 735 4222 dabitur
756 4165 856 4231 vobis;
882 4179 959 4236 quea,
1015 4165 1133 4235 quendi‚
1147 4173 1180 4221 ut
1195 4164 1369 4222 venerahilis
1382 4165 1493 4232 matris,
1509 4179 1575 4235 quar
1591 4178 1712 4236 semper
1734 4173 1866 4223 monaste

112 4249 165 4306 rite
179 4258 206 4306 et
218 4248 390 4320 invenietis;
415 4252 527 4322 pulsate
541 4261 569 4309 et
583 4252 730 4324 aperietur
750 4252 832 4310 robis
851 4254 958 4313 (liciti.
1014 4252 1123 4308 riorum
1147 4252 1400 4324 Ecclesiarumque
1422 4266 1518 4310 amore
1539 4251 1691 4324 flagravit,
1720 4256 1864 4311 valeamus

111 4353 161 4407 tu,
172 4339 210 4404 7).
229 4359 240 4387 ι
268 4340 303 4395 Et
318 4336 390 4395 illud
416 4339 633 4412 psalmographi
652 4340 819 4398 oraculum:
838 4362 848 4390 ι
873 4327 996 4412 ilperiD
1013 4347 1096 4398 actus
1109 4340 1256 4408 disserere,
1271 4347 1298 4397 et
1316 4341 1346 4396 iu
1370 4346 1496 4411 posteros
1516 4340 1639 4397 strictim
1663 4343 1865 4413 succincteque

111 4441 143 4483 os
157 4432 250 4495 tuum,
268 4433 295 4483 et
309 4440 362 4498 ego
384 4426 544 4498 adimplebo
568 4428 640 4486 illud
660 4429 749 4502 (Paci.
766 4444 853 4499 cxxx,
871 4429 959 4502 11).»
1014 4426 1207 4502 promulgare.
1225 4429 1346 4486 Trihuat
1361 4427 1407 4485 ille
1421 4427 1499 4500 quod
1514 4434 1578 4498 peto
1591 4436 1693 4485 vestro
1713 4431 1865 4502 opitulante

112 4513 192 4571 Unde
207 4514 340 4571 lectorem
356 4516 482 4573 obsecro.
500 4516 528 4573 Si
553 4518 620 4588 quis
641 4525 738 4575 tamen
758 4519 827 4587 baec,
853 4531 961 4590 quam·
1013 4523 1106 4584 oratu,
1122 4517 1173 4587 qui
1190 4536 1202 4567 e
1218 4515 1334 4585 linguas
1344 4515 1489 4573 inlautum
1498 4516 1564 4573 iecit
1572 4528 1635 4573 esse
1643 4516 1779 4576 disertas
1793 4521 1864 4592 (sep.

111 4601 156 4657 vis
174 4602 325 4659 temerario
349 4611 454 4660 conatu
477 4616 631 4676 aggressus
655 4619 720 4662 sum
738 4613 843 4675 texere,
869 4613 958 4678 gesta,
1012 4619 1044 4675 x,
1060 4603 1136 4659 at.»

815 4875 992 4950 INCIPIT
1027 4875 1150 4951 VITA.

391 5166 507 5224 CAPUT
527 5166 678 5225 Plilllllll.
1011 5166 1067 5223 culi
1084 5166 1252 5238 dignitatem
1267 5165 1428 5224 clarissima
1441 5167 1609 5238 parentibus
1632 5185 1697 5229 non
1715 5173 1827 5231 intimis
1839 5185 1863 5229 st

146 5255 239 5328 Igitur
251 5263 350 5313 sancta
369 5255 525 5327 salaberga
549 5256 579 5311 in
605 5255 774 5312 suburbano
797 5253 958 5311 Leucorum
1013 5253 1042 5310 in
1058 5254 1174 5312 servitio
1199 5254 1249 5311 liei
1267 5269 1318 5325 per
1338 5254 1436 5312 omnia
1459 5255 1569 5313 devotis
1586 5258 1704 5317 exstitit
1722 5257 1859 5331 oriunda]-

110 5343 215 5412 oppido
230 5343 450 5416 lingonicaeque
468 5342 602 5411 conlinio,
620 5343 780 5400 illustribus
793 5349 857 5398 orta
873 5349 958 5399 nata·
1012 5356 1099 5413 quem
1115 5343 1300 5400 Uternensem
1316 5356 1425 5415 pagum
1440 5343 1477 5401 ob
1491 5357 1605 5401 amnem
1631 5343 1741 5405 lisdem
1759 5349 1791 5407 in
1805 5348 1858 5405 loeis

110 5427 187 5485 libus
201 5427 260 5501 [at.
273 5429 585 5503 territorioldngouico
598 5430 705 5489 cautim
718 5431 881 5490 secuudum
904 5444 957 5487 se·
1010 5429 1184 5487 detinentem
1199 5428 1335 5500 vocitant,
1348 5429 1486 5490 humanis
1498 5431 1587 5491 rebus
1596 5430 1721 5494 initium
1737 5438 1854 5509 sumpsit.
