3818 6008
88 198 139 252 3⁸23
537 193 568 246 V.
589 190 752 248 durentur
772 192 917 249 inaniis
936 194 964 250 S.
986 192 1105 249 unnim
1123 191 1170 249 DE
1190 189 1382 248 uovicbuio
1781 193 1833 248 ati

86 327 230 398 (debui,
249 325 304 397 lb).
325 325 361 381 Et
382 322 542 380 Dominus:
572 323 627 388 Va,
651 321 700 389 ait,
725 322 931 391 prapnanttbas
949 324 972 376 ll
987 336 1062 390 nem,
1077 338 1143 393 quae
1159 336 1217 378 non
1237 320 1291 377 nisi
1310 333 1391 376 amor
1405 318 1469 389 eius
1490 325 1542 386 est,
1569 334 1635 390 quae
1649 320 1709 376 sola
1723 336 1833 392 eogno-

86 421 112 470 et
131 414 342 469 mammantibus
369 410 478 481 (Metti.
505 424 581 476 xxiv,
600 412 651 474 19,
674 407 760 464 liare.
788 423 847 477 rur,
875 411 929 479 li).
985 410 1093 466 scibilis
1113 411 1166 466 sibi
1188 424 1245 466 vox
1265 416 1316 473 ost,
1342 407 1378 464 ad
1402 407 1527 463 scientim
1549 408 1707 465 claritatem
1728 423 1832 479 erper-

85 503 243 560 Consilium
262 502 360 570 itaque
382 499 495 564 borum,
517 497 659 566 cupiditas
677 503 703 552 ιι
723 497 931 566 voluptassive
985 497 1115 569 giseltur.
1138 499 1176 553 lle
1203 498 1257 552 linc
1278 510 1348 551 voce
1379 495 1501 551 dicitnr:
1532 495 1624 550 Omnis
1649 499 1698 564 qui
1720 497 1832 550 audita

85 590 221 659 superbia
242 597 301 655 est3
324 588 351 641 in
376 600 502 656 quornm
521 586 652 649 cratibus,
673 585 790 650 (inultas
811 587 931 641 enimet
984 586 1074 647 Patre,
1095 590 1120 640 et
1140 585 1238 639 didicit
1259 585 1346 655 (ioan.
1372 598 1409 649 ιι,
1433 583 1488 653 lt),
1513 590 1565 639 etc.
1589 584 1640 639 Et:
1665 586 1718 653 (tui
1737 585 1828 648 audit,

84 674 297 732 aliasistaesibi
323 681 414 742 pestes
436 672 585 743 colligunt,
615 672 724 727 radices
748 687 849 741 nempe
873 687 931 728 om·
983 673 1071 728 dicat:
1098 676 1165 729 Veni
1192 674 1289 744 (Apoc.
1317 686 1389 738 xxii,
1412 671 1467 738 li).
1486 671 1667 740 bdpraedam
1689 672 1828 740 ascendit,

84 764 166 820 nium
180 770 248 818 sunt
272 761 413 816 malorum
430 761 456 829 (1
473 761 539 815 rim.
565 774 601 822 vt,
629 759 671 830 10)
695 773 753 815 non
773 759 836 814 vult
857 760 929 815 ratio
983 761 1053 830 quia
1070 761 1332 830 aeoncupiscentia
1356 759 1462 826 carnis,
1485 759 1704 829 oculorumque,
1721 770 1748 816 et
1764 762 1830 816 vitae

73 851 212 923 gloriari,
232 849 347 919 quiain
373 848 446 903 male
468 847 550 903 laetis
571 846 662 903 nescit
681 847 771 902 laetari
788 848 883 916 (Pron.
898 863 926 915 ιι,
982 850 1116 918 superbia
1145 853 1230 919 (teari.
1254 864 1283 915 ιι,
1313 848 1366 918 16),
1391 861 1456 917 quae
1483 847 1596 902 Simeon
1628 855 1656 903 et
1687 848 1829 904 Levleri-

84 942 140 1008 14),
152 952 205 993 nec
220 939 248 992 in
265 936 493 1007 malignantibus
516 936 646 992 aemulari
668 936 753 1003 (isal.
768 949 872 1003 xxxvi,
891 936 926 1007 1).
982 946 1066 1009 gunt,
1081 952 1110 994 se
1125 938 1277 1007 subrigens
1293 936 1327 991 ad
1352 935 1411 992 vim
1435 949 1524 1005 regno
1545 935 1683 991 coelorum
1703 935 1826 993 inieren-

82 1026 190 1083 Horum
218 1039 344 1095 namque
368 1024 458 1090 iuror,
489 1024 517 1078 id
544 1031 587 1079 est
615 1024 768 1079 vehemens
793 1031 821 1079 et
843 1024 928 1093 quasi
981 1025 1058 1089 dam,
1076 1032 1104 1081 et
1122 1025 1191 1081 illud
1214 1024 1352 1080 violenter
1366 1023 1546 1092 eripiendum
1571 1023 1679 1092 (detti.
1702 1038 1745 1091 ιιι,
1769 1027 1825 1094 ii),

80 1113 258 1171 furibundus
273 1113 428 1183 appetitur,
452 1112 504 1182 qui
524 1112 561 1168 ab
585 1111 718 1180 Apostolo
742 1112 836 1181 passio
851 1110 927 1165 desi·

81 1200 152 1256 derii
170 1201 194 1270 (l
209 1202 286 1254 Ties.
313 1215 351 1266 ιιι,
368 1199 406 1267 5),
425 1207 453 1255 ιι
475 1199 554 1267 alibi,
583 1199 658 1254 ustio
682 1198 853 1268 appellatur,
877 1213 928 1254 oc-

80 1289 148 1346 cidit
163 1289 244 1345 illum
260 1302 345 1359 quem
364 1288 546 1343 Samaritana
572 1301 675 1343 vocare
696 1286 816 1357 iubetur
830 1286 926 1342 virum

80 1376 168 1442 (toan.
184 1388 223 1440 ιιι,
248 1375 305 1444 16),
334 1374 471 1429 interimit
496 1374 601 1429 scilicet
625 1382 762 1430 rectorem
781 1374 924 1443 spiritum.

79 1460 112 1515 In
136 1461 286 1517 voluntate
307 1470 400 1516 tamen
423 1475 522 1517 eorum
539 1463 630 1530 primo
645 1460 798 1517 sulioditur
812 1475 924 1529 murus,

79 1549 150 1619 quia
183 1563 233 1618 per
262 1549 489 1614 delectationem,
522 1563 587 1618 quae
618 1551 793 1620 suggestioni
826 1558 926 1619 sponte

79 1635 168 1702 iavet,
183 1636 296 1692 interna
312 1637 406 1692 virtus
425 1637 565 1692 evertitur
588 1644 744 1707 antequam
766 1639 801 1692 ad
817 1637 924 1693 rabiem
944 1635 964 1688 B

79 1723 266 1794 perveniatur
281 1738 426 1780 aseensus.

114 1811 201 1868 Vltus.
217 1817 243 1866 i.
272 1843 306 1852 —
331 1812 490 1867 Maledictus
520 1796 599 1878 saror
620 1829 721 1880 eoritm,
757 1815 823 1882 quia
842 1815 925 1882 perti-
996 1861 1000 1870 .

78 1915 135 1954 naa
147 1919 157 1965 ,·
170 1906 195 1954 et
209 1900 363 1967 indicantia
376 1915 476 1966 eorum,
493 1903 559 1970 quia
581 1901 661 1955 dura.
682 1901 807 1956 Diuidam
831 1915 873 1954 eos
895 1903 925 1954 in

77 1989 168 2053 Jacob,
194 1994 218 2042 et
249 1989 405 2057 disper-pam
432 1989 493 2042 illos
517 1991 546 2042 in
575 1989 669 2043 lsrael.
699 1990 792 2045 Furor
823 2002 924 2043 eorum

78 2076 148 2146 quia
160 2077 292 2145 pertinax
315 2085 357 2131 ιιι
380 2076 569 2144 maledicitur,
593 2077 662 2147 quia
676 2077 810 2132 nimietas
824 2091 925 2132 concu-

77 2163 325 2233 piscentiaeqnam
353 2177 535 2232 perseverare
563 2166 592 2220 in
616 2178 705 2233 pravo
721 2165 833 2232 nititur,
856 2164 925 2219 adi-

76 2251 137 2306 viui
153 2260 307 2320 provectus
320 2265 435 2307 summa
454 2252 597 2322 dejicitur.
621 2252 778 2308 llaledictio
797 2266 923 2322 namque

77 2336 107 2392 in
135 2352 216 2393 sacro
245 2338 372 2409 eloquio,
408 2353 458 2409 pro
485 2339 670 2395 destitutione
700 2348 728 2394 et
753 2341 923 2395 detrimento

77 2426 203 2496 ponitur.
230 2425 395 2496 indignatio
416 2425 451 2481 ob
476 2426 613 2482 duritiam
638 2426 829 2494 maledicitur,
854 2428 924 2497 qnia

76 2527 142 2569 oum
158 2513 188 2568 in
204 2514 265 2583 ipsa
278 2513 426 2569 voluntate
439 2513 633 2569 delectationis
649 2522 773 2570 aestuant
784 2514 923 2571 adversus
978 2559 983 2570 .

76 2600 175 2656 divina
191 2609 343 2670 precepta,
363 2601 440 2671 quod
464 2601 655 2670 importabilia
677 2602 830 2657 videantur
845 2603 922 2657 indi-

981 1112 1121 1183 gradibus
1136 1112 1251 1168 virtutis
1260 1110 1394 1180 erumpit.

1016 1245 1197 1315 Requiesceas
1213 1248 1243 1297 ut
1257 1244 1296 1298 leo
1311 1241 1442 1309 accubat,
1462 1255 1527 1297 cum
1552 1241 1651 1311 sopitis
1675 1242 1827 1314 aliquoties

979 1333 1196 1400 tentationibus,
1227 1332 1278 1388 etsi
1319 1344 1438 1386 securus
1471 1344 1532 1386 esse
1556 1330 1700 1397 videatur,
1730 1340 1826 1388 tamen

979 1429 1079 1476 contra
1099 1421 1209 1477 subitas
1236 1419 1409 1488 irruptiones
1420 1431 1532 1487 semper
1553 1417 1689 1474 sollicitus
1714 1418 1824 1490 vigilat.

979 1507 1034 1563 Leo
1057 1523 1182 1578 namque
1207 1508 1292 1564 etiam
1322 1521 1388 1562 cum
1419 1505 1533 1572 dormit,
1562 1513 1692 1575 patentes
1721 1507 1827 1564 habere

979 1596 1076 1652 oculos
1091 1596 1205 1652 dicitur.
1234 1598 1291 1661 Eoo
1313 1598 1383 1648 enim
1399 1594 1514 1661 dormio,
1530 1599 1556 1648 et
1577 1609 1623 1648 cor
1645 1610 1732 1649 meum
1751 1598 1826 1664 cipi-

979 1686 1018 1738 ιιι
1034 1685 1124 1753 (dant.
1146 1700 1175 1752 v,
1195 1685 1235 1754 il.
1259 1685 1345 1748 Quasi
1359 1684 1441 1736 lenna
1461 1695 1579 1752 qnoque
1600 1689 1652 1748 est,
1677 1683 1747 1752 quia
1769 1698 1826 1753 quo

978 1772 1103 1842 amplius
1117 1773 1293 1828 incentivum
1320 1770 1436 1839 superui
1452 1770 1566 1825 ardoris
1585 1770 1668 1827 eorde
1689 1784 1827 1840 concepe-

978 1868 1025 1926 rit,
1048 1867 1075 1916 et
1109 1860 1147 1929 pii
1174 1859 1268 1929 operis
1304 1857 1408 1914 letibus
1440 1857 1613 1923 incubuerit,
1645 1871 1677 1913 eo
1703 1859 1827 1914 atrocior

977 1953 1077 2002 eontra
1092 1947 1162 2001 vitia
1184 1959 1214 2001 se
1233 1945 1328 2015 erigit.
1351 1944 1459 1999 Leaenae
1480 1958 1547 2000 sane
1571 1951 1677 2000 natura
1698 1945 1826 2014 perhibe

978 2039 1033 2098 tur,
1057 2049 1122 2090 cum
1144 2033 1232 2089 ierret
1254 2046 1351 2087 aurore
1374 2032 1472 2097 uraris,
1498 2046 1549 2087 seu
1571 2032 1713 2101 partubus
1737 2032 1826 2089 instat

977 2120 1098 2185 alendis,
1119 2129 1150 2177 ut
1163 2121 1262 2176 iorlior
1275 2118 1360 2174 etiam
1380 2118 1459 2174 leone
1482 2119 1528 2175 sit.
1551 2119 1635 2174 Hunc
1652 2134 1720 2190 ergo
1746 2129 1825 2176 tanta

977 2207 1126 2264 dilectione
1148 2207 1253 2264 fretum
1274 2208 1388 2273 ludam,
1410 2207 1476 2277 quis
1491 2207 1587 2262 carnis
1608 2216 1702 2264 moitis
1718 2209 1754 2265 ab
1777 2210 1824 2264 in-

977 2304 1059 2352 terna
1080 2296 1351 2365 delectandumque
1379 2294 1408 2350 in
1435 2295 1491 2350 lieo
1515 2294 1647 2364 quiescit,
1667 2296 1825 2352 exsuscita·

978 2383 1047 2441 biii
1074 2386 1167 2439 Multa
1192 2384 1268 2440 enim
1294 2398 1372 2451 aqua
1400 2398 1453 2437 non
1483 2387 1627 2451 potuerunt
1652 2386 1824 2453 exstinquere

976 2472 1136 2526 claritatem
1163 2473 1252 2542 (ceint.
1279 2485 1339 2537 ιιιι,
1372 2469 1409 2540 7).
1439 2469 1596 2539 Lampados
1622 2483 1725 2541 nempe
1760 2471 1823 2542 eius

977 2560 1051 2631 ignis
1063 2567 1150 2630 atque
1167 2560 1349 2615 llammarum
1364 2565 1443 2613 sunt.

76 2690 192 2758 qnando
212 2688 437 2756 seelevan13et,
454 2702 520 2744 cum
537 2702 585 2757 per
598 2689 650 2745 lroc
666 2689 702 2743 ad
721 2689 791 2745 vitia
803 2688 922 2745 aderala
1012 2691 1097 2747 Vens.
1111 2693 1153 2754 l0,
1173 2694 1216 2744 11.
1242 2719 1276 2731 -
1292 2692 1350 2746 lion
1371 2691 1512 2756 auferetur
1534 2695 1671 2759 sceptrum
1687 2691 1719 2745 de
1730 2691 1820 2756 duda,

76 2782 171 2831 mente
196 2775 338 2840 teruntur,
368 2782 459 2830 status
479 2790 579 2832 eorum
610 2777 731 2846 propria
760 2777 922 2833 calamitate
975 2783 1001 2831 et
1022 2779 1080 2832 dua
1102 2779 1135 2831 de
1156 2779 1303 2843 senioribus
1327 2777 1394 2846 ejas,
1423 2777 1504 2831 donec
1527 2780 1619 2831 ueniat
1640 2781 1688 2847 qui
1709 2783 1822 2834 mitten-

75 2862 276 2919 obstinationis
289 2862 431 2918 obruitur.
448 2865 480 2918 ln
497 2865 578 2918 Jacob
592 2872 697 2932 tamen,
714 2866 742 2920 id
756 2873 798 2920 est
817 2866 921 2920 inani·
976 2866 1026 2919 dus
1053 2853 1103 2932 est,
1130 2871 1154 2919 et
1176 2869 1233 2934 ipse
1258 2869 1310 2918 erit
1328 2867 1493 2934 exspectatio
1515 2868 1644 2932 pontium.
1661 2867 1766 2935 Ligans
1785 2868 1822 2922 ud

76 2950 130 3005 mis
155 2950 191 3006 ad
213 2950 474 3019 supplantationem
494 2953 600 3021 peceati
630 2953 789 3017 vivacibus,
818 2953 922 3025 hujus·
941 2922 1082 3008 Cviimam
1098 2955 1202 3022 pultum
1218 2968 1305 3015 sunm,
1332 2958 1357 3006 et
1383 2953 1420 3005 ad
1444 2957 1566 3020 nitem,o
1586 2955 1627 3022 pli
1645 2957 1692 3023 mi,
1713 2958 1821 3010 asinam

75 3037 151 3094 modi
168 3045 272 3108 arguta
285 3038 453 3094 discretione
472 3040 652 3108 dividuntur,
679 3041 726 3096 sed
749 3042 778 3096 in
803 3042 847 3097 his
870 3042 921 3111 qui
975 3056 1063 3096 suam.
1079 3042 1219 3109 sceptrum
1238 3040 1273 3096 de
1293 3041 1365 3094 iuda
1381 3056 1433 3094 non
1450 3039 1591 3106 aniertur,
1609 3041 1680 3112 quia
1702 3044 1736 3098 de
1759 3043 1821 3113 ipso

75 3133 143 3181 sunt
167 3126 264 3192 israel,
287 3126 375 3182 idest
397 3127 448 3197 qui
470 3142 536 3184 cum
560 3129 617 3184 Deo
641 3130 749 3196 directi,
772 3144 839 3185 cum
864 3131 920 3186 lieo
975 3136 1079 3184 nistra
1094 3127 1195 3183 habitu
1221 3129 1390 3195 sanctitatis,
1417 3129 1543 3198 regimen
1567 3129 1757 3198 imperatoria
1778 3142 1821 3183 ra·

75 3214 161 3270 etiam
177 3213 230 3268 sibi
254 3214 322 3283 ipsis
338 3214 552 3285 principantur,
573 3217 708 3273 cornibus
722 3219 856 3274 maxima
871 3232 921 3274 au·
976 3216 1061 3272 tionis
1090 3228 1146 3271 non
1168 3216 1380 3270 contrariarum
1405 3215 1498 3270 ventis
1524 3215 1736 3284 tortitudinum,
1761 3229 1820 3271 non

75 3301 214 3358 ctoritatis
239 3301 426 3357 ventilantur.
466 3303 553 3359 lsrael
592 3319 695 3374 nempe
721 3307 838 3360 directus
862 3309 918 3373 liei,
975 3303 1146 3359 fluminibus
1168 3303 1320 3359 libidinum
1355 3309 1426 3358 nd
1454 3304 1513 3359 ullo
1545 3304 1628 3360 modo
1657 3304 1822 3360 dimovetur

74 3388 120 3446 vel
133 3391 260 3458 princeps
274 3404 334 3443 cum
347 3392 399 3445 ileo
414 3390 529 3447 dicitur.
977 3393 1122 3459 Venerunt,
1154 3391 1258 3461 lnquit,
1294 3393 1417 3459 flumina,
1443 3394 1577 3459 fleuerunt
1612 3394 1686 3446 uenti
1709 3392 1818 3463 (blattis.

109 3476 195 3532 Vnus.
220 3479 246 3531 8.
271 3505 304 3518 -
322 3477 408 3545 tudo,
436 3484 461 3532 te
484 3479 636 3534 laudabunt
655 3482 758 3546 fratres
781 3482 835 3545 tui;
861 3496 920 3534 ma·
974 3494 1025 3547 vn,
1040 3479 1093 3549 25).
1105 3480 1211 3535 Femur
1229 3479 1310 3535 tuda
1323 3479 1450 3535 veritatis
1463 3479 1564 3535 notitia
1577 3487 1628 3538 est.
1645 3493 1679 3534 ac
1691 3478 1714 3533 si
1730 3479 1820 3549 quod-

73 3579 124 3618 nus
140 3570 188 3618 tua
211 3566 240 3618 in
261 3566 409 3619 cmvicibus
432 3569 603 3621 inimicorum
626 3572 741 3635 luorum,
766 3567 921 3622 adorabunt
973 3566 1039 3623 dam
1057 3564 1294 3635 conceptaculum
1317 3565 1435 3621 seminis
1451 3565 1480 3620 in
1504 3565 1597 3623 eorde.
1622 3567 1688 3621 Dux
1702 3579 1771 3637 ergo
1786 3565 1820 3622 de
1855 3605 1859 3615 -

74 3655 99 3706 te
129 3651 188 3722 filii
217 3655 306 3721 patris
334 3655 385 3707 tui.
414 3652 489 3709 iuda
521 3653 627 3710 dieitur
656 3655 782 3722 laudans,
820 3657 921 3723 ptorifi-
973 3653 1080 3711 temore
1100 3654 1190 3720 ludia,
1215 3653 1274 3721 ipse
1292 3653 1410 3721 spiritus
1439 3661 1536 3709 noster
1556 3660 1606 3720 ιιι,
1631 3667 1668 3708 ex
1691 3653 1821 3710 veritatis

73 3755 148 3806 cans,
172 3740 215 3795 vel
232 3743 378 3809 conptens3
396 3741 455 3811 ipse
474 3748 516 3797 est
530 3750 635 3798 sancite
657 3743 803 3812 religionis
816 3750 918 3810 status,
974 3741 1003 3797 in
1028 3741 1110 3798 bonis
1127 3740 1262 3811 operibus
1292 3749 1455 3810 procreatus
1480 3755 1514 3797 ac
1540 3741 1693 3798 roboratus
1718 3755 1821 3812 propa-

73 3828 124 3898 qui
138 3829 189 3884 etsi
206 3842 265 3899 qna
288 3829 362 3899 gerit
382 3829 479 3884 minus
496 3838 574 3899 apta,
598 3830 643 3899 pie
659 3830 820 3899 comitetur,
846 3830 918 3886 vita·
974 3830 1060 3901 gine3
1084 3844 1149 3900 qnae
1170 3829 1320 3900 progenies
1336 3844 1372 3885 ex
1395 3830 1469 3885 iuda
1487 3831 1592 3897 editur,
1610 3830 1680 3900 qula
1703 3845 1740 3886 ex
1757 3844 1821 3886 san·

73 3930 130 3986 que
148 3923 175 3972 et
189 3915 320 3971 moribus
338 3917 429 3972 Deum
454 3915 565 3982 laudat,
586 3932 638 3973 nec
658 3917 750 3974 solum
767 3919 796 3973 in
812 3932 850 3987 se,
870 3919 918 3975 sed
974 3919 1079 3974 ctitatis
1098 3918 1194 3973 studio
1208 3925 1236 3973 et
1255 3932 1321 3984 usu,
1337 3931 1476 3973 arcanum
1490 3918 1633 3974 interioris
1648 3917 1819 3988 prudentia,

72 4010 99 4059 et
125 4017 175 4073 per
200 4002 325 4058 aliorum
344 4004 477 4073 exempla
501 4003 661 4075 glorillcat3
690 4006 775 4075 cujus
801 4019 870 4061 vera
889 4006 918 4062 in
974 4006 1058 4076 quasi
1074 4005 1214 4075 prosapiae
1238 4019 1339 4075 genus3
1360 4006 1536 4062 extenditur.
1552 4007 1587 4062 Et
1604 4006 1658 4062 hoc
1684 4005 1715 4061 iit
1737 4005 1820 4060 donec

71 4103 105 4147 eo
124 4091 280 4146 auotoritas
295 4090 443 4160 probatur,
465 4091 542 4162 quod
559 4091 654 4147 invitae
676 4093 796 4149 rationis
817 4101 918 4164 poten·
973 4096 1064 4149 ueniat
1077 4097 1126 4162 qui
1140 4094 1288 4148 mittendus
1308 4097 1357 4159 est,
1374 4092 1402 4149 id
1423 4102 1465 4149 est
1479 4093 1549 4149 dum
1576 4093 1695 4150 coelestis
1709 4093 1756 4149 ille
1770 4094 1821 4148 im·

71 4178 112 4234 tia
135 4177 320 4247 praeiatorum
344 4177 509 4243 allectuum,
535 4179 738 4250 malorumque
764 4181 918 4237 cervicosi·
937 4181 1155 4246 nmortalitatis
1170 4195 1204 4236 ac
1231 4181 1454 4250 incorruptionis
1475 4181 1590 4238 habitus
1616 4182 1741 4247 accedat,
1757 4181 1817 4250 qui,

71 4273 142 4323 tates
156 4266 369 4334 deprimuntur.
396 4270 478 4323 llunc
501 4267 602 4323 iratres
625 4268 671 4323 sui
696 4268 826 4336 laudaut,
848 4271 918 4340 quia

71 4361 98 4410 et
113 4362 258 4410 consortes
273 4354 383 4424 quique
407 4354 554 4424 propositi,
573 4363 601 4411 et
626 4356 712 4412 etiam
735 4357 796 4427 ipse
821 4372 858 4413 ex
875 4372 919 4414 eo·

71 4443 135 4499 dem
152 4450 231 4512 patre
246 4442 360 4512 spiritu,
388 4451 416 4499 et
441 4442 516 4498 bona
539 4443 686 4500 voluntate
706 4453 798 4500 matre
817 4447 916 4516 geniti,

72 4530 193 4602 quilibet
220 4538 301 4586 actus
329 4531 415 4586 lortes
445 4529 628 4587 laudabiliter
661 4531 816 4589 celebrant.
839 4533 917 4589 Ado-

71 4625 147 4687 rant,
168 4631 235 4674 cum
250 4617 286 4672 ad
302 4618 382 4673 bunc
394 4617 572 4674 fulciendum
588 4632 686 4674 omnes
706 4620 809 4675 mentis
823 4629 918 4676 motus

72 4721 131 4764 sese
147 4705 313 4762 humiliant.

106 4796 288 4853 tense-
311 4794 424 4850 Catulus
448 4795 541 4862 ιεοιιιι,
565 4793 648 4863 tuda,
672 4794 709 4850 ad
729 4796 861 4865 praedam,
877 4797 919 4865 fili

71 4886 120 4951 mi,
136 4882 293 4950 ascendisti,
308 4884 476 4951 requiescens
500 4882 651 4937 accubuisti
671 4889 701 4937 ut
724 4885 773 4953 leo,
798 4890 823 4938 et
838 4886 919 4954 quasi

73 4974 165 5039 leuna,
186 4972 246 5041 quis
277 4969 422 5024 suscitabit
455 4969 538 5024 earm?
569 4971 682 5026 Catulus
714 4972 808 5037 leonis,
831 4973 918 5042 juxta

72 5059 215 5131 physicos,
245 5058 391 5113 dormiens
416 5058 554 5125 nascitur,
591 5058 638 5114 sed
669 5058 714 5114 die
739 5060 821 5115 tertio
849 5073 918 5114 roee

71 5148 197 5218 parentis
212 5144 392 5214 postmodnm
415 5147 567 5201 excitatur.
589 5145 661 5201 Vere
680 5159 748 5216 ergo
772 5146 919 5217 religionis

72 5233 199 5301 eiiectus,
215 5233 304 5288 ludas
318 5232 424 5288 scilicet
447 5232 477 5287 in
501 5232 655 5303 primitivis
679 5235 739 5288 suis
757 5231 917 5302 dilectibus,

974 4277 1006 4326 ut
1022 4269 1211 4325 absorbeatur
1230 4268 1307 4339 quod
1340 4267 1459 4324 mortale
1491 4277 1533 4324 est
1559 4283 1576 4323 a
1607 4270 1818 4340 vitagentium

973 4355 1016 4427 (ll
1038 4358 1098 4412 Cor.
1127 4370 1153 4422 v,
1175 4355 1214 4423 b),
1246 4354 1338 4410 idest
1370 4361 1500 4410 motuum
1526 4354 1715 4422 internorum,
1744 4357 1819 4413 votis

972 4450 1156 4512 exspectatus
1180 4449 1231 4498 est.
1263 4443 1326 4512 lpse
1350 4449 1447 4498 autem
1475 4442 1536 4499 dua
1562 4442 1632 4513 ligat
1653 4445 1689 4500 ad
1712 4447 1819 4500 cineam

972 4531 1077 4599 pullum
1088 4545 1176 4591 snum,
1193 4528 1264 4584 dum
1283 4527 1417 4585 allectum
1439 4530 1584 4586 carnalem
1597 4531 1660 4602 jugi
1675 4544 1709 4587 ac
1724 4531 1818 4588 oneris

971 4617 1062 4673 divini
1079 4617 1286 4686 impatientem,
1307 4617 1344 4672 ad
1368 4616 1522 4686 Scriptura
1545 4619 1651 4674 divium
1675 4628 1820 4689 praecepta

973 4705 1093 4776 castigat
1114 4713 1141 4761 et
1163 4704 1286 4771 collibet,
1312 4719 1378 4774 qnae
1399 4705 1585 4761 meracissimi
1604 4706 1686 4763 nobis
1707 4707 1819 4763 consilii

973 4793 1109 4864 poculum
1129 4792 1245 4862 prabet.
1267 4792 1333 4848 Haeo
1352 4806 1502 4849 sacrorum
1521 4793 1760 4851 documentorum
1775 4797 1819 4852 ui·

973 4894 1052 4948 neas,
1075 4880 1104 4935 in
1129 4880 1244 4937 Cantica
1269 4880 1375 4936 amoris
1399 4880 1581 4950 querimonia
1608 4889 1661 4948 est,
1687 4882 1820 4939 demoliri

973 4968 1076 5038 vulpes
1093 4968 1231 5037 parvulas
1257 4968 1352 5038 (Cant.
1369 4982 1398 5035 u,
1423 4967 1476 5038 lb).
1492 4969 1538 5023 Ad
1552 4972 1633 5024 uitem
1658 4971 1740 5026 asina
1755 4971 1818 5027 alli·

974 5063 1070 5127 gatur,
1086 5070 1153 5111 cum
1172 5056 1207 5111 ad
1225 5055 1382 5123 Christum,
1408 5057 1457 5126 qui
1481 5056 1565 5112 dicit:
1590 5059 1646 5126 Epo
1665 5073 1726 5113 sum
1751 5058 1820 5116 aitis

972 5159 1038 5198 nera
1057 5144 1146 5214 (toan.
1171 5157 1221 5210 xv,
1252 5147 1296 5211 1);
1318 5143 1455 5200 voluntas
1482 5152 1582 5201 nostra
1610 5159 1676 5215 quae
1698 5147 1821 5205 vicinior

973 5240 1015 5288 est
1043 5231 1170 5298 rationis,
1188 5239 1216 5287 et
1240 5230 1294 5303 legi
1317 5231 1366 5286 Dei
1389 5231 1481 5303 magis
1495 5246 1632 5301 consona,
1653 5235 1738 5304 qnasi
1758 5249 1822 5292 one·

73 5322 158 5395 quasi
173 5319 302 5389 torpidus
314 5327 342 5375 et
365 5320 578 5388 quodammodo
606 5333 659 5376 sua
685 5320 809 5376 novitate
831 5321 922 5378 babes
973 5319 1094 5378 rilerum
1108 5328 1135 5376 et
1151 5319 1298 5377 tractabile
1311 5320 1419 5375 animal
1431 5323 1613 5392 astringitur.
1637 5323 1741 5380 Filium
1758 5325 1821 5385 sni·

72 5409 176 5476 oritur,
191 5406 240 5462 sed
261 5413 323 5476 post
337 5406 495 5476 Trinitatis,
524 5407 603 5478 qnod
624 5407 700 5464 Deus
723 5415 775 5475 est,
797 5409 919 5480 agnitio-

973 5407 1135 5479 ritusquod
1151 5415 1202 5475 est,
1226 5407 1312 5465 Jacob
1327 5409 1433 5464 ludam
1455 5408 1484 5464 id
1505 5417 1558 5475 est,
1580 5417 1687 5467 statum
1707 5411 1821 5483 religio
