3818 6008
73 228 126 280 219
524 226 555 281 V.
577 226 744 282 suithart
764 226 909 282 assatis
928 228 956 282 S.
977 225 1096 282 tthltlAE
1116 225 1160 280 DE
1180 224 1376 310 hovldnhto
1771 227 1821 279 ato

75 357 104 414 in
129 371 233 429 niagno
262 355 450 412 tentationum
476 362 549 411 aestu
573 355 735 412 constitutis
761 354 921 425 spiritualis
939 358 961 412 Α
976 354 1083 427 pagina
1106 369 1158 425 pro
1171 355 1322 423 intelligere
1343 354 1470 424 ponitur,
1490 361 1522 410 ut
1536 362 1579 411 est
1595 369 1601 409 :
1616 355 1705 420 Audi,
1713 356 1786 427 fitia,
1798 359 1823 410 00

75 446 247 504 infusionem
263 444 363 516 gratiae
374 443 531 515 providete,
546 451 574 499 00
587 444 700 500 interno
717 458 781 501 rore
793 444 922 516 vigentes
976 444 1038 499 uide
1061 444 1144 514 (Psal.
1173 458 1249 511 xciv,
1277 442 1330 514 ll).
1359 443 1446 499 Audit
1466 457 1546 515 ergo,
1571 443 1599 498 id
1625 451 1668 499 est
1691 442 1823 513 intelligit

74 536 110 592 ad
131 542 245 606 pastum
270 547 359 590 sacrae
376 532 488 603 paginae
509 546 557 588 eas
570 547 606 588 ex
621 541 697 602 potu
724 534 832 590 alacres
853 548 920 590 con·
977 533 1085 600 haban,
1111 534 1189 603 quod
1214 547 1272 589 non
1294 540 1337 588 est
1359 532 1439 588 aliud
1461 546 1550 603 quarn
1576 532 1734 604 intelligere
1757 531 1823 587 facit

75 624 173 695 gerite.
191 622 219 678 Si
233 621 310 677 enim
327 635 408 677 mens
423 620 546 677 interius
559 635 617 677 non
634 621 805 690 infunditur,
823 622 922 679 lectio·
976 623 1107 678 animuin
1122 629 1264 688 nostrum,
1276 621 1383 677 scilicet
1393 635 1495 677 verum
1510 621 1608 687 iacob,
1622 621 1675 690 qui
1689 621 1825 691 supplan·

75 713 120 768 nis
135 710 244 767 utilitas
267 717 325 765 tota
340 717 478 766 cassatur.
503 710 570 766 llaec
587 709 676 766 fidelis
699 711 796 766 anima
810 713 922 782 cogita·
976 711 1072 768 tandis
1086 710 1164 767 vitiis
1179 711 1277 776 instat,
1293 709 1329 766 ad
1345 723 1374 765 se
1393 709 1545 780 suiipsius
1562 710 1745 780 praesentiam
1764 708 1824 765 sola

76 801 203 857 tionibus
236 799 359 870 propriis
392 797 532 868 loquitur,
557 800 613 854 imo
644 799 705 855 suis
732 799 923 856 intellectibus
976 799 1026 855 Dei
1041 797 1206 870 operatione
1230 796 1345 862 factam,
1370 805 1398 855 et
1409 798 1501 854 currit
1523 798 1548 855 01
1564 800 1670 854 obuiam
1686 798 1746 869 ipsc
1770 799 1823 854 La-

75 889 157 959 quasi
173 888 344 959 pastoribus.
362 887 459 957 (Vens.
477 889 517 956 8.)
530 890 590 945 Nou
602 903 756 957 possumus,
772 889 920 959 inquiunt,
975 887 1043 957 ban,
1069 886 1140 958 quia
1162 888 1283 944 coelestis
1303 887 1402 959 gloria
1419 888 1591 944 desiderium
1613 896 1714 958 sponte
1736 888 1823 944 menti

74 978 156 1032 donec
180 979 269 1033 omnia
290 992 388 1046 pecora
408 981 612 1046 congregentur,
636 977 719 1032 idest
742 977 922 1047 spiritualem
975 973 1061 1029 infert
1090 973 1174 1044 quasi
1198 974 1352 1045 quemdam
1376 989 1539 1042 occursuro,
1568 975 1668 1045 gratiae
1690 988 1824 1043 supernae

74 1066 114 1123 eis
127 1065 291 1135 impendere
305 1065 469 1136 temperiem
484 1079 542 1120 non
559 1078 722 1135 possumus,
740 1065 830 1121 donec
841 1064 922 1136 cogi·
975 1063 1097 1132 copiam.
1122 1063 1333 1132 Conplexusque
1356 1079 1425 1131 eum,
1441 1069 1466 1118 et
1489 1066 1519 1117 iu
1532 1063 1622 1118 oscula
1645 1078 1726 1118 ruens
1742 1064 1824 1117 duait

75 1154 216 1212 tationum
241 1154 342 1211 turbas
365 1168 382 1210 a
406 1167 459 1210 sua
484 1153 653 1223 evagatione
678 1153 872 1221 cohibeamus,
897 1159 923 1208 et
975 1154 1006 1207 iu
1030 1151 1138 1206 domum
1166 1167 1253 1207 suam.
1280 1152 1376 1208 baben
1407 1153 1493 1209 Jacob
1523 1152 1731 1221 complectitur,
1756 1166 1822 1207 cum

75 1257 245 1298 amoveamus
269 1242 403 1314 lapidem,
431 1243 550 1312 torporis
581 1249 608 1297 et
632 1242 811 1313 negligentia
842 1242 922 1299 duri·
976 1239 1088 1297 devotio
1111 1240 1231 1297 eoelestis
1259 1241 1356 1297 animo
1381 1241 1465 1298 unice
1489 1241 1652 1297 innectitur.
1678 1239 1713 1293 fu
1733 1240 1824 1294 oscula

75 1331 155 1399 tiam,
172 1347 238 1403 quae
252 1347 284 1389 os
296 1332 386 1403 putei,
409 1331 437 1387 id
451 1338 493 1388 est
506 1330 623 1387 oculum
639 1331 798 1387 internecat
812 1331 922 1387 discre-
976 1328 1045 1394 ruit,
1070 1343 1147 1396 cum,
1165 1329 1262 1385 saeculi
1286 1329 1425 1385 abdicatis
1448 1330 1607 1396 amoribus,
1622 1327 1727 1384 divinae
1748 1341 1826 1396 quae⁴

75 1420 172 1488 tionis,
193 1428 221 1477 et
242 1420 283 1476 sic
297 1421 440 1477 virtutum
455 1419 593 1491 gregibus
616 1418 796 1491 refrigerium
816 1420 923 1490 impen-
976 1418 1073 1475 reuda
1091 1418 1299 1488 pulchritudini
1322 1417 1490 1474 indivisibili
1507 1418 1611 1474 tradere
1625 1432 1656 1474 se
1679 1417 1824 1488 astringit.

76 1508 180 1565 damus
194 1522 279 1579 aquae
293 1508 439 1564 salutaris.
975 1505 1010 1561 Et
1028 1519 1094 1562 0000
1116 1505 1185 1573 ruit,
1199 1506 1268 1562 dum
1284 1520 1313 1561 se
1326 1505 1351 1562 ei
1368 1505 1499 1563 funditus
1514 1504 1650 1561 infundit.
1668 1505 1703 1559 fu
1716 1504 1826 1559 domum

111 1598 197 1655 Vens.
225 1600 251 1652 9.
280 1627 315 1638 -
337 1597 436 1652 Adbuc
468 1597 657 1666 loquebantur,
686 1601 711 1650 et
738 1612 795 1652 ecce
821 1596 923 1653 llacbct
976 1609 1054 1649 suam
1078 1594 1168 1660 ducit,
1185 1594 1254 1651 dnm
1270 1593 1307 1650 ad
1322 1595 1481 1665 hocusque
1496 1601 1641 1665 quatenus
1654 1591 1825 1650 cordiscon-

74 1687 199 1741 vem'ebat
212 1701 272 1740 cum
286 1686 380 1741 cuibus
394 1687 485 1756 patris
505 1687 559 1740 sut.
575 1685 750 1755 Plerumque
769 1699 838 1741 sane
851 1685 922 1742 dum
941 1653 962 1709 B
976 1682 1099 1740 versatio
1113 1683 1142 1737 in
1157 1682 1260 1740 crelam
1273 1681 1468 1739 transferatur
1479 1682 1620 1753 provehit.

75 1773 172 1830 adbuc
197 1788 264 1831 cum
289 1773 433 1831 interioris
470 1773 593 1830 hominis
620 1773 754 1830 sensibus
781 1773 816 1829 de
844 1773 923 1830 insti·
1011 1772 1097 1829 Vitas.
1119 1774 1160 1827 tl.
1176 1773 1340 1827 -Auditis
1355 1775 1550 1828 cutcmcausis
1571 1775 1691 1838 itineris,
1708 1786 1823 1841 respon-

74 1862 182 1919 tuenda
204 1862 264 1918 vita
284 1861 390 1933 agitur,
412 1865 527 1933 repente
546 1863 640 1918 virtus
674 1860 922 1932 comtenplationis
975 1859 1018 1914 dit
1034 1875 1040 1915 :
1055 1861 1090 1916 Os
1113 1876 1252 1927 meumes,
1268 1866 1293 1915 et
1316 1876 1379 1916 caro
1393 1876 1461 1916 mea.
1483 1860 1573 1917 Audit
1585 1873 1688 1917 causas
1703 1861 1823 1927 itineris,

75 1963 141 2005 cum
166 1958 224 2007 tota
248 1951 338 2006 animi
364 1950 544 2020 simplicitate
566 1950 704 2018 illabitur,
730 1965 796 2020 quae
824 1957 921 2007 tamen
976 1964 1042 2007 cum
1068 1966 1120 2007 nos
1145 1950 1212 2008 iacit
1234 1951 1355 2009 coelestis
1385 1951 1520 2022 splendor
1549 1951 1709 2022 intelligere
1735 1950 1824 2007 inten-

75 2038 204 2095 omniaa
227 2039 310 2096 Patre
333 2038 478 2095 luminum
500 2038 554 2095 sibi
570 2039 687 2096 dantur.
709 2038 782 2095 Nam
805 2052 921 2110 gregem
975 2038 1067 2096 tiones
1090 2041 1178 2097 totius
1206 2046 1311 2096 000000
1343 2040 1471 2104 00010010,
1506 2039 1664 2111 00101000110
1693 2039 1823 2096 videlicet

74 2127 162 2183 totius
179 2128 233 2197 piae
247 2127 429 2198 cogitationis
441 2141 475 2183 ac
488 2127 663 2198 operationis
677 2126 820 2198 spirituali
836 2141 921 2183 succo
975 2135 1079 2183 nostrae
1094 2142 1153 2198 qna
1178 2127 1214 2183 ad
1237 2129 1327 2184 Deum
1351 2129 1494 2185 tendimus
1518 2127 1721 2198 perfectionis,
1747 2127 1823 2184 unde

73 2213 137 2285 ipsa
166 2216 269 2273 alebat.
305 2216 406 2282 (Vens.
435 2219 482 2280 to,
519 2215 578 2287 ll.)
612 2218 698 2284 Quam
721 2231 781 2270 cum
807 2215 922 2270 vidisset
975 2216 1127 2293 respondet
1147 2215 1259 2280 0110000,
1283 2231 1340 2272 non
1364 2217 1461 2284 verbo,
1482 2225 1587 2273 nostrae
1611 2216 1694 2272 bonae
1715 2215 1823 2273 volun·

72 2303 175 2372 Jacob,
203 2309 229 2360 et
256 2306 338 2360 sciret
363 2303 551 2360 consobrinam
578 2319 656 2360 suam
685 2319 798 2374 ovesque
825 2305 921 2359 habau
975 2303 1036 2360 tati.
1060 2305 1105 2372 tis,
1126 2305 1232 2374 inquit,
1256 2320 1344 2360 meum
1365 2321 1404 2372 es,
1421 2305 1506 2362 idest
1528 2319 1592 2361 eam
1621 2302 1824 2360 intellectuali-

73 2393 211 2460 auunculi,
236 2393 371 2448 submouit
396 2392 515 2462 lapidem
541 2408 593 2462 quo
609 2397 707 2462 puteus
733 2393 920 2460 claudebatur,
975 2393 1051 2461 tatis,
1077 2407 1167 2464 quam
1199 2394 1288 2449 babes
1317 2394 1514 2451 fortitudinem
1547 2407 1584 2450 ex
1607 2408 1653 2450 me
1675 2393 1775 2461 habes,
1800 2397 1824 2446 et

73 2485 114 2549 et,
147 2481 286 2551 adaquato
309 2497 404 2551 00000,
428 2483 564 2536 osculatus
591 2486 631 2535 est
653 2497 722 2536 eam.
752 2481 832 2537 iacob
856 2495 921 2537 eam
975 2498 1038 2538 caro
1061 2498 1121 2537 mea
1140 2498 1178 2551 es,
1201 2483 1271 2553 quia
1291 2482 1370 2554 quod
1391 2483 1488 2539 carnis
1509 2483 1694 2554 fragilitatem
1714 2481 1825 2538 ratione

73 2569 160 2634 videt,
184 2576 212 2626 et
227 2570 415 2625 consobrinam
434 2570 589 2640 cognoscit,
613 2569 683 2625 dum
704 2570 827 2641 gloriam
850 2585 921 2626 con·
974 2571 1062 2641 regis,
1086 2571 1161 2627 sicut
1188 2585 1249 2627 osse
1279 2579 1423 2642 reguntur
1448 2585 1559 2640 carnes,
1588 2585 1625 2627 ex
1649 2585 1695 2628 me
1723 2570 1825 2640 utique

73 2656 267 2728 temptationis
282 2657 454 2729 intelligens,
468 2657 518 2729 jus
531 2657 584 2713 sibi
600 2672 686 2728 penes
700 2672 763 2715 earn
779 2658 921 2715 naturalis
975 2666 1074 2730 potes3
1094 2672 1162 2714 caro
1183 2659 1260 2715 enim
1275 2660 1377 2716 tandiu
1399 2666 1519 2726 constat,
1543 2659 1676 2730 quandiu
1694 2658 1826 2715 contine-

74 2745 298 2816 propinquitatis
321 2746 442 2802 attendit
452 2761 461 2816 ;
489 2746 526 2801 ad
552 2746 641 2802 Deum
665 2747 742 2802 enirn
763 2747 922 2803 videndum
976 2755 1025 2804 tur
1039 2749 1075 2804 ab
1090 2748 1213 2805 ossibus.
1230 2748 1328 2820 (Vens.
1346 2748 1400 2820 15.)
1416 2749 1457 2803 Et
1470 2752 1614 2818 postquam
1625 2749 1750 2817 completi
1762 2751 1825 2802 suat

73 2833 289 2904 fruendumque
312 2834 425 2904 abipso
444 2848 473 2890 se
494 2834 602 2890 factum
617 2835 674 2890 heo
698 2834 843 2905 perspicit.
868 2835 921 2892 Vi·
976 2837 1034 2891 dies
1056 2840 1154 2891 mensis
1179 2838 1270 2898 unius,
1294 2836 1369 2893 dicit
1387 2840 1435 2892 ei:
1456 2838 1525 2893 llum
1548 2838 1615 2905 quia
1639 2838 1729 2903 frater
1750 2850 1824 2890 meus

73 2922 120 2978 det
133 2922 228 2978 Labda
250 2923 379 2978 auunculi
393 2938 462 2990 ones,
487 2923 556 2978 dum
576 2937 675 2979 eorum
693 2922 742 2993 qui
766 2923 919 2980 candorem
939 2940 1011 3011 ces,
1037 2927 1125 2992 pratis
1147 2927 1246 2979 seruies
1270 2924 1360 2979 mibi?
1381 2927 1430 2980 Dic
1452 2925 1521 2994 quid
1544 2925 1675 2979 mercedis
1695 2926 1822 2993 00010100.

73 3011 241 3082 preferant,
265 3011 357 3083 etqui
377 3011 443 3069 vitae
458 3026 492 3068 ac
514 3025 628 3068 morum
651 3011 790 3068 affinitate
813 3025 919 3082 super·
972 3016 1035 3069 lites
1057 3015 1156 3068 mensis
1179 3015 1261 3067 unius
1284 3012 1475 3082 complentur,
1502 3028 1569 3069 cnm
1593 3013 1737 3069 virtutum
1762 3011 1824 3068 cla·

73 3099 194 3157 scelestis
227 3101 359 3158 Ecclesia
385 3101 486 3157 matris
506 3114 566 3157 suae
591 3101 695 3157 fratres
716 3107 802 3167 sunt,
829 3100 919 3157 tidelis
973 3100 1071 3157 ritates
1093 3100 1224 3171 perlectae
1254 3101 1372 3157 meliora
1397 3101 1514 3171 gerendi
1547 3101 1705 3157 voluntatis
1737 3099 1822 3171 quasi

73 3187 170 3244 anima
189 3189 235 3259 pie
248 3189 404 3246 annulatur
423 3189 554 3258 virtutes,
572 3203 638 3258 quae
651 3196 767 3260 propter
781 3188 918 3259 simplici·
971 3188 1077 3245 mensis
1098 3189 1261 3260 integritate
1275 3189 1474 3259 perficiuntur.
1493 3190 1576 3255 Quia,
1599 3188 1705 3260 inquit,
1727 3187 1821 3244 allini-

72 3281 159 3332 tatem
172 3284 200 3333 et
221 3277 372 3334 utilitatem
395 3284 463 3334 sunt
485 3291 562 3334 oves.
587 3276 707 3333 Amovet
728 3277 848 3346 lapidem
871 3278 918 3334 la·
973 3284 1030 3333 tate
1049 3277 1131 3333 bonae
1152 3276 1311 3334 devotionis
1326 3277 1395 3332 mihi
1418 3291 1606 3345 annexuses,
1629 3278 1691 3333 siue
1706 3276 1822 3334 nllatui

72 3363 135 3432 cob,
152 3380 204 3434 quo
218 3371 315 3435 putata
337 3365 493 3433 clauditur,
510 3379 576 3421 cum
592 3365 708 3422 discutit
726 3379 815 3436 sagax
831 3366 920 3436 spiri·
973 3380 1023 3436 spo
1045 3365 1192 3434 augmenti
1217 3366 1287 3421 mihi
1311 3364 1475 3422 deservies?
1501 3367 1553 3421 Dic
1573 3380 1642 3438 ergo
1665 3365 1734 3436 quid
1748 3369 1822 3421 acci-

73 3460 121 3510 tus
136 3454 251 3523 pondus
267 3454 384 3523 inertiae,
401 3469 460 3526 quo
474 3453 603 3510 veritatis
618 3453 742 3525 cognitio
754 3454 917 3512 obturatur.
970 3458 1040 3526 pies.
1064 3455 1163 3523 (Vens.
1188 3457 1229 3521 lb,
1257 3455 1313 3524 lt.)
1329 3454 1452 3509 Habebat
1474 3470 1536 3510 cers
1560 3454 1629 3509 duas
1653 3455 1726 3523 illias
1744 3469 1750 3506 :
1768 3455 1822 3509 lla-

71 3541 221 3612 Adaquato
236 3545 334 3614 itaque
348 3557 483 3613 superna
499 3542 578 3599 unda
592 3542 753 3599 dulcedinis
768 3543 920 3614 cogitatio·
972 3559 1032 3599 meu
1059 3543 1173 3614 maJ'cris
1199 3544 1265 3608 10·ος
1292 3546 1381 3598 minor
1412 3544 1512 3599 1100001
1541 3543 1743 3613 appellabatur.
1770 3541 1824 3597 Sed

72 3644 143 3688 num
161 3639 212 3689 aut
226 3632 370 3689 virtutum
385 3647 475 3702 grege,
490 3648 550 3687 eam
572 3630 731 3699 osculatur,
747 3631 815 3689 durn
832 3632 919 3690 Verbi
972 3618 1025 3688 bia
1039 3634 1124 3703 lippis
1145 3637 1204 3687 0000
1220 3633 1320 3698 000110;
1338 3632 1441 3687 11001001
1456 3632 1553 3687 decora
1574 3631 1659 3698 facie,
1675 3634 1701 3685 ct
1713 3635 1823 3685 uenusto

71 3720 171 3777 aeterni
200 3728 228 3778 00
253 3720 376 3791 Spiritus
401 3721 549 3791 sapientiae
578 3720 714 3777 suavitati
743 3721 920 3778 unicorditer
973 3726 1093 3791 aspectu.
1116 3722 1194 3776 fluas
1209 3721 1262 3776 has
1284 3720 1357 3776 filias
1372 3721 1532 3776 secundum
1560 3719 1637 3792 quod
1663 3718 1753 3775 nostri
1778 3718 1824 3774 di-

72 3809 252 3880 astringitur.
278 3809 311 3865 lu
326 3810 424 3867 osculo
439 3824 567 3881 namque
591 3811 653 3875 hoc,
669 3818 742 3866 etos
757 3809 845 3867 divini
862 3810 921 3867 elo-
973 3824 1043 3866 xere
1059 3809 1190 3879 majores,
1212 3808 1370 3878 accipimus
1384 3808 1536 3876 actualem,
1562 3822 1628 3878 quae
1642 3807 1726 3864 valde
1748 3807 1824 3863 inter

71 3896 132 3966 quii
153 3896 253 3954 intimo
277 3909 378 3967 sapore
397 3896 600 3964 discernimus,
627 3904 655 3952 et
667 3896 800 3953 anhelitu
819 3897 920 3969 gratim
973 3897 1071 3955 saecnli
1086 3897 1230 3954 molestias
1252 3896 1340 3967 lippit,
1363 3897 1472 3967 vitam;
1493 3910 1545 3967 000
1565 3895 1670 3953 Rachel
1693 3903 1822 3952 0000000-

70 3983 244 4054 septiformis
268 3984 437 4051 imbuimur,
461 3985 631 4054 00000100
653 3985 801 4055 sapientiae
820 3984 920 4043 salivis
973 3986 1110 4056 plativam
1132 3999 1198 4055 qnae
1219 3984 1277 4040 lota
1303 3984 1386 4052 facie,
1411 3991 1439 4040 et
1459 3983 1561 4040 mundi
1582 3983 1677 4041 cordis
1702 3983 1822 4039 beatitu-

72 4070 253 4144 inungimur.
974 4073 1049 4129 dine·
1061 4073 1118 4129 lieo
1132 4072 1254 4128 videndo
1270 4073 1463 4142 perspicacem
1483 4072 1599 4129 oculum
1615 4071 1744 4128 intendit.
1760 4071 1824 4128 Pos-

108 4161 194 4218 Vsns.
219 4164 261 4216 lt.
288 4191 324 4203 -
347 4161 518 4230 necataque
541 4176 603 4216 0000
624 4163 706 4230 teuit,
731 4167 758 4218 et
785 4161 921 4218 iudicauit
974 4176 1076 4219 sumus
1096 4169 1124 4218 et
1138 4174 1190 4231 per
1205 4161 1284 4217 Liam
1304 4161 1464 4229 scientiam,
1481 4176 1546 4233 quae
1561 4175 1662 4217 earum
1678 4161 1823 4217 duntaxat

72 4252 98 4306 ci
117 4249 191 4320 quod
204 4252 294 4317 trater
314 4252 485 4318 cssetpatris
507 4250 565 4319 eius
585 4252 611 4304 ct
625 4251 699 4319 itlius
713 4249 843 4305 Rebecca.
860 4250 919 4308 Vo-
938 4253 1073 4308 brerum
1096 4257 1155 4319 est,
1189 4264 1255 4321 quse
1287 4249 1360 4306 inter
1390 4264 1441 4305 nos
1471 4250 1643 4317 actitantur,
1674 4248 1820 4319 accipere,

72 4352 133 4395 cem
156 4337 269 4405 010000,
300 4353 367 4395 cum
390 4337 564 4395 desiderium
597 4336 710 4408 pietatis
733 4338 917 4409 amplificat:
973 4338 1053 4397 verbi
1075 4338 1182 4410 gratia,
1205 4345 1247 4395 est
1275 4339 1310 4394 de
1334 4338 1465 4394 moribus
1485 4337 1636 4405 humanis,
1659 4345 1688 4394 00
1712 4338 1824 4408 passio-

76 4427 212 4483 milet
231 4440 310 4495 0000,
333 4427 403 4483 dum
422 4427 552 4483 animum
574 4441 607 4482 ac
622 4426 645 4482 si
659 4434 745 4496 caput
759 4435 865 4499 purgat
883 4428 920 4484 ab
974 4443 1045 4484 num
1070 4440 1257 4498 quarumque
1283 4427 1405 4484 naturis.
1429 4428 1482 4484 Per
1510 4426 1615 4484 Rachel
1637 4426 1822 4497 sapientiam,

72 4515 151 4572 omni
178 4516 299 4571 humore
321 4514 383 4571 vitii
409 4515 511 4582 noxio,
538 4521 565 4570 00
594 4528 645 4585 000
675 4515 735 4572 haec
761 4515 868 4572 indicat
891 4530 921 4573 00
974 4530 1040 4587 quse
1070 4514 1216 4586 00001000
1249 4514 1298 4569 bei
1324 4515 1415 4586 fulget
1437 4515 1608 4586 cognitione,
1632 4521 1660 4570 00
1683 4513 1823 4580 veritatis,

73 4603 192 4661 fratrem
215 4603 288 4674 ejus,
306 4603 376 4660 dum
391 4603 445 4675 piis
468 4603 580 4660 actibus
598 4603 738 4661 innuisse
759 4604 920 4662 1100101100-
973 4603 1164 4673 falsitatisque
1189 4602 1356 4660 acutissima
1383 4603 1562 4660 discretione.
1589 4601 1743 4659 scientiam
1768 4615 1825 4658 au-

73 4707 137 4750 0000
158 4693 357 4764 germanitus;
372 4699 400 4750 00
416 4693 487 4763 qnia
503 4699 546 4749 est
560 4691 690 4761 Rebecca,
707 4692 735 4748 id
753 4694 920 4763 000000100·
976 4700 1048 4758 tem,
1069 4691 1139 4763 quia
1168 4691 1198 4746 in
1222 4691 1286 4747 imis
1315 4700 1481 4760 exercetur,
1506 4692 1632 4763 plurima
1651 4697 1764 4748 constat
1787 4690 1826 4746 in·

76 4782 132 4851 tiae,
158 4781 245 4853 filius,
263 4781 370 4839 scilicet
391 4795 427 4838 ex
443 4781 505 4852 ipsa
518 4795 552 4837 ac
573 4780 595 4837 si
611 4795 647 4837 ex
670 4789 761 4838 matre
776 4782 922 4853 praecipua
974 4781 1052 4837 volti
1076 4779 1208 4852 caligine.
1232 4780 1292 4848 Lia,
1316 4781 1468 4851 laboriosa;
1486 4780 1602 4847 Rachel,
1625 4782 1701 4849 ouis,
1721 4778 1767 4836 vel
1782 4781 1824 4833 ui-

75 4870 212 4940 proressit
233 4876 332 4926 tantus
352 4868 480 4926 allectus.
497 4874 538 4924 At
552 4870 603 4924 itta
624 4870 760 4936 festinans
780 4873 923 4927 nuntiauit
975 4869 1044 4925 deas
1060 4871 1227 4939 principium
1250 4869 1367 4937 dicitur,
1385 4884 1451 4940 quae
1475 4867 1591 4940 singula
1605 4868 1660 4936 bis,
1677 4881 1744 4938 quae
1759 4881 1827 4938 praa

75 4961 223 5029 patrisne.
249 4957 459 5028 Contemplatio
476 4958 563 5014 Jacob
581 4959 763 5028 praesentiam
783 4959 859 5029 patri
880 4958 923 5014 ie·
976 4959 1117 5025 misimus,
1149 4957 1274 5029 singulis
1300 4958 1373 5014 bene
1406 4958 1593 5014 conveniunt.
1622 4944 1695 5013 Nam
1720 4957 1750 5013 in
1773 4970 1827 5013 ove

76 5045 151 5102 stina
165 5046 291 5114 nuntiat,
314 5059 382 5103 cum
398 5045 502 5102 anima
526 5046 641 5103 obedire
657 5046 786 5116 parantis
810 5047 922 5102 instan-
976 5045 1143 5117 simplicitas
1170 5046 1359 5116 speculationi
1387 5054 1415 5103 et
1438 5047 1586 5116 sapientiae
1610 5046 1662 5103 uni
1696 5046 1753 5102 Deo
1778 5045 1827 5101 in·

77 5134 145 5192 tiam
170 5148 222 5205 per
245 5135 385 5192 evidentis
407 5135 507 5206 gratiae
527 5134 661 5192 ellectum
685 5135 753 5202 Deo,
775 5149 866 5205 aquo
880 5141 924 5192 est
976 5143 1061 5192 tentae
1085 5134 1231 5206 concinit;
1255 5135 1435 5192 laboriositas
1464 5143 1492 5192 et
1514 5135 1635 5199 activae,
1659 5140 1688 5191 et
1710 5133 1826 5202 morali,

78 5236 159 5278 omae
195 5223 295 5278 donum
322 5223 470 5294 perfectum
496 5224 567 5294 (lac.
601 5238 626 5289 r,
651 5222 709 5293 07),
741 5222 922 5280 manifestam
976 5223 1128 5281 cuilibetve
1151 5223 1278 5280 scientiae
1301 5223 1444 5295 congruit.
1471 5223 1576 5280 Rachel
1594 5223 1681 5279 etlam
1703 5222 1828 5280 dilectio

76 5317 282 5381 acceptamque
296 5312 357 5369 sine
371 5312 530 5382 spiritualis
545 5311 606 5367 nlla
626 5310 761 5368 dilatione
775 5313 922 5383 augmenti
976 5327 1043 5369 nem
1058 5312 1124 5382 Dei;
1140 5311 1190 5369 Lia
1205 5312 1369 5383 siguificare
1389 5311 1466 5368 00100
1486 5311 1668 5368 dilectionem
1688 5309 1826 5382 proximi,

77 5398 215 5456 insinuat.
241 5399 337 5470 (11000.
365 5403 421 5470 03.)
439 5402 492 5468 Qui
511 5416 572 5455 cum
595 5398 716 5456 audisset
736 5398 820 5456 Jacob
835 5403 923 5472 tilium
977 5400 1030 5458 bas
1053 5401 1203 5458 utraslibet
1226 5400 1390 5469 dualitates,
1414 5414 1448 5456 ac
1472 5400 1495 5458 si
1514 5400 1589 5457 duas
1613 5399 1688 5456 filias
1716 5399 1830 5467 baham

77 5489 180 5544 sororis
202 5490 316 5554 acuisse,
340 5492 460 5545 cucurrit
479 5488 585 5544 obuimu
609 5491 642 5544 ei.
659 5488 765 5544 Audim
788 5488 819 5546 in
841 5504 924 5547 sacra
978 5490 1007 5548 id
1030 5497 1073 5547 est
1095 5489 1229 5548 candoris
1252 5490 1456 5547 000001οι000
1478 5489 1581 5562 gignit.
1604 5488 1697 5560 llajor
1720 5488 1828 5546 dicitur
