3818 6008
74 229 122 281 dil
522 229 552 282 V.
573 226 739 284 corruunt
759 228 907 284 seems
925 230 954 284 S.
975 229 1095 285 HARIAE
1115 231 1159 287 tte
1178 229 1377 288 ttovltlmtro
1775 235 1827 290 cla
1858 188 1861 195 Ι

73 359 228 417 scintillent
250 359 332 417 nobis
346 359 437 431 aliqui
464 360 566 417 radioli
588 369 773 419 aeternorum.
795 362 823 420 Si
844 363 922 420 enirn
941 364 965 417 Α
984 365 1059 435 quod
1075 365 1252 422 omnibusin
1275 373 1409 437 promptu
1430 374 1482 434 est,
1498 366 1673 426 intrinsecus
1696 369 1827 442 subiacet

74 448 115 506 ita
130 463 231 519 capere
244 455 368 519 possent,
385 448 427 506 uti
449 448 489 505 illi
513 450 564 520 qui
579 450 616 506 ad
637 451 690 507 linc
709 450 848 509 seculum
875 467 923 509 re—
976 453 1074 510 anima
1098 454 1321 522 invisibilisne
1344 455 1823 529 bnicmaterialicreaturce,quae
1859 486 1862 499 =

74 536 164 593 dituri
181 551 237 592 non
252 544 355 604 essent,
379 536 408 592 in
424 551 511 594 carne
535 552 604 594 sane
623 539 677 594 ista
693 539 788 596 adbuc
813 541 921 610 positis,
977 543 1197 600 rationabilibus
1212 543 1516 614 irrationabilibusque
1530 545 1644 601 naturis
1667 547 1824 616 conspicua

74 639 132 681 non
156 624 240 680 modo
262 625 359 692 verba,
380 626 429 681 sed
450 633 477 682 et
500 627 553 697 ipsi
572 635 656 682 extra
671 642 788 685 carnem
803 629 923 685 subtiles
976 638 1028 694 est,
1041 631 1132 687 altera
1154 633 1250 689 subest
1265 632 1409 698 machina,
1422 646 1488 702 quae
1509 632 1576 689 solis
1591 633 1823 702 rationabilibus,

74 712 182 782 pridem
205 719 233 768 et
254 713 331 770 acuti
355 713 514 770 intellectus
539 716 731 782 hebescerent,
755 726 783 773 et
809 718 838 772 in
863 731 924 774 sese
976 727 1004 776 et
1019 720 1072 776 boc
1091 721 1304 777 immortalitate
1327 722 1434 787 erutis,
1449 728 1560 777 constat
1576 720 1699 778 visibilis
1715 730 1745 779 et
1765 738 1825 793 per-

74 797 137 855 visa
149 798 323 868 deperirent,
343 801 449 857 nedum
475 801 539 857 aliis
552 803 605 858 sibi
626 803 925 872 incomprehensibilia
976 809 1033 864 via.
1055 808 1145 879 Cuius
1163 815 1269 865 statum
1295 808 1354 864 ulla
1377 822 1457 864 mens
1473 808 1630 865 visibilium
1650 810 1826 882 imaginibus
1858 826 1861 831 ·

73 886 263 956 explicarent.
283 888 326 943 Ad
351 903 451 945 eorum
475 890 572 960 itaque
598 891 816 948 similitudinem
844 893 922 963 loqui
976 905 1117 967 occupata
1137 897 1230 953 metiri
1255 911 1312 952 non
1337 897 1487 966 praevalet;
1518 897 1683 954 animorum
1712 905 1824 957 tantum
1857 884 1861 993 ᾗ

73 982 193 1044 possunt
209 975 384 1044 bominibus,
412 977 483 1034 durn
496 980 534 1035 ab
557 979 678 1035 internis
702 981 832 1046 redeunt.
856 997 923 1052 quae
976 984 1068 1041 oculis
1082 985 1208 1041 assecuti
1224 984 1327 1055 pituita
1342 985 1439 1040 liberis
1452 985 1574 1056 adjacet.
1858 998 1861 1011 ·

74 1060 142 1118 ioris
164 1064 261 1121 videre
282 1075 506 1136 consueverunt,
530 1067 600 1138 quia
626 1069 716 1125 sancti
740 1083 923 1141 omnesquae
1012 1080 1086 1130 m
1120 1075 1201 1131 Sicut
1227 1088 1328 1144 nempe
1362 1074 1482 1130 verbum
1512 1074 1660 1143 spirituale
1689 1073 1824 1142 dicimus,
1858 1032 1863 1143 1

74 1150 103 1206 in
133 1151 233 1207 diviua
257 1154 496 1224 contemplatione
523 1170 640 1212 cernere
673 1156 841 1228 aliquando,
878 1159 922 1216 vel
976 1161 1824 1233 quodsptritu,linguaetdenttbusetilcitur,undeaposto-

74 1246 270 1296 momentanee
293 1250 458 1310 potuerunt,
485 1258 638 1315 nunquam
657 1259 789 1302 sermone
815 1247 860 1304 vel
876 1247 922 1304 lit·
977 1250 1040 1306 lus:
1056 1249 1213 1317 «Psallam,
1231 1249 1333 1319 inquit,
1345 1250 1449 1319 spiritu
1465 1251 1493 1319 (l
1508 1253 1574 1305 cor.
1587 1265 1646 1318 xiv,
1661 1251 1716 1321 lb),
1733 1272 1747 1300 n
1759 1265 1823 1307 ver-

74 1332 135 1384 tera
149 1329 278 1384 emittere
293 1330 424 1398 possibile
440 1332 615 1389 babuerunt.
976 1339 1044 1396 bum
1070 1339 1166 1406 etiam,
1195 1346 1227 1394 ut
1254 1338 1294 1394 sic
1321 1338 1454 1407 dixerim,
1480 1340 1634 1407 mentuale,
1660 1339 1741 1409 quod
1766 1339 1822 1395 sola

110 1415 181 1472 Cum
210 1430 262 1487 ego
292 1417 327 1473 de
353 1418 446 1489 gloria
474 1420 643 1476 Sanctorum
671 1421 701 1476 in
731 1422 848 1491 visione,
871 1431 922 1482 aut
975 1427 1146 1499 cogitatione
1170 1427 1254 1483 labiis
1273 1427 1434 1483 tacentibus
1452 1428 1617 1497 disponitur
1637 1427 1684 1483 vel
1708 1427 1823 1483 disseri·

73 1501 173 1560 odores
201 1505 400 1577 praesentiunt,
425 1515 477 1565 aul
501 1510 680 1579 hymnidicos
701 1511 803 1568 choros
827 1527 921 1569 exau·
976 1522 1034 1577 tur,
1061 1516 1182 1571 verbum
1207 1515 1279 1584 quin
1309 1516 1392 1571 etiam
1428 1515 1628 1581 intellectuale,
1656 1516 1736 1585 quod
1766 1515 1823 1572 sine

74 1589 169 1658 diunt,
184 1599 235 1647 aut
250 1592 392 1651 claritates
407 1596 558 1665 hauriunt,
575 1605 633 1654 tota
662 1600 723 1656 haec
746 1615 803 1656 non
816 1616 920 1657 secun·
976 1603 1103 1659 interiori
1119 1603 1178 1659 ulla
1202 1603 1382 1659 ordinatione
1404 1604 1560 1660 verborum
1581 1603 1741 1674 purissima
1759 1617 1823 1660 cun·

74 1677 145 1736 dum
160 1687 272 1737 nature
294 1683 452 1751 spiritualis
463 1686 622 1752 veritatem,
648 1689 696 1744 sed
714 1689 801 1760 juxta
820 1690 920 1747 visibi·
939 1658 1158 1762 Btemplatione
1179 1695 1328 1759 tractatur,
1354 1692 1393 1747 ita
1414 1692 1542 1748 mundus
1561 1694 1622 1759 iste,
1646 1692 1676 1748 in
1698 1706 1759 1765 qno
1776 1691 1822 1748 dc·

74 1766 157 1836 lium,
173 1782 234 1839 qua
253 1773 359 1828 amucti
383 1781 460 1841 sunt,
488 1775 666 1846 qualitatem.
690 1776 759 1844 Quae
778 1779 854 1834 enirn
870 1787 922 1837 aut
976 1779 1080 1852 gimus,
1106 1779 1226 1837 visibilis
1252 1788 1279 1837 et
1295 1780 1484 1851 imaginarius
1500 1781 1556 1837 dici
1583 1788 1684 1851 potest,
1709 1780 1779 1852 qula
1796 1786 1822 1836 et

74 1856 254 1926 speciosiora,
280 1873 330 1916 seu
347 1862 523 1931 pretiosiora.
550 1871 601 1920 aut
622 1865 834 1923 delectabiliora
853 1874 922 1924 sunt
975 1869 1125 1925 obtutibus
1144 1870 1248 1925 nostris
1270 1870 1392 1936 substat,
1412 1875 1441 1926 et
1460 1869 1551 1925 oculis
1565 1869 1740 1926 vacantibus
1762 1869 1821 1940 ejus

74 1942 150 2000 iuter
163 1944 303 2015 homiues,
317 1961 352 2004 ea
373 1950 455 2007 nobis
479 1966 529 2022 per
550 1952 678 2010 internas
706 1955 862 2012 ostendunt
875 1956 922 2012 vi-
976 1957 1161 2028 corporalitas
1186 1958 1274 2014 menti
1294 1957 1484 2014 retractabilis
1508 1966 1561 2013 est.
1585 1958 1634 2013 lile
1655 1965 1754 2014 autem
1780 1957 1821 2013 in·

74 2031 178 2100 aiones,
199 2040 232 2089 ut
247 2048 283 2090 ex
296 2035 337 2092 cis
360 2052 426 2108 quae
440 2040 518 2109 apud
538 2055 590 2097 nos
616 2042 797 2112 potissimum
821 2058 923 2115 appre
976 2045 1063 2102 terior
1081 2053 1138 2101 toto
1158 2043 1304 2101 dilllcilius
1329 2053 1497 2114 penetratur
1520 2053 1629 2115 quanto
1644 2045 1820 2116 corporibus,

74 2119 140 2178 tiari
169 2121 303 2190 solemus,
338 2126 458 2184 indultae
479 2131 586 2185 saumis
619 2130 717 2202 gloriae
749 2141 922 2204 argumenta
976 2133 1053 2199 locis,
1066 2147 1100 2190 ac
1122 2134 1298 2204 temporibus
1320 2133 1359 2188 nil
1375 2133 1479 2189 ibidem
1496 2133 1670 2201 continetur,
1698 2133 1740 2189 nil
1759 2132 1821 2204 agi-

70 2223 229 2267 sumamus.
259 2213 340 2270 Unde
378 2217 407 2271 in
431 2217 611 2289 Apocalypsi,
640 2226 668 2276 et
694 2220 776 2276 stolis
809 2223 920 2278 amiciri
974 2231 1032 2281 tur.
1049 2223 1085 2278 Et
1100 2230 1210 2293 quanto
1233 2230 1361 2278 anostro
1385 2222 1607 2292 usudiscrepat‚
1630 2221 1682 2292 qui
1697 2221 1750 2277 vix
1775 2234 1820 2279 ua·

71 2298 153 2367 albis,
174 2308 203 2356 et
223 2301 333 2371 palmas
357 2313 478 2377 gestare,
507 2308 633 2365 victoriae
661 2309 745 2381 signa
771 2311 800 2367 in
827 2312 920 2367 mani·
975 2313 1052 2383 piam
1073 2311 1209 2367 intuitum
1235 2311 1339 2366 mentis
1356 2310 1523 2382 affligimus,
1545 2311 1600 2366 nisi
1621 2311 1657 2366 ad
1681 2311 1739 2367 ista
1759 2324 1822 2381 quaa

73 2388 145 2458 bus;
162 2395 190 2444 ct
203 2404 325 2449 coronas
339 2395 368 2450 iu
385 2387 528 2465 capitibus
542 2411 645 2453 aureas
664 2399 769 2456 babere
783 2400 921 2458 dicuntur
974 2400 1187 2467 consuevimus,
1212 2407 1290 2456 tanto
1315 2400 1351 2455 ad
1374 2400 1456 2455 illum
1484 2399 1649 2455 interiorem
1674 2398 1823 2470 perviden-

71 2478 174 2551 (Aper.
189 2492 237 2547 vn,
259 2484 298 2553 il,
321 2484 399 2554 quod
418 2487 604 2556 regnantium
620 2487 666 2543 sit.
689 2487 757 2555 Quia
777 2489 867 2559 igitur
890 2491 920 2547 in
975 2487 1821 2558 dumobnixlusnebulasnostraeintentiontsatirumpimus,

72 2572 297 2637 amenitatibus,
315 2571 344 2626 in
359 2570 540 2639 florulentiis,
565 2573 593 2629 in
614 2574 816 2643 splendoribus
837 2577 919 2632 babi-
1306 2576 1423 2632 CAPUT
1444 2576 1490 2629 lll.

71 2661 205 2718 tudinum
221 2660 406 2727 denotantur,
423 2674 479 2716 non
496 2661 622 2729 illorum,
639 2663 920 2733 quiCltiliastraevo·
1013 2668 1116 2721 Utmm
1139 2664 1248 2720 diaboli
1271 2664 1409 2720 mundam
1433 2664 1508 2719 bitae
1526 2663 1698 2722 inhabitent.
1720 2693 1756 2706 -
1771 2662 1823 2720 ttbi

70 2751 124 2807 cati
147 2758 225 2817 sunt,
253 2750 454 2805 hereticorum
479 2751 588 2808 naenias
612 2760 752 2817 recreant.
779 2754 830 2826 qui
858 2762 920 2825 post
973 2756 1117 2827 quaeritur
1143 2763 1242 2810 utrum
1265 2751 1378 2809 diabolo
1402 2760 1430 2808 et
1447 2753 1510 2823 ejus
1524 2752 1634 2824 angelis
1651 2751 1825 2824 generaliter

69 2839 309 2897 resurrectionem
339 2835 415 2893 mille
438 2851 530 2895 annos
554 2839 582 2896 in
618 2842 785 2899 carnalibus
811 2843 920 2900 deliciis
974 2843 1138 2901 habitabilis
1160 2843 1302 2898 habeatur
1326 2842 1372 2897 liic
1395 2842 1532 2908 mundus,
1559 2842 1698 2912 quoniam
1722 2839 1824 2911 prinei·

72 2927 256 2999 pollicentur,
281 2926 329 2983 sed
361 2926 470 2997 quibus
497 2929 625 2987 homines
656 2931 791 2988 delectari
817 2933 917 2997 solent,
938 2932 1141 3010 epembujus
1154 2931 1265 2993 mundi,
1282 2931 1311 2985 in
1327 2944 1385 3000 qno
1404 2930 1530 3001 agimus,
1547 2932 1632 2986 vocat
1647 2944 1715 2986 eum
1731 2928 1824 2985 Domi

58 3017 132 3093 „baec
148 3031 199 3088 pro
219 3017 397 3073 salvatorum
417 3017 643 3076 demonstranda
662 3021 754 3092 gloria
775 3021 919 3078 visionum
975 3037 1032 3078 nus
1050 3021 1149 3092 (deca.
1178 3035 1226 3088 xiv,
1254 3018 1308 3089 al).
1334 3019 1367 3074 Et
1388 3019 1545 3089 aposlolus,
1575 3018 1735 3089 principem
1751 3019 1824 3074 aeris

69 3107 183 3163 ordines
197 3105 345 3162 exhibent.
976 3109 1064 3181 huius
1083 3109 1200 3180 (lipitea.
1227 3122 1257 3172 ιι,
1282 3111 1319 3175 a),
1343 3106 1502 3178 principem
1525 3106 1610 3162 etiam
1637 3105 1822 3162 tenebrarum

107 3197 195 3252 Porro
210 3208 276 3264 quae
291 3194 325 3250 de
337 3194 511 3252 revelatione
533 3196 760 3267 glorillcatorum
785 3197 920 3266 dicimus,
974 3199 1089 3265 barum,
1115 3197 1277 3267 spiritualia
1299 3195 1436 3268 nequitiae
1459 3195 1489 3250 in
1513 3194 1677 3252 caelestibus
1702 3193 1822 3265 (pres.

70 3297 104 3341 cat
132 3284 194 3354 ipsa
220 3283 256 3339 de
279 3282 446 3353 punitorum
473 3286 656 3341 damnatione
678 3286 828 3342 sentimus.
847 3286 920 3343 Nam
975 3303 1014 3355 vv,
1030 3287 1084 3357 la).

70 3386 137 3429 cum
166 3372 284 3443 ignibus
309 3372 410 3429 crebro
438 3372 540 3429 animae
568 3373 728 3430 secundum
757 3373 921 3444 Scripturas
1010 3372 1308 3445 oilaerituritaquosi
1332 3373 1355 3430 is
1377 3373 1485 3442 quilla
1508 3373 1544 3428 ob
1569 3370 1616 3427 sui
1641 3370 1720 3428 intra
1743 3371 1823 3428 bunc

70 3461 227 3519 videantur
254 3461 349 3526 aduri,
380 3475 447 3517 cum
471 3461 592 3531 flagellis
617 3461 720 3529 addici,
751 3463 921 3532 putentibus
974 3478 1067 3520 aerem
1084 3463 1304 3519 diversationem
1319 3462 1416 3518 aerius
1438 3460 1610 3530 appellatur.
1631 3473 1664 3516 ac
1679 3459 1756 3517 luter
1773 3473 1824 3517 nos

20 3566 23 3577 ·
71 3543 157 3602 undis
174 3546 314 3616 immergi,
330 3553 358 3602 et
375 3560 420 3613 oa,
438 3562 503 3618 quae
517 3563 555 3605 ea
572 3549 708 3621 Gregorio
722 3558 751 3607 et
777 3552 852 3608 Beda
865 3552 919 3608 do-
976 3551 1160 3607 invisibiliter
1188 3550 1354 3622 divagatur,
1385 3559 1484 3605 utrum
1514 3555 1543 3605 et
1570 3548 1610 3604 illi
1642 3548 1692 3604 tali
1717 3548 1824 3605 seculo

70 3636 198 3693 ctoribus
218 3636 349 3693 exhibita
368 3645 446 3700 sunt,
467 3637 540 3702 lieri,
566 3652 624 3693 non
642 3638 722 3694 aliud
742 3648 810 3697 sunt
831 3653 920 3710 quam
972 3640 1126 3711 contiguus
1147 3641 1295 3696 habeatur.
1323 3638 1376 3694 Cui
1389 3636 1541 3708 quaestioni
1558 3637 1651 3708 primo
1681 3637 1824 3708 ingeritur

71 3725 148 3797 quod
162 3725 346 3795 corporaliter
365 3725 421 3781 reis
437 3725 507 3781 solet
522 3725 632 3796 inlligi;
654 3727 707 3783 boc
730 3728 920 3798 spiritualiter
973 3729 1061 3802 quod,
1077 3737 1312 3800 quantacunque
1327 3727 1476 3799 diguitatis
1488 3741 1523 3783 ac
1536 3726 1671 3797 puritatis
1683 3727 1824 3784 sarculum

72 3815 234 3885 patiuntur,
268 3828 321 3870 uec
349 3827 411 3882 nos,
435 3814 543 3885 quibus
567 3815 767 3886 denuntiatur,
796 3816 919 3873 cruciari
974 3818 1044 3875 illud
1075 3819 1121 3885 sit,
1146 3817 1240 3874 dicere
1266 3832 1323 3873 nou
1347 3817 1439 3873 audeo
1468 3816 1546 3886 quod
1573 3815 1655 3871 bonis
1680 3829 1715 3871 ac
1738 3815 1824 3872 malis

73 3903 178 3959 talibus
206 3903 328 3958 miseriis
355 3902 521 3958 adamnatos
547 3903 737 3972 crederemus,
769 3904 822 3961 nisi
849 3904 920 3975 quia
973 3920 1127 3965 commune
1152 3920 1208 3962 nun
1232 3905 1326 3963 luerit.
1347 3905 1459 3962 Natura
1474 3905 1550 3961 enim
1571 3905 1735 3961 demonum
1756 3918 1824 3962 cum

73 4006 183 4062 poeuas,
199 4005 274 4063 quas
293 3991 408 4048 assidue
431 3993 635 4048 consuevimus
658 3992 793 4062 experiri,
810 4008 920 4064 cogno-
973 3996 1009 4052 sit
1042 3993 1178 4066 ingenitis
1209 3993 1407 4049 alacritatibus
1447 3999 1605 4061 praeacuta,
1633 3993 1675 4047 sic
1699 3993 1735 4048 ob
1780 3993 1825 4050 sul

72 4083 190 4139 scimus.
207 4081 280 4148 Quia
303 4094 372 4151 ergo
392 4079 571 4147 spiritualem
594 4081 671 4136 illam
697 4080 838 4151 linguam,
860 4095 920 4153 qua
973 4082 1229 4152 perspicacitatem,
1272 4082 1329 4138 imo
1366 4080 1526 4151 spiritualis
1565 4080 1699 4151 potentiae
1738 4081 1823 4153 agili·

14 4216 17 4221 .
72 4171 237 4241 spiritualia
263 4170 413 4241 spiritibus
431 4169 917 4240 respondereqaudirenonpossu-
972 4176 1070 4237 tatem,
1114 4178 1375 4241 quantumcunque
1423 4169 1557 4226 exteriori
1597 4169 1755 4241 divagetur
1794 4171 1824 4226 in

74 4274 149 4328 mus,
169 4274 205 4316 ex
220 4259 412 4330 corporalium
427 4259 527 4314 notitia
547 4259 630 4329 quasi
649 4258 916 4316 lucosiutellectua·
934 4255 1088 4321 bmundo,
1109 4266 1188 4315 tanto
1208 4260 1320 4329 proprie
1346 4258 1491 4329 propriam
1516 4259 1765 4315 conversationem
1795 4258 1823 4314 in

74 4349 162 4406 litatis
180 4350 380 4420 exprimimus,
405 4356 433 4404 et
455 4363 492 4405 ex
516 4347 551 4403 iis
572 4347 649 4404 unde
667 4355 776 4404 constat
799 4362 920 4420 corpora
973 4347 1102 4404 interiori
1128 4347 1237 4404 obtinet
1261 4348 1317 4415 illo,
1345 4355 1455 4418 quanto
1483 4347 1538 4403 sibi
1572 4347 1664 4418 major
1696 4361 1764 4403 cum
1791 4346 1824 4391 0⁰

73 4437 230 4511 profligari,
246 4436 357 4493 animas
372 4436 629 4494 animadvertimus
644 4437 776 4493 coartari.
973 4443 1084 4493 constat
1108 4444 1220 4493 naturae
1239 4437 1413 4492 communio.
1439 4435 1466 4492 Si
1490 4436 1566 4492 enim
1600 4435 1760 4505 spiritualis
1783 4441 1828 4492 est

109 4526 190 4598 5111.
206 4528 280 4581 cam
295 4525 497 4581 materialibus
510 4523 640 4592 minime,
655 4523 756 4597 quibua
775 4541 843 4598 ergo
856 4542 920 4597 ρω-
973 4525 1110 4592 mundus,
1136 4539 1188 4581 nec
1214 4525 1361 4580 crassioris
1384 4523 1569 4592 corpulentia
1591 4530 1705 4579 conant
1727 4523 1825 4580 diabo

73 4616 120 4672 nia
133 4617 305 4686 afficiantur
317 4614 439 4670 aisimaei
454 4644 488 4655 -
505 4614 597 4685 lgitur
611 4614 750 4684 quoniam
762 4614 920 4684 corporali·
973 4612 1028 4678 lus,
1054 4612 1106 4669 ubi
1134 4612 1266 4668 identitas
1291 4611 1520 4667 substantiarum
1537 4617 1657 4679 excepta
1672 4609 1821 4666 rationali·

73 4706 128 4763 bus
154 4704 301 4775 suppliciis
329 4705 441 4760 animas
481 4717 569 4772 puras
596 4703 719 4760 coerceri
754 4718 834 4774 posse
861 4716 919 4759 non
973 4707 1031 4756 tale
1056 4700 1209 4771 utrobique
1235 4699 1424 4771 dignoscitur,
1449 4699 1521 4755 alter
1541 4698 1578 4755 ab
1599 4698 1692 4754 altero
1716 4698 1824 4756 absen-

73 4795 227 4861 credimus,
255 4793 363 4863 quibus
387 4792 478 4862 penis
500 4793 568 4862 angi
596 4792 683 4862 possit
705 4800 733 4849 ct
754 4794 855 4850 debeat
871 4792 918 4865 is„
972 4789 1026 4846 tari
1042 4803 1098 4844 nou
1114 4789 1229 4845 sinitur.

74 4890 189 4955 possent
203 4891 232 4939 et
254 4881 385 4953 debeant]
407 4881 600 4938 attendamus.
624 4881 762 4951 Superius
785 4897 821 4939 ex
843 4884 919 4952 Apo-
1007 4877 1095 4932 Nunc
1108 4877 1222 4933 diabolo
1243 4874 1358 4949 pervius
1372 4879 1416 4931 eal
1442 4875 1575 4930 mundus.
1597 4905 1631 4916 -
1654 4877 1732 4933 Ante
1748 4877 1825 4934 diem

73 4970 146 5027 stolo
174 4968 236 5025 dlxi
259 4967 458 5039 spiritualibus
478 4967 641 5038 spiritualia
665 4969 869 5039 comparanda,
891 4975 920 5025 et
972 4979 1040 5038 ergo
1063 4967 1164 5037 judicii
1193 4968 1320 5023 mundus
1353 4965 1401 5021 ille
1428 4963 1546 5020 interior
1575 4962 1690 5020 diabolo
1719 4963 1825 5021 idcirco

74 5059 180 5115 mirum
201 5057 285 5113 valde
298 5063 341 5113 est
365 5057 388 5112 si
406 5056 553 5113 tormentis
568 5057 768 5114 tractabilibus
783 5058 918 5113 intracta·
972 5056 1088 5125 pervius
1101 5062 1152 5122 est,
1167 5055 1237 5126 quia
1262 5055 1417 5112 animabus
1443 5054 1472 5109 in
1485 5060 1627 5109 aeternum
1647 5051 1825 5124 supplic-ium

73 5145 138 5203 bilis
162 5146 260 5202 anima
276 5145 383 5202 dicitnr
401 5145 565 5217 affligenda.
590 5146 686 5202 [licere
710 5153 805 5202 tamen
825 5145 921 5216 primi·
972 5142 1158 5201 detrudendis
1174 5144 1229 5200 boc
1253 5144 1356 5214 spatio,
1381 5142 1432 5199 Dei
1454 5150 1572 5198 exactor
1593 5147 1622 5197 ει
1645 5155 1752 5199 servus
1771 5149 1823 5210 cst,

74 5242 120 5291 tus
142 5242 215 5290 esset
231 5234 318 5301 deco,
344 5233 406 5304 qui,
431 5234 505 5290 sicut
529 5234 683 5304 Apostolus
705 5233 840 5305 gentibus
854 5234 917 5290 ait:
970 5241 999 5292 ct
1031 5233 1119 5290 datur
1144 5232 1306 5289 crudelitati
1331 5231 1409 5287 illius
1431 5230 1500 5288 huic
1522 5229 1615 5286 cilicio
1639 5229 1822 5301 obsequendi

74 5344 88 5373 a
105 5321 161 5388 Qui
175 5322 302 5379 dicimini
325 5322 498 5393 preputium
521 5322 557 5378 ab
580 5336 615 5379 ea
633 5308 699 5392 quae
721 5329 841 5378 vocatur
863 5322 919 5378 eir·
972 5323 1098 5390 libertas,
1114 5321 1204 5378 donec
1227 5334 1317 5392 grano
1340 5320 1462 5377 discreto
1484 5333 1501 5374 a
1525 5317 1614 5388 paleis
1634 5319 1786 5389 judicetur
1798 5317 1823 5373 ci

74 5410 213 5468 cumcisio
237 5411 355 5482 (lipara.
378 5426 409 5477 ιι,
435 5413 490 5482 lt),
513 5411 549 5467 ab
572 5410 708 5467 exteriori
730 5411 783 5466 boc
811 5412 919 5469 mundo
972 5411 1128 5468 auferenda
1155 5417 1288 5480 potestas.
1319 5410 1353 5465 lit
1378 5415 1454 5465 certe
1487 5408 1580 5478 ipsum
1608 5420 1676 5463 cum
1708 5405 1822 5463 iunmtc

73 5497 238 5572 appellatur
257 5498 382 5554 interior.
410 5498 489 5556 Sicut
528 5499 607 5556 enim
634 5498 665 5556 in
692 5512 811 5571 corpore
845 5515 918 5571 meo,
972 5500 1168 5559 sucerescitu
1181 5498 1331 5555 internum
1347 5497 1437 5568 buius
1452 5495 1553 5553 mundi
1577 5495 1689 5552 incolas
1702 5496 1820 5554 estimo.
