3818 6008
76 222 128 274 89³
609 224 654 281 on
675 225 753 282 vira
771 226 836 283 SUA
856 224 949 283 LIBRI
967 226 1066 284 Tuus.
1087 255 1122 268 -
1141 227 1205 283 nis.
1226 224 1260 282 II.
1774 226 1827 281 894

75 351 311 409 archidiaconum
320 352 925 429 avunculummeum3rirnmundecunque
943 359 1032 416 Aaut
1053 357 1194 416 audierim
1219 357 1326 415 dixisse
1351 355 1505 414 sulliciant.
1533 356 1571 414 dt
1594 357 1735 428 deinceps,
1758 371 1824 414 cum

75 438 245 508 litteratum,
266 440 447 510 prudentem,
473 449 500 498 et
519 442 556 498 ad
581 443 650 500 talia
673 445 812 502 curialem
836 459 870 502 ae
886 446 925 502 la·
978 448 1114 519 superius
1127 447 1222 504 deilla
1237 454 1336 503 nostra
1364 445 1563 518 qualicunque
1574 445 1711 502 electione
1725 445 1826 517 dixeri·

75 543 201 596 mosum,
224 529 357 600 accessit3
374 530 579 601 conlessusque
595 533 672 604 quod
695 534 791 605 gessit,
814 536 924 592 oratio-
978 551 1054 604 mus,
1069 536 1135 608 quis
1150 536 1209 606 ipse
1227 537 1317 603 locus,
1334 534 1459 605 qualiter
1480 534 1637 600 institutus,
1653 547 1728 604 quas
1747 534 1826 590 anti-

74 616 163 674 nibus
177 630 211 673 ac
231 616 351 689 jejuniis
371 633 430 674 sese
444 621 480 676 ad
504 621 712 691 penitudinem
727 623 789 693 ipso
805 623 925 695 iubente
978 629 1103 697 quitates
1128 626 1269 693 habuerit,
1299 624 1336 680 ad
1359 638 1447 694 quem
1474 622 1603 680 translati
1630 623 1688 678 Deo
1711 630 1827 680 auctore

73 705 223 776 depressit.
249 706 315 763 Haeo
338 707 373 764 de
401 707 441 785 iis,
457 723 524 780 quae
552 709 581 765 in
603 713 775 769 monasterio
803 713 922 770 viderim
977 727 1089 781 sumus,
1103 713 1221 770 alterius
1235 713 1324 769 libelli
1342 712 1422 768 initio
1438 712 1623 785 attingamus.

653 1012 853 1100 LIBER
881 1013 1243 1102 SECUNDUS.

333 1222 433 1269 thim
456 1225 495 1268 ET
518 1224 714 1273 ruocussstts
736 1227 877 1273 ABBATIAE
900 1229 930 1273 Β.
952 1229 1060 1274 MARIAE
1084 1230 1124 1274 ΒΕ
1146 1229 1328 1275 hoviuuttto
1353 1230 1566 1278 aeneadarum

360 1509 476 1568 CAPUT
497 1511 649 1570 PRIMUM.
945 1514 1047 1574 Bdelis
1074 1515 1194 1584 invidia,
1210 1523 1238 1573 et
1263 1530 1331 1572 cum
1349 1516 1385 1572 de
1412 1517 1482 1587 ipsis
1502 1518 1614 1575 cunctis
1636 1533 1706 1588 pene
1729 1519 1828 1591 peiora

110 1597 160 1670 (θ’)
185 1599 313 1656 Vocatur
331 1600 473 1671 siquidem
493 1600 925 1674 Novigentumlvulgollogent-
979 1605 1148 1662 mortalibus
1171 1605 1358 1673 cantitentur,
1383 1605 1533 1663 dementiae
1560 1607 1757 1665 arbitrabatur
1779 1623 1828 1665 ex·

71 1688 258 1760 sote-coucy).
275 1687 328 1756 Qui
352 1697 496 1760 quantum
522 1690 559 1747 ad
587 1690 793 1749 habitationem
814 1699 923 1763 spectat
980 1699 1077 1749 tremas
1105 1693 1130 1749 si
1154 1694 1259 1750 talibus
1280 1701 1373 1762 terrae,
1406 1695 1514 1752 nedum
1537 1697 1674 1753 coelorum
1699 1696 1826 1770 regimen

75 1776 260 1833 monasticam
286 1791 398 1848 novrrs3
422 1785 566 1848 qnantum
590 1793 658 1836 vero
677 1780 715 1836 ad
733 1795 820 1838 usum
840 1796 926 1839 saecu·
979 1781 1151 1838 ascribatur.
1177 1783 1213 1838 Et
1227 1782 1293 1853 quis
1307 1796 1355 1839 eos
1369 1783 1405 1838 ad
1419 1797 1546 1854 superna
1573 1785 1748 1855 disponenda
1772 1792 1828 1842 tra-

73 1864 162 1922 larem
203 1864 395 1922 vetustissime
428 1866 534 1923 cultus.
570 1865 661 1934 Quam
691 1868 865 1938 'opinionem
900 1870 924 1926 si
978 1864 1075 1930 ducat,
1101 1880 1227 1936 quorum
1243 1867 1391 1936 quondam
1406 1867 1570 1924 miseranda
1588 1869 1714 1938 potentia
1733 1877 1827 1927 terra-

73 1953 156 2009 nulla
177 1952 306 2010 litteralis
330 1955 446 2027 juvaret
466 1954 591 2022 traditio,
616 1960 779 2026 suppeteret
800 1958 924 2029 prolecto
978 1967 1045 2010 rum
1074 1953 1231 2025 particulas
1253 1955 1473 2026 qualescunque
1502 1955 1564 2013 sine
1586 1956 1661 2027 turpi
1690 1958 1827 2014 commis·

73 2040 183 2098 aliatim
198 2041 362 2114 peregrina,
375 2050 402 2099 ot
416 2058 485 2113 non,
497 2051 644 2114 putamus,
658 2045 814 2101 Christiani
828 2047 925 2103 nomi·
978 2042 1058 2099 sione
1072 2050 1168 2100 tenere
1183 2057 1240 2101 non
1256 2043 1385 2115 poterat?

73 2130 120 2186 nis
151 2130 372 2201 sepulchrorum
407 2132 525 2188 inventa
556 2134 710 2190 contextio.
742 2134 824 2191 circa
847 2135 922 2192 enim
1014 2133 1128 2189 Coetesti
1155 2133 1257 2188 lumine
1285 2133 1453 2188 illustratur.
1488 2161 1511 2174 -
1541 2133 1608 2189 Hac
1635 2133 1719 2191 homo
1747 2133 1827 2191 simi·

74 2218 175 2290 ipsam,
201 2226 229 2276 et
251 2219 282 2276 in
306 2220 367 2289 ipsa
391 2220 508 2278 basilica
539 2229 648 2278 tantam
677 2224 923 2296 sarcophagorum
978 2220 1076 2292 liaque
1098 2222 1258 2289 revolvens,
1275 2221 1400 2278 exclusis
1420 2222 1537 2278 acorde
1565 2222 1694 2279 inanium
1706 2223 1777 2294 jam,
1794 2230 1827 2280 ut

73 2308 187 2379 copiam
203 2309 355 2380 conjunxit
370 2309 539 2380 antiquitas,
556 2310 584 2366 in
600 2311 720 2367 multam
736 2312 789 2369 loci
806 2313 925 2370 lamosi-
978 2309 1109 2380 putabat,
1125 2310 1280 2367 numinum
1297 2309 1483 2382 imaginibus,
1500 2311 1536 2367 ad
1550 2325 1641 2367 unum
1664 2311 1827 2382 incompre-

74 2404 162 2454 tatem
187 2404 336 2468 tantopere
351 2399 481 2468 expetiti,
497 2399 673 2456 cadaverum
693 2400 763 2457 inibi
782 2410 925 2475 congesto-
978 2398 1158 2466 bensibilem,
1173 2413 1260 2469 quem
1276 2398 1338 2455 sine
1357 2398 1448 2455 torma
1462 2398 1516 2455 coli
1532 2406 1670 2468 oporteat,
1692 2399 1742 2470 qui
1765 2413 1825 2456 nm-

76 2500 144 2542 rum
171 2487 351 2543 commendat
378 2487 514 2543 infinitas.
538 2487 610 2555 Quia
631 2488 707 2546 enim
731 2503 789 2548 non
811 2492 841 2548 in
869 2506 926 2548 mo
978 2487 1028 2543 nia
1050 2502 1128 2544 nnus
1143 2500 1202 2544 una
1225 2487 1379 2543 concordia
1401 2486 1593 2555 administrat,
1619 2488 1704 2559 cujus
1729 2487 1827 2544 invisi-

73 2589 135 2632 rem
164 2581 329 2632 nostrorum
353 2575 424 2633 ordo
454 2576 617 2647 disponitur
642 2578 850 2649 sepulcrorum,
875 2580 924 2638 sed
978 2575 1053 2651 bilia
1070 2590 1120 2646 per
1138 2591 1172 2633 oa
1188 2590 1254 2647 quae
1269 2575 1344 2631 lacta
1366 2583 1435 2632 sunt
1455 2575 1517 2647 jam
1542 2576 1684 2633 intellecta
1705 2590 1826 2647 conspe-

73 2664 237 2722 oirculatim
275 2664 305 2721 in
338 2665 456 2721 modum
493 2666 606 2723 corolla
640 2667 806 2737 sepulcrum
837 2668 925 2724 unius
978 2671 1061 2720 xerat
1088 2666 1175 2734 (Rom.
1196 2680 1214 2732 1,
1235 2663 1602 2736 20)oolendnmsevertit.
1618 2665 1771 2737 (Inmergo
1796 2665 1825 2721 in

74 2753 167 2809 multa
199 2754 342 2816 ambiunt,
378 2753 405 2810 in
433 2754 542 2825 quibus
574 2756 708 2826 quaedam
739 2756 926 2827 reperiuntur
978 2751 1024 2808 bis
1040 2751 1160 2810 utilibus
1180 2753 1359 2825 argumentis
1382 2752 1437 2809 sub
1464 2753 1827 2823 quibusdamtameuhae·

73 2854 156 2907 vasa,
177 2856 302 2912 quorum
319 2856 436 2900 causam
453 2843 584 2901 nesciunt
604 2844 769 2901 Christiana
784 2852 923 2916 tempora.
945 2820 1077 2899 Csitaret
1098 2841 1280 2914 ambagibus,
1299 2842 1384 2908 Deus,
1401 2841 1452 2912 qui
1474 2841 1620 2899 benevolis
1639 2841 1758 2899 meliora
1778 2843 1827 2898 de·

74 2929 138 2987 Non
152 2944 306 3001 possumus
326 2931 405 2988 aliud
420 2932 535 2989 credere
549 2932 603 2989 nisi
619 2933 697 3003 quod
718 2932 837 2991 luerunt
853 2948 926 3006 gen·
979 2930 1079 2997 clarat,
1105 2930 1250 2987 bominem
1273 2929 1353 2987 hunc
1376 2929 1481 2986 coelesti
1503 2930 1591 2986 missa
1613 2929 1734 2987 adeum
1759 2944 1827 2987 voce

76 3018 160 3086 tium,
176 3027 227 3077 aut
238 3021 440 3091 antiquissima
452 3025 526 3076 488
541 3021 779 3090 Christianorum,
791 3022 840 3078 sed
851 3022 926 3079 lacta
979 3018 1112 3076 sollicitat
1131 3019 1172 3075 uti
1192 3019 1418 3089 Hierosolymam
1435 3032 1531 3088 usque
1554 3019 1698 3088 procedat,
1723 3018 1763 3076 ibi
1777 3033 1828 3076 au·

76 3108 178 3178 gentili
194 3122 280 3164 more.
296 3108 433 3177 Quaedam
456 3116 552 3165 autem
567 3119 636 3167 sunt
651 3110 679 3166 in
695 3112 793 3168 eadem
806 3110 927 3168 ecclesia
979 3107 1095 3164 diturus
1118 3108 1188 3179 quid
1212 3108 1247 3164 de
1269 3109 1327 3164 Deo
1351 3107 1450 3163 sentiri
1475 3105 1582 3174 deceat,
1599 3106 1724 3178 qualiter
1737 3121 1754 3163 a
1769 3108 1826 3163 beo

75 3196 177 3253 litterae
192 3204 281 3254 metro
296 3198 468 3268 compositae,
486 3198 593 3269 quibus
614 3213 667 3271 ego
686 3199 767 3256 nulla
781 3200 926 3269 adniterer
979 3195 1028 3252 Ilei
1042 3196 1141 3253 exiens
1156 3196 1245 3254 Filius
1270 3197 1344 3253 inter
1368 3196 1498 3253 homines
1515 3210 1565 3268 pro
1583 3195 1749 3253 hominibus
1766 3208 1827 3252 sese

75 3287 254 3352 auctoritate,
270 3286 325 3343 nisi
341 3287 486 3357 quaedam,
506 3302 573 3358 qnae
589 3288 748 3359 plurimum
760 3302 860 3345 eorum
875 3302 925 3345 ro-
978 3285 1122 3353 babnerit,
1139 3285 1210 3357 quid
1235 3285 1412 3356 perierando,
1434 3293 1484 3341 aut
1499 3284 1569 3356 quid
1584 3285 1740 3353 devenerit,
1754 3298 1826 3356 quos

76 3375 181 3431 borant
199 3375 294 3443 iidem,
317 3376 443 3432 viderem
468 3376 610 3448 hodieque
633 3384 772 3434 constare.
790 3377 859 3445 Qua
879 3376 925 3434 bi·
977 3373 1068 3431 divini
1083 3375 1208 3431 nominis
1228 3373 1410 3444 exemplandi
1425 3373 1550 3430 vicarios
1563 3379 1624 3442 post
1646 3387 1676 3429 se
1698 3372 1827 3442 relique-

74 3463 164 3520 storia
177 3463 218 3520 sie
232 3478 262 3520 se
285 3464 392 3522 habere
413 3465 574 3521 secundum
600 3466 752 3536 scripture
774 3467 862 3538 hujus
878 3479 925 3522 se-
979 3462 1029 3533 rit;
1045 3477 1164 3534 quosve,
1180 3477 1246 3519 cum
1259 3475 1289 3518 se
1305 3461 1351 3518 illo
1362 3461 1551 3522 transtulerit.
1567 3468 1714 3518 tantorum
1726 3467 1827 3530 myste-

74 3553 148 3609 riem
164 3552 288 3609 traditur
304 3567 310 3608 :
978 3550 1088 3607 riorum
1104 3549 1219 3606 indices.
1237 3550 1355 3606 blatrem
1371 3549 1502 3606 videlicet
1515 3562 1582 3605 cum
1599 3548 1735 3605 universo
1756 3561 1826 3618 apo-

113 3637 162 3711 (⁸³)
176 3643 250 3696 Mira
264 3641 297 3696 de
314 3656 376 3711 rege
401 3641 645 3699 Brito-Senonum.
663 3672 697 3683 —
712 3642 798 3712 Apud
819 3641 925 3714 hagios
977 3639 1084 3701 stolatu
1099 3645 1269 3709 reperturus
1283 3637 1329 3694 sit.

74 3735 143 3785 ante
157 3729 299 3787 incarnati
311 3729 398 3788 Verbi
415 3729 445 3786 in
462 3730 566 3787 ooelum
582 3730 816 3801 assumptionem,
829 3743 925 3802 regem
1015 3729 1138 3796 mgnum
1165 3727 1286 3783 abdicet.
1317 3727 1464 3794 Navigenti
1490 3726 1654 3794 hospitatur.
1683 3726 1827 3794 Nooigeati

74 3817 233 3888 quemdam
248 3818 390 3875 exstitisse
409 3818 505 3887 relert,
529 3819 580 3891 qui
604 3819 722 3890 quidem
746 3833 803 3876 non
826 3818 924 3890 Angli,
978 3817 1184 3887 descriptio-
1207 3814 1300 3887 igitur
1323 3814 1442 3870 resilio
1468 3813 1661 3881 Britannicus,
1687 3812 1774 3869 rebus
1798 3820 1827 3870 et

75 3906 154 3977 quod
170 3906 274 3964 novius
296 3921 401 3964 nemen
421 3915 473 3976 est,
496 3908 655 3978 aquadam
672 3914 751 3978 parte
765 3907 924 3976 Saxonum,
977 3920 1068 3978 regno
1091 3905 1199 3976 positis,
1224 3903 1374 3961 enuntiato
1397 3902 1450 3960 sibi
1473 3902 1538 3959 ddel
1561 3903 1688 3968 oraculo,
1713 3901 1749 3957 ad
1774 3915 1825 3958 ex·

75 3994 130 4065 qui
143 3995 204 4051 illas
221 3997 403 4067 postmodum
418 4003 599 4068 usurparunt
614 4006 714 4065 terras,
731 3998 778 4054 sed
795 3997 925 4054 Britones
978 3994 1112 4065 perienda
1138 4008 1204 4066 quae
1236 3992 1376 4049 didicerat
1403 4004 1557 4063 properare
1582 3990 1741 4061 proposuit.
1771 3991 1825 4046 be

75 4083 114 4139 ab
129 4084 249 4154 antiquo
265 4091 417 4140 vocantur.
434 4085 467 4140 ln
483 4085 544 4155 ipsa
558 4099 627 4157 ergo
645 4085 804 4153 Britannia,
819 4083 924 4142 Oceani
943 4090 1053 4180 1)serta
1082 4082 1179 4153 itaque
1213 4080 1316 4152 patria,
1344 4088 1372 4137 et
1398 4080 1488 4137 classe
1516 4086 1626 4150 parata,
1655 4078 1825 4150 contiguum

75 4171 208 4228 videlicet
226 4171 332 4240 insula,
353 4186 404 4228 rex
418 4171 496 4244 {idean
519 4173 614 4230 luerat
630 4173 730 4231 litteris
749 4173 867 4243 poeticis
890 4187 924 4228 ac
979 4179 1097 4229 tranans
1110 4184 1219 4242 aipuor,
1232 4170 1400 4227 transmisso
1415 4170 1586 4240 oppidorum
1600 4167 1725 4239 plurimo
1734 4180 1769 4223 ac
1780 4181 1826 4223 ur·

75 4259 280 4331 philosophicis
296 4261 442 4318 uberrime
456 4261 558 4332 tultus,
573 4270 601 4319 et
615 4263 650 4319 ad
673 4263 734 4320 haec
753 4263 924 4319 naturaliter
977 4261 1056 4319 bium
1085 4259 1249 4325 interstitio,
1272 4258 1429 4329 provincie
1450 4258 1653 4315 laudunensis
1675 4256 1770 4328 attigit
1787 4255 1825 4313 li-

75 4347 129 4404 sibi
155 4347 238 4405 insita
269 4349 394 4407 bonitate
425 4351 461 4406 ad
486 4350 689 4408 misericordiae
716 4366 803 4423 opera
830 4351 922 4408 lusus.
977 4350 1084 4407 mitem.
1103 4349 1175 4406 Ruri
1189 4348 1278 4421 igitur
1293 4348 1373 4419 quod
1392 4347 1668 4418 praenominavimus
1681 4345 1825 4417 Norigen·

75 4435 208 4508 Cumque
226 4451 323 4509 egenae
347 4439 448 4496 manni
463 4441 527 4496 ‘uon
543 4439 603 4508 bei,
620 4455 706 4512 quem
729 4441 826 4498 adhuc
840 4440 924 4511 iguo-
979 4447 1051 4507 tnm,
1077 4437 1234 4509 hospitium
1254 4436 1366 4507 appulit
1380 4436 1545 4492 sortiturus.
1571 4437 1619 4491 list
1634 4441 1730 4491 autem
1745 4433 1825 4490 locus

75 4525 169 4592 rabat,
194 4526 309 4591 intuitu,
325 4527 374 4583 sed
389 4527 580 4584 humanitatis
599 4528 722 4596 eximia,
744 4542 803 4599 qua
818 4527 922 4586 alhue·
978 4525 1025 4583 illo
1048 4526 1103 4582 sub
1133 4525 1257 4594 castello,
1286 4525 1335 4596 qui
1362 4523 1501 4580 Codiacns
1525 4523 1625 4594 (vulgo
1650 4522 1749 4591 decep)
1772 4533 1825 4590 ap-

74 4613 135 4681 bat,
152 4613 290 4683 impulsu,
306 4614 444 4686 dapsilem
461 4629 490 4672 se
508 4615 657 4685 preberet,
673 4616 794 4687 dignum
815 4616 870 4672 luit
891 4623 924 4673 nt
976 4614 1109 4686 pellatur,
1124 4628 1199 4671 novo
1213 4613 1330 4685 quidem
1347 4620 1374 4670 et
1389 4626 1406 4668 a
1421 4611 1547 4677 rusticis,
1568 4618 1600 4667 nt
1616 4611 1720 4678 lerunt,
1742 4616 1825 4666 terrra

75 4703 131 4775 piae
152 4709 264 4759 nature
287 4689 422 4761 exercitio
447 4703 577 4761 clarioris
596 4703 792 4776 intelligentiae
816 4719 924 4763 munus
978 4703 1078 4775 hujus,
1092 4701 1175 4759 valde
1184 4702 1316 4772 superbis
1328 4708 1357 4758 et
1376 4700 1494 4769 ditibus,
1509 4707 1624 4770 propter
1639 4705 1824 4756 externorum

74 4791 231 4849 accederet.
268 4790 360 4863 Coepit
386 4792 462 4849 eninr
491 4792 685 4850 disertissimis
708 4793 785 4863 apud
807 4808 837 4851 se
858 4807 925 4850 eon·
978 4792 1114 4848 incursus
1133 4791 1283 4847 adilioato.
1310 4788 1357 4861 (⁸⁶)
1381 4788 1493 4846 castelli
1518 4803 1587 4860 ergo
1609 4787 1690 4844 nulla
1708 4786 1826 4844 omnino

71 4881 194 4954 jecturis
217 4882 378 4939 discurrere
401 4881 472 4953 quid
499 4883 573 4939 inter
596 4889 637 4939 tot
660 4881 779 4939 deorum
803 4895 923 4938 suorum
978 4879 1148 4950 antiquitas.
1179 4879 1270 4935 boens
1286 4878 1342 4946 ille,
1364 4877 1400 4934 de
1423 4876 1620 4948 quoagimns,
1638 4882 1826 4945 tunctempo

72 4969 215 5028 lormulas
242 4972 311 5028 certi
342 4972 471 5029 numinis
499 4984 614 5043 sperare
642 4971 767 5028 deberet.
800 4971 925 5028 Pensans
977 4969 1019 5025 ris
1033 4967 1222 5026 venationum
1240 4967 1383 5024 tenacibus
1403 4964 1585 5023 ambiebatur
1599 4963 1688 5032 silvis,
1705 4960 1752 5035 (θ’)
1766 4963 1825 5020 liu·

73 5058 152 5117 enim
175 5060 353 5130 quaenamin
378 5061 575 5117 moderatione
592 5060 654 5117 eoeli
669 5067 698 5116 et
716 5065 925 5130 terrapoterat
978 5057 1025 5114 vio
1051 5071 1138 5128 quem
1166 5069 1254 5126 supra
1283 5055 1412 5111 diximus
1436 5054 1542 5124 Aquila
1567 5052 1673 5110 utiliori
1699 5051 1826 5108 manime

74 5149 152 5206 inter
178 5162 227 5204 eos
251 5162 311 5205 esse
335 5148 498 5217 concordia,
522 5162 590 5205 eum
617 5147 646 5203 in
674 5147 827 5220 coniugiis,
854 5149 922 5205 dum
979 5159 1067 5218 quam
1083 5145 1202 5217 majori3
1219 5157 1286 5200 nam
1302 5143 1464 5201 celebrioris
1485 5141 1609 5199 nominis
1623 5140 1717 5198 undas
1731 5141 1825 5210 pisco-

74 5235 256 5302 adviverent,
290 5235 351 5292 suis
377 5235 465 5293 luerit
497 5242 525 5293 et
548 5235 701 5305 impuritas
731 5248 766 5293 so
794 5235 926 5293 simultas
978 5237 1062 5293 sitate
1094 5248 1234 5305 superans
1261 5232 1419 5297 uberrima,
1453 5231 1526 5287 alvei
1558 5230 1604 5287 sni
1636 5242 1825 5301 nequaquam

75 5321 211 5394 indubia3
234 5330 262 5380 et
285 5323 314 5379 in
336 5323 471 5380 dominiis
495 5330 637 5380 terrarum
651 5337 782 5392 suarum,
799 5322 924 5381 illiorum
978 5330 1076 5381 meatu
1109 5322 1303 5390 concluditur,
1340 5327 1506 5378 ceterorum
1542 5319 1634 5377 instar
1659 5318 1824 5387 huminum,

75 5415 107 5472 in
132 5421 236 5485 patres,
254 5419 369 5484 patrum
388 5413 419 5470 in
446 5411 519 5470 lilios
539 5426 632 5484 nsque
655 5413 691 5470 ad
709 5412 848 5471 vicariam
874 5421 926 5472 ant
978 5413 1026 5472 ssd
1062 5425 1207 5485 aquarum
1244 5417 1397 5483 stagnante
1428 5409 1510 5480 copia
1537 5409 1715 5468 vivariorum
1748 5422 1827 5466 moro

74 5499 273 5559 exclusionem
297 5506 350 5559 aut
377 5506 498 5558 mortem
517 5498 643 5572 patuerit
667 5497 740 5557 inter
758 5499 835 5572 ipsos
855 5514 927 5559 eru·
980 5499 1172 5572 protenditur.
1199 5497 1339 5556 Montium
1359 5496 1427 5554 binc
1449 5494 1515 5553 inde
1533 5492 1760 5567 prominentium
1779 5492 1828 5551 vi-
