3818 6008
545 83 723 169 33344434
742 112 778 170 43
796 114 949 171 cannam
970 117 1035 173 443.
1050 117 1121 174 vnr.

1656 128 1709 184 2³8

57 239 138 301 ralia,
165 254 215 310 per
239 240 443 310 correptionem
468 254 484 295 a
503 249 607 297 nostrae
630 240 811 299 discretionis
829 246 893 301 Act
909 247 1009 314 443334,
1027 250 1076 319 qui
1093 251 1217 307 Trinitas
1231 259 1282 319 est,
1301 253 1467 310 medullitus
1479 270 1561 311 nosse
1577 271 1709 326 quaerens

60 329 138 401 quod
154 329 250 399 puniri
267 328 368 385 debeat
381 344 437 385 non
454 329 609 386 iuvenitur.

57 432 81 473 s.
105 420 149 487 344,
176 420 220 472 37.
249 448 285 460 -
316 421 482 487 tremensque
505 419 596 481 Jacob,
625 435 685 474 cum
712 421 806 488 jurgio

56 509 127 570 ptam
144 507 175 560 ob
199 509 305 576 culpam
323 523 411 562 meum
431 512 456 561 et
470 506 502 560 ob
523 508 596 575 qnod
613 513 753 577 peccatum
768 512 806 564 sic

56 597 90 648 sti
109 600 169 663 post
194 611 244 660 me,
267 599 292 648 ct
314 601 453 650 scrutatus
475 611 502 650 es
525 611 628 650 omnem
654 599 806 667 supeltecti-

56 683 152 737 reom?
191 684 262 749 Quid
297 686 427 738 invenisti
460 685 492 738 de
519 690 616 739 cuncta
651 686 808 744 substantie

75 771 151 827 tuac?
166 775 236 827 Pone
255 774 299 828 liic
323 789 412 827 eornm
436 775 574 840 frutribus
597 776 662 829 meis
686 781 712 830 et
735 779 805 841 4343.

56 864 124 915 irent
143 864 215 915 inter
239 878 279 916 ine
294 867 319 915 et
343 867 376 916 te.
394 862 466 918 Cum
490 863 618 919 humana
643 878 723 919 mens
749 873 805 922 tam

58 958 84 1006 te
100 951 303 1006 conscientiam
318 960 448 1020 oportere
462 950 564 1008 discuti
582 960 683 1021 pensat
698 953 807 1023 grande

56 1035 161 1106 sapud
186 1051 215 1093 se
240 1037 385 1093 lastidium
408 1037 519 1104 tolerat,
544 1038 621 1094 unde
643 1043 756 1105 tumens,
779 1048 808 1097 et

862 335 1021 392 carnalium
1046 344 1244 408 tempestatum
1263 342 1344 408 mole,
1367 343 1452 398 etiam
1474 344 1510 400 ab
1534 358 1583 415 spe
1600 359 1709 402 merce-

861 423 947 478 disin
965 425 1094 481 timorem
1112 443 1202 496 prenae
1219 431 1407 487 convertitur.

897 511 981 568 Vnus
1008 514 1051 567 42.
1068 546 1102 553 —
1119 518 1180 572 Nisi
1197 519 1268 572 lletts
1281 521 1373 587 pratris
1387 522 1441 573 mei
1456 520 1607 589 Abraham,
1625 521 1710 580 idest
1734 529 1737 532 ’

861 601 954 669 Deris,
973 602 1023 672 qui
1051 605 1182 672 praesidet
1201 606 1303 662 rationi
1330 622 1398 663 meae
1414 609 1597 665 cohibuisset.
1615 612 1709 666 Atra-

861 688 924 742 bum
939 690 1025 758 enirn,
1051 699 1129 760 proter
1143 694 1236 748 ridens
1257 698 1389 764 poputum
1405 697 1517 763 dicitur,
1537 707 1565 754 et
1588 699 1711 756 intellec-

861 778 919 833 ctui
935 785 1051 847 paterne
1077 781 1225 850 providere
1241 784 1328 854 uulgo
1343 786 1548 855 cogitationum
1571 788 1710 856 pertinere

862 867 973 936 proprie
988 868 1093 935 scitur3
1109 874 1134 922 et
1149 870 1329 933 timorisque,
1346 873 1374 927 44
1389 881 1430 929 334
1448 875 1532 930 timor
1548 875 1710 933 amissionis

861 955 959 1026 gaudii
975 957 1084 1012 mterni.
1112 958 1192 1014 Isaac
1215 959 1291 1015 euim
1317 960 1423 1017 dicitur
1440 965 1512 1018 risos
1535 962 1655 1020 forsitan
1672 965 1708 1021 oh

862 1051 901 1099 tot
927 1043 1118 1101 difficultates.
1143 1047 1288 1114 Obnban,
1317 1048 1345 1104 id
1367 1059 1408 1105 est
1430 1051 1551 1108 caelestis
1576 1053 1707 1122 claritas,

64 1123 223 1180 turihuuda
245 1124 366 1180 interius
390 1126 503 1181 clamat.
531 1125 614 1192 Quae,
636 1127 689 1193 ait,
714 1127 806 1197 culpm

861 1147 926 1203 quae
942 1147 1000 1202 quo
1015 1134 1139 1204 amplius
1153 1149 1170 1190 a
1186 1149 1230 1191 me
1246 1137 1399 1206 quaeritur,
1418 1145 1495 1195 tanto
1512 1143 1603 1211 magis
1619 1139 1711 1197 dilier·

58 1226 90 1268 33
122 1212 233 1283 exigit,
268 1221 300 1269 ut
335 1221 412 1270 tanto
443 1213 501 1269 zelo
528 1229 573 1269 me
610 1213 804 1285 insequendo,

862 1227 918 1288 tur,
936 1221 1047 1277 nudum
1071 1237 1190 1292 prorsus
1214 1232 1240 1279 et
1255 1225 1387 1295 impotem
1410 1227 1528 1297 justitiae
1553 1229 1710 1286 dimisisses

56 1300 167 1356 ritualis
198 1300 357 1371 diligentia,
384 1300 531 1370 efferveas,
569 1311 596 1359 et
619 1311 690 1359 totos
715 1304 805 1359 animi
863 1308 890 1362 43
915 1309 1055 1376 libidines,
1082 1311 1310 1382 quiliuscorpus
1333 1313 1711 1384 allicitur.Astiictionemet

56 1404 85 1446 rs
105 1390 218 1446 rimeris
237 1398 264 1445 et
279 1391 419 1460 colligas?
435 1391 508 1457 Quid
520 1394 649 1446 invertisti
663 1407 747 1462 penes
761 1407 805 1449 me
861 1397 978 1452 laborem
1001 1414 1140 1464 murittum,
1169 1401 1194 1454 id
1220 1409 1260 1456 334
1282 1416 1401 1471 operum
1427 1418 1566 1472 meorum,
1591 1410 1710 1475 respexit

56 1482 178 1547 3433443,
197 1479 225 1534 44
248 1487 289 1535 334
303 1480 336 1535 43
357 1480 401 1535 his
424 1481 558 1537 omnibus
579 1481 804 1549 terrenitatibus,
862 1488 942 1543 44333.
968 1485 1022 1540 sub
1041 1500 1100 1556 qua
1124 1487 1264 1544 titulorum
1288 1489 1394 1545 tribula
1419 1489 1480 1546 haec
1504 1493 1615 1548 tantilla
1635 1494 1710 1549 bona

56 1566 139 1624 terlio
163 1568 295 1623 substare
319 1576 345 1624 ot
361 1568 477 1624 subesse
498 1569 600 1624 4443344
623 1569 720 1625 434444
739 1577 804 1638 tuae,
827 1542 979 1644 Bo'perer3
996 1580 1020 1628 el
1044 1578 1136 1642 orguil
1161 1581 1185 1630 te
1200 1578 1268 1642 heri,
1290 1576 1316 1632 id
1332 1585 1373 1633 est
1397 1580 1577 1649 argumentis
1591 1581 1710 1637 eviden-

87 1664 207 1712 tuorum
241 1657 448 1713 conscientiae?
479 1657 606 1714 Ponatur
639 1658 668 1714 in
698 1658 806 1729 jndicio
861 1661 939 1718 tibus
956 1663 1105 1732 praeterita
1126 1664 1313 1720 humanitatis
1336 1666 1385 1721 tibi
1402 1668 1525 1723 ostendit
1540 1683 1629 1739 quam
1651 1669 1710 1726 cle-

56 1761 62 1801 t
85 1753 141 1802 tuae
165 1753 192 1801 et
221 1745 355 1801 hnmanae
382 1746 501 1802 rationis
527 1761 609 1815 4333,
633 1755 660 1802 34
684 1747 807 1817 prolecto
861 1749 998 1805 muntiant
1015 1751 1117 1806 debeas
1136 1751 1246 1822 hisqui
1267 1753 1476 1823 periclitantur,
1493 1765 1606 1813 conatu
1623 1765 1709 1827 portu

56 1831 413 1902 eairrrmuuitatepeccati.
862 1835 970 1905 potiare
994 1835 1105 1891 salutis.
1133 1838 1196 1892 lieri
1221 1845 1317 1894 autem
1345 1853 1396 1909 pro
1416 1844 1554 1908 praeterito
1579 1844 1707 1912 ponitur.

56 1965 60 1974 .
86 1923 130 1976 38.
156 1951 190 1959 -
219 1923 326 1989 Viginti
352 1924 432 1976 narnis
456 1925 502 1989 sui
530 1929 634 1989 tecum,
660 1923 687 1978 id
713 1930 754 1979 est
780 1931 807 1980 et
862 1923 1626 1997 llinclsataspreparatcesiconem·Taptertztlsata.
1643 1946 1711 2000 xxx,

58 2022 109 2065 um
132 2008 320 2078 plenitudinis
341 2009 413 2080 legis
434 2010 462 2065 in
487 2019 588 2072 mente,
610 2019 637 2068 et
655 2010 806 2068 denarium
862 2013 918 2080 33).
935 2011 1000 2066 llaec
1015 2012 1158 2081 praecipuo
1175 2020 1305 2084 aguntur
1319 2013 1349 2069 in
1364 2016 1546 2086 couscientia,
1563 2033 1630 2074 eum
1644 2032 1711 2074 san·

56 2110 99 2152 rm
124 2097 153 2152 id
181 2103 223 2153 est
247 2112 391 2153 annorum
416 2099 608 2168 perlectionis,
635 2101 731 2156 haban
754 2115 807 2156 su·
862 2106 920 2154 ctos
933 2098 1067 2154 ardenter
1080 2099 1248 2168 expetimus,
1264 2107 1291 2155 et
1312 2100 1392 2156 tarde
1406 2101 1542 2171 opitulari
1559 2105 1709 2161 sentimus.

67 2185 187 2242 candori
211 2186 324 2241 servavi
351 2193 421 2241 135
445 2187 472 2242 44
497 2202 592 2258 opere,
615 2204 675 2243 oves
697 2188 805 2259 simpli·
897 2187 982 2243 Vnus.
1005 2188 1048 2242 43.
1069 2217 1098 2226 -
1112 2188 1192 2241 Filiae
1207 2191 1232 2240 et
1251 2190 1313 2256 tilii,
1329 2188 1370 2243 ait
1385 2189 1493 2256 Labau,
1510 2196 1535 2245 et
1547 2207 1640 2261 greges
1656 2196 1708 2260 tui,

57 2272 275 2340 beneficiorum,
296 2282 324 2329 et
342 2291 431 2344 caprae
455 2276 728 2347 contemplationum
751 2283 806 2331 ste·
861 2282 886 2330 et
899 2279 989 2330 omnia
1010 2291 1068 2345 qnae
1084 2277 1180 2343 cereris,
1205 2292 1264 2330 meo
1279 2282 1351 2331 sent.
1378 2277 1418 2333 ho
1439 2277 1462 2332 si
1482 2280 1640 2336 Jerusalem
1659 2295 1708 2336 su·

56 2362 182 2419 structu
211 2376 261 2432 per
290 2362 464 2433 hypocrisim
489 2380 542 2418 non
567 2368 662 2432 foere,
688 2368 805 2427 arietes.
863 2379 951 2434 perna
974 2364 1120 2434 loquatur.
1146 2365 1272 2420 lulirmae
1287 2373 1314 2420 ct
1330 2365 1415 2420 lortes
1441 2367 1543 2423 animae
1560 2368 1588 2422 in
1613 2369 1709 2426 Eccle-

56 2450 121 2519 eles,
149 2450 254 2507 scilicet
269 2459 375 2519 motus,
401 2459 540 2523 tanquam
556 2467 676 2525 gregum
700 2455 807 2525 cogita·
862 2453 903 2507 344
926 2467 977 2508 334
999 2460 1122 2508 43343433
1147 2452 1190 2509 vel
1218 2453 1336 2524 regendi
1357 2462 1451 2510 motus
1478 2454 1505 2509 in
1536 2456 1710 2511 conscientia

56 2540 174 2596 nduces
191 2539 219 2594 in
242 2541 406 2610 memetipso
422 2554 474 2611 per
496 2541 632 2598 vitiorum
656 2543 807 2599 admissio·
861 2545 888 2593 et
911 2538 1116 2608 cogitationum
1143 2541 1171 2595 in
1197 2540 1287 2596 imum
1314 2551 1412 2598 coacta
1436 2544 1593 2615 congeries¹
1618 2545 1707 2614 etsi,

56 2643 108 2685 non
126 2628 288 2697 consumpsi
306 2629 402 2700 (Vnus.
426 2631 471 2701 39)
486 2647 533 2685 nec
555 2637 665 2701 coptum
679 2648 696 2686 3
712 2633 806 2700 bestia,
862 2640 921 2697 qua
934 2630 1001 2682 sunt
1022 2642 1087 2698 cquae
1105 2644 1190 2699 penes
1203 2637 1229 2686 te
1244 2631 1331 2700 proba
1355 2632 1520 2698 intenderis,
1541 2648 1577 2689 ex
1593 2633 1663 2689 meis
1675 2647 1709 2690 33

80 2716 225 2787 direptum
248 2733 265 2774 a
285 2717 398 2773 diabolo
423 2718 544 2775 interius
569 2720 677 2776 bonum
702 2719 808 2776 sanctis
862 2714 1000 2784 exemplis
1026 2716 1114 2773 babes
1136 2725 1163 2773 et
1184 2718 1330 2775 doctrinis.
1353 2719 1425 2786 Quid
1446 2736 1556 2790 possum
1570 2725 1660 2789 secere
1673 2726 1709 2792 p-

56 2803 139 2862 slihet
163 2821 219 2862 non
243 2806 293 2863 teci
316 2807 450 2863 ostentui.
475 2807 555 2863 Unde
580 2796 710 2864 Psaluius
726 2823 732 2864 :
748 2811 808 2865 Non
826 2841 846 2897 c
863 2805 908 2858 lits
924 2809 949 2858 et
962 2806 1103 2874 nepotibus
1123 2807 1211 2861 meis?
1235 2806 1315 2873 Quod
1329 2815 1370 2863 334
1388 2823 1393 2861 :
1409 2808 1459 2863 llis
1473 2824 1546 2880 quos
1561 2811 1596 2866 ad
1613 2811 1707 2881 fldem,

56 2894 166 2950 3433433
187 2911 270 2967 snper
291 2912 332 2950 me
356 2898 405 2967 qui
426 2901 551 2967 qnaemrnt
566 2902 598 2964 te,
628 2899 698 2952 Deus
720 2897 807 2952 Isrirct

81 2997 180 3053 cxviii,
216 2987 254 3050 at.
284 2986 342 3053 Ego
377 2985 507 3039 damnum
542 3000 617 3039 omne
651 2984 804 3049 reddebam,

57 3072 169 3129 nsando
193 3072 323 3130 videlicet
346 3081 461 3144 peccata
485 3073 648 3142 laboribus3
671 3073 808 3143 quidquid

64 3163 191 3232 peribat,
220 3161 325 3218 scilicet
361 3162 546 3232 subreptione
574 3161 698 3229 diaboli,
729 3178 808 3216 nme

56 3266 97 3317 ns,
125 3250 265 3306 subaudis
290 3254 409 3306 restitui.
436 3251 534 3320 (Vnus.
558 3250 612 3318 40.)
638 3249 739 3306 Dicin
762 3250 808 3305 his

55 3335 251 3410 intelligebam
276 3353 282 3392 :
306 3341 388 3396 Nocte
413 3337 443 3393 in
466 3339 510 3395 his
533 3352 599 3409 qum
626 3337 807 3409 ignorabam,

68 3424 98 3480 in
122 3423 205 3482 bonis
219 3433 246 3482 et
266 3425 295 3482 44
319 3427 409 3494 malis,
435 3431 502 3481 aestu
525 3426 689 3483 cenodoxiae
710 3427 808 3481 urebar

56 3512 105 3581 443,
121 3520 148 3570 34
163 3528 200 3570 ex
222 3514 283 3585 ipso
304 3522 416 3586 torpore
439 3529 501 3571 meo
525 3529 559 3571 ac
582 3515 605 3570 si
621 3514 687 3587 gelu
701 3528 808 3586 eoque-

70 3601 155 3658 malis
165 3616 174 3673 ;
189 3603 312 3672 [3343434
334 3619 442 3658 somnus
457 3602 640 3675 negligentiae
662 3604 696 3658 ob
713 3605 809 3659 inteu-

56 3703 89 3747 ns
112 3690 192 3756 meis,
210 3690 286 3761 quod
299 3698 340 3746 est
354 3692 447 3745 oculis.
473 3690 695 3762 intelligentiam
712 3698 808 3746 autem

56 3789 71 3831 3
95 3775 170 3833 bona
187 3778 327 3848 pertinere
350 3778 466 3841 scimus,
490 3778 559 3849 quia
573 3779 614 3835 nil
638 3780 737 3847 scitur,
754 3779 807 3836 nisi

56 3877 154 3921 rerum
164 3872 218 3935 est,
231 3874 258 3922 et
271 3866 293 3921 si
306 3866 411 3922 laisum
426 3867 526 3935 scitur,
539 3867 566 3922 44
579 3874 691 3924 tantum
708 3867 808 3935 scitur,

56 3960 148 4009 tntum
159 3954 262 4010 laisum
274 3969 334 4011 esse
349 3956 455 4025 scitur3
471 3955 613 4026 quidquid
625 3970 693 4012 vero
708 3969 809 4011 verum

56 4056 139 4098 inum
157 4057 217 4100 esso
231 4044 419 4108 convincitur,
438 4043 624 4114 inquantum
641 4058 740 4100 verum
757 4050 807 4099 est.

863 2891 905 2947 vel
920 2906 1006 2962 opera
1022 2893 1119 2963 genui,
1136 2895 1180 2950 vel
1196 2894 1240 2950 his
1256 2896 1306 2965 qui
1329 2896 1362 2950 ad
1380 2896 1454 2952 idem
1472 2898 1558 2969 geniti
1575 2907 1644 2955 sunt
1658 2914 1710 2971 per

861 2993 1002 3050 eosquos
1023 2981 1121 3051 genui,
1144 2981 1287 3052 quomodo
1310 2997 1410 3038 nocere
1432 2983 1561 3053 queam?
1585 2985 1626 3041 Ne
1640 3000 1709 3058 ergo

861 3073 983 3134 tumeas,
1007 3082 1042 3123 ne
1068 3067 1167 3140 jurgia
1191 3069 1298 3126 intrare
1321 3071 1453 3139 concites,
1479 3072 1527 3128 sed
1547 3073 1642 3143 (Vnus.
1664 3073 1709 3146 44)

864 3158 933 3213 Veni
963 3156 999 3212 ad
1023 3157 1248 3213 conformitatem
1273 3156 1346 3226 mei,
1370 3165 1397 3214 et
1421 3173 1472 3229 per
1497 3160 1550 3216 hoc
1573 3159 1710 3216 inibimus

861 3245 950 3312 toedus
971 3245 1076 3301 amoris
1098 3245 1194 3313 debiti,
1218 3252 1248 3300 nt
1273 3249 1308 3301 sit
1329 3249 1509 3303 testimoninm
1525 3262 1606 3305 antor
1630 3248 1706 3319 ipse,

863 3334 940 3404 quod
955 3348 1012 3390 non
1027 3334 1161 3390 avellaris
1176 3348 1192 3389 a
1206 3349 1269 3391 mea
1283 3336 1450 3392 mutatione.

897 3423 980 3478 Vnus.
1006 3423 1049 3476 45.
1068 3452 1103 3465 -
1128 3424 1201 3477 uniit
1226 3426 1318 3492 itaque
1338 3425 1420 3480 tocob
1441 3425 1569 3495 lapidem,
1596 3425 1709 3483 intelle-

862 3517 926 3566 ctus
940 3510 1048 3566 scilicet
1068 3511 1191 3581 arripnit
1206 3511 1259 3566 sibi
1279 3512 1367 3567 animi
1384 3512 1564 3581 soliditatem,
1579 3527 1615 3569 ne
1629 3514 1709 3570 dein-

862 3613 927 3669 ceps
942 3598 1035 3655 evolet
1054 3599 1083 3654 in
1100 3600 1267 3667 vanitatem,
1289 3601 1422 3671 hancque
1436 3602 1464 3654 in
1490 3602 1599 3655 titulum
1613 3602 1709 3672 erigit,

864 3687 933 3758 quia
957 3687 992 3743 ad
1018 3701 1080 3743 eam
1105 3688 1252 3743 concitatis
1273 3688 1439 3757 quibusque
1459 3688 1536 3743 iutra
1558 3688 1603 3744 vel
1627 3695 1711 3745 extra

864 3775 998 3843 motibus
1024 3776 1108 3846 quasi
1124 3777 1159 3831 ad
1179 3776 1324 3846 quoddam
1347 3776 1512 3846 praesidium
1528 3776 1642 3849 insigne
1662 3791 1710 3833 re-

864 3864 964 3920 currit.
989 3863 1121 3920 soliditas
1144 3872 1250 3933 334344,
1276 3863 1338 3935 ipsa
1361 3872 1402 3920 est
1419 3864 1530 3920 sincera
1550 3865 1709 3922 humilitas.

866 3952 964 4023 (Vnus.
981 3952 1038 4019 46.)
1060 3955 1190 4022 biniique
1203 3954 1340 4020 frattribus
1364 3955 1430 4008 suis.
1448 3954 1562 4010 Fratres
1583 3961 1652 4010 snut
1665 3952 1710 4010 rel

865 4040 974 4097 robusti
1000 4041 1109 4112 quique
1125 4049 1219 4098 ruotus
1243 4041 1342 4109 animi,
1359 4057 1409 4098 seu
1424 4043 1555 4111 virtutes,
1577 4057 1610 4098 ac
1624 4043 1647 4099 si
1661 4041 1713 4098 lilii

56 4142 82 4186 s.
97 4130 142 4185 rt.
158 4161 192 4169 -
203 4131 411 4201 Qactomdecim
422 4134 502 4185 annis
513 4133 673 4186 scroioitibi
683 4147 733 4202 pro
743 4134 810 4201 plia·
831 4142 900 4194 perr
919 4129 1018 4185 eadem
1035 4137 1128 4185 mente
1143 4129 1240 4200 geniti.
1262 4130 1366 4198 afferte
1382 4129 1497 4199 lapides,
1523 4129 1629 4186 scilicet
1643 4144 1711 4200 pro·
1765 4196 1770 4204 ¹

56 4223 125 4273 tsec
137 4235 188 4289 pro
203 4219 330 4287 gregibus
345 4223 409 4274 tais.
423 4222 474 4276 Per
487 4221 706 4291 quaternarium
718 4221 810 4276 Evau—
864 4217 960 4288 ponite
974 4216 1003 4273 in
1019 4218 1096 4273 omui
1114 4226 1180 4274 actu
1200 4226 1293 4274 vestro
1309 4217 1427 4275 allectus
1446 4218 1550 4275 solidos
1565 4232 1599 4274 33
1614 4219 1713 4275 humi-

60 4320 114 4377 per
132 4307 284 4364 denarium
312 4309 414 4379 Legem
440 4308 605 4379 accipimus.
627 4308 696 4376 erae
718 4309 810 4379 primo
864 4304 913 4360 les.
941 4305 996 4370 Qui
1019 4310 1211 4386 congregantes
1231 4309 1352 4373 fecerunt
1381 4309 1527 4376 tumulum,
1554 4308 1648 4364 idest
1676 4307 1713 4363 ad

56 4410 74 4465 ι,
89 4403 153 4466 post
167 4397 357 4467 Evangelium
372 4411 439 4452 cum
457 4396 671 4467 impleverimus
686 4398 719 4453 34
738 4397 812 4452 silias

57 4484 83 4541 is
97 4485 198 4540 matris
220 4485 361 4553 Ecclesiae,
380 4485 503 4541 activam
520 4484 626 4541 seilicet
640 4493 668 4541 et
682 4493 811 4541 contem-

56 4586 112 4639 344,
129 4574 305 4629 accedemus.
319 4573 374 4629 Sex
389 4588 458 4630 vero
472 4574 508 4630 34
524 4573 730 4644 plenitudinem
745 4587 811 4628 cum

56 4668 136 4729 eant,
148 4660 219 4732 quia
229 4674 279 4716 ser
289 4661 391 4718 diebus
403 4661 501 4717 omnia
515 4661 591 4717 44343
602 4660 708 4729 4333444,
722 4674 813 4716 34333

56 4764 105 4806 nm
126 4748 350 4806 claritudinibus
373 4749 498 4821 integros
521 4764 538 4805 3
561 4749 644 4805 nohis
667 4748 813 4820 exigimus

56 4836 100 4905 ie,
128 4843 160 4894 ut
174 4836 382 4908 cogitationum
407 4836 545 4908 gregibus
563 4836 705 4892 dominari
721 4835 813 4906 possi-

56 4926 79 4983 d
90 4925 311 4983 similitudinem
328 4925 452 4981 civitatis
462 4939 605 4995 supernae,
617 4939 682 4996 quae
693 4925 812 4995 basiam

56 5023 84 5073 et
106 5017 280 5072 inconcussa
304 5014 419 5084 pennus
441 5027 518 5084 parm.
541 5015 694 5068 immutasti
711 5028 815 5082 guoque

56 5104 107 5159 4334
121 5118 210 5158 meum
232 5103 322 5158 decem
334 5103 451 5156 vicibus.
472 5101 619 5157 Mercedem
633 5102 815 5157 immutatam

56 5191 166 5249 3434433
180 5190 325 5262 queritur,
341 5190 410 5246 dum
422 5189 557 5258 corporis,
569 5190 646 5261 quod
663 5196 816 5259 quaterna·

56 5289 130 5356 apter
139 5277 284 5337 elementa
294 5279 436 5350 signatur,
448 5285 475 5333 et
488 5278 601 5346 animae,
614 5276 815 5348 quaternario

56 5371 145 5428 lasua
155 5366 302 5440 praecipua
313 5366 389 5425 hona
405 5364 660 5436 impassibilitatem
676 5378 814 5436 sperans3

865 4391 1004 4448 unitatem
1025 4393 1228 4450 contendentes
1246 4393 1324 4464 J‘usto
1346 4394 1445 4451 ordine
1465 4396 1660 4453 dilataverunt
1684 4409 1714 4452 33

865 4494 916 4550 per
932 4480 1099 4537 charitatem
1113 4481 1242 4549 interius,
1261 4491 1292 4537 ut
1305 4483 1423 4539 subtiles
1438 4484 1537 4541 sterent
1547 4485 1575 4540 in
1591 4492 1715 4541 contem·

867 4567 1141 4638 piationesuperius.
1155 4569 1246 4640 Super
1262 4571 1338 4627 liunc
1349 4572 1513 4639 comedunt,
1525 4573 1594 4629 dum
1604 4571 1714 4629 incha-

867 4657 951 4714 ritate
964 4657 1093 4726 radicati,
1106 4666 1133 4715 et
1148 4659 1260 4715 lundati
1274 4660 1372 4716 divina
1382 4661 1533 4717 dulcedine
1545 4661 1654 4732 (raphes.
1671 4676 1713 4728 rn,

872 4749 927 4816 44),
945 4761 1010 4817 qnae
1020 4746 1206 4825 diligentibus
1220 4748 1249 4802 in
1264 4755 1396 4818 promptu
1413 4751 1464 4815 cst,
1479 4763 1538 4804 seso
1551 4749 1695 4805 reticium.

902 4835 988 4893 Vnus.
1005 4836 1048 4889 tr.
1064 4866 1101 4877 -
1118 4837 1200 4891 Vocet
1214 4837 1307 4891 lobon
1325 4839 1468 4891 tumulum
1489 4840 1575 4904 testis,
1588 4841 1613 4890 et
1626 4836 1714 4892 Jacob

866 4925 999 4982 Acmoum
1024 4924 1179 4991 testimonii,
1205 4926 1390 4994 nrirrsqnisqtte
1410 4925 1496 4994 jueta
1523 4927 1716 4995 proprietatem

868 5014 1041 5082 linguaesuae.
1058 5013 1145 5070 Aliter
1159 5014 1243 5069 sentit
1258 5020 1285 5068 et
1302 5012 1430 5082 loquitur
1449 5012 1557 5081 bahan,
1574 5013 1657 5069 aliter
1669 5013 1716 5068 ta·

868 5101 929 5165 coh,
947 5100 1016 5171 quia
1028 5101 1272 5157 aliusintelloctus
1286 5108 1325 5156 est
1342 5114 1467 5170 superne
1474 5101 1715 5173 jamviventium,

869 5195 896 5245 et
911 5188 968 5244 alia
982 5187 1119 5257 elhcacia,
1137 5189 1212 5244 34443
1228 5189 1256 5243 43
1272 5202 1356 5245 carne
1372 5187 1548 5258 degentium,
1565 5197 1591 5245 et
1606 5188 1662 5244 alia
1677 5203 1719 5244 33

869 5292 935 5333 rum
964 5277 1114 5333 4433443443.
1142 5277 1285 5333 Tumulus
1312 5283 1491 5332 mortuorum
1520 5276 1624 5333 usitate
1649 5276 1719 5333 33434

869 5365 935 5422 dici.
950 5366 985 5422 Et
1012 5365 1076 5435 plus
1090 5373 1132 5421 est
1147 5364 1225 5420 testis
1240 5378 1329 5436 qnam
1350 5363 1556 5433 testimouium,
1570 5362 1639 5433 quia
1655 5377 1719 5420 ma·
