3818 6008
69 194 121 249 987
178 194 181 198 ’
530 188 680 247 ΑΡΡΕΝΙ).
699 188 747 243 ΑΙ)
768 187 833 243 LlB.
854 188 893 245 111
911 188 1077 281 edisseri
1095 189 1143 245 ba
1163 188 1245 244 VITA
1263 188 1343 244 SUA.
1773 192 1827 246 988

70 338 136 380 mus
150 321 315 380 narratione
331 320 522 377 veracissima.
539 322 620 375 dune
633 333 702 376 vero
718 332 854 391 rogamus
866 332 918 376 vos
935 319 1099 391 nexceptis
1123 318 1251 386 cortinis,
1272 325 1300 375 et
1318 317 1384 374 aliis
1406 318 1605 375 ecclesiasticis
1631 319 1826 387 ornamentis,

70 412 259 469 sicutiratres
272 417 300 467 et
313 408 452 475 dominos,
468 416 555 478 atque
570 408 777 464 concanonicos
793 415 914 476 nostros,
970 422 1007 464 ex
1035 408 1140 481 Angiia
1169 408 1253 464 nobis
1273 407 1433 475 attulimus,
1464 414 1492 464 et
1515 407 1568 477 qui
1596 407 1670 463 ieria
1694 407 1827 464 monada

71 514 196 572 querum
228 504 368 568 precepto
394 510 473 553 mare
499 503 690 560 transeuntes,
716 496 857 565 plurimos
888 497 917 551 iu
970 502 1038 550 ante
1066 508 1161 550 ramos
1192 493 1356 549 palmarum
1381 508 1398 549 a
1421 494 1503 550 vobis
1530 494 1729 562 discessimus,
1761 509 1827 551 ecee

71 586 171 644 itinere
197 587 307 642 labores
328 585 509 655 pertulimus,
531 592 562 640 ut
584 598 686 640 eorum
709 585 833 650 animas,
866 585 917 654 qui
971 596 1051 639 nunc
1071 582 1301 639 duobusdiebus
1319 590 1386 637 ante
1408 582 1594 639 Nativitatem
1619 583 1751 639 bomine
1775 597 1828 639 uo·

70 674 152 730 vehis
170 687 288 743 pernes
307 686 375 728 suas
398 671 619 728 transmiserant
642 672 836 741 eleemosynas
859 671 918 726 Do-
972 680 1038 727 stre
1066 671 1239 727 revertimur
1272 669 1307 725 ad
1336 684 1397 736 ves,
1425 685 1491 726 curn
1518 670 1634 741 gaudio,
1670 670 1829 727 laudantes

70 762 148 818 mine
172 761 283 833 pieque
309 760 445 818 Genitrici
467 762 531 832 ejus
558 760 773 827 commendetis,
796 768 824 815 ot
857 773 919 815 om·
973 760 1120 816 vobiscum
1134 761 1238 828 [iesum
1262 758 1406 815 Christum
1430 761 1583 815 homiuum
1605 766 1742 815 nestrum
1766 760 1830 830 ejus

71 850 152 906 nium
177 850 317 906 botrorum
344 864 411 920 quae
443 849 470 905 in
496 848 614 905 ecclesia
639 847 810 904 laudunensi
835 847 918 914 irunt,
974 847 1089 915 Filium,
1115 848 1218 917 Regem
1244 860 1355 916 regum,
1377 854 1404 902 et
1424 847 1578 903 Dominum
1598 847 1828 912 dominantium,

72 937 115 994 vel
152 939 285 1007 deinceps
311 938 371 994 lieri
406 936 567 1008 contigerit,
597 951 645 992 ees
681 936 833 1005 participes
860 950 921 992 esse
974 936 1026 1006 qui
1039 950 1105 992 cum
1123 937 1205 990 Patre
1226 943 1254 991 et
1279 934 1387 1004 Spiritu
1402 942 1501 990 saneto
1517 934 1590 990 vivit
1602 943 1630 992 et
1655 942 1763 1007 regnat
1780 948 1831 1006 per

74 1026 244 1083 concedatis.
283 1026 403 1083 Centum
433 1024 575 1096 siquidem
604 1032 631 1081 et
664 1023 768 1095 viginti
797 1037 919 1086 marcas,
974 1023 1389 1080 omniaseeuiaseeulorum.

508 1353 862 1459 CAPITULA
896 1353 1094 1502 LIBRI
1128 1353 1386 1456 TERTII.

230 1546 297 1603 Cae.
319 1547 330 1601 l
345 1549 385 1601 be
398 1543 583 1600 multitudine
596 1544 697 1616 pepuli
710 1545 749 1599 ad
762 1543 969 1601 dedicationem
984 1544 1111 1602 ecclesie
1125 1544 1322 1600 Laudunensts

231 1615 297 1672 Gar.
320 1617 354 1671 tl.
369 1616 510 1683 Quomodo
522 1616 640 1671 mannus
654 1616 879 1671 Bartholomaeus
886 1616 1036 1687 episcopus
1048 1616 1186 1673 demrmm
1198 1616 1375 1672 Norbertum
1387 1614 1536 1672 inuenerit.

229 1686 296 1744 Cae.
319 1688 355 1743 lll
378 1691 416 1742 lle
426 1686 578 1742 ecclesiola
587 1687 687 1743 Sancti
702 1686 824 1768 Martini
838 1686 1046 1752 Laudunensis,
1058 1689 1087 1742 et
1097 1686 1236 1760 quomode
1248 1687 1628 1759 bartholomeusepiscepus
1638 1687 1825 1760 Norbertum

230 1830 297 1885 cte.
319 1829 366 1885 tv.
382 1757 824 1894 Qbeeinbbbml'riabrbobsisbbiffliis
837 1827 960 1885 ecclesia
972 1828 1100 1910 inempta
1111 1831 1161 1884 sit.
1212 1897 1218 1910 ·
1315 1897 1321 1908 .
1346 1896 1353 1909 ·
1544 1897 1551 1910 .

230 1899 296 1955 Car.
318 1899 349 1952 V.
368 1899 509 1965 Quomodo
529 1900 673 1954 Walterus
680 1899 783 1967 sactus
796 1901 835 1953 stt
849 1898 939 1954 abbas
949 1900 1103 1956 ecclesiola
1116 1901 1218 1954 Sancta
1228 1900 1352 1953 Martias
1366 1898 1575 1954 Lauduneststs.

229 1970 295 2025 Cae.
318 1970 362 2025 Vl.
379 1970 521 2036 Quomodo
535 1969 818 2026 Premenstretensis
835 1969 961 2026 ecclesie
975 1970 1097 2026 domatis
1111 1971 1199 2045 Huqe
1210 1970 1362 2042 prefectus
1380 1967 1429 2025 sit.

231 2041 297 2096 Cae.
320 2041 376 2096 Vll.
393 2039 544 2112 Multiples
557 2039 765 2096 commendatio
771 2038 877 2095 domni
890 2040 1037 2097 Norberti.

230 2112 298 2168 Car.
315 2112 389 2167 Vlll.
405 2111 547 2181 Quomodo
602 2112 608 2123 ‘
623 2114 756 2183 sapatum
768 2112 1007 2168 Cameracetsem
1021 2110 1157 2168 renuerit.

230 2182 297 2237 Cae.
318 2182 363 2236 lx.
394 2182 537 2248 Quomodo
582 2200 601 2237 a
621 2181 806 2254 deburqensis
818 2181 1050 2255 archiepiscopus
1062 2184 1159 2246 sactus
1172 2181 1221 2237 sit.

232 2251 299 2308 Cla.
320 2254 349 2308 li.
366 2253 536 2309 Immutatie
549 2200 674 2310 eccbsie
688 2252 979 2334 bremmutratensis,
992 2257 1020 2309 et
1029 2253 1201 2310 melioratio.

232 2320 300 2380 Gar.
321 2323 365 2378 lil.
381 2322 640 2380 becensiructiene
656 2323 871 2380 Fuasniacensts
884 2323 1013 2381 cenobii.

231 2396 299 2451 Car.
320 2394 374 2449 lill.
394 2399 434 2451 be
447 2394 691 2452 constructiones
716 2393 858 2449 metensis.

232 2466 299 2522 Cae.
321 2465 387 2521 lllll.
403 2468 443 2521 Ile
456 2465 666 2521 constructione
711 2463 895 2523 aletarensis.

232 2534 299 2592 Cae.
320 2536 385 2591 lllV.
402 2539 438 2592 lte
452 2535 665 2593 constructione
681 2535 856 2592 Teneliensis
870 2535 1002 2593 ecclesie.

232 2608 299 2662 Car.
321 2608 372 2662 xv,
390 2607 433 2662 De
442 2606 649 2664 constructione
664 2606 905 2676 clarefontensis.

232 2678 299 2732 Gne.
320 2676 386 2732 llVl.
405 2679 447 2732 De
459 2677 669 2733 constructione
689 2676 904 2734 Cuticiacensis.

232 2746 300 2803 Car.
319 2749 396 2803 xvtl.
411 2751 449 2803 De
465 2747 674 2805 constructione
687 2747 807 2805 cenobii
812 2748 995 2816 seminarum
1007 2748 1084 2819 qued
1094 2746 1201 2803 dicitur
1216 2746 1462 2802 monasteriolum.

232 2819 298 2874 Gne.
319 2817 409 2873 xvttt.
426 2821 465 2874 De
475 2818 578 2874 domne
593 2819 707 2875 Simone
720 2818 823 2875 abbate
835 2817 936 2875 Sancti
949 2818 1078 2875 Nicolai.
1431 2818 1435 2826 '

232 2888 298 2944 Car.
320 2889 383 2944 lllll.
399 2891 439 2944 Ile
453 2891 563 2945 Demne
578 2889 705 2946 Gilberte
719 2889 822 2945 abbate
833 2888 939 2947 Sancti
952 2888 1114 2945 Michaelis.

232 2960 299 3015 Car.
320 2959 371 3014 lili.
389 2962 426 3014 be
441 2959 544 3014 demae
561 2960 698 3016 sueino
712 2960 813 3015 abbate
825 2958 927 3015 Sancti
941 2958 1096 3016 Vincentii.

229 3031 296 3086 Car.
314 3031 377 3085 itti.
395 3030 536 3096 Quomodo
553 3029 630 3086 mem
645 3031 800 3087 Anselmus
813 3032 908 3086 Rome
918 3031 949 3086 in
963 3031 1126 3103 episcopum
1142 3029 1351 3085 Tornacensem
1365 3027 1529 3083 electussit.

230 3099 297 3157 Cae.
318 3101 403 3157 xxti.
416 3104 455 3156 tie
468 3104 642 3157 correctione
658 3101 779 3159 Abbaiis
793 3100 889 3156 sancti
901 3101 1038 3169 decanis,
1052 3104 1079 3158 et
1095 3099 1239 3173 Drepanis
1252 3098 1365 3155 abbatis
1379 3097 1570 3155 institutione.

231 3171 299 3227 Cae.
318 3171 419 3228 XXlll.
435 3173 476 3226 De
491 3171 630 3228 balduine
645 3173 748 3228 abbate
769 3171 825 3228 leci
835 3172 971 3240 eiusdem

231 3241 297 3298 Cae.
318 3241 422 3298 xxiv.
435 3243 526 3310 Quem
539 3242 634 3298 ditata
646 3244 687 3300 sit
702 3243 797 3314 maJ'er
811 3241 941 3299 Ecclesia
951 3247 1057 3298 sancte
1069 3241 1172 3297 Mariae
1184 3240 1238 3297 sub
1248 3240 1455 3297 bartholomee
1471 3239 1622 3310 Pontifice.

231 3311 298 3369 Cae.
320 3313 409 3370 XXV.
428 3315 467 3368 be
482 3312 610 3370 iluimus
625 3314 831 3371 catalaunensi
840 3313 982 3395 episcopo.

231 3383 297 3439 Car.
319 3384 423 3440 xxvi.
443 3388 480 3440 lie
496 3383 669 3440 Theoderico
679 3384 876 3441 Ambianensr.

231 3450 298 3511 Cae.
320 3454 434 3512 xxvu.
450 3459 488 3510 lie
501 3454 622 3510 muliere
633 3455 670 3511 ab
685 3454 817 3512 incendio
830 3455 955 3512 liberata
966 3453 1083 3513 diciaci.

230 3523 298 3581 Car.
319 3525 449 3582 xxviii.
461 3526 594 3595 Defurie
607 3525 750 3583 Anselmi.

736 3829 905 3917 LIBER
936 3827 1193 3920 TERTIUS.

103 4144 257 4200 abacta
278 4143 383 4199 1.-ee
398 4139 690 4224 multitudinepepuli
702 4140 741 4196 ad
759 4139 913 4198 dedicatio
932 4143 953 4197 Β
969 4141 1176 4212 pontificatum,
1204 4149 1237 4198 ut
1263 4142 1503 4213 suprascriptum,
1526 4148 1577 4210 est,
1607 4141 1737 4200 domnus
1758 4143 1825 4199 Bar

277 4229 343 4268 'itm
357 4214 481 4269 0⁰⁶²&ae
500 4213 705 4268 Mutilum·
970 4228 1147 4287 tholomeus.
1164 4231 1214 4287 llic
1226 4230 1378 4302 episcopus
1396 4239 1579 4287 consecratus
1595 4231 1667 4287 adeo
1684 4232 1822 4301 tempium

106 4319 355 4391 Opitulanteergo
369 4319 468 4375 diviua
490 4318 650 4385 clementia,
667 4331 704 4375 ex
721 4316 915 4374 oblationibus
974 4318 1102 4375 Domine
1126 4326 1230 4375 nostre
1253 4319 1365 4376 studuit
1395 4318 1564 4386 accelerare,
1602 4327 1635 4375 ut
1659 4326 1725 4390 post
1752 4321 1824 4377 dues

71 4408 196 4465 ildelium
217 4421 267 4478 per
290 4407 441 4463 Franciam
460 4416 487 4465 et
501 4405 633 4477 angliam
649 4405 784 4473 collectis,
803 4405 833 4460 in
854 4415 918 4462 tan·
974 4409 1149 4464 semi-annos
1170 4408 1341 4464 incensionis
1359 4412 1432 4479 elus,
1448 4421 1567 4465 rursum
1584 4407 1664 4464 tieret
1688 4408 1825 4465 solemnis

70 4504 132 4555 tum
151 4497 277 4554 ecclesie
302 4503 405 4552 nostre
428 4510 501 4566 opus
523 4502 722 4566 pmsperatum
744 4502 788 4551 est
822 4500 855 4550 ut
878 4508 920 4550 se
974 4496 1113 4553 dedicatio
1127 4496 1228 4567 ipsius,
1252 4510 1329 4553 anne
1350 4496 1457 4553 seilicet
1479 4496 1516 4552 ab
1538 4496 1739 4553 incarnatione
1768 4497 1822 4553 lie·

70 4584 172 4656 quenti
205 4598 282 4642 auno
306 4585 451 4656 completa
487 4583 684 4640 ediilcationis
712 4583 919 4640 restauratione
974 4584 1045 4641 mini
1061 4585 1631 4656 millesimocentesimoquartodecimo.

70 4672 261 4730 dedicaretur.
282 4674 367 4729 Anne
383 4673 525 4743 siquidem
541 4672 577 4728 ab
592 4672 918 4730 lncarnatiouebomini
1009 4673 1121 4730 Placuit
1147 4682 1243 4731 autem
1270 4674 1404 4745 episcope
1431 4683 1460 4730 et
1481 4674 1636 4742 canonicis,
1665 4682 1698 4730 ut
1724 4675 1823 4732 eedem

72 4760 221 4818 millesimo
249 4763 403 4818 centesimo
427 4761 606 4828 duodecimo,
640 4760 710 4818 ieris
736 4761 840 4833 quinta
872 4774 920 4831 pa·
974 4762 1019 4819 die
1043 4771 1260 4820 consecraretur
1279 4778 1337 4834 quo
1353 4762 1472 4819 celebris
1490 4762 1554 4833 ejus
1574 4762 1718 4819 dedicatio
1740 4762 1824 4819 annis

71 4849 176 4907 sebalis
191 4849 385 4918 hebdomade,
407 4850 526 4920 prelata
549 4849 668 4907 ecclesia
686 4849 836 4906 combusta
861 4850 920 4907 tue·
974 4850 1096 4922 singulis
1119 4851 1266 4908 observari
1290 4859 1489 4916 consueverat,
1511 4851 1537 4906 id
1561 4854 1605 4907 est
1628 4858 1731 4908 octavo
1757 4852 1823 4908 idus

72 4945 127 5006 ret,
144 4937 921 5008 (iiiiquodieetiamdomuusduuldricusepiscopus
974 4938 1156 5008 Septembris,
1189 4940 1271 4996 tertio
1307 4939 1438 4996 videlicet
1470 4940 1516 4995 die
1543 4946 1609 4996 ante
1635 4939 1822 4997 Nativitatem

74 5025 273 5083 laudunensis
287 5025 440 5082 crudeliter
460 5025 624 5083 interiectus
642 5027 728 5082 estin
747 5025 831 5082 demo
855 5039 918 5093 sua,
975 5028 1067 5084 Beate
1080 5028 1185 5085 llarie.
1204 5028 1248 5084 sd
1260 5026 1348 5099 quani
1369 5028 1575 5084 dedicationem
1587 5028 1728 5099 prelatus
1742 5031 1822 5087 dom·

72 5128 138 5171 eum
158 5115 333 5185 quibusdam
348 5128 384 5170 ex
400 5114 576 5185 hominibus,
591 5116 661 5181 suis,
678 5115 873 5183 successitque
894 5114 919 5170 ei
974 5130 1030 5171 nus
1054 5116 1279 5174 bartholomeus
1299 5117 1448 5188 episcopus
1472 5117 1620 5174 accersivit
1641 5132 1741 5175 secum
1768 5120 1820 5175 lia·

73 5202 103 5257 in
126 5202 291 5273 episcopatu
317 5203 441 5259 domnus
468 5203 566 5275 lluge;
595 5203 655 5273 qui,
686 5215 751 5258 cum
780 5201 829 5257 vix
857 5210 919 5258 ecto
974 5203 1116 5274 duipbum
1146 5206 1299 5261 Remorum
1335 5206 1595 5276 archiepiscopum,
1632 5205 1820 5264 Guiilelmum

43 5314 46 5319 ·
73 5290 221 5346 mensibus
235 5291 452 5361 supervixisset,
472 5306 505 5347 eo
528 5289 661 5347 defuncte
687 5289 795 5346 electus
817 5298 861 5347 cst
883 5290 919 5347 ad
973 5291 1210 5351 catalaunensem
1241 5293 1417 5364 episcopum,
1443 5293 1604 5351 hisiardnm
1632 5294 1822 5353 suessionen·

110 5444 165 5512 (57)
177 5446 218 5501 lta
230 5446 314 5502 etiam
330 5447 458 5504 Guibert.
474 5448 542 5504 Vite
553 5447 602 5504 lib.
621 5462 660 5515 ιιι,
674 5459 737 5517 cap.
760 5449 802 5502 il.
