3818 6008
486 233 599 290 GESTA
619 235 677 292 bat
695 237 764 292 PER
783 234 955 292 anundus.
975 264 1006 276 -
1029 233 1096 291 bin.
1117 235 1148 289 V.
1635 240 1689 294 tta

63 367 171 416 torrere
198 368 328 427 remotos,
356 363 427 432 quid
450 363 501 420 tibi
531 365 609 421 cordi
627 372 670 422 est
693 367 786 422 laces·
803 366 910 437 Aqnia
933 365 984 422 tibi
1003 365 1065 422 vita
1087 365 1189 422 comite
1213 378 1339 436 presens
1358 378 1546 436 nequaquam
1568 365 1689 423 transiet

56 462 144 505 renas
166 449 309 505 miseros?
322 450 462 507 Personas
480 466 591 519 eorum,
609 453 658 521 dli,
683 454 783 522 fatcor,
840 469 944 510 annus.
965 455 1041 511 Deus
1064 454 1142 510 enim
1164 454 1292 524 ipsorum
1319 461 1516 524 perpetratum
1539 469 1598 512 non
1611 455 1688 511 illico

58 537 286 606 contemptibiles
300 538 407 607 ducas;
423 539 471 595 sed
496 554 547 609 pro
563 549 640 597 certo
659 542 784 609 noveris,
840 544 934 600 scelus
952 542 1110 610 ulciscitur,
1127 543 1176 599 sed
1191 556 1285 613 usque
1298 543 1369 599 dum
1382 543 1478 613 ipsum
1490 550 1689 613 permatnrne

56 625 200 681 bristianae
225 625 373 696 religionis
394 627 550 684 admodum
575 631 711 699 praecellit
729 644 786 687 au·
839 631 877 688 rit
908 631 1028 698 crimen,
1060 630 1207 688 criminosi
1245 630 1398 700 aliquoties
1427 643 1512 700 poena
1546 630 1687 688 diiiertnr·

59 713 148 769 .1deo
163 727 263 783 precor
275 728 311 769 ne
325 715 397 771 velis
420 723 560 772 attentare
573 717 651 787 quod
666 726 694 775 te
707 726 787 789 post·
841 720 965 792 ideoque
991 734 1102 787 vereor,
1134 718 1184 787 iili,
1213 734 1249 775 ne
1272 726 1340 784 tute,
1365 718 1443 789 quod
1469 716 1560 774 absitl
1583 725 1687 774 trucu-

56 802 192 872 tcoepisse
204 816 267 858 sero
281 802 386 859 doleas.
406 825 418 851 »
840 809 928 865 lentia
943 809 1044 865 mortis
1058 814 1210 875 accrescat,
1223 807 1293 864 dum
1309 807 1477 878 protelatur.
1493 829 1508 858 o

56 888 250 946 stiltematrie
258 890 540 963 assurgeremonitis.
550 893 658 950 —iiaec
668 894 787 952 illeeum
876 896 959 968 [xiil
973 896 1016 952 Ad
1036 896 1098 952 baec
1112 896 1262 952 curbaran
1287 909 1323 952 ex
1340 896 1461 952 materni
1476 896 1614 953 miraculo
1628 910 1686 953 ser-

56 978 202 1044 tiumiue
218 981 254 1035 ad
270 993 334 1035 eam
358 987 439 1036 torvo
462 989 648 1051 respectans:
668 1006 679 1032 t
700 982 785 1051 Quid,
840 985 933 1041 monis
955 984 1088 1040 redditur
1114 983 1210 1052 hebes,
1243 991 1271 1040 et
1299 984 1334 1040 de
1369 983 1538 1054 propinque
1571 984 1687 1041 nomine

62 1066 113 1123 tibi
131 1067 222 1124 aniles
242 1076 339 1124 texere
354 1067 493 1125 tabulas?
509 1069 627 1139 desipis,
646 1080 678 1127 ut
693 1071 786 1142 conji-
841 1074 940 1130 mortis
954 1071 1111 1144 exsanguis
1135 1079 1163 1127 et
1177 1072 1302 1139 tabidus,
1324 1071 1409 1128 iniit:
1429 1073 1494 1129 «Et
1516 1079 1558 1140 tu,
1583 1072 1687 1128 borum

56 1155 245 1210 namentiam
261 1168 354 1221 versa,
369 1156 431 1212 sine
445 1156 590 1213 intellectu
609 1159 698 1214 verba
718 1172 787 1228 pro-
840 1160 927 1216 nelim
953 1161 1036 1224 scire,
1053 1159 1196 1229 quomodo
1218 1159 1256 1215 sis
1278 1167 1431 1216 consecuta
1454 1160 1597 1221 notitiam,
1613 1172 1686 1227 gen-

56 1252 78 1294 ι.
96 1240 182 1297 Plane
196 1241 293 1311 piures
315 1244 432 1300 urbium
454 1245 561 1302 domini
578 1246 647 1303 mibi
664 1247 788 1304 militant
840 1255 897 1304 tem
925 1246 1056 1304 videlicet
1076 1247 1269 1303 Christianam
1293 1248 1369 1304 vires
1394 1246 1562 1318 hujusmodi
1588 1249 1688 1303 contra

57 1327 100 1397 psi
115 1328 143 1384 in
157 1337 216 1385 tota
231 1330 275 1386 sui
293 1332 439 1389 exercitus
454 1333 641 1391 universitate
658 1336 788 1392 homines
841 1349 893 1391 nos
914 1343 1090 1395 exerturam,
1111 1348 1222 1405 nosque
1241 1335 1272 1389 in
1294 1335 1349 1391 boc
1371 1336 1432 1406 ipso
1452 1335 1531 1406 qnod
1557 1333 1689 1391 imminet

56 1428 78 1472 'e
96 1417 281 1487 prevaleant,
299 1426 327 1475 ιι
351 1427 393 1486 ιι,
424 1430 518 1477 mente
539 1422 640 1487 delira,
664 1423 788 1479 estimas
841 1423 939 1494 praelio
964 1423 1154 1490 devicturam,
1181 1430 1280 1479 nostra
1299 1437 1347 1479 eos
1363 1422 1453 1492 spolia
1473 1423 1646 1492 direptums,
1661 1429 1688 1478 et

56 1503 217 1562 {bristiauae
254 1507 493 1577 praesumptiones
528 1508 691 1565 testimonla
717 1523 788 1566 mete
840 1511 1064 1582 quodpraeseuti
1092 1523 1169 1566 anno
1189 1510 1290 1566 mortis
1312 1511 1468 1581 repentinae
1492 1510 1617 1566 incidam
1646 1509 1686 1565 la-

67 1591 233 1649 obtexunt?
247 1593 354 1662 -Fili‚
377 1593 427 1660 ait,
453 1595 657 1664 amantissime,
686 1610 786 1652 eorum
841 1613 969 1669 quens·

56 1692 100 1735 tus
114 1678 264 1750 loquimur
284 1683 433 1737 bominum
452 1685 569 1739 nomina
592 1683 785 1753 floccipend03
879 1709 889 1737 ι
902 1686 965 1752 Fili,
978 1687 1028 1753 ait,
1038 1695 1155 1743 centnm
1166 1699 1254 1756 prope
1267 1699 1411 1742 annorum
1423 1693 1553 1756 tempora
1566 1684 1688 1742 decursa

56 1781 101 1823 nm
125 1776 273 1825 auctorem
298 1769 455 1837 Christum,
480 1771 651 1826 omnimodis
678 1785 715 1827 ne
730 1771 785 1827 ab·
838 1781 1008 1841 noscuntur,
1024 1787 1060 1829 ex
1076 1787 1134 1844 quo
1148 1773 1179 1828 in
1198 1772 1303 1829 abditis
1319 1771 1496 1843 quibusdam
1511 1778 1594 1828 sectae
1610 1785 1681 1842 geu-

56 1868 89 1911 as
107 1869 205 1912 exoro.
234 1857 321 1913 Nulla
333 1857 452 1914 forsitan
474 1859 515 1915 eis
540 1866 632 1915 tecum
655 1873 785 1930 pugnare
838 1861 896 1918 tilis
920 1860 1118 1918 voluminibus
1140 1856 1286 1930 re‘pertum
1313 1867 1433 1926 constat,
1463 1859 1541 1930 quod
1563 1859 1687 1929 populus

56 1960 73 2008 t,
101 1943 151 1999 sed
173 1944 224 2001 Dei
253 1945 380 2013 ipsorum
408 1953 461 2007 est,
497 1945 520 2001 si
538 1954 674 2016 praestare
703 1946 782 2010 velit,
837 1949 1134 2007 Christiannsbellnm
1157 1947 1239 2003 uobis
1264 1947 1399 2004 illaturus
1414 1947 1556 2018 insurgat,
1573 1959 1684 2018 nosque

56 2028 174 2097 ictoria3
200 2030 259 2101 ipse
279 2045 356 2097 suos,
385 2032 436 2088 etsi
465 2046 567 2103 segnes
594 2039 622 2088 et
652 2033 782 2104 ignavos,
838 2037 1007 2108 adplenum
1029 2037 1155 2107 subigat,
1176 2043 1204 2092 et
1219 2049 1277 2105 quo
1299 2048 1378 2091 nunc
1392 2033 1554 2091 dominium
1566 2048 1687 2091 exerce-

62 2116 153 2174 solius
167 2117 258 2189 gloria
272 2117 342 2175 solet
356 2119 506 2176 defendere
519 2125 547 2176 et
567 2134 666 2177 eorum
684 2127 784 2178 custo-
837 2141 912 2194 mus,
930 2125 970 2183 ibi
986 2124 1039 2182 sibi
1055 2132 1174 2195 prorsus
1192 2137 1282 2194 regna
1300 2123 1466 2190 constituat,
1482 2123 1687 2194 gentilitasque

56 2218 142 2263 orum
160 2214 302 2275 pastorem
316 2221 346 2263 se
369 2209 446 2265 novit
468 2210 531 2278 [al.,
552 2209 705 2281 meminitl,
727 2210 784 2265 imo
838 2215 970 2271 fluetibus
996 2212 1112 2270 subdita
1142 2211 1200 2268 flat.
1229 2210 1283 2268 Sed
1312 2211 1342 2266 in
1366 2211 1421 2267 boc
1445 2210 1562 2267 scientia
1589 2218 1687 2267 nostra

56 2300 163 2361 torem,
179 2295 340 2365 invigilare.
361 2295 485 2351 Putasne
501 2296 579 2366 quod
600 2297 624 2352 is
647 2296 699 2366 qui
719 2297 785 2354 fidei
836 2303 966 2359 luscatnr
979 2301 1049 2372 quia
1073 2300 1216 2356 nescimus
1235 2306 1333 2355 utrum
1363 2297 1457 2366 modo,
1481 2312 1519 2354 an
1548 2298 1577 2353 in
1597 2298 1686 2369 ionga

56 2382 147 2438 rvavit
178 2383 308 2452 imperia,
334 2384 385 2454 qui
410 2385 469 2440 buc
497 2399 591 2454 usque
616 2393 785 2442 contianus
838 2396 968 2458 tempora
987 2387 1174 2458 compleatur.
1199 2386 1260 2458 Ego
1287 2385 1373 2442 etiam
1389 2385 1611 2442 astronomicam
1639 2385 1686 2441 di-

57 2468 82 2525 is
107 2470 190 2539 potiri
219 2471 350 2535 victoria,
380 2485 439 2527 non
468 2473 556 2542 possit
582 2473 667 2529 etiam
688 2475 784 2543 modo,
837 2476 985 2546 scipliuam
1014 2474 1188 2546 diligentiori
1216 2473 1373 2530 intentione
1395 2472 1569 2543 disquirens,
1596 2473 1680 2529 innu-

56 2556 108 2613 risu
121 2557 247 2626 periacili
259 2559 370 2616 amoliri
387 2559 559 2616 molimina?
573 2560 631 2629 Ipsi
645 2575 782 2632 namque,
837 2578 1044 2634 merarnmque
1069 2562 1190 2619 sortium
1209 2561 1391 2632 coniecturas
1415 2560 1575 2627 attendens,
1600 2574 1687 2631 aequa

56 2646 267 2703 >coemendis
289 2656 499 2715 resurrecturo,
516 2662 533 2703 a
547 2651 630 2705 Patre
655 2649 782 2706 dicitur:
840 2653 971 2708 omnium
986 2651 1137 2708 collatione
1158 2650 1262 2706 edidici
1284 2649 1354 2720 quia
1368 2664 1386 2705 a
1400 2648 1571 2706 Christianis
1593 2648 1684 2704 bomi-

67 2732 172 2803 inqnit,
201 2735 285 2801 Deus,
312 2735 411 2805 judica
440 2743 556 2803 terram,
581 2737 720 2806 quoniam
750 2745 783 2794 tu
838 2740 924 2797 nibus
946 2753 1003 2796 non
1031 2748 1103 2795 ιιιιι
1129 2737 1247 2795 omnino
1275 2751 1389 2794 necesse
1409 2737 1530 2793 devinci.
1559 2736 1684 2808 ideoque

55 2821 118 2879 abis
134 2822 162 2877 in
177 2823 312 2879 omnibus
334 2824 468 2894 gentibus
483 2825 573 2893 (Prot.
597 2839 695 2891 cxxxi,
715 2828 781 2894 8).s
836 2828 1060 2897 precordialiter
1090 2825 1142 2883 tibi
1175 2826 1288 2882 indoleo
1322 2826 1392 2896 quia
1426 2825 1578 2882 indubium
1615 2824 1685 2881 mibi

56 2917 99 2966 tur
111 2910 172 2980 ipse
187 2917 293 2966 terram
311 2912 434 2981 judicat,
452 2913 594 2982 quosdam
618 2912 748 2969 videlicet
763 2926 781 2968 a
799 2925 820 2980 c
835 2922 947 2971 constat
960 2913 1039 2985 qnod
1061 2928 1098 2970 ιιι
1125 2921 1152 2970 te
1174 2915 1236 2985 jam
1252 2912 1457 2984 propemodum
1473 2912 1574 2969 orbata
1588 2926 1685 2968 rema-

56 2997 229 3066 perditorum
253 2998 389 3055 disceruit
413 3007 441 3056 et
462 3007 602 3071 segregat,
623 2999 693 3056 alios
716 3015 782 3057 vero
836 3019 900 3060 neo.
919 3026 933 3053 »

56 3092 125 3152 ιιι
135 3100 192 3142 non
205 3100 304 3143 omnes
324 3096 431 3159 gentes,
454 3088 501 3143 sed
519 3088 546 3142 in
563 3088 698 3144 omnibus
711 3103 781 3158 gen·
875 3092 1000 3157 «Mater,
1016 3089 1122 3161 iuquit,
1154 3089 1241 3146 velim
1265 3088 1335 3144 mibi
1365 3087 1489 3145 disseras
1516 3087 1685 3160 aliquado

56 3181 148 3231 artem
164 3174 199 3231 de
222 3182 280 3231 toto
303 3189 464 3239 assumens,
489 3176 647 3232 hereditat.
675 3177 781 3233 Audiat
836 3178 1063 3250 quibusbaesito.
1077 3207 1114 3219 -
1136 3176 1268 3241 Consule,
1285 3176 1336 3243 ιιι,
1359 3189 1395 3232 ιι
1409 3175 1532 3243 dubites,
1557 3190 1684 3247 namque

56 3261 112 3318 ntia
126 3269 187 3329 tna,
205 3261 255 3330 fili,
272 3277 360 3333 quam
388 3277 506 3320 severus
519 3278 567 3319 eos
592 3265 686 3333 punit,
707 3278 781 3335 quos
836 3282 901 3338 quae
927 3265 1028 3335 sciero,
1060 3273 1162 3336 presto
1190 3265 1286 3321 babes.
1302 3293 1336 3305 -
1351 3263 1546 3331 boemundus,
1560 3270 1588 3321 et
1607 3265 1682 3320 'ran-

56 3348 153 3406 notitia
173 3357 302 3406 exsortes
321 3352 399 3406 sinit.
430 3352 477 3407 Ait
501 3351 640 3420 propbeta
663 3351 777 3408 David:
834 3354 938 3412 eredus
959 3354 1000 3410 dii
1014 3354 1187 3419 habeantur,
1212 3366 1250 3408 an
1279 3351 1421 3416 bomines,
1436 3364 1545 3421 quteso,
1576 3351 1682 3422 inquit,

56 3440 173 3498 deiram
190 3449 268 3498 tuam
283 3443 313 3498 in
328 3451 505 3513 gentesque
518 3450 609 3499 tenen
623 3451 778 3510 noverunt,
835 3450 936 3510 mater,
959 3442 1087 3508 edoceas,
1098 3448 1126 3498 et
1141 3441 1164 3497 si
1180 3440 1232 3511 ipsi
1249 3441 1374 3497 Francos
1387 3439 1418 3494 in
1434 3439 1539 3509 pretiis
1563 3439 1684 3496 victores

56 3543 131 3602 egna
158 3545 224 3601 qum
249 3545 354 3587 nomen
381 3539 464 3588 tuum
487 3545 546 3587 non
570 3532 779 3588 invocaverunt
833 3530 968 3597 alliciant,
999 3543 1106 3599 precor,
1141 3529 1246 3585 edicas.
1276 3557 1311 3568 —
1346 3527 1409 3594 Fili,
1441 3526 1627 3584 Boemundus
1654 3535 1682 3582 et

56 3633 162 3685 ‚utrm
177 3619 214 3688 θ).
234 3640 245 3668 ι
833 3618 1008 3686 Τιιιιιιιιι,
1023 3617 1171 3693 communi
1196 3616 1238 3673 uti
1256 3623 1285 3673 et
1298 3629 1352 3672 nos
1374 3614 1537 3671 mortalitati
1563 3614 1683 3671 obnoxii

68 3707 193 3763 Francos
207 3706 285 3774 istos,
309 3721 367 3763 nou
392 3707 454 3763 ideo
473 3707 544 3777 quia
564 3706 683 3762 advenae
698 3714 776 3774 sunt,
833 3714 911 3773 sunt,
928 3705 977 3762 sed
991 3705 1062 3775 qnia
1076 3718 1129 3775 pro
1144 3704 1199 3760 iide
1213 3718 1269 3760 sna
1288 3710 1392 3774 agunt,
1407 3702 1528 3774 gloriam
1544 3702 1613 3760 clari
1629 3718 1682 3760 no·

56 3795 175 3866 gentiles
199 3794 390 3861 contemnitis,
419 3809 476 3850 non
503 3808 652 3850 armorum
672 3795 778 3852 obscu-
832 3794 929 3861 minis,
960 3796 1016 3850 beo
1031 3793 1072 3849 eis
1095 3799 1276 3862 cooperante,
1305 3798 1496 3855 mernerunt..
1509 3791 1599 3848 Deum
1624 3804 1680 3847 au-

75 3897 136 3939 non
152 3883 217 3940 rite
231 3883 442 3941 mendicitatem
458 3882 591 3953 abjicitis,
618 3882 667 3938 sed
687 3883 718 3939 in
737 3883 779 3939 eis
832 3890 889 3939 tem
904 3882 1017 3939 Patrem
1033 3880 1215 3952 profitentur,
1231 3879 1316 3950 cujus
1331 3878 1437 3935 Filium
1461 3892 1513 3949 pro
1531 3892 1561 3935 se
1581 3879 1681 3936 buma-

56 3972 134 4028 otins
148 3971 344 4028 Christianum
358 3986 463 4028 nomen
492 3971 623 4028 horretis.
649 3971 684 4027 Et
702 3979 778 4029 certe
832 3979 933 4028 natum
962 3970 1059 4026 itidem
1081 3976 1269 4035 venerantur,
1284 3967 1336 4038 qui
1354 3974 1448 4023 tamen
1471 3966 1546 4024 idem
1566 3980 1627 4024 esso
1649 3967 1679 4024 in

56 4074 78 4116 ,ι
92 4060 133 4116 ιιι
153 4060 320 4130 despicitur,
347 4061 460 4130 prosis,
476 4073 543 4115 eum
558 4073 674 4116 necesse
688 4061 776 4116 exsti·
832 4058 957 4130 spiritns
993 4058 1085 4115 saneti
1120 4058 1232 4114 unitate
1266 4056 1437 4114 creduntur.
1464 4085 1500 4098 -
1526 4054 1678 4124 Quoniam,

56 4146 112 4205 'usa
126 4149 170 4205 ira
191 4148 391 4219 praeliabitur..
423 4147 449 4204 Si
474 4148 520 4203 bis
542 4147 708 4218 prophetico
728 4164 777 4206 ore
831 4146 939 4218 inquit,
964 4160 1022 4203 non
1052 4147 1133 4211 Deos,
1160 4153 1261 4212 mater,
1290 4144 1340 4201 sed
1359 4157 1449 4215 puros
1472 4143 1603 4201 homines
1623 4158 1680 4200 no·

56 4242 121 4303 tur,
147 4236 260 4305 quoda
285 4235 354 4292 solis
380 4243 447 4291 ortu
473 4249 566 4305 usque
590 4235 626 4291 ad
642 4249 775 4292 occasum
793 4217 817 4272 Β
832 4236 943 4306 strique
963 4234 1123 4290 simillimos
1136 4233 1289 4300 attestaris,
1314 4233 1355 4289 nii
1368 4231 1448 4288 alind
1476 4232 1576 4302 procui
1591 4231 1680 4289 dubio

56 4321 78 4378 le
92 4336 198 4378 nomen
214 4322 329 4378 Domini
348 4321 501 4389 habeatur,
525 4322 595 4378 dum
609 4336 668 4380 non
690 4335 778 4393 snper
829 4331 918 4380 restat
932 4322 987 4379 nisi
1011 4329 1044 4378 ut
1068 4322 1142 4378 iacto
1156 4320 1254 4391 praelio
1268 4334 1470 4391 comparemur
1485 4319 1596 4377 collatis
1612 4320 1680 4376 viri·

56 4410 104 4467 sed
119 4425 207 4481 super
221 4425 320 4466 omnes
334 4418 432 4480 gentes
454 4410 583 4467 excelsus
602 4411 777 4481 predicatur
830 4411 886 4467 bus
898 4410 964 4466 illis.
980 4430 995 4460 o

56 4512 120 4564 extr,
138 4501 165 4566 3,
181 4500 221 4569 ι),
237 4506 264 4554 ιι
282 4498 333 4554 Dei
349 4499 440 4567 ipsius
457 4511 515 4564 ore,
537 4511 603 4567 quae
623 4497 703 4567 plebs
723 4510 778 4553 sua
866 4497 967 4570 [xiib]
982 4496 1075 4568 igitur
1088 4504 1180 4553 mater
1191 4495 1354 4568 intelligens
1369 4495 1460 4553 lilium
1475 4495 1512 4551 ad
1526 4493 1678 4552 bellacum

56 4594 102 4654 at,
113 4586 174 4657 jam
194 4587 272 4657 plebs
287 4600 352 4655 sua,
367 4594 395 4643 et
410 4600 475 4657 quae
488 4600 546 4642 non
560 4586 777 4649 dilectadilecta
830 4587 947 4643 Francis
972 4586 1086 4657 agenda
1111 4584 1279 4655 proclivem,
1306 4594 1334 4641 et
1360 4583 1421 4640 suis
1452 4582 1528 4639 nolle
1553 4582 1679 4639 consiliis

61 4677 152 4742 (Rom.
164 4690 204 4740 nt,
220 4677 275 4743 ιι),
289 4676 360 4731 dum
375 4689 441 4745 quae
451 4675 600 4731 exstiterat
614 4675 645 4730 in
658 4673 774 4742 iudeis,
829 4676 940 4731 animos
964 4674 1112 4742 adbibere,
1147 4672 1273 4730 collectis
1299 4686 1365 4742 quae
1392 4671 1468 4727 circa
1497 4683 1528 4727 se
1558 4671 1676 4741 reperiri

56 4776 107 4820 nes
120 4763 282 4833 adoptionis
297 4763 391 4834 gratia
413 4761 595 4827 transfertur,
621 4769 648 4818 et
663 4761 692 4815 in
707 4758 777 4815 reli·
830 4768 960 4833 poterant
982 4761 1082 4831 copiis,
1112 4760 1148 4816 ad
1180 4766 1367 4816 memoratam
1404 4756 1538 4826 superius
1575 4757 1676 4814 urbem

56 4851 69 4906 ι
84 4852 183 4909 vultus
197 4865 296 4908 eornm
317 4851 482 4907 ludaeorum
504 4850 605 4919 utique
630 4861 775 4919 prepara·
827 4848 928 4919 Alepb,
945 4848 980 4905 de
998 4847 1057 4905 tilio
1071 4862 1124 4905 suo
1136 4847 1261 4904 nimium
1274 4854 1417 4915 suspecta,
1439 4843 1590 4901 concessit.
1604 4844 1676 4901 ἰιι-

58 4940 142 4996 ιιιιι
159 4940 276 4996 demens
296 4938 368 4994 tilios
381 4939 430 4994 liei
452 4938 627 5008 impugnare
639 4935 777 4993 molitur?
829 4938 870 4993 tia
891 4937 1010 5008 postbac
1029 4937 1075 4993 die
1088 4935 1240 4994 curbaran
1254 4946 1338 4990 arma
1350 4933 1449 5001 sumit,
1473 4939 1501 4989 et
1515 4932 1676 4990 Tuscorum

57 5028 95 5084 tio
114 5028 164 5085 tibi
189 5029 283 5098 plane,
301 5027 382 5098 qnia,
407 5028 430 5083 si
444 5040 493 5082 eos
514 5026 587 5083 bello
600 5025 774 5097 aggrederis,
830 5025 1037 5096 plurimarum
1049 5038 1083 5081 eo
1102 5022 1264 5094 frequentia
1288 5021 1434 5078 civitatem
1461 5020 1579 5086 adeunt,
1591 5033 1630 5076 ex
1642 5033 1677 5077 ea

56 5115 97 5173 ‚ibi
112 5115 326 5172 incommodum
338 5114 545 5185 inlamiamque
556 5114 778 5184 parabis3oerta
830 5121 911 5184 parte
932 5126 993 5183 qua
1006 5111 1089 5179 illud,
1107 5110 1184 5182 qnod
1211 5123 1305 5180 nuper
1331 5116 1477 5179 cuperant
1500 5116 1677 5179 captumque

62 5210 121 5261 tuae
133 5203 241 5260 damna
263 5202 390 5269 subibis,
419 5202 496 5273 ipsos
515 5202 602 5260 etiam
617 5201 776 5273 spoliorum
829 5200 883 5258 sibi
896 5198 1136 5266 communierant,
1147 5205 1209 5254 erat
1220 5205 1358 5253 castrum.
1371 5195 1467 5254 Nostri
1477 5203 1575 5253 autem
1589 5209 1677 5254 sees

67 5289 230 5348 sublatione
252 5290 377 5361 ditabis;
402 5298 434 5348 tu
457 5304 575 5362 quoque
597 5289 676 5359 turpi
706 5288 777 5359 lnga
829 5288 964 5345 limantes
977 5285 1329 5357 eisdemposseresistere,
1354 5284 1445 5342 aciem
1459 5284 1598 5342 adversus
1612 5284 1677 5343 iilos

56 5378 93 5436 du
117 5379 231 5437 laberis.
257 5385 329 5435 411
354 5378 418 5436 Non
437 5386 465 5436 te
493 5379 548 5436 boc
574 5377 717 5449 siqnidem
747 5376 777 5431 in
830 5376 1004 5433 instaurant.
1022 5374 1075 5431 Sed
1089 5381 1172 5430 tanta
1185 5386 1287 5429 eorum
1301 5373 1382 5442 copia
1395 5372 1506 5429 exstitit
1520 5379 1554 5429 ut
1572 5373 1677 5431 nostris

56 5476 152 5524 manet
179 5467 330 5538 interitus3
360 5466 410 5524 sed
436 5473 548 5524 certum
579 5474 675 5522 tamen
704 5463 778 5521 babe
830 5463 986 5522 obsistendi
1013 5462 1107 5519 virtus
1133 5467 1186 5519 aut
1210 5459 1335 5519 audacia
1359 5459 1442 5519 nulla
1466 5460 1549 5520 toret.
1581 5460 1678 5519 eoacti
