3818 6008
80 237 133 289 369
436 236 663 295 TROPOLOGIAE
683 239 715 295 lll'
736 242 839 303 OSEE,
860 241 952 298 AMOS
972 243 1015 298 ET
1033 244 1111 299 JER.
1134 274 1162 282 ·-
1177 243 1242 299 tttt.
1264 244 1301 300 ll.
1327 246 1360 301 ΙΝ
1378 245 1477 303 OSEE.
1783 255 1833 306 tto

81 368 231 427 interiores
257 371 293 426 ad
319 372 410 428 Assur
432 372 541 436 abistis,
567 383 744 444 quotquotve
767 378 803 432 ad
830 390 927 447 regem
947 378 1058 434 Aenim
1073 394 1130 435 non
1153 380 1188 435 ad
1203 380 1331 436 subitum
1354 396 1474 451 prorsus
1497 385 1632 455 erumpit,
1657 387 1706 442 sed
1727 389 1833 447 sensim

80 459 200 514 misistis
220 459 351 524 ultorem,
365 460 399 516 de
415 474 449 517 ea
464 476 522 531 qua
538 462 593 518 lusi
608 463 674 519 estis
691 480 742 520 nos
756 465 929 535 dispersione
985 467 1110 523 tenebris
1134 467 1330 525 fatiscentibus
1351 483 1464 527 aurora
1480 468 1569 541 jubar
1584 474 1718 531 admittit.
1736 479 1834 546 Egres-

79 547 215 616 colligite,
243 554 271 603 et
294 548 329 603 ad
356 563 433 612 eum,
464 551 511 605 cui
539 565 607 606 cum
636 552 753 621 praelato
780 554 929 624 Beniamin
983 570 1030 609 sus
1053 569 1122 625 ergo
1151 557 1240 612 instar
1267 557 1387 612 diluculi
1413 568 1604 628 praeparatur,
1632 576 1697 618 cum
1720 563 1833 637 integu-

79 642 161 705 terga
181 635 361 702 dederamus,
378 637 587 693 sensatioribus
603 639 662 708 J'am
679 641 783 696 animis
797 656 848 697 ora
865 656 931 697 ver·
985 651 1113 699 utentum
1158 645 1262 700 veteris
1304 645 1484 714 ignorantie,
1525 647 1623 705 multis
1667 650 1831 719 punitentia

80 731 185 778 tamus.
209 724 271 793 lpse
289 729 360 778 enim
383 742 430 780 nos
449 731 529 796 cepit,
546 726 632 782 ittote
658 727 786 786 vilelicet
808 729 928 785 tribula·
983 732 1133 788 ornatibus
1167 733 1320 802 praeiuissis
1348 734 1501 805 retegitur;
1525 736 1560 791 ad
1597 737 1685 806 liujus
1710 737 1832 797 diluculi

79 811 166 867 tionis
181 811 260 867 lrcno
280 825 297 866 a
320 812 434 869 licentia
450 829 501 868 uos
524 829 613 884 prava
632 816 771 880 cohibuit,
796 817 930 887 superius
983 828 1154 888 apparatum
1181 820 1209 874 iu
1224 821 1436 877 crediturorum
1459 823 1563 878 animis
1587 824 1711 882 loannes
1734 826 1829 898 Bapti-

78 900 176 955 enim:
200 901 266 954 Ecce
291 916 338 968 eqo
364 903 480 969 capium,
502 902 607 972 iuquit,
633 903 736 958 deiude
760 919 813 960 uos
835 911 928 971 sanat,
983 915 1026 962 sta
1061 908 1259 976 prementum
1296 913 1377 974 quasi
1412 910 1497 965 imber
1530 916 1718 981 teutporuueus
1752 915 1830 971 uobis

78 988 157 1058 quod
174 986 228 1042 uisi
244 987 374 1044 coercitis
388 997 415 1044 et
441 990 628 1047 redeuntibus
652 991 745 1047 lacere
764 1007 823 1048 non
851 1000 929 1062 pote·
982 996 1070 1060 venit,
1086 1009 1152 1050 cunt
1176 995 1301 1065 qualiter
1316 997 1345 1051 iu
1370 1002 1588 1066 presentiarum
1607 1010 1711 1056 nostrae
1726 1002 1831 1057 utentis

78 1081 135 1131 rat.
152 1075 283 1145 Denique
298 1092 346 1131 uos
364 1077 486 1145 percutit
503 1086 553 1133 aut
571 1093 620 1147 per
634 1079 756 1135 adversa
771 1095 837 1151 quae
851 1080 930 1136 elire-
983 1082 1114 1139 habitum
1135 1097 1267 1139 exercere
1288 1084 1453 1151 debeamus,
1471 1100 1523 1142 nos
1546 1087 1659 1144 imbuit.
1682 1090 1830 1159 Teraporu-

79 1164 167 1219 nibus
187 1163 277 1226 nobis,
302 1172 329 1219 ει
344 1166 421 1221 otoni
448 1166 608 1222 vanitatum
632 1175 719 1223 vento
741 1168 926 1236 circumlatis,
982 1183 1048 1222 aeus
1069 1170 1155 1223 imber
1175 1170 1290 1235 dicitur,
1307 1186 1373 1227 cum
1396 1173 1559 1242 pradicatio
1581 1189 1646 1245 quas
1669 1177 1830 1233 exteriusa

77 1251 222 1321 obtendit3
254 1259 305 1307 aut
337 1253 422 1308 ctiam
455 1255 586 1322 percutit,
624 1270 691 1311 cum
726 1264 776 1311 aut
808 1257 929 1325 peccatis
981 1257 1126 1327 magistris
1151 1267 1333 1329 prorogatur,
1359 1261 1403 1316 vel
1426 1261 1537 1317 interna
1559 1264 1667 1329 unctio,
1692 1278 1758 1334 qua
1780 1278 1830 1335 per

77 1338 203 1406 saucios,
233 1347 284 1395 aut
308 1340 370 1411 ipsa
395 1356 511 1411 quoquc
536 1342 721 1410 passibilitate
748 1350 776 1398 ει
798 1343 928 1399 mortali·
981 1344 1113 1414 spiritum
1131 1346 1179 1402 liei
1202 1347 1388 1417 inspergitur,
1413 1348 1450 1403 ad
1471 1350 1640 1406 interiorum
1663 1352 1830 1421 passionum

78 1436 135 1485 tate
158 1442 309 1498 percussos
323 1429 464 1485 ostendit:
488 1434 564 1494 Quas
578 1431 694 1500 quidem
717 1432 758 1486 sic
780 1431 926 1501 deplorat:
981 1432 1131 1499 medelam,
1157 1448 1231 1504 quas
1264 1436 1459 1504 temporaliter
1495 1438 1630 1506 patimur,
1662 1439 1826 1495 adhibetur.

81 1515 267 1583 «Quoniam,
294 1517 400 1588 inquit,
425 1518 536 1588 sagitta
559 1526 616 1574 tua
647 1518 743 1575 infixae
764 1526 833 1575 sunt
858 1519 927 1575 mibi
981 1518 1122 1573 Serotttuts
1145 1521 1230 1575 ituber
1251 1527 1329 1577 terra
1350 1530 1401 1590 est,
1426 1523 1543 1593 quaudo
1566 1522 1601 1580 de
1616 1523 1741 1591 aeterms,
1762 1539 1829 1595 qua

78 1607 162 1672 (Psoi.
196 1619 306 1674 xxxvii,
334 1607 371 1675 3).
404 1627 415 1654 ι
445 1607 534 1662 Curat
568 1622 626 1673 uos,
661 1614 712 1662 aut
740 1607 927 1663 adversitates
980 1606 1084 1663 sacculo
1123 1617 1335 1679 vesperascente
1370 1618 1594 1681 exspectantur3
1631 1614 1703 1666 m
1735 1625 1828 1668 sermo

77 1692 220 1759 leniendo,
252 1702 303 1750 aut
337 1701 453 1764 peccata
480 1694 624 1759 donando,
658 1702 709 1750 aut
747 1695 927 1751 necessitates
947 1671 1031 1762 Βεει,
1056 1710 1122 1766 quae
1139 1704 1215 1752 terra
1229 1697 1378 1762 dicuutur,
1394 1698 1465 1767 quia
1478 1699 1572 1769 major
1595 1714 1685 1770 quam
1700 1698 1739 1757 ibi
1755 1701 1828 1756 soli-

77 1782 226 1838 naturales
251 1789 389 1853 perpetua
409 1782 680 1852 incorruptibilitate
703 1782 851 1838 mutando.
867 1784 928 1839 Cu·
979 1783 1054 1839 ditas
1077 1798 1137 1840 esse
1161 1800 1217 1841 uon
1246 1793 1346 1855 potest,
1372 1786 1504 1843 stabilius
1517 1787 1594 1843 enirn
1611 1795 1686 1843 terra
1699 1787 1828 1845 elemen-

75 1877 120 1926 rat
148 1870 330 1938 eliani,cum
347 1885 396 1940 per
418 1871 581 1927 interiorem
604 1870 793 1943 diligentiam,
815 1878 842 1926 et
864 1871 928 1927 diu·
980 1878 1042 1927 tum
1065 1872 1178 1928 nullum
1200 1882 1253 1941 cst,
1280 1873 1358 1930 unde
1382 1873 1507 1945 legitur:
1539 1875 1656 1932 «Terra
1680 1883 1776 1932 auem
1799 1875 1827 1932 in

76 1965 195 2015 turriam
221 1959 417 2029 subjectorum
440 1966 572 2015 motuum
597 1959 767 2026 custodiam,
796 1958 927 2028 perducit
979 1962 1427 2028 aeteruumstatlllcctes.t,4).»
1555 2024 1558 2031 ,

75 2061 126 2103 nos
140 2048 230 2103 totius
244 2047 416 2119 integritatis
431 2048 466 2102 ad
482 2047 623 2118 regulam.
1015 2047 1100 2102 Vens.
1115 2047 1142 2100 4.
1162 2069 1223 2096 -ι
1240 2047 1313 2112 Quid
1328 2047 1429 2103 faciam
1446 2048 1507 2114 tibi,
1525 2048 1684 2119 Ephraim?
1698 2049 1768 2120 quid
1783 2051 1829 2106 la-

110 2135 199 2192 Veus.
215 2135 243 2190 3.
266 2164 294 2174 -
314 2157 324 2184 ι
342 2134 506 2191 vivificabit
521 2149 572 2190 uos
587 2141 649 2205 post
664 2135 736 2191 duos
751 2133 821 2200 dies,
836 2134 866 2189 iu
882 2134 927 2189 die
983 2156 992 2180 t
1015 2133 1088 2189 ciam
1105 2134 1164 2201 tibi,
1188 2135 1284 2190 iuda?
1307 2134 1502 2192 misericordia
1518 2144 1613 2194 vestra
1629 2138 1713 2208 quasi
1735 2139 1830 2196 nubes

77 2246 90 2273 a
110 2224 197 2280 tertia
225 2223 375 2279 suscitabit
405 2238 467 2291 uos,
494 2230 522 2279 et
552 2223 685 2279 vivemus
712 2222 741 2278 iu
773 2229 925 2291 conspeetu
980 2223 1167 2290 »matutina
1185 2224 1310 2293 etquasi
1327 2237 1374 2279 ros
1389 2237 1471 2281 mane
1486 2225 1693 2295 pertransiens.
1712 2227 1783 2283 »Ac
1804 2226 1828 2282 si

79 2333 89 2360 ·
109 2314 187 2384 ejus,
204 2313 337 2379 sciemus,
352 2324 567 2381 sequemurque
593 2319 623 2367 ut
639 2324 846 2381 cognoscamus
869 2311 927 2366 Do-
979 2311 1103 2367 diceret:
1127 2311 1206 2377 Quod
1223 2312 1371 2380 praemium
1389 2313 1603 2382 praestolamini,
1619 2328 1636 2369 o
1651 2313 1787 2371 voluutas
1800 2323 1829 2371 et

79 2424 89 2447 ι
111 2401 238 2456 minum.
264 2421 275 2448 ι
302 2401 366 2455 Posi
384 2399 452 2454 duos
474 2400 532 2454 dies
554 2415 602 2453 uos
624 2402 754 2469 sicilicet,
775 2413 840 2455 cum
866 2406 927 2468 post
981 2399 1062 2467 ratio,
1084 2413 1135 2469 pro
1152 2400 1206 2454 lioc
1222 2399 1281 2469 ipsu
1305 2407 1396 2456 vestro
1419 2401 1455 2455 ad
1473 2402 1563 2457 beum
1580 2401 1695 2457 reditu?
1716 2403 1827 2457 Miseri-

75 2488 274 2547 ronversionis
302 2488 424 2555 gratiam
459 2487 495 2542 ad
525 2487 750 2557 prosecutionem
784 2487 925 2543 virtutum
980 2487 1081 2548 cordia
1116 2501 1204 2556 quam
1233 2487 1312 2543 vobis
1341 2488 1500 2544 secundum
1531 2489 1683 2554 animalem
1718 2496 1827 2546 motum

77 2593 128 2633 uos
152 2578 272 2632 animat.
292 2577 324 2630 lu
344 2576 388 2631 die
408 2580 489 2631 tertie
511 2592 558 2630 uos
581 2576 711 2642 suscitat,
727 2589 794 2631 cum
820 2575 855 2629 atl
871 2590 923 2630 cu·
979 2574 1105 2642 impendi
1122 2575 1298 2641 desideratis,
1314 2576 1371 2630 scio
1391 2575 1462 2644 quia
1478 2575 1513 2630 atl
1541 2576 1657 2632 modum
1678 2577 1827 2633 matutine

75 2664 189 2721 mulum
207 2664 388 2735 perlectiouis
412 2665 457 2720 vel
480 2662 574 2733 potius
591 2662 726 2719 bravium
741 2663 853 2720 coeleste
876 2676 928 2718 uos
980 2661 1076 2729 nubis,
1107 2662 1302 2731 perfunctoria
1334 2670 1387 2728 εει,
1417 2662 1487 2718 dum
1516 2677 1566 2732 pro
1594 2663 1723 2719 interiori
1752 2663 1827 2720 bono

73 2753 219 2809 sublevat.
250 2751 283 2808 lli
305 2752 369 2820 {tres
394 2760 488 2807 status
515 2751 569 2808 sub
594 2751 683 2807 trium
717 2751 771 2807 lob
798 2750 925 2806 tiliarum
979 2751 1129 2805 commoda
1155 2750 1300 2806 exteriora
1323 2749 1498 2821 perquiritis,
1522 2757 1550 2807 ει
1573 2750 1644 2807 dum
1669 2764 1721 2822 pro
1744 2759 1826 2808 aeter·

74 2841 268 2912 designantur
299 2839 475 2906 nominibus,
500 2839 569 2895 dunt
602 2853 659 2894 tina
689 2839 764 2905 Dies,
798 2838 926 2894 secunda
981 2838 1025 2893 uis
1045 2837 1177 2894 laborare
1201 2839 1353 2908 putamini,
1378 2838 1405 2893 in
1430 2839 1562 2908 prasenti
1585 2839 1691 2908 cupitis
1715 2853 1828 2910 prospe

74 2928 183 2997 Cassia,
220 2927 395 2986 Cornustibii
424 2927 508 2984 tertia
542 2928 693 2984 vocitatur.
728 2926 813 2983 lnitia
848 2926 925 2982 enim
946 2925 1048 3023 Crari.
1075 2927 1303 2981 Matutiuoeuim
1322 2925 1407 2980 nubes
1428 2934 1590 2997 emergente
1614 2939 1721 2982 aurora
1743 2925 1827 2998 disji-

76 3017 280 3087 promotiones,
295 3024 323 3073 ct
343 3015 413 3072 llues
437 3016 466 3071 in
493 3029 680 3086 quorumque
704 3014 927 3070 conversationi·
980 3014 1066 3079 citur,
1104 3022 1131 3070 et
1164 3030 1207 3069 ros
1239 3015 1426 3070 incalescente
1455 3014 1636 3084 decoquitur.
1666 3012 1747 3081 Quod
1785 3021 1827 3071 εει

75 3107 131 3162 bus
145 3104 348 3171 attenduntur,
365 3103 443 3174 quod
459 3110 500 3160 est
514 3103 610 3174 egredi
626 3116 662 3159 ex
677 3103 811 3173 AEgypto,
824 3116 925 3172 perva·
980 3102 1092 3158 dicere:
1119 3102 1175 3158 Vos
1199 3117 1255 3157 uon
1280 3101 1424 3158 inclinatis
1453 3101 1623 3158 intentiones
1646 3108 1764 3169 vestras,
1790 3101 1825 3157 ad

75 3193 141 3264 gari
165 3193 195 3248 ln
219 3193 341 3258 deserto,
366 3199 470 3248 terram
500 3191 697 3262 promissionis
719 3191 843 3259 iutrare;
865 3189 925 3259 ipse
980 3190 1124 3246 laciendas
1158 3190 1377 3261 justificationes
1411 3204 1490 3246 meas
1521 3198 1637 3260 propter
1660 3189 1826 3246 retributio·

74 3295 196 3352 quoque
229 3280 366 3337 maninus
393 3293 430 3335 ex
453 3278 630 3351 Evangelio:
654 3299 667 3329 u
694 3279 791 3346 Hodie,
819 3279 923 3348 iuquit,
980 3294 1056 3346 uem,
1073 3293 1139 3349 quae
1157 3280 1188 3334 lit
1216 3278 1244 3334 iu
1270 3286 1426 3347 aeternuut;
1443 3277 1492 3333 sed
1519 3277 1669 3334 aestimatis
1692 3277 1826 3348 pietatem

75 3366 220 3422 daemonia
242 3365 416 3438 ejiciemus
438 3367 576 3422 sanitates
595 3367 760 3436 perlicio,et
780 3364 925 3421 tertiadie
980 3374 1133 3438 questum.
1165 3367 1384 3423 lltserlcordiam
1415 3374 1511 3423 autem
1538 3365 1632 3433 istam,
1658 3380 1715 3421 nou
1739 3365 1825 3421 aliam

74 3467 262 3510 consummor
275 3453 350 3525 (buc.
372 3468 435 3516 xvir,
451 3456 507 3519 32).
531 3475 541 3503 ι
564 3453 597 3508 lu
612 3460 764 3522 conspectu
779 3452 842 3524 ejus
857 3460 925 3508 tuuc
980 3455 1105 3526 intellige
1128 3469 1217 3525 quam
1239 3454 1273 3511 de
1293 3469 1352 3524 qua
1367 3454 1490 3510 dicitur:
1511 3477 1520 3502 ι
1549 3453 1684 3523 lteeeptstt
1706 3453 1780 3509 bona
1795 3453 1825 3509 iu

73 3543 214 3610 vivimus,
240 3557 307 3599 cum
331 3550 382 3598 aut
412 3541 476 3612 eius
500 3541 608 3598 iutuitu
631 3540 720 3612 digna
747 3540 923 3611 peragimus,
979 3543 1039 3599 vita
1054 3551 1105 3599 tua
1120 3542 1196 3613 (Luc.
1212 3557 1272 3608 xvi,
1289 3543 1343 3611 bs).
1368 3564 1377 3590 ι

73 3630 154 3702 quod
177 3631 254 3686 euim
276 3630 358 3687 uobis
392 3629 482 3699 placet
510 3637 658 3700 gratanter
680 3626 848 3697 aspicimus,
874 3634 925 3683 aut
1016 3630 1100 3686 Vens.
1127 3632 1154 3684 5.
1178 3658 1215 3672 -
1241 3651 1251 3677 ι
1285 3629 1402 3698 Propter
1424 3628 1477 3684 boc
1499 3627 1593 3683 dolavi
1619 3629 1647 3683 iu
1669 3627 1823 3698 prophetis,

73 3719 262 3790 aeteruaejus
283 3718 392 3775 visione
413 3717 569 3774 relicimur.
597 3716 633 3771 Et
655 3715 925 3786 rectepositumest
980 3718 1103 3776 »occidi
1132 3732 1180 3774 eos
1209 3718 1237 3772 iu
1268 3717 1362 3773 verbis
1385 3716 1442 3773 oris
1465 3715 1534 3780 mci;
1564 3722 1592 3770 et
1619 3715 1730 3786 judicia
1761 3729 1824 3771 mea

73 3812 208 3874 vicenus,
231 3806 301 3877 quia
321 3807 350 3862 in
376 3805 509 3877 praesenti
524 3805 694 3874 quicunque
710 3803 826 3859 babitus
843 3801 925 3859 udbis
982 3828 992 3854 »
1014 3806 1098 3878 quasi
1115 3806 1166 3862 lux
1192 3806 1384 3876 egredientur.
1411 3825 1421 3853 ι
1442 3806 1556 3874 Propter
1570 3802 1619 3857 itoc
1642 3805 1671 3856 iu
1681 3802 1824 3873 prophetis

73 3896 155 3962 insit,
181 3910 334 3966 uunquam
355 3895 384 3951 in
399 3895 498 3952 eodem
513 3900 590 3950 statu
606 3900 814 3963 permanentes,
839 3899 869 3947 ut
884 3891 925 3947 sic
978 3895 1065 3963 dolat,
1083 3894 1153 3966 quia
1176 3908 1213 3950 ne
1234 3893 1401 3963 temporalia
1423 3892 1508 3963 quasi
1534 3905 1584 3961 pro
1600 3891 1693 3947 meriti
1708 3891 1824 3961 praemio

74 3985 211 4052 dixerim,
236 3998 348 4055 semper
366 3983 516 4041 morimur.
542 3983 662 4038 scientie
686 3984 782 4037 autem
804 3995 871 4036 cum
893 3980 924 4036 iu
977 3989 1170 4053 aucupentur,
1196 3981 1306 4051 ineptas
1321 3981 1462 4051 quasdam
1482 3981 1542 4050 spei
1559 3979 1653 4035 inanis
1667 3977 1824 4050 providen-

76 4076 140 4146 ipsa
161 4080 258 4129 nostra
280 4071 443 4130 reversione
458 4071 495 4127 ad
514 4069 682 4135 Dominum,
698 4068 853 4138 plenariam
870 4069 924 4125 ob·
978 4073 1032 4129 tias
1052 4073 1080 4127 iu
1105 4071 1187 4127 uobis
1204 4070 1308 4140 partim
1333 4069 1449 4136 excidit,
1475 4068 1578 4138 partim
1604 4074 1717 4134 servat;
1741 4066 1824 4123 dola-

75 4162 234 4219 tiuebimus
261 4161 459 4217 discretionem
487 4158 654 4229 spirituum,
684 4156 761 4214 illius
784 4157 924 4213 sermonis
978 4162 1030 4218 bro
1056 4161 1132 4217 enlm
1163 4165 1308 4216 resecatur
1335 4157 1488 4223 nodositas,
1519 4163 1551 4212 ut
1578 4155 1691 4227 lignum
1716 4155 1823 4212 idoneae

75 4251 173 4320 adepti
189 4249 347 4316 scientiam,
372 4249 424 4319 qui
440 4247 575 4318 pertingit
599 4246 635 4302 ad
655 4245 824 4301 divisionem
843 4246 923 4316 cogi·
944 4248 1146 4316 prectitudlui
1177 4255 1363 4317 preparetur.
1392 4245 1548 4316 Prophetas
1583 4258 1600 4299 a
1632 4244 1823 4315 prophetando

76 4339 220 4394 uttouun
244 4344 271 4393 et
301 4337 505 4393 intentionum·
536 4334 643 4391 Deinde
673 4348 825 4399 sequetur,
858 4347 923 4389 cun
978 4337 1077 4405 uictos,
1102 4337 1151 4406 qut
1175 4335 1260 4392 etiarn
1281 4334 1402 4389 etentes
1421 4334 1487 4390 otim
1509 4333 1545 4389 oo
1569 4332 1756 4390 subtilitatem
1783 4331 1824 4388 tn·

75 4427 197 4483 scientia
223 4425 302 4481 rcrbi
324 4424 415 4495 ipsius
436 4432 575 4494 tauquam
591 4422 709 4478 lucerna
734 4422 857 4492 praeierit
873 4436 924 4492 pe·
978 4424 1142 4496 tetttgeutiae
1165 4423 1335 4480 dicebantur
1355 4435 1439 4478 nemo
1462 4422 1514 4491 qui
1539 4420 1675 4492 ambigat.
1700 4422 1732 4475 lu
1750 4420 1822 4492 lpro-

74 4515 163 4571 dibus
176 4513 283 4571 nostris
301 4513 385 4581 (Psoi.
403 4527 503 4579 cxvtu,
527 4511 596 4582 tbi).
622 4511 762 4579 Tuncque
783 4512 924 4564 bominum
974 4513 1065 4584 pltett's
1079 4525 1148 4582 ergo
1162 4510 1248 4577 dolat,
1265 4524 1331 4566 cum
1353 4509 1382 4565 in
1404 4508 1563 4579 prudentiis
1588 4509 1692 4564 uostris
1711 4517 1824 4564 terrena

75 4616 293 4675 cognoscemus,
307 4615 374 4657 cum
393 4601 430 4657 ad
446 4601 509 4670 ejus
525 4600 658 4655 intimum
675 4598 782 4653 amoris
801 4597 925 4654 cubicu-

74 4695 148 4760 lum,
165 4692 243 4763 quod
263 4699 305 4749 est
329 4705 398 4747 vera
421 4690 533 4756 notitia,
560 4690 626 4755 imo,
654 4698 684 4744 ut
708 4689 767 4758 ipse
794 4695 923 4755 testatur,

74 4784 135 4838 vita
160 4788 269 4838 aterna
303 4782 393 4849 (loun.
423 4793 454 4844 x,
486 4777 545 4849 ιθ),
572 4776 763 4849 attigerimus.
792 4797 803 4824 ι
836 4774 924 4842 Quasi

76 4892 86 4920 t
110 4868 275 4925 diluculum
297 4873 477 4938 preparatus
495 4870 538 4922 est
551 4879 684 4937 egressus
697 4863 771 4933 ejus,
788 4870 816 4919 et
831 4863 925 4919 veniet

75 4957 197 5029 »quasi
237 4956 328 5013 imber
364 4956 447 5013 uobis
476 4963 679 5025 temporaneus
716 4958 743 5008 et
782 4952 926 5009 serotinus

76 5054 205 5104 »term
236 5063 251 5098 a
277 5044 403 5115 Exponit
439 5042 632 5115 particulatim
659 5039 806 5111 quomodo
832 5048 923 5108 εειιει,

73 5149 165 5208 quatu
190 5147 292 5191 curam
316 5133 457 5190 Dominus
482 5130 715 5202 percussionibus
739 5128 845 5184 nostris
870 5129 925 5185 im-

74 5223 190 5296 pendat.
217 5222 293 5278 oeus
315 5221 463 5293 egreditur
485 5234 551 5278 cum
574 5218 660 5275 menti
678 5216 785 5273 divinae
811 5219 925 5287 aspira-

74 5311 161 5369 tionis
173 5323 271 5367 novus
290 5309 409 5380 quidam
432 5308 531 5365 radius
558 5306 716 5363 suboritur.
744 5304 771 5360 ls
792 5318 925 5376 egressus

74 5399 157 5456 acsi
184 5397 347 5455 diluculum
378 5404 567 5467 preparatur,
603 5409 668 5451 cum
700 5392 869 5462 pedetentim
898 5404 925 5451 et

73 5486 263 5546 coalescentis
298 5485 361 5541 lldei
386 5483 567 5555 processibus
593 5482 739 5546 dilatatur,
763 5480 924 5539 diluculum

977 4600 1107 4666 succidit,
1124 4607 1151 4655 et
1166 4607 1283 4666 aeterna,
1300 4612 1366 4667 quae
1380 4596 1440 4652 sola
1457 4597 1560 4653 debent
1573 4596 1693 4667 sperari,
1709 4608 1822 4651 couscr-

978 4695 1039 4743 vat.
1061 4688 1093 4741 ln
1108 4686 1197 4741 cubis
1218 4690 1273 4740 oris
1288 4685 1333 4741 sui
1348 4699 1391 4739 eos
1404 4684 1516 4750 occidit,
1541 4699 1607 4740 cum
1631 4683 1726 4740 verbis
1748 4696 1824 4752 pras·

977 4775 1150 4841 dicatorum,
1167 4772 1217 4844 qui
1238 4789 1287 4829 occ
1300 4780 1327 4828 et
1343 4772 1418 4827 lubic
1430 4774 1480 4826 liet·
1499 4771 1528 4827 in
1553 4771 1709 4842 scripturis
1727 4769 1823 4841 appel-

978 4863 1085 4929 lantur,
1112 4862 1207 4932 inepta
1228 4860 1372 4931 cupiditas
1398 4859 1603 4916 addemnatur.
1630 4860 1741 4916 iudicio
1761 4859 1825 4930 ejus

978 4956 1059 5018 quusi
1085 4953 1134 5007 luc
1156 4949 1355 5022 egrediamur,
1379 4961 1445 5005 cum
1459 4947 1644 5004 discretiones
1667 4946 1785 5004 rationis
1808 4960 1826 5002 a

979 5041 1036 5097 beo
1061 5040 1211 5096 illustrata
1237 5038 1273 5094 ad
1297 5049 1385 5106 opera
1406 5035 1488 5103 lucis,
1504 5050 1570 5105 quae
1587 5035 1731 5104 proximos
1754 5034 1826 5092 edt-

979 5129 1073 5196 llceut,
1089 5128 1271 5185 emittuntur.

1015 5219 1100 5274 Vsus.
1115 5216 1143 5273 6.
1158 5244 1195 5257 -
1211 5238 1221 5265 ι
1237 5215 1310 5282 Quia
1324 5212 1545 5271 misericordiam
1564 5211 1640 5268 volui
1655 5217 1683 5266 ct
1697 5224 1756 5268 non
1777 5226 1826 5269 sa·

981 5327 992 5356 t
1014 5305 1166 5370 crillcium,
1183 5311 1210 5360 ει
1220 5303 1368 5360 scientiam
1384 5301 1434 5358 Dei
1448 5302 1602 5372 plusquam
1618 5299 1793 5358 holocausta.
1813 5323 1823 5348 ·

980 5394 1195 5450 Misericordiam
1224 5391 1287 5449 vult
1315 5392 1390 5447 [leus
1415 5396 1441 5444 et
1468 5407 1521 5446 uon
1553 5392 1726 5461 sacrificium,
1756 5389 1826 5447 dum

980 5483 1106 5555 primum
1122 5489 1155 5538 ut
1179 5482 1226 5539 sui
1244 5481 1329 5538 bomo
1344 5480 1524 5548 misereatur,
1539 5484 1568 5538 et
1588 5479 1770 5553 postmodum
1797 5486 1828 5536 ut
