3818 6008
77 250 126 304 {23

518 245 551 309 lt.
574 251 740 309 notabunt
759 252 905 310 tuentis
923 252 950 308 S.
972 247 1093 307 utalia
1113 249 1158 308 ott
1180 248 1382 307 ttovlubttto

1776 251 1822 306 itt

75 401 218 446 venenum
237 389 360 447 dulciter
374 390 567 447 hauriendum
579 389 667 447 fallax
684 390 860 461 permittitur
880 389 915 445 ad
937 389 1096 455 philatum
1134 401 1241 459 genera
1279 387 1408 443 membra
1445 387 1637 459 corruperint,
1673 385 1821 453 rationem,

978 491 1044 546 quae
1058 475 1119 531 sola
1140 482 1285 545 superstes
1297 475 1468 545 plerumque
1481 475 1625 531 miseriam
1642 489 1724 531 suam
1737 474 1821 539 videt,
1864 486 1865 493 ¹

74 475 206 534 ellectum
233 479 347 535 sceleris
375 478 586 550 repugnantia:
618 479 754 535 cornibus
784 480 861 534 enim
894 494 923 534 se

75 566 231 622 detendunt
252 567 402 634 animalia;
417 568 465 623 sed
490 570 595 633 erairn,
612 560 704 638 quiet
723 569 921 623 zomzommim

75 653 147 710 aias
172 655 319 722 dicuntur,
345 671 404 710 ram
426 658 464 710 eis
486 656 592 725 pariter
615 657 793 725 excitantur;
823 656 923 712 vitiosa

73 743 224 798 ebenina
248 757 313 798 eunt
338 743 372 799 sil
399 751 498 799 nostra
517 752 630 810 natura,
656 745 791 800 vitiorum
814 743 924 799 sentina

75 832 102 886 in
126 845 155 886 se
179 839 283 900 portat,
308 839 335 888 et
361 831 422 887 brec
445 833 516 902 ipsa,
533 833 623 889 donec
641 832 745 889 excitet
769 833 813 888 vis
829 839 922 888 tenta-

75 919 168 986 tionis,
192 934 221 975 se
246 919 303 989 pati
327 919 463 991 ignorat:
490 921 690 977 zomzommim
715 928 812 977 autem
836 921 923 976 dictio

73 1006 195 1078 integra,
235 1005 330 1062 Zuzim
367 1021 435 1062 vero
463 1021 513 1076 per
539 1007 729 1064 concisionem
759 1015 801 1064 est
831 1007 921 1076 dieta;

72 1094 271 1150 zomzommim
298 1095 396 1164 itaque
411 1095 525 1162 dieitur,
546 1110 612 1165 qua¹
626 1103 668 1151 est
694 1096 753 1152 hacc
772 1110 860 1167 aqua,
879 1096 922 1151 vel

74 1182 225 1252 preparati
242 1183 269 1237 io
290 1181 359 1237 acie.
384 1183 457 1238 ilum
476 1197 600 1254 namque
616 1198 734 1250 cornua,
759 1184 785 1239 id
805 1191 847 1240 est
862 1185 922 1239 lor-

74 1269 227 1327 titudinem
263 1270 447 1340 repugnandi
473 1278 573 1326 contra
602 1285 692 1341 prava
721 1286 807 1342 opera
843 1285 923 1326 meus

978 574 1005 621 et
1038 564 1166 634 ingemit,
1200 566 1385 634 exstinguere
1416 571 1565 634 appetunt,
1598 578 1632 619 ne
1661 565 1722 634 ipsa
1749 563 1823 619 mala

979 652 1123 723 pensando
1148 652 1241 708 doleat
1267 667 1332 722 quae
1357 652 1411 708 sibi
1437 652 1546 708 insunt.
1572 651 1677 709 Occisis
1698 665 1824 721 namque

979 741 1053 808 liliis,
1080 741 1222 797 sedechiae
1246 742 1320 797 oculi
1342 749 1501 810 eruuntur;
1527 741 1584 810 ipsa
1610 754 1728 810 quoque
1752 741 1824 796 ratio

978 835 1017 884 est
1039 830 1125 886 Codes
1143 846 1149 882 :
1167 829 1256 883 Gades
1274 837 1450 885 verosancta
1467 828 1510 884 vel
1527 835 1640 883 mutata
1654 828 1824 898 interpreta-

979 925 1046 973 tur:
1065 932 1130 988 quae
1145 918 1221 972 enim
1237 925 1336 972 saneta
1358 917 1462 982 luerat,
1478 917 1585 972 carnali
1604 916 1742 986 appetitui
1759 916 1824 972 vesi-

978 1006 1164 1073 mendacta
1190 1005 1257 1061 Loth
1273 1004 1431 1060 divortium
1453 1003 1591 1071 iaciendo,
1614 1017 1688 1059 verae
1712 1004 1822 1073 perspi-

977 1094 1102 1161 cuitatis,
1133 1093 1161 1149 id
1191 1101 1233 1148 est
1263 1091 1511 1161 contemplationis
1538 1091 1671 1160 adempto
1697 1091 1752 1147 sibi
1783 1091 1819 1146 lu·

979 1183 1055 1238 minc
1091 1189 1277 1248 commutata,
1315 1194 1417 1251 rogum
1445 1181 1644 1250 pessimorum,
1679 1181 1731 1250 qui
1762 1188 1823 1250 post

977 1269 1133 1326 criminum
1165 1269 1371 1325 revolutionem
1395 1268 1431 1322 ad
1454 1268 1528 1323 hane
1552 1267 1672 1323 redeunt
1694 1267 1824 1324 obsiden-

73 1357 212 1414 lallaciter
237 1359 333 1429 erigit,
368 1366 396 1414 et
425 1359 524 1428 primae
551 1359 745 1416 delectationis
773 1360 920 1416 mollitiem
977 1358 1054 1425 dam,
1071 1357 1219 1414 substituit
1234 1358 1270 1412 ad
1294 1364 1407 1426 tempus
1428 1355 1556 1411 arbitrio.
1579 1355 1748 1412 Perrutiuut
1763 1370 1821 1411 ont-

73 1446 173 1503 leriter
200 1446 289 1514 ducit,
320 1455 435 1515 repente
465 1448 714 1504 concrescentibus
742 1448 920 1519 cogitatuum
978 1461 1040 1501 uem
1066 1454 1169 1501 terram
1202 1444 1441 1511 Arrtalrritarunt,
1464 1444 1534 1514 quia
1555 1444 1699 1511 allectum,
1725 1444 1824 1501 voluu-

73 1535 326 1606 corporaliumque
347 1544 478 1592 ntotuum
495 1537 596 1602 veritis,
612 1539 695 1607 quasi
709 1537 842 1608 quaedam
856 1535 921 1609 gla—
977 1542 1073 1601 tatem,
1099 1534 1286 1593 intellectum.
1313 1532 1587 1602 sensualitatemque
1612 1533 1662 1588 Dei
1690 1533 1823 1589 inimico-

73 1623 124 1680 cici
149 1623 257 1679 duritia
281 1625 394 1680 admoto
419 1625 485 1696 igne
508 1627 669 1693 resolvitur,
685 1634 712 1682 et
733 1626 828 1682 dicere
844 1627 919 1696 apud
976 1637 1041 1678 rum
1073 1622 1159 1692 iuxta
1187 1621 1369 1677 Psalmistam
1399 1628 1505 1677 terram
1533 1621 1704 1692 lingentium
1735 1622 1822 1691 (Psal.

73 1725 103 1767 se
115 1712 176 1782 jam
191 1712 320 1781 relapsus
335 1714 372 1768 ab
390 1713 437 1768 illo
453 1721 532 1769 tanto
547 1715 648 1770 robore
661 1715 783 1786 cogitur,
800 1730 865 1786 quae
880 1723 921 1770 est
942 1698 1051 1778 Bvirtu,
1070 1713 1100 1779 9)
1126 1725 1182 1765 oon
1197 1710 1290 1765 solum
1315 1709 1349 1763 ad
1367 1709 1520 1778 cupienda,
1538 1708 1586 1764 sed
1610 1708 1697 1765 etiam
1722 1709 1822 1765 adula-

75 1800 134 1856 haec
149 1814 237 1870 aqua,
258 1800 285 1855 iri
307 1809 349 1856 est
372 1801 448 1857 unde
468 1801 540 1857 inihi
559 1816 596 1857 cx
621 1802 765 1872 insperato
780 1811 821 1859 tot
846 1811 921 1859 tam-

73 1901 130 1958 que
146 1887 228 1942 liuxa
247 1888 408 1943 desideria?
424 1888 495 1945 Cum
519 1890 648 1958 proprios
662 1890 738 1945 euim
756 1897 852 1945 inatus
867 1891 921 1945 sub

73 1990 126 2031 suo
150 1975 254 2031 babere
278 1989 307 2031 se
330 1981 442 2044 putaret
461 1975 538 2045 iure,
554 1976 651 2031 sabito
677 1976 797 2032 attendit
821 1985 921 2032 coittra

73 2077 103 2120 ae
119 2071 294 2134 praeparatos
313 2064 341 2118 in
356 2065 425 2120 arie.
442 2066 533 2119 Enim
547 2064 634 2120 etiam
655 2066 684 2119 ia
705 2064 774 2120 Sabe
791 2078 920 2119 eommo-

30 2179 32 2182 >
72 2160 187 2218 ventur,
210 2153 280 2208 dum
295 2152 437 2208 horrenda
454 2152 590 2223 qualibet
606 2167 663 2208 non
676 2153 760 2208 modo
775 2153 921 2208 naturalia

73 2242 148 2296 tnala
185 2255 202 2296 a
235 2240 350 2311 captiva
382 2248 475 2297 niente
502 2244 563 2311 lam
597 2250 812 2312 proponuntur3
852 2243 922 2297 Sabe

71 2329 186 2399 captiva
217 2329 432 2401 iuterpretatur,
467 2329 511 2385 vel
545 2343 658 2400 vepres;
693 2344 793 2400 vepres
824 2338 920 2386 autom

71 2417 290 2487 desideriorum,
314 2434 380 2489 quae
405 2434 456 2475 nos
478 2418 615 2485 lacerant,
638 2419 800 2474 carnalium
821 2418 920 2474 uiuiti-

72 2506 184 2576 plicitas
198 2510 281 2576 strut3
299 2506 327 2561 iu
342 2506 587 2562 emendatioribus
602 2521 660 2562 non
676 2508 756 2574 Sabe,
773 2507 822 2563 sed
840 2508 918 2572 Suae,

73 2594 117 2650 vcl
141 2596 227 2650 etiam
250 2595 337 2650 slata
359 2594 491 2662 babetur,
516 2594 593 2666 quod
619 2595 706 2665 digne
733 2594 779 2652 vel
801 2595 921 2651 clerano

72 2681 290 2752 interpretatur,
310 2696 416 2738 sonans
433 2683 542 2754 utiquc,
558 2682 635 2754 quod
650 2685 736 2755 digne
752 2684 805 2740 hos
821 2685 920 2739 iucur-

71 2785 121 2826 sus
147 2779 261 2841 propter
288 2769 440 2826 elationem
466 2785 549 2827 suam
577 2771 674 2828 anima
698 2773 838 2844 patiatur;
863 2787 919 2827 nitu

72 2859 165 2914 solum
187 2873 254 2915 vero
273 2859 301 2914 in
316 2858 463 2928 vepribus,
484 2860 569 2916 idest
588 2861 774 2931 incorporeis
794 2861 920 2917 motibus

975 1798 1101 1855 tiottibus
1112 1799 1146 1853 ad
1159 1798 1309 1853 lambenda
1320 1797 1417 1852 saculi
1434 1797 1521 1867 hujus
1536 1798 1684 1853 cotttvtmda
1698 1798 1821 1862 irritant,

974 1894 1002 1942 et
1034 1887 1204 1943 accendunt.
1247 1886 1380 1941 Arvtalech
1416 1885 1521 1941 etenim
1556 1885 1678 1955 populus
1713 1887 1823 1957 lingens

974 1974 1079 2031 dicitur
1111 1990 1159 2031 eos
1190 1975 1369 2047 signilieans,
1406 1975 1457 2045 qui
1489 1975 1566 2045 quod
1599 1974 1627 2028 vi
1662 1984 1820 2045 nequeunt,

976 2064 1128 2134 hypocrisi,
1146 2064 1311 2134 linguaeque
1326 2063 1521 2119 blandimento
1536 2062 1715 2132 praeripiunt.

1010 2153 1174 2209 Perculitur
1186 2153 1270 2208 etiam
1286 2152 1480 2216 ⁴lvivrrrrbaeus,
1498 2154 1547 2219 qai
1559 2151 1702 2204 lectitabat
1717 2153 1746 2204 ia
1756 2151 1826 2205 Asa·

974 2242 1142 2309 sorathamar,
1176 2241 1203 2296 id
1237 2249 1278 2297 est
1306 2242 1450 2296 excitatur
1480 2240 1575 2294 liranis
1607 2239 1699 2310 gloria
1732 2239 1820 2294 Deum

974 2329 1084 2399 absque
1106 2329 1194 2384 dubio
1217 2329 1388 2395 amaricans,
1412 2329 1481 2398 quia
1508 2334 1722 2398 perseveranter
1747 2327 1820 2382 obti-

975 2432 1041 2473 nere
1074 2433 1103 2474 se
1136 2418 1254 2475 simulat
1285 2419 1418 2473 vitiorum
1453 2431 1638 2488 quorumque
1677 2416 1820 2487 praesidia,

975 2505 1144 2562 indesinenti
1178 2506 1317 2576 potiundo
1344 2507 1473 2562 victoria.
1508 2508 1682 2561 Amorraeus
1718 2504 1822 2560 dicitur

974 2595 1136 2651 amaricans
1143 2611 1151 2665 ;
1172 2596 1390 2650 Asrrsantbumar
1404 2604 1499 2650 autem
1517 2595 1585 2650 urbs
1601 2594 1775 2664 palmarum,
1792 2593 1821 2648 io

975 2682 1077 2753 palmis
1091 2698 1209 2754 quoquc
1225 2684 1352 2738 victoriae
1369 2684 1547 2752 ligurantur3
1567 2683 1701 2738 lionorem
1726 2681 1823 2750 itaque

975 2773 1031 2829 Deo
1046 2773 1174 2829 debitum
1199 2773 1233 2828 de
1254 2775 1361 2841 peccati
1378 2773 1506 2839 victoria,
1524 2786 1589 2827 com
1606 2771 1659 2828 sibi
1682 2770 1822 2826 laliaciter

975 2875 1054 2916 uteris
1087 2869 1213 2931 arrogat,
1251 2861 1377 2930 quadam
1410 2860 1575 2916 idololatriae
1607 2873 1641 2915 ac
1678 2857 1819 2929 sacrilegii

72 2947 120 3003 sed
136 2946 222 3003 etiam
244 2947 272 3002 ln
296 2947 477 3014 cariathaim,
501 2948 576 3018 quod
597 2957 639 3004 est
656 2949 684 3004 in
700 2949 815 3006 civitate
829 2950 919 3006 silva·
976 2948 1145 3019 prolanitate
1169 2949 1259 3004 Derim
1275 2949 1423 3015 amaricat,
1439 2958 1467 3003 et
1482 2948 1551 3003 dum
1567 2947 1715 3018 aliquibus
1733 2946 1819 3011 villis,

72 3048 226 3103 rumque
248 3034 567 3106 signaturioculta,el
589 3038 704 3094 obsessa
728 3039 919 3108 pravitatibus
973 3051 990 3092 a
1022 3039 1130 3107 quihus
1157 3038 1192 3092 ad
1223 3038 1321 3093 horam
1352 3037 1447 3092 vuinus
1473 3036 1629 3106 impetitur,
1666 3049 1764 3092 carere
1791 3050 1821 3090 se

72 3136 161 3190 meus,
192 3122 366 3179 horribilitas
390 3124 586 3194 nequitiarum
609 3127 775 3182 excitatur:
799 3129 918 3184 Clearrai
971 3125 1097 3193 simulat,
1114 3127 1148 3181 de
1177 3127 1418 3197 urbicaquadam
1439 3125 1667 3193 munitionesui,
1688 3125 1820 3181 etvieto-

72 3212 157 3267 etiant
182 3213 211 3265 in
237 3213 372 3267 mentibus
402 3215 462 3268 Scir
490 3213 542 3269 isto
571 3216 726 3270 certamine
754 3215 916 3278 irritantur,
972 3214 1014 3269 ria
1027 3215 1153 3285 glorians
1178 3215 1296 3284 peccati,
1313 3215 1396 3284 quasi
1415 3228 1464 3269 rex
1481 3227 1541 3270 sese
1565 3213 1731 3268 inhabitat:
1760 3204 1815 3268 uoti

72 3297 142 3368 quia
167 3311 270 3354 sensus
296 3297 461 3363 exteriores,
487 3314 560 3370 quos
587 3300 713 3357 chorraei
742 3302 917 3373 signilieaut,
970 3303 1047 3358 euim
1070 3303 1168 3358 omnia
1190 3317 1240 3358 nos
1256 3303 1360 3370 pariter
1375 3303 1444 3358 vitia
1462 3301 1587 3372 pulsant,
1604 3303 1651 3357 sed
1678 3315 1744 3357 cunt
1771 3315 1821 3356 nos

72 3386 101 3441 in
119 3386 286 3443 altitudines
308 3388 450 3458 superbiae
466 3390 501 3445 de
522 3390 721 3446 exuberantiis
743 3399 918 3461 perpetrata·
972 3393 1046 3446 malo
1064 3392 1177 3461 capitali
1200 3391 1437 3462 constringimur,
1454 3391 1490 3446 ab
1507 3390 1570 3445 aliis
1585 3390 1698 3446 interim
1715 3389 1819 3454 laniati,

72 3488 137 3531 rom
157 3474 309 3532 libidinum
324 3477 445 3548 gloriose
459 3477 653 3549 extolluntur;
670 3479 794 3536 Chorraei
817 3494 918 3548 nempe
972 3479 1099 3549 ipsorum
1116 3480 1199 3550 quasi
1216 3482 1341 3536 victores
1354 3494 1415 3536 esse
1431 3480 1574 3547 videmur,
1589 3478 1697 3548 quibus
1711 3485 1820 3544 nmen,

71 3563 106 3619 de
131 3564 322 3621 foraminibus
347 3565 584 3635 interpretantur,
610 3575 637 3624 et
658 3582 762 3638 corpus
785 3576 914 3624 nostrum
971 3582 1038 3623 curu
1060 3582 1148 3624 causa
1171 3568 1295 3633 redierit,
1317 3577 1449 3638 prompta
1465 3583 1533 3624 mox
1558 3567 1706 3623 volontate
1724 3567 1820 3637 subji-

71 3653 203 3710 sensibus
220 3654 290 3720 suis,
314 3655 355 3710 uti
371 3654 546 3725 quibusdam
565 3657 710 3726 aperturis
730 3654 915 3726 foraminum,
970 3655 1073 3713 cimur.
1101 3658 1167 3712 llaec
1190 3656 1279 3725 igitur
1293 3664 1362 3723 tota,
1377 3657 1430 3712 etsi
1451 3671 1508 3711 nen
1524 3656 1610 3711 simul
1625 3655 1722 3711 auimo
1745 3657 1817 3725 ejus,

34 3776 40 3787 ·
70 3754 168 3797 rerum
187 3743 344 3799 sorensium
360 3744 484 3799 tactibus
498 3753 672 3813 permeatur.
971 3744 1023 3815 qui
1054 3751 1181 3801 tentatur
1211 3759 1241 3800 se
1265 3744 1410 3816 ingerunt,
1440 3751 1536 3800 lamen
1567 3744 1737 3813 pedetentim
1769 3757 1820 3812 per

105 3831 166 3886 Scir
181 3845 247 3886 vero
269 3831 366 3887 hireos
382 3832 497 3900 dicitur,
515 3832 543 3888 in
559 3848 617 3903 quo
634 3835 705 3890 ieter
721 3833 852 3891 luxurie
874 3850 918 3889 ac·
972 3833 1137 3889 tentationis
1150 3847 1254 3900 moras,
1272 3833 1448 3900 delectando,
1464 3833 1676 3899 consentiendo,
1694 3832 1817 3903 agendo.

71 3917 191 3988 cipitur;
206 3919 343 3988 usquead
363 3923 525 3988 campestria
548 3921 664 3975 Pharan
679 3928 790 3991 quaest
811 3925 841 3976 in
855 3924 917 3977 sali·
972 3921 1114 3978 visitando
1150 3935 1300 3991 erumpere
1334 3929 1555 3978 consueverunt.
1592 3921 1725 3990 Quinque
1749 3935 1819 3991 ergo
1859 3974 1864 3983 ,

72 4007 172 4070 radiae,
195 4008 231 4063 ab
259 4007 357 4063 iisdem
383 4009 498 4079 regibus
523 4010 591 4076 itur,
617 4010 688 4081 quia
708 4011 772 4081 ipsa
796 4012 917 4067 tumoris
972 4010 1262 4081 regesegrediuntur,
1280 3997 1452 4080 etdirigunt
1467 4013 1710 4080 contraquatoor
1727 4011 1818 4065 acient

71 4107 170 4149 eorum
200 4094 302 4162 rabies,
332 4097 444 4166 quade
471 4097 532 4153 suis
561 4099 716 4154 malefactis
743 4097 914 4169 gloriantur,
972 4098 1000 4153 in
1022 4099 1096 4154 valle
1113 4098 1246 4164 silvestri,
1263 4099 1332 4154 dum
1356 4098 1475 4154 allectus
1499 4108 1603 4166 noster,
1630 4098 1682 4168 qui
1704 4098 1820 4154 aeternis

72 4183 125 4239 sub
145 4184 273 4241 rediviva
290 4185 465 4254 flagitiorum
481 4189 678 4259 quorumlibet
693 4189 847 4256 ferocitate,
870 4203 917 4245 re·
971 4187 1053 4242 debet
1077 4186 1233 4253 intendere,
1259 4186 1469 4257 quaternitatis,
1492 4186 1519 4241 id
1542 4195 1584 4242 cst
1604 4186 1820 4255 temporalitatis

72 4271 148 4326 llcxa
173 4274 367 4330 consternitur
387 4275 417 4330 in
447 4277 541 4346 campi
568 4291 686 4344 morem,
716 4286 743 4333 et
773 4277 915 4348 quidquid
936 4290 1030 4365 „sam
1059 4275 1184 4331 motibus
1210 4275 1398 4345 constipatus,
1430 4275 1564 4331 delectari
1593 4273 1757 4345 cogitando,
1786 4289 1821 4330 aa

72 4360 177 4417 divinae
199 4363 342 4419 memoriae
363 4364 393 4419 iu
418 4373 511 4420 mente
533 4365 683 4431 resederat,
711 4365 784 4421 redit
804 4366 831 4420 iu
847 4366 916 4421 soli·
973 4363 1095 4419 videndo
1121 4364 1175 4419 ista
1198 4364 1260 4419 vult
1281 4363 1408 4434 quidem,
1430 4363 1478 4418 sed
1493 4370 1593 4418 contra
1609 4370 1704 4417 aetum
1729 4362 1821 4431 ipsius

73 4447 180 4502 tudinis
200 4449 361 4521 horroreni;
388 4454 417 4504 ia
440 4452 589 4506 solitudine
609 4452 692 4521 plane
711 4460 763 4519 est,
784 4453 918 4523 quisquis
972 4454 1079 4522 peccati
1111 4453 1194 4522 quasi
1232 4453 1267 4507 ad
1298 4452 1490 4508 resistendum
1524 4458 1666 4521 preparat
1700 4451 1821 4508 rationis

71 4536 131 4592 siue
159 4537 216 4592 ileo
241 4539 400 4595 habitatore
423 4546 477 4604 est:
495 4541 606 4594 Pharan
621 4554 687 4596 vero
711 4541 917 4610 interpretatur

73 4622 202 4681 lamellas
220 4640 330 4693 eorum,
356 4626 433 4682 haud
448 4626 569 4682 dubium
584 4629 657 4697 quin
678 4628 825 4696 vitiorum,
851 4641 917 4698 quae

73 4712 211 4768 mentium
232 4713 406 4769 munitiones
425 4716 586 4786 campestri,
605 4718 731 4787 quadam
751 4718 917 4773 inlirmitate

71 4800 252 4872 compellant.
278 4803 473 4859 Revertantur
494 4804 532 4858 ad
554 4807 656 4872 sentem
676 4809 814 4877 masphat,
839 4806 915 4876 quod

71 4896 113 4944 est
137 4890 394 4960 eoomtnplattcuia
418 4905 454 4947 ex
475 4906 533 4962 quo
552 4893 705 4951 itaurimus
721 4909 814 4951 rorent
830 4894 917 4950 totius

72 4977 177 5034 divinae
197 4989 223 5034 et
246 4980 380 5035 humanae
408 4980 540 5052 rationis3
564 4982 626 5037 lons
649 4985 726 5039 enim
749 4991 854 5049 noster,
881 4981 916 5037 ad

72 5080 158 5137 quem
181 5068 367 5138 recurrimus,
389 5076 466 5125 etex
481 5084 539 5140 quo
559 5072 772 5127 sensualitatem
790 5078 916 5127 nostram

72 5153 108 5209 ad
139 5155 267 5211 earnalia
299 5156 486 5225 deliciantem,
522 5160 605 5229 quasi
638 5159 800 5215 fatiscentes
832 5173 917 5231 agros

971 4540 1071 4607 aciem,
1095 4547 1139 4595 ot
1161 4541 1230 4597 dum
1246 4541 1299 4596 sibi
1327 4540 1413 4597 etiam
1438 4539 1491 4610 ipsi
1508 4540 1622 4595 nomine
1644 4539 1820 4596 nmcssitatis

972 4629 1077 4701 levigat
1110 4643 1208 4685 rerum
1246 4629 1439 4701 corporalium
1479 4628 1705 4695 delectationem,
1744 4642 1820 4699 quas

972 4725 1066 4773 tamen
1081 4717 1173 4789 diligit
1190 4731 1245 4773 non
1262 4725 1319 4772 tant
1335 4717 1370 4772 ad
1392 4730 1477 4772 usum
1492 4716 1631 4787 quemad
1652 4716 1816 4783 libidinem

970 4814 1089 4877 quatuor
1119 4821 1185 4862 vero
1213 4806 1343 4860 adar-rsus
1376 4808 1495 4874 quinque
1522 4808 1713 4875 consurgunt,
1748 4805 1818 4861 dunt

970 4896 999 4952 id
1013 4895 1090 4966 quod
1111 4894 1165 4950 sub
1180 4895 1272 4963 specie
1293 4894 1342 4949 Dei
1357 4901 1498 4949 creature
1514 4893 1644 4964 religiose
1663 4893 1820 4950 videbatur

970 4983 1072 5050 amari,
1101 4982 1285 5052 spureissime
1312 4982 1456 5038 homiuem
1483 4980 1644 5038 ostenditur
1671 4981 1817 5051 delectari,

972 5072 1048 5128 unde
1065 5072 1210 5141 contingat
1228 5071 1255 5126 in
1281 5071 1431 5141 pravitatis
1452 5085 1623 5127 eonsensum
1640 5070 1708 5139 labi,
1732 5078 1761 5126 et
1780 5071 1818 5127 ab

970 5159 1075 5216 ellectu
1109 5161 1137 5215 in
1164 5161 1402 5216 consuetudinem
1427 5160 1514 5228 volvi,
1542 5160 1640 5230 sieque
1676 5160 1817 5229 paulatim

71 5242 271 5313 perlundimus
295 5245 367 5301 ratio
391 5253 448 5313 est;
469 5249 599 5317 ttasptat
622 5255 718 5304 autem
741 5247 915 5318 contempla·
971 5248 1105 5305 allectum
1128 5264 1194 5305 cum
1215 5250 1259 5305 his
1282 5263 1298 5304 a
1322 5249 1429 5318 quibus
1452 5250 1562 5321 regitur
1586 5249 1674 5304 animi
1699 5249 1819 5319 torpori-

73 5332 189 5398 tionem,
207 5331 251 5388 vel
272 5333 414 5402 judicium
429 5344 525 5406 sonat;
542 5337 613 5391 ratio
632 5336 707 5391 enim
721 5335 832 5406 judicat
852 5350 916 5392 om·
971 5337 1036 5406 bus,
1051 5338 1192 5408 predictis
1207 5339 1349 5394 malorum
1373 5337 1584 5394 suborientium
1608 5337 1749 5409 gradibus
1773 5338 1816 5394 in-

72 5420 131 5486 uia,
147 5419 217 5490 quia
237 5421 356 5489 spiritus
377 5429 428 5488 est,
454 5431 481 5478 et
496 5437 513 5478 a
530 5423 643 5478 nemine
662 5423 818 5494 judicatur.
838 5424 915 5481 Post·
970 5425 1082 5482 clinari.

72 5521 161 5578 quam
174 5507 265 5580 igitur
282 5509 433 5566 exterioris
449 5510 572 5566 bominis
588 5524 637 5581 per
651 5511 788 5583 quaelibet
807 5512 914 5584 impro-
1008 5514 1111 5583 Vens,
1122 5514 1163 5570 ta.
1182 5544 1213 5554 -
1237 5515 1322 5568 Vallis
1338 5518 1427 5568 nutem
1442 5516 1573 5570 siloes-tris
1588 5514 1705 5569 babebat
1722 5517 1819 5584 paleas
