3818 6008
542 234 730 293 doemunt
749 237 783 292 lit
803 235 949 292 danastri
971 235 1037 293 lle.
1057 238 1078 293 l.
1670 246 1704 299 te

56 385 79 427 m
94 377 366 441 tempestatesque
386 370 457 427 dum
471 370 561 427 animi
577 370 697 441 imperto
713 375 832 427 coer-a
851 377 904 438 εει,
929 370 980 441 qui
1008 371 1204 443 intelligentie
1228 373 1325 431 lumen
1352 376 1464 448 ubique
1490 377 1704 449 scripturarum

56 507 57 519 ,
86 460 171 531 quasi
186 460 248 517 lreti
272 459 424 531 cuiusdam
441 458 537 516 terror
558 459 738 517 subbulliens
752 465 799 515 ιο
853 458 959 516 babere
970 466 1075 530 queat:
1092 461 1200 518 babent
1213 475 1342 534 namque
1361 478 1444 522 sacra
1458 465 1575 537 eloquia
1589 482 1704 538 corpus,

56 562 77 605 a
90 549 235 606 nituntur.
251 547 305 604 Sed
322 548 369 604 Dei
381 547 470 618 pietas
486 547 575 619 bujus
589 562 697 620 pugnae
712 561 799 605 exer·
852 553 880 602 et
895 545 980 616 quasi
1003 561 1155 619 vesperam
1183 548 1213 604 io
1242 549 1440 621 integumento
1461 552 1573 623 litterae,
1597 555 1705 613 babent

57 652 95 694 on
111 638 321 694 irremunerata
341 637 519 708 relinquens,
545 637 631 705 ridet,
647 636 676 693 id
695 645 737 694 est
751 637 799 693 vi·
853 633 981 690 animam
999 641 1028 690 et
1046 635 1128 704 quasi
1149 649 1233 691 mane
1251 636 1279 691 in
1302 636 1454 707 splendore
1479 642 1649 700 moralitatis
1671 657 1704 700 ac

56 725 88 783 sit
105 739 123 781 a
138 724 230 794 nobis,
246 724 425 796 quambene
444 724 633 796 salubriaque
652 733 799 795 suntque
854 721 1009 793 allegoriae.

56 823 116 884 εει
140 828 177 871 ει
196 827 297 870 eorum
315 812 542 870 consideratione
563 813 599 869 ad
615 813 799 884 meliorage-
889 810 974 868 Vens.
992 811 1078 865 lb-
1102 812 1184 866 llicit
1203 827 1307 883 quoquo
1335 817 1422 873 Deus:
1447 818 1528 873 Fiant
1556 820 1704 877 luminaria

56 917 82 971 n,
104 903 165 973 ipso
188 902 342 973 aspirante,
367 901 551 959 excandescit
572 901 698 958 animus.
719 901 800 959 Unde
853 902 883 954 ιιι
896 901 1064 967 tirmemmto
1087 900 1156 966 coli,
1177 904 1202 955 et
1217 901 1345 958 dividunt
1366 904 1437 960 diem
1451 921 1483 960 ec
1505 912 1618 963 oootem.
1640 910 1704 967 lluo

56 991 156 1049 risibili
171 998 245 1048 nutu
266 990 344 1058 dicit,
369 990 398 1047 id
421 997 463 1046 εει
485 1002 655 1060 prosperum
665 989 799 1047 ellectum
854 988 908 1044 ista
934 989 1085 1043 luminario
1107 988 1253 1045 christum
1281 990 1311 1046 in
1341 991 1497 1050 Ecclesiam
1520 994 1704 1067 interpretari

56 1077 197 1136 effectibus
212 1079 324 1135 tribuit.
854 1075 923 1132 satis
937 1075 1073 1132 idoneum
1086 1083 1137 1144 est,
1160 1077 1320 1134 secundum
1335 1078 1425 1136 illud:
1446 1081 1512 1137 Dies
1527 1083 1583 1138 diei
1600 1090 1704 1141 erictot

56 1200 68 1223 ..
96 1171 138 1223 ll.
162 1197 197 1208 -
218 1168 366 1234 dormieret,
390 1166 495 1238 inquit,
521 1171 595 1222 ιενιε
614 1166 727 1222 bobum
754 1168 799 1222 oi·
853 1164 964 1219 verbum
990 1164 1074 1234 (Psoi.
1098 1180 1176 1232 ιιίιι,
1198 1165 1239 1234 2),
1259 1172 1313 1223 etc.
1334 1166 1481 1226 Cbristum
1502 1171 1621 1241 quidem
1640 1187 1704 1244 pro·

73 1260 100 1312 et
118 1257 263 1322 {ocientem
285 1271 383 1311 semea.
410 1257 494 1310 Terre
515 1255 658 1326 germinat
677 1255 798 1328 lesbum,
854 1252 979 1322 positum
1006 1251 1138 1324 exemplo
1167 1261 1194 1310 ει
1221 1253 1374 1312 imitationi
1405 1257 1524 1315 lortiunr
1552 1260 1701 1333 dicimus3

56 1359 92 1403 or
114 1346 258 1416 cujusque
279 1344 370 1402 ildelis
395 1344 432 1400 ab
452 1344 530 1400 omni
557 1343 676 1400 lascivia
696 1336 799 1401 mnndi
855 1342 1012 1399 Ecclesiam
1026 1341 1143 1398 vcro‘in
1166 1343 1228 1399 suis
1242 1343 1434 1402 mediocribus
1457 1348 1705 1421 membrisjunio·

56 1433 162 1502 ,verbi
186 1432 358 1490 Deisemine
377 1433 602 1490 conversationis
622 1433 799 1490 initiaemit-
855 1444 920 1488 rum
944 1430 1101 1501 minusque
1127 1432 1288 1500 potentium
1315 1435 1464 1504 exemplar
1499 1438 1617 1506 positam
1646 1454 1704 1497 non

58 1534 83 1575 ιε
109 1519 198 1575 herba
219 1517 316 1574 rireos
335 1523 387 1585 est,
411 1517 482 1588 quia
502 1530 588 1573 succo
610 1518 669 1588 spei
686 1526 800 1573 aeternaa
854 1518 978 1574 absurdo
993 1519 1141 1575 sentimus.
1167 1519 1357 1578 Tolerabilius
1379 1536 1448 1578 sanc
1469 1525 1560 1580 oculis
1583 1525 1706 1584 infirmis

56 1606 283 1678 lnidquidenim
307 1606 471 1677 prolavorc
492 1606 676 1676 bumanolrt,
693 1605 801 1663 marci·
853 1615 896 1663 est
924 1606 1073 1664 lucernam
1101 1607 1155 1665 sub
1182 1608 1293 1664 laterna
1329 1610 1485 1680 attendere,
1518 1627 1608 1684 quam
1638 1614 1706 1672 solis

56 1695 178 1753 osterile
193 1702 245 1751 est.
814 1679 833 1732 ll
850 1694 940 1767 jubar
954 1696 984 1751 iu
1001 1710 1061 1753 suae
1076 1697 1187 1767 spberae
1209 1698 1316 1754 virtute
1329 1698 1437 1757 videre.
1460 1700 1554 1758 Solem
1576 1716 1704 1775 namque

56 1787 189 1851 immitem,
214 1783 319 1854 inquit,
348 1798 445 1839 semeis.
462 1783 558 1838 Semeo
578 1783 646 1839 lacit
665 1781 800 1854 quisquis
853 1785 881 1840 in
895 1790 1031 1854 potestate
1044 1784 1099 1841 diei
1116 1785 1203 1842 tradit
1224 1787 1310 1857 Deus,
1339 1802 1406 1843 cum
1426 1789 1498 1846 viris
1520 1789 1703 1849 intellectua-

56 1872 120 1945 giosi
138 1871 286 1944 propositi,
303 1870 380 1941 quod
394 1871 572 1943 aggreditur,
591 1883 675 1941 opere
691 1870 799 1926 ellicaci
853 1872 931 1929 litate
954 1873 1080 1943 praeditis
1102 1875 1350 1945 contemplationis
1370 1876 1445 1932 dona
1467 1877 1600 1950 largitur.
1615 1879 1705 1937 Vide-

56 1962 130 2019 iitur.
159 1962 219 2018 Aut
246 1968 322 2017 certe
353 1960 443 2016 berba
478 1959 584 2027 virens,
612 1974 700 2014 semea
735 1957 801 2015 lacit
853 1976 921 2018 mus
934 1974 1004 2018 sane
1017 1962 1156 2033 quosdam
1182 1963 1211 2018 in
1229 1970 1354 2034 utroque
1368 1978 1441 2022 sexu
1455 1965 1623 2037 virginitate
1634 1982 1705 2040 pro-

56 2050 156 2121 uisque
177 2050 205 2106 ld
226 2049 294 2106 boni
316 2048 395 2120 quod
419 2062 504 2120 agere
527 2047 605 2118 apud
628 2062 658 2104 se
672 2047 798 2116 inchoat,
853 2050 937 2119 lesse,
953 2051 1170 2108 mundanarum
1183 2054 1519 2124 rerumpossessionibus
1534 2057 1702 2128 pauperiem

57 2139 114 2195 ianr
127 2153 164 2194 ex
184 2137 382 2195 benevolentia
404 2144 436 2193 ut
451 2150 480 2193 se
501 2137 674 2194 aemulentur
695 2135 801 2206 praedi-
852 2138 958 2196 cbristi
973 2153 1149 2210 preponere,
1174 2140 1232 2196 Deo
1258 2154 1375 2199 vacare.
1394 2144 1483 2199 Porro
1509 2151 1577 2201 sunt
1601 2145 1702 2217 aliqui,

56 2235 204 2284 incessat.
853 2229 967 2300 quinec
982 2228 1126 2285 mundum
1151 2229 1290 2295 deserere.
1318 2244 1372 2287 nec
1395 2231 1508 2288 caelibes
1523 2231 1630 2300 rivere,
1652 2247 1701 2289 ne·

56 2333 140 2385 poam
157 2317 321 2386 promiseram
337 2315 442 2380 {comos
460 2315 582 2380 fructum
603 2314 690 2383 iacto
716 2327 799 2381 cecos
854 2331 910 2388 qne
923 2315 958 2372 ad
972 2314 1089 2386 plenum
1115 2316 1171 2372 [leo
1194 2331 1298 2374 vacare
1316 2326 1436 2388 possunt
1463 2319 1543 2377 Unde
1558 2327 1586 2377 ct
1601 2320 1701 2377 lunam

56 2405 129 2473 Quid
144 2418 195 2476 per
209 2405 314 2473 iignum
326 2404 500 2473 pomiferum,
522 2401 577 2457 nisi
592 2401 718 2458 arduum
734 2401 799 2457 ritae
853 2417 887 2460 nc
901 2403 997 2460 stellas
1025 2403 1054 2459 in
1083 2407 1219 2473 potestate
1247 2404 1338 2461 noctis
1361 2405 1419 2463 dat.
1449 2406 1502 2464 Dat
1528 2406 1605 2464 enim
1621 2407 1705 2464 nobis

56 2502 116 2551 tum
131 2492 165 2550 de
187 2493 241 2563 piis
263 2491 351 2548 initiis
374 2491 411 2547 ad
436 2490 581 2547 sanctiora
604 2504 798 2561 progressum.
854 2492 905 2562 qui
919 2502 1034 2549 summa
1058 2505 1232 2562 praesumere
1250 2507 1308 2549 nou
1325 2493 1476 2561 audemus,
1501 2509 1554 2552 nec
1581 2496 1649 2566 Noe,
1674 2497 1703 2553 id

56 2582 91 2639 id
120 2582 180 2654 agit
203 2580 348 2649 sanctitas,
378 2581 400 2636 si
435 2580 470 2636 de
494 2593 547 2636 sua
570 2577 635 2634 aliis
656 2578 737 2636 nulia
758 2586 800 2636 est
852 2587 894 2637 cst
923 2585 1056 2648 rectores,
1089 2593 1143 2635 nec
1170 2579 1280 2647 Daniel,
1309 2580 1337 2636 id
1363 2589 1406 2638 est
1440 2583 1562 2650 caelibes,
1598 2584 1702 2641 imitari

56 2678 91 2728 tte
115 2669 249 2727 utilitas?
264 2669 316 2725 Per
340 2668 393 2724 boc
415 2668 492 2724 enim
516 2667 594 2739 quod
614 2667 643 2722 in
658 2668 800 2724 teneritu·
854 2682 1020 2738 possumus,¹
1046 2674 1079 2725 ut
1111 2667 1163 2724 lob
1191 2668 1467 2740 benemerentem,
1499 2671 1702 2729 misericordiae

55 2759 148 2817 xordii
172 2758 262 2815 nostri
293 2757 378 2825 bona,
410 2771 476 2827 quse
508 2763 626 2827 gustare
649 2756 799 2826 coepimus,
853 2757 1014 2814 studentem
1035 2763 1188 2826 sectemur,
1218 2757 1322 2828 etqui
1348 2757 1383 2812 ad
1409 2758 1626 2817 reclinatorium
1649 2775 1702 2817 au·

58 2863 72 2905 r
98 2847 164 2904 aliis
186 2846 383 2918 propinamus,
400 2845 431 2901 ιιι
453 2844 501 2914 pia
528 2843 578 2900 Dei
605 2843 801 2914 largitatem
854 2860 948 2913 reum,
972 2845 1001 2901 id
1030 2851 1073 2901 εει
1100 2845 1136 2900 ad
1161 2844 1274 2902 beatam
1300 2847 1431 2915 requiem
1465 2861 1515 2918 per
1551 2863 1702 2906 ascensum

56 2937 121 2994 ead
143 2935 262 2992 meliora
286 2932 404 3005 provebi
423 2945 606 3003 mereamur;
626 2931 704 2988 unde
726 2930 800 2988 dici·
854 2947 1046 3006 purpureum,
1067 2932 1174 2991 scilicet
1192 2947 1243 3003 per
1271 2935 1442 3005 martyrium
1468 2938 1619 3006 pervenire
1647 2952 1703 2994 non

56 3029 164 3081 loetum
188 3023 395 3092 {commissio
417 3036 500 3091 peona
524 3036 613 3087 soom,
638 3019 667 3089 id
685 3027 727 3076 est
743 3020 800 3076 Deo
824 3015 1012 3094 ‘speramus
1031 3021 1195 3090 permedia
1214 3022 1314 3078 saltem
1338 3032 1454 3093 propter
1474 3017 1704 3083 titias'llierusa-

56 3113 134 3172 ciens
154 3112 330 3184 pmximum.
352 3112 444 3165 Genus
466 3117 598 3166 nostrum
614 3114 720 3165 natura
742 3107 800 3165 bu·
854 3110 909 3167 lem
941 3109 1081 3166 charitate
1116 3117 1261 3166 constrata
1293 3109 1436 3182 attingere
1463 3111 1620 3170 valeamus.
1650 3113 1704 3181 Qui

56 3210 105 3261 est.
126 3203 216 3260 iuxta
238 3215 321 3270 genos
339 3214 407 3271 ergo
431 3206 563 3256 nostrum
580 3197 798 3265 lructillcamus,
855 3198 944 3270 igitur
967 3199 1085 3269 Agnum
1116 3195 1328 3253 illuminantem
1362 3211 1379 3254 a
1410 3200 1556 3257 montibus
1589 3202 1705 3258 aeternis

56 3291 111 3364 ins,
132 3304 199 3360 quae
219 3288 248 3344 in
271 3286 353 3345 nobis
375 3292 419 3343 est
439 3286 611 3355 donationis,
631 3285 801 3342 docendoet
854 3300 1030 3358 quocunque
1052 3285 1117 3341 ierit
1148 3285 1231 3356 sequi
1264 3286 1360 3357 (Apoo.
1388 3303 1444 3354 xiv,
1469 3289 1496 3359 5)
1519 3302 1577 3345 non
1605 3289 1702 3361 audet,

56 3378 227 3451 »participes
246 3382 273 3433 et
290 3374 583 3446 proximoslacimus.
601 3373 800 3431 lliciturenim
854 3382 965 3431 montes
987 3374 1024 3430 ab
1047 3388 1080 3429 eo
1102 3373 1280 3430 illuminatos
1306 3375 1445 3444 attendat,
1476 3384 1505 3433 ει
1536 3376 1560 3432 si
1587 3392 1645 3434 non
1674 3376 1705 3434 in

59 3471 115 3524 :El
128 3470 246 3523 visitem
271 3466 384 3536 speciem
400 3470 476 3520 tuom
490 3479 544 3519 aon
563 3463 686 3534 peccabis
701 3462 758 3533 (tot
773 3479 799 3530 v,
853 3462 998 3528 omnibus,
1022 3461 1068 3517 rel
1088 3461 1118 3517 ln
1141 3461 1240 3532 aliquo
1266 3475 1314 3519 eos
1336 3470 1369 3519 ut
1393 3463 1555 3520 membrum
1571 3465 1705 3522 Ecclesiae

56 3557 110 3615 nod
125 3556 199 3614 idem
214 3563 255 3612 est
268 3569 302 3611 ac
316 3553 339 3612 si
354 3554 431 3610 dicat
446 3568 452 3608 :
470 3552 567 3610 Facies
578 3555 701 3621 fructum
715 3551 800 3622 iacto
854 3551 962 3609 censeri
978 3550 1088 3618 debeat,
1106 3551 1238 3622 prosequi
1259 3550 1422 3607 contendat.
1446 3551 1510 3607 Post
1526 3551 1586 3609 baec
1607 3560 1704 3609 autem

56 3658 144 3703 tuum.
159 3643 309 3715 Sequitur:
854 3654 921 3697 curn
941 3639 1026 3705 liunt,
1047 3639 1178 3695 videlicet
1198 3638 1313 3696 cumbi
1337 3638 1430 3695 ardua
1455 3638 1636 3711 perlectaque
1657 3641 1705 3696 eli·
1795 3678 1797 3682 ,

56 3748 175 3791 emmer
196 3734 227 3787 io
250 3728 392 3800 semetipso
409 3732 446 3786 sit
469 3744 552 3801 super
571 3735 683 3785 terram
708 3729 802 3784 Semeo
855 3738 938 3804 gunt,
952 3730 993 3786 illi
1017 3729 1124 3787 leviora
1149 3739 1321 3801 proponunt,
1339 3730 1399 3786 dies
1420 3744 1538 3803 noxque
1552 3730 1703 3800 dividitur,

56 3836 84 3879 m
118 3835 206 3893 opera
237 3827 345 3887 nostra,
382 3833 448 3890 quse
477 3832 530 3889 pro
561 3817 659 3876 lructu
681 3816 801 3874 coelestis
855 3819 970 3891 quiain
996 3816 1099 3874 studiis
1122 3831 1188 3888 qum
1207 3816 1332 3888 quisque
1353 3817 1470 3888 appetit,
1496 3817 1563 3875 rita
1579 3818 1705 3889 qualitas

60 3909 108 3967 bic
121 3909 256 3981 jacimus,
280 3914 357 3965 sunt.
383 3906 465 3974 Quod
484 3922 572 3963 semem
588 3906 617 3963 in
643 3906 802 3962 nobismet·
854 3907 1029 3965 declaratur.

56 3999 142 4057 abere
157 3997 305 4070 jubemur,
326 4010 361 4052 nc
379 3995 456 4053 bona
477 3995 601 4066 gerendo
615 4007 682 4050 cum
696 3991 801 4049 anule·
893 3996 926 4050 ιιι
950 3995 1006 4048 siut
1030 3995 1060 4047 itt
1080 3995 1171 4061 sigma,
1188 3996 1214 4047 el
1234 3996 1364 4063 tempora,
1382 3996 1407 4047 ει
1429 3992 1487 4048 dies
1510 3999 1536 4049 et
1557 4010 1652 4064 conos,
1677 4003 1706 4052 et

63 4085 169 4144 tabulis
183 4085 334 4157 ungimur,
346 4083 431 4155 quasi
442 4083 524 4153 palca
536 4081 666 4139 exterius
684 4081 802 4136 inventa
856 4081 1020 4139 illuminent
1039 4088 1155 4137 terram.
1187 4082 1276 4148 sique
1295 4086 1320 4136 et
1344 4085 1464 4151 temporo
1485 4082 1564 4153 quod
1588 4083 1704 4153 dicitur,

56 4182 169 4233 evento
204 4174 364 4245 rapiamur.
400 4172 441 4230 Sit
470 4171 568 4242 itaque
590 4169 684 4228 virtus
703 4175 802 4225 nostra
857 4170 896 4226 nil
912 4167 1037 4239 amplius
1051 4167 1127 4225 valet
1141 4182 1230 4240 quam
1251 4169 1275 4226 si
1295 4169 1412 4240 diceret,
1435 4177 1467 4227 ut
1489 4171 1546 4228 sint
1568 4173 1598 4228 in
1622 4173 1706 4245 signa

56 4279 90 4333 nr,
116 4277 174 4320 non
202 4269 286 4319 exeat
312 4260 406 4318 cordis
434 4260 580 4317 borreum·
607 4257 660 4316 Sed
690 4271 748 4314 non
762 4256 802 4312 ila
818 4282 839 4337 p
857 4270 1030 4333 temporum,
1046 4268 1079 4317 ιιι
1094 4268 1137 4317 εει
1158 4260 1248 4317 illud:
1271 4263 1377 4317 Poteris
1398 4262 1501 4317 libabat
1514 4268 1539 4317 et
1560 4279 1637 4331 euro,
1654 4263 1708 4320 boc

56 4351 199 4410 sinucius
217 4358 314 4407 noster
337 4357 517 4419 contegatur,
533 4355 565 4404 ut
586 4346 620 4403 ad
635 4346 800 4417 exemplum
856 4355 907 4416 est,
920 4347 1016 4404 aureis
1027 4347 1141 4417 pateris.
1154 4345 1285 4403 Christos
1294 4354 1321 4404 et
1332 4347 1457 4403 Ecclesia
1467 4348 1549 4419 signa
1557 4356 1626 4406 sunt
1635 4357 1706 4406 tem·

56 4440 79 4498 ri
107 4453 165 4497 non
190 4439 329 4511 prodatur
345 4453 351 4493 :
367 4438 410 4495 Sit
436 4452 519 4508 super
548 4441 662 4506 torem,
699 4435 728 4492 id
748 4441 800 4502 est,
856 4448 971 4507 porum,
987 4433 1057 4504 quia
1070 4432 1214 4504 quidquid
1222 4446 1305 4503 egere
1319 4432 1364 4489 rel
1377 4433 1485 4504 agitur,
1498 4434 1578 4492 alind
1592 4435 1708 4494 ridetur

62 4528 100 4586 ad
121 4528 277 4598 corporalis
288 4527 383 4599 operis
407 4525 590 4584 evidentiam.
615 4525 709 4582 Potest
725 4523 800 4581 enim
858 4527 887 4582 in
902 4538 943 4589 re,
964 4522 1043 4580 aliud
1067 4521 1257 4592 portenditur.
1275 4521 1415 4591 cbristus,
1439 4528 1466 4580 et
1486 4524 1622 4594 quisunt
1645 4526 1709 4596 ejus

56 4629 102 4674 nm
118 4616 187 4684 lieri,
202 4623 230 4672 et
244 4616 308 4673 laus
321 4615 417 4672 oblata
430 4613 582 4671 contemni.
596 4612 665 4682 Quae
680 4626 804 4684 sequun·
857 4613 887 4668 in
909 4609 1040 4681 presenti
1063 4609 1134 4665 dum
1152 4609 1267 4677 vivunt,
1286 4614 1330 4664 n
1348 4611 1449 4667 mundi
1471 4611 1592 4670 tolerant
1606 4628 1709 4685 oppro-

56 4705 239 4764 ecedentium
255 4705 381 4775 repetitio
404 4711 481 4762 sunt.
859 4699 922 4756 bria
934 4712 968 4756 ac
991 4711 1147 4768 erumnas,
1163 4703 1191 4754 et
1209 4697 1233 4752 si
1252 4697 1289 4753 ab
1305 4697 1350 4753 bis
1366 4698 1419 4768 qui
1435 4698 1533 4754 saculi
1549 4708 1709 4769 pascuntur

56 4810 73 4850 ι.
92 4797 136 4851 ιιι.
152 4822 187 4834 -
210 4797 246 4850 Et
267 4795 373 4860 {ectum
395 4799 435 4849 est
457 4807 576 4863 uespere,
597 4796 624 4847 et
647 4806 727 4846 mooe
745 4790 803 4846 dies
858 4787 950 4860 gloria
976 4786 1154 4858 requiratur,
1177 4800 1231 4842 cur
1251 4786 1305 4843 ista
1325 4793 1432 4856 terant,
1458 4787 1538 4858 quia,
1560 4786 1709 4860 inquiunt,

56 4882 164 4950 ‚Quid
186 4885 281 4938 tertius
309 4880 367 4938 dies
402 4882 458 4938 nisi
485 4880 613 4949 scientia,
643 4894 710 4952 quac
741 4887 805 4950 post
859 4881 963 4947 tempos
984 4883 1117 4956 nostrum
1139 4875 1259 4931 necdum
1282 4877 1403 4943 advenit,
1428 4883 1532 4947 tempos
1554 4883 1644 4933 notem
1666 4893 1710 4934 ue

59 4986 88 5029 ιιι
126 4972 319 5043 pietatemque
353 4971 390 5027 ad
419 4969 590 5041 sapientiem
621 4968 806 5025 tendentibus
858 4969 945 5019 strom
976 4978 1081 5034 semper
1110 4968 1150 5019 est
1176 4969 1309 5034 peratum
1332 4965 1426 5031 (doun.
1449 4978 1497 5031 vn,
1522 4963 1560 5035 b).
1585 4965 1710 5035 Tempus

56 5095 57 5110 ι
84 5059 194 5132 gradus
220 5059 285 5117 esti
309 5059 386 5115 Nihil
411 5060 489 5116 enim
511 5056 654 5127 spirituali
681 5056 806 5113 scientiae
860 5052 1075 5124 glorilieationis
1099 5059 1265 5109 sauctorum
1296 5050 1555 5122 impresentiarum
1577 5066 1635 5109 non
1657 5059 1709 5120 est,

69 5148 206 5218 competit
221 5160 311 5218 quam
337 5145 436 5203 saeculi
449 5145 586 5203 astutiam
600 5144 766 5214 reprimere,
778 5151 806 5201 ct
860 5141 999 5212 quianon
1014 5139 1121 5197 babent
1135 5140 1181 5196 bic
1196 5147 1359 5196 manentem
1374 5139 1518 5195 civilatem
1535 5137 1634 5210 (Hebe.
1648 5155 1709 5207 sur,

56 5250 115 5294 ene
135 5236 236 5308 egerit,
257 5234 328 5293 alios
348 5235 385 5292 ad
409 5232 567 5292 sanctitatis
589 5232 718 5290 studium
737 5247 806 5304 pro-
863 5228 917 5298 ll),
941 5228 991 5285 scd
1014 5229 1119 5296 locum,
1139 5242 1198 5298 quo
1218 5227 1273 5298 ipsi
1296 5227 1348 5298 qui
1372 5239 1478 5283 aurum
1500 5240 1561 5282 esse
1581 5227 1712 5300 delegere

56 5344 69 5382 t.
93 5322 220 5382 scienda
249 5323 337 5392 enim,
366 5321 453 5393 juxta
483 5321 600 5378 beatum
625 5319 805 5391 Gregorium,
861 5319 1034 5389 conllentnr,
1059 5328 1088 5377 et
1118 5318 1167 5376 ubi
1198 5317 1341 5390 pressuris
1372 5317 1599 5386 contundantur,
1628 5327 1661 5377 ut
1682 5318 1711 5374 iu

56 5411 130 5472 etad
144 5411 317 5483 doctrinam,
337 5409 479 5481 sapientia
500 5422 570 5467 vero
589 5408 626 5465 ad
645 5407 745 5477 ritam,
758 5407 806 5465 coi
860 5407 1001 5479 templum
1021 5407 1108 5482 Regis
1136 5406 1198 5464 sine
1224 5406 1319 5465 securi
1345 5415 1374 5466 et
1394 5405 1498 5465 malleo
1522 5413 1714 5465 exarmantur

56 5513 163 5573 rupere
182 5507 211 5557 et
230 5513 315 5558 manc
342 5497 486 5567 murenis,
502 5497 672 5569 quiararus
690 5495 807 5554 omnino
864 5496 917 5567 llll
939 5499 1005 5566 lieo.
1030 5513 1069 5565 vr,
1093 5494 1131 5567 ι).
1156 5495 1282 5565 lempna
1305 5509 1374 5553 vero
1404 5506 1617 5568 perversorum,
1642 5495 1713 5550 dum
