3818 6008
60 115 110 167 em

470 113 654 173 ιιειιιιιιιιιι
675 113 720 170 oe
739 113 859 171 nisan.
877 113 905 170 s.
927 83 1048 172 ιιιιιίιι
1066 113 1219 170 mooun.
1236 115 1349 172 -me
1370 114 1422 172 111.

1761 120 1814 175 998

59 245 247 303 institutionis
280 245 455 302 nrrrnasteria
487 246 663 316 festinantes,
695 255 722 303 et
753 247 837 318 qnasi
874 247 911 303 ad
929 248 1035 318 deins,
1052 256 1080 304 et
1101 247 1234 318 protinus
1252 247 1383 304 Norberti
1399 246 1548 304 dilectione
1561 262 1727 319 succensus,
1742 264 1813 322 qno·

60 335 290 391 mortillcandam
310 342 438 391 teneram
459 348 576 391 carnem
595 342 754 403 currentes,
771 343 803 392 nt
829 335 913 405 plns-

60 436 149 494 quam
174 422 270 477 decem
288 420 379 477 millia
394 421 568 478 feminarum
592 421 621 476 in
642 423 684 478 eis
699 422 782 478 hodie
809 423 912 478 ereda-

60 511 287 569 muscentineri.

97 600 124 657 Si
151 613 219 669 ergo
242 598 313 656 nihil
346 598 424 655 alind
450 598 573 654 domnus
603 598 764 655 Norbertus
790 598 911 666 fecisset,

60 687 119 754 sed,
146 686 251 743 omissa
279 686 461 743 conversione
484 685 624 749 virorum,
643 693 684 742 tot
705 686 827 742 feminas
849 699 912 742 ser-

59 776 130 831 vitio
155 773 254 830 divino
287 787 340 829 sna
369 772 569 829 exhortatione
598 773 772 841 attraxisset,
816 785 913 830 nonne

61 862 190 919 maxima
205 861 290 917 lande
300 861 406 931 dignus
421 859 632 917 luisset‘annc
643 874 710 917 vero
724 875 790 919 cnm
802 861 912 918 utrius-

60 965 117 1020 que
142 963 229 1006 sexus
250 950 314 1020 ojus
333 948 463 1004 doctrina
489 955 530 1004 tot
557 947 648 1004 millia
674 948 786 1006 Christo
813 949 912 1007 lamn-

60 1040 168 1108 lentnr,
197 1052 263 1095 cnm
288 1037 477 1093 institutionis
505 1037 568 1107 ejus
596 1043 636 1093 tot
663 1036 837 1093 monasteria
862 1050 912 1107 per

59 1128 158 1183 orbem
180 1125 350 1196 refulgeant,
379 1125 473 1181 nescio
508 1123 579 1195 qnid
609 1123 657 1180 alil
680 1126 814 1194 sentiant,
839 1126 911 1183 mihi

59 1214 175 1271 videtur
201 1228 301 1270 verum
326 1227 396 1281 esse,
413 1212 489 1283 quod
506 1211 622 1282 plurimi
639 1220 782 1281 asserunt,
803 1226 821 1269 a
840 1221 910 1269 tem·

59 1317 128 1375 pore
142 1302 335 1373 apostolorum
351 1300 465 1358 nullum
480 1300 565 1356 fuisse
583 1299 632 1370 qui
648 1308 704 1356 tam
729 1300 807 1356 brevi
836 1308 911 1357 tem-

60 1391 137 1463 poris
151 1392 242 1462 spatio
270 1403 324 1445 sna
348 1388 525 1444 institutione
549 1394 589 1443 tot
609 1387 739 1456 perfectae
763 1388 828 1444 vitae
843 1388 911 1443 imi-

968 339 1046 393 niam
1073 338 1134 408 jam
1155 345 1184 394 et
1209 337 1268 408 ipse
1296 336 1405 392 mundo
1436 336 1603 394 renuntiare
1629 338 1813 410 cogitaverat,

967 426 1023 482 Deo
1038 426 1146 498 gratias
1162 440 1247 497 agere
1260 427 1288 481 in
1304 425 1389 480 corde
1405 439 1457 481 sno
1472 425 1566 495 erepit,
1582 426 1633 496 qni
1658 427 1712 482 sihi
1729 429 1814 485 talem

966 514 1074 568 socium
1092 512 1296 569 destinaverat.
1322 511 1401 568 Sicut
1420 527 1488 582 ergo
1516 514 1665 583 qnondam
1685 515 1816 574 Andreas

966 614 984 656 a
1006 602 1143 672 magistro
1165 615 1217 657 sno
1238 603 1347 657 ioanne
1369 600 1494 669 Baptista
1524 600 1675 656 bominum
1693 601 1815 659 audiens

966 689 1088 757 landari,
1115 689 1211 746 relicto
1224 689 1322 746 eodem
1350 690 1458 750 Joaltne
1473 697 1588 744 secutus
1602 697 1643 745 est
1660 690 1815 748 Dominum

966 775 1064 847 (donn.
1087 791 1106 845 1,
1130 777 1236 844 iti-42),
1259 776 1299 833 sic
1321 777 1406 832 etiam
1432 777 1516 847 lingo
1542 776 1664 833 audiens
1688 776 1814 834 Norber·

965 873 1027 920 tum
1061 871 1209 935 tantopere
1240 864 1352 920 landari
1375 879 1392 919 a
1415 864 1530 920 domino
1562 879 1615 920 sno
1647 865 1815 923 Burcbardo

963 949 1106 1021 episcopo,
1133 951 1219 1022 cujus
1239 950 1289 1007 din
1313 951 1479 1021 capellanus
1504 951 1607 1017 luerat,
1641 952 1745 1028 trelicto
1767 968 1815 1010 eo-

966 1037 1029 1093 dem
1052 1039 1185 1110 episcopo
1217 1039 1337 1097 adhesit
1361 1040 1510 1108 Norberto,
1542 1039 1664 1111 ejusque
1692 1042 1815 1099 consilio

965 1125 1102 1196 disposita
1128 1126 1291 1184 substantia
1313 1142 1377 1196 sua,
1406 1129 1500 1184 socius
1521 1127 1546 1184 ei
1577 1129 1815 1200 peregrinationis

964 1220 992 1269 et
1009 1214 1220 1284 predicationis
1241 1214 1441 1285 inseparabilis
1473 1215 1633 1282 lactnsest,
1656 1225 1765 1273 etcum
1781 1232 1814 1274 eo
1864 1216 1874 1239 '

964 1302 1051 1359 nudis
1077 1303 1198 1373 pedibus
1225 1302 1334 1374 ubique
1353 1303 1596 1374 proficiscebatur,
1616 1305 1705 1361 donec
1720 1306 1816 1362 Remis

964 1391 1081 1446 veniens
1097 1390 1133 1446 ad
1150 1390 1303 1447 concilium
1327 1404 1409 1461 papae
1434 1391 1547 1459 calixti,
1560 1392 1664 1448 domno
1693 1394 1814 1450 Bartho-

57 1487 165 1535 tatores
189 1477 303 1534 Christo
331 1473 508 1546 acquisierit.
534 1475 569 1531 Et
597 1475 620 1530 si
648 1474 764 1545 quidem
780 1476 810 1532 in
831 1476 911 1532 Prae·
965 1477 1065 1535 lomaeo
1100 1478 1285 1535 bandunensi
1321 1479 1461 1549 episcopo,
1495 1479 1570 1536 sicut
1597 1494 1687 1550 supra
1711 1481 1815 1539 retuli-

59 1563 262 1621 monstratensi
285 1563 414 1619 coenobio
458 1561 569 1617 diutius
596 1562 755 1630 mansisset,
792 1562 911 1619 forsitan
931 1535 1041 1634 Βιιιιιε,
1058 1566 1222 1623 notificatus
1235 1574 1286 1624 est.

60 1651 153 1707 multa
172 1650 229 1707 alia
243 1649 371 1721 lecisset3
387 1649 436 1706 sed
456 1649 562 1706 divinae
589 1651 831 1721 predestinationi
849 1651 913 1721 pla·
966 1662 1034 1719 etp,
1052 1663 1094 1717 tx.
1112 1667 1228 1716 -tm
1241 1661 1385 1732 paornodo
1400 1661 1656 1736 Mngdedurqeneis
1669 1664 1816 1738 archiepe

63 1740 123 1796 cuit
149 1748 180 1796 nt
205 1741 342 1796 honorem
370 1753 456 1811 quem
477 1739 506 1794 in
531 1739 591 1794 vita
615 1738 746 1797 seculari
775 1737 912 1811 fugiendo
1248 1733 1520 1805 seopmsoctassr't.

60 1829 224 1898 declinavit,
252 1837 454 1899 assequeretur
477 1828 505 1883 in
533 1827 633 1884 habito
649 1828 803 1900 religionis,
819 1830 912 1899 etqui
1001 1827 1074 1891 Quia
1097 1842 1166 1899 ergo
1190 1827 1312 1884 relatum
1333 1829 1473 1898 estquod
1496 1829 1646 1899 episcopus
1680 1829 1814 1888 Camera-

62 1925 129 1975 ante
148 1917 362 1974 conversionem
386 1917 478 1974 noluit
500 1931 560 1973 esse
576 1917 736 1988 episcopus,
766 1925 828 1987 post
841 1931 913 1973 con·
966 1917 1057 1972 censis
1070 1919 1136 1973 esse·
1150 1916 1286 1987 potnerit,
1310 1917 1358 1972 sed
1374 1916 1508 1986 noluerit,
1526 1933 1605 1974 nnnc
1618 1919 1816 1990 subjungatur

60 2006 222 2062 versionem
239 2005 318 2062 fleret
337 2005 579 2076 archiepiscopus.
966 2004 1109 2074 quomodo
1142 2005 1374 2075 archiepiscopus
1407 2005 1499 2061 lactus
1532 2005 1627 2062 luerit.
1657 2007 1728 2063 Cum
1747 2007 1815 2077 tiam

97 2101 262 2160 clevill.
291 2132 326 2143 -
355 2102 434 2175 Quod
457 2101 655 2174 episcopatum
674 2103 912 2156 cameracensem
966 2092 1064 2163 plnres
1085 2093 1238 2164 utriusque
1261 2107 1357 2162 sexta,
1386 2094 1485 2150 relicta
1502 2093 1601 2150 seculi
1620 2095 1758 2160 vanitate,
1778 2095 1816 2152 ad

414 2172 551 2229 renuerit·
966 2180 1016 2237 Del
1049 2182 1198 2238 servitium
1233 2181 1427 2249 convertisset,
1453 2182 1609 2253 multisque
1633 2183 1815 2240 monasteriis

97 2267 227 2323 Domnus
250 2267 393 2338 siqnidem
419 2268 503 2340 lingo
522 2265 801 2324 Praemonstratensis
822 2264 913 2321 abbas
964 2271 1049 2340 longe
1064 2269 1179 2340 lateque
1203 2270 1384 2338 constructis,
1402 2269 1478 2326 lama
1492 2270 1556 2340 ejus
1571 2270 1680 2340 ubique
1695 2278 1815 2340 proten-

59 2358 132 2414 mihi
155 2372 247 2428 nuper
262 2358 394 2415 narravit
409 2358 486 2428 quod
508 2358 537 2414 in
562 2357 704 2428 principio
718 2352 913 2413 conversionis
965 2359 1089 2426 deretur,
1107 2358 1292 2414 transmissus
1313 2365 1356 2413 est
1370 2358 1407 2413 ab
1431 2358 1477 2413 illo
1494 2358 1592 2428 magni
1621 2357 1744 2413 nominis
1767 2371 1814 2413 co·

60 2459 122 2503 snae
148 2460 215 2502 cum
243 2446 393 2503 ecclesiam
423 2447 620 2504 Coloniensem
643 2455 670 2504 et
692 2453 826 2516 parentes
844 2457 912 2500 snos
966 2445 1209 2516 miteca'mpaniae
1224 2446 1397 2512 Theobaldo,
1422 2445 1537 2501 ilenrici
1551 2445 1627 2516 regis
1653 2444 1814 2515 anglorum

59 2533 136 2591 idem
164 2533 322 2591 florbertus
353 2534 527 2605 reliquisset,
553 2534 742 2591 valencenias
775 2533 860 2603 pedes
884 2540 912 2588 et
965 2530 1103 2604 germano
1117 2532 1183 2597 filio,
1202 2533 1238 2588 ad
1253 2532 1525 2589 excellentissimum
1539 2532 1694 2603 quemdam
1711 2530 1815 2587 botha-

60 2622 251 2679 discalceatus
282 2622 372 2690 venit,
407 2623 504 2693 ibique
536 2622 675 2678 domnum
710 2619 911 2678 burchardum
965 2620 1066 2691 ringiae
1090 2620 1256 2690 principem,
1284 2623 1369 2691 cnjus
1391 2620 1569 2676 liliamidem
1587 2634 1682 2676 comes
1710 2618 1815 2690 coniu-

59 2711 295 2768 Cameracensem
318 2713 483 2782 episcopum
505 2711 624 2768 invenit.
648 2710 721 2768 Cum
743 2723 812 2781 ergo
826 2722 912 2765 mane
966 2723 1028 2780 gem
1043 2708 1138 2765 duxit.
1152 2708 1268 2765 decedit
1283 2709 1390 2766 interea
1405 2717 1447 2779 nt,
1467 2709 1678 2778 archiepiscopo
1696 2707 1816 2779 hlagde-

60 2797 213 2870 praefatnm
241 2799 404 2869 episcopum
428 2797 545 2854 missam
568 2798 780 2855 celebraturum
809 2796 911 2853 andis-
928 2828 949 2886 C
965 2796 1119 2868 burgensis
1133 2797 1278 2864 defuncto,
1295 2798 1389 2854 clerici
1404 2797 1533 2869 ejusdem
1549 2797 1630 2854 urbis
1649 2797 1685 2852 ad
1706 2795 1816 2852 facien-

60 2895 114 2954 set,
131 2885 250 2943 veniens
272 2886 308 2942 ad
333 2885 492 2954 ecclesiam,
521 2884 634 2957 rogavit
656 2885 787 2942 eumdem
813 2884 910 2955 Hugo·
965 2887 1032 2941 dam
1058 2883 1224 2942 electionem
1246 2885 1364 2942 alterins
1391 2885 1587 2943 convenirent.
1617 2884 1723 2941 Eodem
1747 2897 1816 2940 vero

59 2988 139 3041 nem,
165 2973 217 3044 qui
248 2979 317 3029 tunc
340 2972 431 3044 ipsius
452 2972 619 3043 capellanus
645 2972 769 3042 episcopi
791 2978 861 3040 erat,
880 2977 912 3027 ut
966 2987 1041 3030 anno
1058 2972 1471 3042 domnnslliorbertnssecreto
1492 2972 1658 3044 colloquens
1681 2970 1816 3028 familiari

59 3078 92 3120 se
123 3062 227 3118 faceret
256 3061 390 3132 episcopo
407 3060 542 3131 colloqui.
573 3061 657 3132 lingo
683 3061 813 3117 nesciens
845 3060 912 3130 quis
965 3075 1018 3117 sno
1052 3061 1156 3117 domno
1179 3060 1316 3118 (lanfrido
1351 3061 1534 3118 carnotensis
1561 3060 1644 3119 urbis
1671 3061 1816 3132 episcopo,

59 3159 144 3219 esset,
179 3151 327 3222 ingressus
350 3151 496 3207 nuntiavit
514 3150 649 3220 episcopo
674 3150 829 3220 quemdam
855 3148 911 3204 cle·
966 3149 1099 3219 predixit
1119 3147 1145 3205 ei
1180 3164 1210 3205 se
1233 3164 1284 3220 per
1316 3151 1411 3206 visum
1447 3150 1615 3222 cognovisse
1650 3149 1728 3220 qnod
1756 3147 1817 3219 ipso

60 3240 156 3296 ricnm
198 3240 382 3310 peregrinum
412 3252 464 3309 pro
492 3238 602 3302 foribus
638 3251 708 3300 esse,
727 3245 755 3293 et
787 3237 813 3294 ei
833 3236 912 3307 loqui
967 3251 1044 3293 anno
1066 3237 1184 3294 futurus
1205 3246 1278 3295 esset
1307 3239 1465 3310 episcopus,
1491 3239 1539 3295 sed
1569 3237 1715 3308 nesciebat
1731 3235 1817 3307 cuins

59 3327 145 3384 vello.
162 3330 250 3384 iussu
278 3327 381 3384 deinde
395 3327 519 3397 episcopi
540 3327 735 3383 introductum
761 3339 827 3381 enm
846 3339 913 3381 enm
967 3324 1048 3383 urbis
1062 3325 1106 3381 vel
1120 3325 1275 3395 provincia

60 3417 213 3487 episcopus
234 3415 456 3487 recognovisset,
491 3422 588 3486 utpote
618 3428 704 3486 quem
731 3414 763 3470 in
788 3413 914 3484 impera·
1002 3413 1075 3471 Cum
1089 3426 1158 3484 ergo
1181 3413 1276 3471 clerici
1291 3415 1553 3487 blagdebnrgenses
1580 3413 1678 3485 plures
1698 3412 1816 3484 quidem

62 3505 134 3563 toris
162 3505 245 3561 curia
284 3503 429 3561 multoties
472 3503 652 3560 lamiliariter
696 3509 914 3560 conversantem
967 3501 1129 3574 elegissent,
1144 3500 1192 3557 sed
1214 3502 1244 3558 in
1267 3503 1377 3559 nullius
1394 3502 1529 3560 electione
1553 3502 1729 3559 unanimiter
1753 3514 1819 3557 con·

62 3593 237 3664 magnisque
253 3591 361 3648 divitiis
387 3591 538 3663 pollentem
558 3591 680 3658 viderat,
704 3591 835 3662 protinus
861 3589 916 3646 ad·
968 3590 1116 3659 sentirent,
1141 3589 1295 3647 nuntiatur
1314 3591 1356 3647 eis
1374 3592 1447 3647 duos
1469 3590 1631 3661 apostolicae
1647 3589 1721 3647 sedis
1735 3590 1818 3660 lega-

64 3678 198 3736 mirando
222 3678 401 3749 stupefactus
430 3677 644 3749 uberrimisque
677 3677 811 3748 lacrymis
848 3690 915 3746 per-
969 3687 1022 3746 tos,
1042 3679 1120 3736 viros
1142 3679 1298 3750 religiosos,
1333 3681 1370 3736 ab
1394 3681 1464 3737 urbe
1488 3681 1578 3737 Roma
1601 3678 1818 3750 llaguntiacnm

65 3768 149 3825 fusus
175 3783 182 3822 :
208 3766 241 3835 0,
266 3767 372 3837 inquit,
408 3767 512 3824 domne
537 3766 684 3837 florberte,
710 3765 777 3837 quis
801 3765 916 3821 credere
970 3769 1092 3834 venisse,
1130 3781 1255 3837 quornm
1293 3783 1370 3825 unus
1402 3771 1513 3837 Petrus,
1545 3768 1618 3824 alter
1659 3766 1819 3825 vocabatur

65 3854 206 3926 potuisset
221 3863 247 3911 te
271 3861 365 3910 tantas
387 3853 503 3910 divitias
522 3853 696 3924 relinquere,
712 3860 741 3909 el
755 3853 791 3908 ad
807 3858 915 3908 tantam
969 3856 1125 3922 Gerardns,
1137 3855 1188 3926 qni
1203 3863 1298 3926 postea
1311 3871 1385 3927 papa
1398 3858 1491 3914 lactus
1501 3856 1652 3915 celestino
1670 3855 1817 3923 suecessit,

66 3951 268 4016 paupertatem
294 3940 660 4013 spontevenirefbomine
684 3942 770 4004 heus.
791 3940 918 4012 quidest
971 3955 999 4003 et
1028 3943 1191 4016 Eugenium
1222 3948 1375 4016 praecessit.
1410 3945 1553 4002 Timentes
1578 3945 1675 4016 itaque
1708 3941 1820 4015 praelati

65 4031 145 4104 q⁰⁰d
159 4029 241 4087 Vldffl
256 4030 408 4087 ded⁰mss⁰
421 4029 571 4099 N0fb⁰f¹⁰2
586 4044 673 4102 quem
686 4030 753 4086 ⁰¹5⁰]
780 4037 837 4087 iam
865 4043 918 4085 ⁸11·
972 4036 1067 4094 clerici
1080 4050 1117 4093 ne
1145 4051 1195 4108 pro
1221 4035 1365 4092 discordia
1387 4035 1532 4091 electionis
1567 4033 1725 4105 perniciosa
1748 4031 1820 4088 forte

64 4120 153 4192 Wbe
177 4119 323 4188 indutum,
353 4126 471 4190 iamim
494 4119 656 4189 E⁰mll³li⁰0
685 4118 761 4176 ‘²⁸¹⁰
784 4117 917 4173 Videbam
936 4124 1046 4184 Dinter
1066 4143 1115 4186 eos
1138 4127 1264 4186 oriretur
1291 4123 1401 4190 seditio,
1429 4123 1499 4179 inito
1523 4121 1644 4179 concillo
1668 4119 1821 4191 predictos

64 4212 196 4271 incedere
211 4214 349 4270 solitum?
970 4215 1222 4288 sedisapostolicae
1238 4214 1346 4285 legatos
1365 4212 1483 4276 adeunt,
1496 4219 1523 4268 et
1547 4210 1714 4266 electionem
1736 4219 1820 4264 suam

100 4301 232 4373 Eumque
260 4303 343 4373 llngo
371 4300 544 4372 'capellanus
574 4300 698 4372 episcopi
727 4300 828 4357 videns
848 4312 916 4356 eum
971 4305 1000 4360 in
1015 4318 1064 4361 ore
1086 4319 1187 4363 eorum
1212 4308 1333 4373 ponunt,
1355 4307 1383 4356 et
1406 4311 1612 4369 quemcunque
1625 4295 1777 4368 elegissent
1791 4307 1822 4351 se

64 4400 126 4450 tam
158 4389 329 4448 mirabiliter
362 4389 488 4460 flentem,
519 4398 547 4447 et
568 4403 628 4461 pre
651 4389 742 4447 nimio
772 4388 843 4446 tletu
864 4387 916 4445 vix

63 4479 145 4552 loqui
182 4478 336 4546 valentem,
364 4478 553 4551 interrogavit
579 4492 648 4535 eum
684 4477 819 4548 quisnam
844 4484 917 4533 esset

65 4568 141 4624 idem
170 4565 337 4635 Norhertns,
364 4580 414 4637 pro
438 4581 498 4637 quo
518 4572 663 4636 tantopere
691 4564 915 4636 lacrymabatur,

64 4655 216 4726 episcopus
231 4654 405 4725 respondens
420 4668 427 4709 :
443 4654 472 4711 st
495 4655 592 4721 scires,
616 4653 721 4724 inquit,
738 4653 804 4723 quis
817 4652 915 4720 fuerit,

65 4743 215 4800 mirareris
228 4743 305 4814 quod
328 4756 407 4799 nune
422 4743 487 4800 talis
501 4742 547 4800 sit.
580 4741 702 4807 Quando
724 4741 800 4797 enim
823 4741 915 4812 impe·

64 4839 146 4889 rator
160 4830 238 4888 dedit
261 4831 331 4888 mibi
352 4833 549 4903 episcopatum
577 4832 820 4897 cameracensem,
849 4831 917 4887 huie

64 4919 207 4978 Norberto
223 4920 304 4990 prius
317 4934 385 4977 enm
406 4921 519 4990 obtulit,
539 4920 589 4977 sed
603 4919 661 4990 ipse
675 4932 742 4976 eum
771 4917 917 4988 suscipere

65 5008 112 5066 vel
137 5008 244 5065 babere
266 5008 369 5065 noluit.
396 5009 449 5066 ilic
471 5009 548 5065 enim
565 5010 641 5066 inter
661 5004 814 5065 canonicos
832 5004 917 5062 Colo-

67 5098 182 5154 nienses
215 5095 393 5154 honorabilis
414 5104 442 5154 et
472 5097 630 5155 ditissimus
656 5103 727 5164 erat,
752 5094 800 5151 sed
826 5107 915 5162 nnnc,

68 5185 143 5242 sient
163 5183 269 5255 cernis,
292 5184 391 5242 omnia
415 5197 469 5255 pro
483 5183 540 5241 Deo
563 5184 690 5258 reliquit,
709 5191 738 5241 et
757 5181 843 5240 nudis
868 5195 917 5253 pe-

69 5274 155 5332 dibus
164 5273 256 5331 heum
270 5286 401 5345 querere
414 5272 529 5345 satagit.

106 5362 174 5420 Haec
195 5375 233 5418 ex
256 5361 380 5434 episcopi
402 5374 451 5419 ore
486 5360 608 5418 audiens
630 5359 713 5434 lingo
749 5356 917 5431 capellanus

970 4406 1157 4451 concessuros
1191 4390 1373 4462 promittunt.
1416 4386 1512 4457 Legati
1543 4384 1673 4441 videntes
1708 4389 1820 4439 tantam

970 4493 1070 4537 eorum
1090 4481 1280 4546 devotionem,
1313 4478 1525 4547 proposuerunt
1549 4469 1660 4527 nullam
1692 4467 1821 4538 accipere

970 4569 1133 4640 pecuniam,
1160 4582 1226 4640 qne
1258 4566 1326 4638 ipsis
1348 4578 1365 4620 a
1392 4560 1540 4619 nonnullis
1561 4572 1610 4630 per
1630 4555 1822 4614 internuntios

970 4656 1153 4724 offerebatur,
1178 4670 1215 4711 ne
1244 4654 1317 4711 forte
1347 4651 1428 4708 sedes
1451 4646 1615 4720 apostolica,
1639 4651 1667 4701 et
1695 4642 1822 4699 maxime

972 4743 1034 4813 ipsi,
1051 4755 1138 4813 super
1153 4740 1206 4796 hoc
1225 4738 1445 4795 infamarentur.
1471 4734 1543 4791 Cum
1567 4744 1636 4801 ergo
1662 4741 1713 4799 pro
1742 4733 1822 4784 tanto

970 4830 1085 4901 negotio
1121 4830 1264 4892 decenter,
1301 4837 1335 4879 ac
1364 4821 1559 4886 laudabiliter,
1596 4816 1714 4875 aesino
1742 4814 1822 4871 omnl

971 4917 1104 4974 Simoniae
1135 4923 1205 4973 nota
1236 4910 1418 4970 terminando
1449 4908 1564 4967 Domim
1597 4903 1823 4962 misericordiam

971 5011 1108 5074 peterent,
1133 5011 1161 5061 et
1188 5016 1254 5058 enm
1275 4997 1455 5071 sapientibus
1477 4999 1549 5054 viris
1568 4996 1597 5053 in
1620 4992 1747 5052 Ecclesia
1767 5007 1823 5063 po·

971 5090 1017 5148 siti
1035 5089 1139 5148 exinde
1166 5088 1318 5160 diligenter
1333 5092 1499 5153 tractarent,
1519 5098 1584 5141 ecco
1614 5085 1778 5155 insperatus
1795 5087 1824 5138 et

971 5179 1144 5248 improvisus
1158 5179 1193 5234 de
1207 5177 1330 5234 Francia
1353 5174 1481 5240 veniens,
1503 5172 1605 5229 orandi
1620 5172 1724 5245 gratia,
1748 5182 1825 5226 eam·

971 5266 1036 5325 dem
1051 5265 1205 5325 Ecclesiam
1227 5265 1385 5323 Norbertus
1396 5260 1569 5336 ingreditur,
1583 5260 1713 5332 ejusdem
1732 5269 1826 5329 nego-

971 5355 1006 5414 tii
1019 5354 1138 5414 omnino
1154 5355 1286 5428 ignarus.
1784 5356 1785 5361 ’
1882 5352 1884 5359 “
