3818 6008
102 260 153 314 999

536 299 538 304 ,
562 252 710 310 ΑΡΡΕΝΙ).
732 254 780 308 nb
800 253 866 309 httt.
889 252 927 308 lli
946 253 1112 312 cursuum
1132 254 1178 310 bu
1196 254 1277 312 vll'tt
1293 254 1371 311 stin.

1790 258 1859 310 tttbtt

136 387 199 456 Quo
230 388 293 443 viso
332 385 416 454 legati
444 383 594 454 stupefacti
625 392 652 439 ct
677 384 861 450 admirantes,
889 397 951 453 pre·
970 385 1076 455 aquia
1090 385 1119 440 iu
1140 384 1297 452 ditissimis,
1315 393 1343 441 ct
1360 385 1569 455 antiquissimis
1591 386 1732 443 cenobiis
1759 386 1860 443 Gallia

84 491 207 548 sesque
221 489 322 531 suasa
345 473 403 528 Deo
421 472 573 528 exauditas
592 485 653 527 csse
680 471 847 543 gaudentes,
864 471 951 528 cleri-

102 580 149 621 cos
173 560 434 633 ltagdeburgenses
458 567 626 626 convocant,
642 567 670 614 et
686 567 784 615 utrum
810 559 906 615 adhuc
922 561 949 615 iu

102 667 154 708 sua
169 651 311 707 sententia
334 656 543 719 permanentes,
561 661 578 702 a
593 661 622 703 se
643 646 765 703 electum
787 648 949 717 suscepturi

101 741 193 796 iorent
210 739 397 809 interrogant.
414 736 473 791 lllis
486 735 662 792 unanimiter
687 733 804 791 insimul
828 749 948 806 respon-

101 827 237 884 dentibus
255 840 285 882 se
299 826 409 895 absque
432 824 491 880 ulla
516 823 743 880 contradictione
768 831 951 894 suscepturos

101 929 306 987 quemcunque
331 913 538 982 nominassent,
564 913 694 982 protinus
723 911 807 983 legati
824 911 950 983 subjun-

101 1012 227 1077 gentes:
256 1004 292 1058 Et
323 1016 374 1059 nos
410 1001 557 1072 inquiunt,
589 1001 618 1056 iu
642 999 756 1056 nomine
787 999 888 1068 Patris,
923 1007 951 1056 et

101 1091 175 1158 Filii,
196 1099 224 1148 et
249 1090 372 1161 Spiritus
396 1089 489 1146 sancti
513 1088 595 1145 vobis
622 1088 806 1145 nominamus
826 1096 854 1145 et
872 1088 951 1159 eligi·

100 1195 166 1238 mus
180 1180 318 1237 domnum
343 1178 517 1235 Norbertum
541 1177 637 1233 virum
653 1177 820 1248 religiosum
843 1183 870 1234 et
885 1189 949 1246 pro·

100 1270 201 1327 batum
216 1267 358 1337 nobisque
372 1279 405 1321 ac
424 1266 505 1322 vobis
518 1280 570 1336 pro
584 1264 726 1335 explendo
746 1265 876 1335 prasenti
897 1278 950 1320 ne-

101 1358 184 1432 gotio,
200 1357 275 1412 sicut
289 1355 443 1421 credimus,
468 1369 485 1409 a
504 1353 623 1410 Domino
650 1354 708 1410 Deo
738 1353 949 1410 transmissum.

99 1444 244 1504 Attonitus
266 1458 353 1514 super
372 1450 429 1499 tam
457 1441 615 1498 incredibili
642 1449 670 1498 et
692 1441 775 1497 celeri
794 1441 868 1498 iacto
887 1449 949 1497 stu—

1003 473 1055 528 vix
1070 473 1192 528 inveniri
1212 477 1302 543 potest
1320 487 1394 542 opus
1408 473 1510 541 simile,
1526 474 1564 530 ita
1592 484 1624 531 nt
1637 490 1739 530 omnes
1768 476 1857 531 adve-

1004 561 1114 617 nientes
1136 570 1164 617 et
1194 562 1376 631 inspicientes
1403 563 1536 633 protinus
1566 564 1687 619 dicant:
1718 565 1862 634 quoniam

1003 648 1033 704 in
1050 651 1168 705 veritate
1184 663 1242 706 non
1258 650 1294 705 ab
1316 650 1441 716 homine,
1464 665 1559 722 neque
1575 666 1625 722 per
1649 653 1799 709 homiuem
1822 653 1861 708 ia·

1004 746 1082 793 cturn
1106 746 1148 794 est
1172 738 1257 806 istud,
1280 747 1308 795 et
1334 748 1377 797 est
1399 739 1532 797 mirabile
1565 741 1594 796 in
1619 741 1712 797 oculis
1744 749 1862 798 nostris.

1003 825 1071 882 lesu
1095 825 1181 883 bonel
1215 835 1325 897 quanto
1348 829 1455 899 gaudio
1478 829 1604 900 repletur
1634 830 1865 887 Bartholomaeus

1003 914 1153 984 episcopus
1179 917 1291 985 quoties
1313 915 1383 973 illuc
1409 917 1582 974 visitationis
1614 919 1708 990 gratia
1732 920 1864 986 veniens,

1004 1000 1141 1069 conspicit
1154 1008 1211 1057 tam
1229 1001 1411 1072 splendidum
1435 1006 1651 1074 monasterium,
1669 1006 1732 1062 suis
1744 1005 1862 1072 diebus,

1004 1101 1115 1158 suoque
1130 1089 1247 1146 consilio
1263 1098 1290 1147 et
1307 1091 1448 1162 principio
1463 1107 1479 1148 a
1496 1093 1617 1150 Domino
1646 1101 1863 1151 constructum.

1004 1175 1125 1233 Videtur
1140 1177 1208 1232 mihi
1223 1179 1301 1248 quod
1313 1186 1341 1235 et
1365 1179 1424 1250 ipse
1437 1195 1503 1238 curn
1532 1182 1659 1253 apostolo
1693 1182 1788 1240 Paulo
1818 1182 1865 1239 di·

1003 1278 1066 1321 cere
1082 1264 1189 1334 possit:
1209 1266 1422 1324 Abundantius
1450 1271 1678 1327 antecessoribus
1709 1271 1785 1328 meis
1802 1271 1865 1341 epi-

1004 1353 1096 1422 scopis
1118 1354 1361 1412 Laudunensibus
1382 1357 1473 1424 ieci,‹
1498 1358 1561 1415 Non
1589 1368 1686 1415 autern
1715 1374 1782 1431 ego,
1816 1360 1865 1415 sed

1004 1440 1098 1510 gratia
1114 1440 1161 1496 liei
1177 1455 1288 1498 mecum
1304 1443 1332 1514 (Ι
1344 1445 1410 1499 Gor.
1423 1460 1471 1513 xv,
1489 1446 1541 1517 itt).
1561 1469 1573 1495 ι

100 1543 158 1607 pet,
184 1542 211 1591 et
244 1533 405 1588 admiratur
427 1530 596 1600 Norbanus,
621 1538 648 1586 ct
672 1538 772 1585 utrum
797 1529 895 1600 vigilet
913 1542 951 1584 au
1058 1533 1124 1590 Car.
1141 1535 1191 1591 xl.
1208 1539 1518 1595 -ttecomtmctione
1536 1540 1754 1598 vurmacensis

101 1622 225 1680 dormiat
248 1622 370 1693 ignarus
384 1635 392 1690 ;
408 1619 458 1676 ubi
483 1621 529 1688 sit,
555 1619 598 1674 vel
623 1618 700 1674 nude
714 1617 835 1685 venerit,
853 1630 950 1674 seeum
972 1668 991 1722 Β
1365 1609 1491 1666 cenobii.

100 1711 161 1782 ipse
176 1707 390 1781 percunctando
414 1708 545 1763 miratur.
574 1705 726 1762 Coniestim
749 1705 837 1777 igitur
856 1720 873 1761 a
896 1705 951 1762 cle·
1040 1702 1102 1759 Non
1118 1704 1212 1761 solum
1235 1720 1304 1762 vero
1325 1707 1431 1766 domno
1453 1710 1603 1778 Norberto,
1627 1719 1654 1768 et
1682 1710 1864 1782 sequacibus

100 1799 168 1857 ricis
195 1797 317 1867 capitur,
346 1795 481 1863 trahitur,
504 1795 538 1850 ad
560 1795 649 1851 altare
665 1809 721 1850 non
751 1794 878 1863 ducitur,
902 1793 952 1849 sed
1005 1789 1076 1860 ejus,
1101 1793 1153 1862 qui
1176 1793 1231 1850 sub
1251 1795 1350 1852 ordine
1376 1797 1501 1854 clericali
1527 1799 1583 1855 Deo
1612 1799 1759 1868 serviunt,
1791 1799 1863 1855 idem

100 1887 239 1943 violenter
268 1891 410 1956 portatur,
442 1882 560 1940 sublimi
582 1897 650 1938 vose
678 1883 716 1937 Te
734 1886 822 1938 Deam
849 1881 951 1937 mada-
1005 1879 1154 1949 episcopus
1181 1895 1242 1937 sese
1274 1884 1434 1955 adjutorem
1469 1889 1603 1958 praebuit,
1633 1887 1682 1943 scd
1715 1888 1806 1944 etiarn
1831 1889 1865 1944 de

99 1993 164 2031 mro
192 1982 340 2043 cantatur3
365 1973 468 2028 deinde
497 1972 664 2028 obedientia
695 1970 810 2027 vinculo
835 1979 953 2027 coactus
1006 1968 1267 2027 Clarcvallcnsibus
1291 1974 1438 2030 monachis
1466 1975 1640 2032 rnonasteria
1663 1977 1767 2031 insua
1795 1978 1862 2032 diu·

99 2063 249 2133 episcopus
264 2068 456 2117 consacratur.
482 2059 526 2115 Sic
545 2074 613 2131 ergo
641 2060 710 2115 dum
726 2059 801 2130 iugit
814 2060 951 2117 Camera—
1005 2055 1061 2113 cesi
1077 2058 1194 2114 studens
1210 2059 1325 2128 hahere,
1341 2061 1434 2118 iocurn
1449 2063 1500 2133 qui
1516 2063 1703 2121 Fuisniascus
1728 2071 1860 2132 vocatur,

100 2165 213 2207 censoru
249 2149 456 2219 episcopatum,
496 2148 618 2217 adeptus
651 2156 703 2215 est,
742 2150 799 2204 lieo
829 2149 950 2216 volente,
1006 2147 1035 2201 in
1063 2147 1201 2202 'lerascca
1229 2148 1301 2205 silva
1324 2149 1364 2206 eis
1386 2151 1472 2220 dedit,
1498 2167 1595 2223 quent,
1615 2161 1647 2210 ut
1673 2167 1769 2223 supra
1790 2154 1862 2209 scri-

100 2239 378 2311 ldagdeburgensem
412 2238 702 2307 archiepiscopatum,
736 2236 766 2292 in
798 2251 857 2308 quo
889 2236 952 2293 reli·
1005 2241 1150 2305 ptumest‚
1167 2236 1319 2293 abeodem
1339 2240 1540 2310 episcoposibi
1564 2249 1712 2298 ostensum
1737 2242 1862 2298 domnus

101 2329 178 2400 giose
192 2327 294 2384 vivens
310 2340 360 2397 per
385 2325 496 2397 aliquot
519 2340 610 2381 annos
629 2326 780 2382 taudema
805 2325 953 2383 laboribus
1005 2322 1161 2379 Norbertus
1175 2324 1296 2393 dixerat,
1327 2327 1458 2398 religioni
1483 2329 1599 2399 quidem
1619 2344 1799 2401 congruum,
1814 2330 1861 2386 scd

101 2417 163 2476 suis
177 2416 261 2473 beato
275 2415 332 2472 stne
346 2414 466 2486 quievit.
1004 2425 1062 2467 non
1076 2410 1128 2467 sibi
1141 2425 1158 2466 a
1172 2412 1229 2469 Deo
1248 2413 1432 2472 destinatum.
1450 2417 1588 2474 Dominus
1602 2432 1672 2490 ergo
1690 2419 1745 2489 qui
1765 2432 1861 2475 servos

154 2515 221 2571 epp,
238 2508 641 2572 x,-1mmutatioecctestae
655 2509 951 2580 mmmmm,
1004 2514 1073 2556 suos
1088 2500 1221 2570 disponit,
1243 2509 1270 2559 et
1294 2504 1408 2560 ordinat
1424 2505 1475 2561 nbi
1492 2506 1564 2574 vult,
1579 2515 1607 2562 et
1622 2507 1773 2577 quomodo
1802 2506 1862 2564 vult

422 2580 630 2638 etnaclioraiio.
1004 2587 1145 2644 Norberto
1162 2589 1279 2659 quidem
1300 2590 1566 2659 Praemonstratum,
1590 2593 1864 2651 clarevallensibus

137 2683 277 2740 Praeiatus
300 2688 395 2738 autern
418 2676 512 2737 socius
525 2681 589 2751 ejus
613 2679 736 2736 domnus
756 2680 849 2751 liugo,
876 2679 953 2735 Prae-
1006 2684 1102 2732 autern
1128 2677 1280 2734 destinavit
1314 2680 1511 2737 Fuisniacum.
1536 2682 1588 2738 Ubi
1608 2682 1774 2753 episcopus,
1798 2698 1863 2740 cum

102 2768 320 2829 monstratensis
335 2769 500 2826 monasterii
523 2769 559 2825 ab
583 2769 681 2825 eodem
695 2768 833 2826 Norberto
863 2768 953 2824 abbas
1006 2765 1155 2822 monachis
1184 2765 1343 2837 aliquando
1374 2783 1424 2839 per
1461 2770 1669 2826 hebdomadam
1705 2773 1863 2843 integram,

101 2860 218 2929 electus,
245 2866 273 2915 et
296 2873 314 2914 a
338 2859 443 2914 domno
467 2857 674 2914 Bartholomaeo
698 2857 830 2927 episcopo
846 2855 952 2912 contir-
1005 2853 1163 2925 aliquando
1201 2869 1269 2911 vero
1307 2857 1473 2926 quindecim
1506 2858 1607 2914 diebus
1642 2861 1862 2926 commorando,

102 2956 209 3016 matus,
246 2948 360 3004 assidue
392 2946 503 3004 studuit
536 2946 649 3003 vineam
692 2960 781 3017 quam
828 2946 1164 3021 domnusceorumque
1199 2943 1324 3000 laborem
1356 2953 1384 3000 et
1420 2955 1618 3017 paupertatem
1652 2947 1861 3020 benignissime

101 3038 261 3096 Norbertus
276 3050 372 3092 secum
390 3035 578 3106 plantaverat,
592 3035 771 3091 exhortando
785 3041 813 3091 et
822 3032 953 3100 ,collabo
993 3024 1183 3100 sustinendo,
1218 3039 1245 3088 et
1284 3032 1405 3091 dulciter
1437 3049 1485 3090 eos
1522 3035 1637 3093 assidue
1673 3037 1861 3106 consolando,

102 3126 193 3183 raudo
217 3124 321 3196 rigare,
352 3125 407 3180 beo
428 3136 478 3193 per
501 3123 598 3180 omnia
621 3123 842 3180 misericorditer
856 3123 952 3178 incre·
1006 3119 1144 3190 templum
1187 3127 1215 3177 et
1257 3121 1432 3178 necessarias
1471 3122 1609 3191 cilicinas,
1649 3138 1720 3181 curn
1755 3125 1862 3181 molen-

101 3222 232 3271 mentum
259 3211 284 3269 ei
307 3212 402 3268 dante.
431 3210 538 3268 Videns
564 3210 858 3280 autemecclesiolam
873 3209 951 3266 illam
1006 3208 1092 3275 diuis,
1128 3215 1156 3265 et
1184 3206 1370 3281 agriculturis
1396 3218 1563 3268 construere
1585 3219 1614 3268 et
1637 3213 1779 3283 perticere
1799 3222 1860 3270 stu-

102 3315 223 3374 parvam
237 3301 297 3373 jam
321 3315 379 3356 nou
407 3314 487 3371 posse
507 3300 639 3357 sulficere
664 3307 750 3356 tantae
774 3298 953 3356 multitudini
1005 3297 1102 3353 debat,

101 3392 225 3448 iratrum
255 3405 322 3462 quse
345 3396 527 3456 convenerat,
543 3397 571 3444 et
594 3388 722 3459 quotidie
745 3402 794 3459 per
816 3387 866 3444 Dei
886 3402 953 3459 gra·
1062 3384 1132 3440 Gsv.
1148 3386 1211 3441 xtl.
1231 3417 1266 3426 -
1281 3387 1539 3444 becmaatmciione
1557 3387 1753 3459 spinetensis.

101 3481 171 3537 tiam
184 3477 438 3550 augmentabatur,
452 3477 545 3533 sciens
565 3477 651 3533 etiarn
675 3476 813 3534 domnum
829 3476 951 3533 Norber-
1041 3472 1098 3529 Nec
1117 3473 1199 3543 prius
1227 3473 1345 3542 abstitit,
1367 3475 1457 3533 donec
1475 3476 1580 3532 domno
1604 3475 1732 3534 Gosvino
1761 3478 1862 3535 abbate

102 3577 175 3636 turn,
194 3576 226 3625 ut
247 3566 380 3636 superius
398 3567 573 3634 dictumest,
599 3565 628 3621 in
657 3563 762 3635 spiritu
788 3565 953 3636 previdisse
1008 3560 1112 3617 ibidem
1128 3561 1270 3629 ordinato,
1288 3576 1453 3635 magnaque
1479 3563 1601 3621 iratrum
1626 3565 1716 3622 turba
1745 3581 1862 3639 congre

102 3657 180 3730 quod
204 3669 241 3712 ex
265 3655 356 3711 altera
379 3654 485 3710 montis
507 3662 586 3723 parte
618 3653 710 3723 major
734 3653 852 3709 ecclesia
884 3653 953 3709 iorct
1007 3651 1187 3720 gatauran
1211 3650 1291 3706 aliud
1319 3652 1482 3709 coeuobium
1511 3666 1547 3709 ex
1560 3667 1593 3709 eo
1614 3655 1771 3724 procedere
1787 3655 1864 3712 vide·

102 3744 281 3812 aedificanda,
299 3742 368 3799 inito
388 3757 454 3798 cum
479 3741 616 3798 iratribus
630 3744 690 3798 suis
713 3741 842 3807 consilio,
870 3741 953 3797 dom·
1008 3745 1069 3794 ret:
1087 3737 1116 3794 in
1132 3738 1245 3795 dioecesi
1271 3753 1324 3796 sua
1348 3755 1435 3812 prope
1461 3741 1589 3798 Guisiam
1605 3743 1683 3813 quod
1711 3745 1863 3815 spinetum

101 3848 173 3893 num
188 3831 428 3889 bartholomeum
451 3829 627 3900 episcopum,
650 3836 682 3886 ut
706 3839 770 3900 pote
784 3829 837 3885 loci
849 3829 952 3885 lunda·
1007 3834 1137 3883 vocatur.
1149 3829 1181 3883 ln
1196 3841 1254 3899 quo
1273 3828 1407 3886 abbatem
1421 3830 1567 3887 ordinavit
1580 3833 1700 3889 nomine
1723 3833 1863 3890 odonem.

100 3930 203 3990 torem,
220 3929 247 3978 et
267 3928 388 3991 patrem,
412 3918 548 3974 advenire
576 3917 698 3991 rogavit,
728 3926 872 3988 quatenus
894 3917 952 3974 dis·
1007 3914 1060 3984 Qui
1080 3915 1117 3972 ab
1142 3916 1333 3974 adolescentia
1357 3932 1394 3974 ex
1424 3919 1496 3976 urbe
1518 3920 1707 3977 landunensi
1737 3922 1862 3994 lugiens,
1905 3914 1907 3929 '

101 4010 203 4083 positis
225 4007 361 4066 omnibus
384 4005 515 4073 cilicinis,
545 4007 604 4077 ipse
629 4007 755 4076 primurn
784 4005 908 4076 lapidem
923 4006 953 4063 in
1008 4003 1039 4061 in
1060 4005 1232 4062 monasterio
1259 4006 1454 4064 Fuisniaccnsi
1473 4008 1633 4065 monachus
1646 4008 1743 4066 iactus
1757 4011 1861 4069 iuerat.

103 4098 229 4157 ecclesia
243 4096 430 4153 fundamento
446 4104 574 4166 poneret.
1060 4094 1127 4150 Car.
1148 4094 1225 4150 xiil.
1239 4124 1274 4135 -
1287 4095 1330 4149 De
1343 4095 1550 4152 constructione
1568 4097 1777 4154 valclarensis.

139 4184 273 4245 venienti
301 4198 371 4256 ergo
397 4184 529 4254 episcopo
556 4191 633 4241 totus
659 4182 705 4240 ille
735 4183 784 4240 Dei
810 4182 954 4240 exercitus
1043 4182 1170 4239 Tertium
1196 4184 1471 4255 quoquedeeodem
1487 4185 1587 4242 ordine
1601 4185 1861 4247 clarevallensium

102 4289 170 4333 cum
205 4287 312 4345 magna
344 4272 522 4342 processione
546 4272 630 4329 laetus
664 4271 801 4342 occurrit,
829 4272 953 4328 laudans
972 4265 1216 4328 Dmonachorum
1237 4271 1374 4342 praeiatus
1395 4274 1547 4345 episcopus
1568 4277 1735 4333 construxit
1763 4292 1861 4335 coeno·

102 4365 195 4421 Mum
221 4363 252 4418 in
277 4375 345 4418 voce
366 4359 563 4418 exsultationis
585 4367 612 4417 et
638 4360 829 4417 coniessionis.
851 4359 951 4417 Statim
1005 4358 1096 4426 bium,
1111 4358 1141 4415 in
1160 4359 1222 4416 loco
1238 4359 1290 4432 qui
1306 4360 1425 4418 abusive
1438 4361 1586 4420 abiucolis
1607 4365 1776 4435 appellatur
1791 4367 1860 4426 ilal-

103 4466 171 4510 vero
184 4450 334 4521 episcopus
348 4449 514 4506 recordatus
535 4447 664 4514 visionis,
680 4460 769 4518 quam
794 4446 953 4503 Norbertus
1006 4447 1112 4504 clarus.

103 4541 197 4612 prima
220 4547 302 4596 nocte
323 4539 465 4595 adventus
479 4535 523 4593 sui
541 4537 570 4591 iu
586 4535 683 4592 eodem
705 4535 766 4591 ioco
794 4549 825 4592 sc
848 4535 953 4592 vidisse
1059 4545 1535 4605 cqp,x1v,-0000m1m02,·0m
1561 4549 1743 4608 geroam-5

105 4634 181 4684 55⁰
209 4627 365 4695 retulerat,
396 4624 613 4682 multitudinem
654 4623 761 4680 scilicet
789 4623 951 4680 albatorum
1362 4619 1500 4677 ecclesia.

103 4717 360 4783 virorum,oruces
373 4720 524 4785 argenteas
553 4726 620 4768 curn
646 4711 826 4768 candelabris
840 4719 867 4768 et
883 4711 952 4768 thu·
1044 4714 1131 4771 Porro
1156 4713 1250 4771 locurn
1276 4716 1327 4788 qui
1350 4717 1485 4774 l'elonias
1510 4726 1639 4788 vocatur,
1665 4735 1756 4791 quern
1788 4723 1862 4781 dom·

104 4802 207 4860 ribulis
231 4801 384 4859 terentium
421 4801 574 4870 ipsumque
605 4798 700 4855 iocum
730 4798 873 4855 cantando
898 4798 955 4854 cir·
1008 4816 1074 4859 mus
1096 4802 1255 4859 Norbertus
1282 4803 1396 4861 dixerat
1419 4805 1528 4877 regioni
1552 4807 1672 4877 quidem
1696 4825 1861 4884 congruum

105 4891 317 4958 cumcuntium,
352 4888 475 4945 muitum
498 4887 664 4957 exsultavit,
699 4889 813 4958 [teoque
846 4887 955 4959 gratias
1007 4891 1199 4948 sednonsibi
1216 4892 1304 4948 abeo
1327 4893 1513 4962 destinatum,
1534 4895 1634 4954 nolens
1651 4899 1861 4972 episcopusdi-

104 4980 172 5052 egit,
188 4981 259 5051 quia
279 4978 356 5050 quod
371 4977 530 5036 Norbertus
544 4977 574 5032 in
587 4977 653 5034 visu
669 4977 789 5044 viderat,
811 4977 864 5032 hoc
879 4977 954 5033 idem
1008 4980 1120 5036 mittere
1136 4994 1273 5050 vacuum,
1295 4982 1391 5052 posuit
1405 4982 1445 5039 ibi
1460 4983 1574 5053 aliquos
1586 5000 1623 5042 ex
1647 4987 1764 5046 clericis
1791 5005 1860 5061 prae·

104 5070 256 5140 episcopus
297 5081 398 5123 revera
438 5065 625 5136 corporaliter
665 5080 744 5123 nuuc
789 5064 849 5122 lieri
890 5078 955 5121 cer-
1009 5066 1074 5124 iatae
1089 5067 1213 5125 ecclesia
1236 5068 1331 5126 Sancti
1346 5070 1463 5127 hiartiui
1480 5073 1692 5143 laudunensis,
1711 5077 1860 5135 abbatem-

106 5157 201 5214 nebat.
1010 5171 1068 5228 que
1079 5157 1120 5212 eis
1142 5158 1285 5215 ordinavit
1303 5159 1442 5217 domnum
1465 5161 1649 5232 Waiiridum‚
1675 5166 1777 5224 virum
1796 5168 1860 5225 reli·

142 5244 310 5316 Cuiusmodi
337 5259 406 5317 ergo
428 5244 559 5315 ecclesia,
587 5243 798 5311 dormitorium,
825 5240 955 5310 traiecto-
1010 5243 1132 5315 giosum.
1150 5245 1212 5315 Ipse
1225 5260 1343 5317 quoque
1356 5248 1518 5320 episcopus,
1536 5250 1612 5308 sicut
1628 5254 1710 5323 apud
1727 5255 1861 5314 Fuisnia-

107 5334 184 5390 rium
207 5340 375 5405 caeteraeque
394 5333 433 5389 ibi
451 5332 582 5399 oiilcinae,
607 5332 761 5404 qualisque
780 5345 883 5388 murus
907 5345 957 5402 per
1010 5347 1076 5389 cum
1098 5333 1211 5404 iecerat,
1234 5349 1283 5406 per
1310 5343 1373 5393 octo
1395 5337 1440 5394 vel
1462 5338 1630 5409 quindecim
1649 5343 1712 5401 dies
1736 5346 1860 5403 cumeis
1906 5312 1907 5360 ¹

107 5421 262 5477 circuitum
278 5421 444 5478 monasterii
458 5434 509 5491 per
523 5420 675 5492 prelatum
694 5422 844 5492 hugonem
864 5420 956 5478 iactus
1009 5419 1116 5479 ibidem
1145 5425 1328 5494 remorando,
1356 5426 1556 5499 templumque
1581 5428 1732 5502 lapideum
1746 5441 1777 5492 st
1796 5434 1862 5492 alias

107 5507 204 5576 luerit,
233 5505 328 5576 palam
357 5508 496 5579 inspicare
523 5507 589 5566 licet
620 5507 700 5566 omni
731 5508 954 5581 supervenienti,
1012 5509 1142 5568 cilicinas
1154 5511 1297 5571 sdiilcarc
1310 5515 1406 5586 oepit.
