3818 6008
100 240 170 306 1047
617 249 664 303 ab
683 248 760 305 0PP.
780 250 859 305 VEN.
879 246 1049 306 belnensi
1066 248 1110 302 DE
1130 245 1332 303 NOVIGENTO
1783 241 1855 298 1018

99 393 187 458 atque
207 385 344 442 iratribus
358 382 458 440 recitat
480 396 532 453 per
546 383 686 451 ordinem,
700 383 775 441 sicut
789 398 834 441 res
853 383 985 441 conti-h
1035 382 1075 453 (²⁴)
1091 381 1158 438 Gar.
1185 382 1234 446 111,
1264 383 1279 449 ἕ
1305 395 1342 436 rr.
1372 410 1406 421 —
1428 378 1500 446 Quid
1521 381 1586 451 post
1611 376 1854 433 resurrectionem

101 479 192 544 gerat,
208 473 306 542 sicque
319 477 428 526 mentes
441 484 542 526 eorum
565 478 688 528 revocat.
704 471 890 542 Superllnum
905 479 947 527 est
999 469 1180 526 columcille
1189 467 1552 541 reserootoportenderent.
1564 467 1760 538 Nequaquam
1769 464 1854 535 plane

100 559 184 616 nobis
199 573 328 629 querere
354 558 467 630 siquas
487 557 587 616 laudes
611 560 645 616 de
659 563 738 616 tanta
754 560 873 632 virgine
890 568 947 616 stn-
1000 572 1081 613 mens
1100 556 1229 614 Guiberti
1253 564 1305 625 est,
1323 564 1354 613 nt
1375 556 1404 611 in
1422 555 1527 612 Christi
1553 569 1671 625 corpore
1692 553 1854 609 vulnerum

101 648 228 704 deerunt
259 648 286 703 hi
317 654 387 704 tunc
414 661 558 716 exercere,
588 648 638 718 qui
670 648 806 705 videbant
829 648 946 704 tratrem
1001 645 1147 701 cicatrices
1165 646 1346 712 remansisse,
1363 645 1488 700 sedeam
1507 641 1761 700 tantummodoob
1781 654 1856 696 cau-

101 735 249 804 dilectum,
263 749 351 807 quom
366 744 514 792 mortuum
531 742 713 806 putaverant,
727 736 797 792 satis
811 734 948 792 membris
1001 747 1062 789 sam
1079 741 1171 803 neget,
1198 747 1256 803 qna
1272 734 1408 788 niurirnm
1430 732 1507 787 Patri
1523 732 1580 787 sint
1604 729 1694 786 veluti
1713 729 1802 799 signa
1823 741 1856 782 ac

100 822 209 880 vivere.
1002 821 1112 877 stimuli
1132 821 1166 876 ad
1194 819 1359 876 memoriam
1381 834 1480 875 eorrnn
1505 819 1696 876 refricandam
1720 831 1790 887 quae
1807 815 1856 871 Fi-

1003 909 1060 965 lius
1074 909 1168 980 gratia
1183 908 1295 980 generis
1311 908 1429 965 humani
1443 907 1569 978 pertulit,
1583 915 1610 962 et
1626 907 1662 961 ad
1677 912 1858 974 extorqueo·

1003 997 1070 1052 dam
1085 998 1122 1053 ab
1137 1010 1169 1052 eo
1195 994 1419 1052 misericordiam
1436 1010 1443 1049 :
1460 1017 1474 1043 «ι
1490 994 1551 1051 Non
1567 995 1642 1050 enim
1665 992 1859 1065 cogitationes

1004 1099 1085 1151 mere,
1109 1084 1294 1156 cogitationes
1316 1092 1417 1140 vestre
1434 1098 1440 1138 :
1456 1097 1550 1154 neque
1576 1083 1630 1138 viae
1657 1091 1773 1148 vestrae,
1806 1079 1859 1134 ria

1004 1187 1083 1240 meae,
1101 1193 1115 1222 »
1134 1188 1139 1227 :
1157 1186 1205 1228 ore
1218 1172 1365 1243 quondam
1381 1171 1461 1227 isaiae
1476 1185 1538 1241 cap.
1557 1185 1592 1226 ov
1613 1169 1766 1240 inquiebat
1783 1169 1860 1224 Deus

1005 1261 1074 1332 ipse.
1090 1260 1154 1317 Sola
1175 1261 1239 1332 ejus
1259 1259 1370 1315 infinita
1394 1260 1517 1328 bonitas,
1534 1258 1594 1315 sola
1617 1257 1725 1315 Christi
1751 1255 1860 1312 suihcit

1005 1350 1181 1417 hnmanitas,
1208 1363 1265 1419 quo
1288 1356 1406 1417 paterne
1431 1348 1546 1403 veniam
1569 1346 1773 1418 peccatoribus
1799 1344 1860 1400 lar-

1005 1435 1112 1508 giatur,
1127 1433 1234 1506 gratias
1248 1439 1322 1488 528
1339 1432 1446 1488 allatim
1462 1433 1592 1489 ellundat
1606 1431 1787 1488 hominibus.

1041 1523 1140 1594 Neque
1164 1523 1270 1594 pariter
1290 1522 1368 1592 quod
1392 1522 1572 1593 objectabant
1594 1519 1860 1577 Sanmedardenses

908 1661 910 1664 ,
1006 1611 1154 1682 approbat,
1169 1624 1273 1681 nempe
1286 1610 1407 1666 vulnera
1422 1609 1527 1665 idcireo
1542 1617 1603 1680 post
1617 1606 1859 1664 resurrectionem

972 1674 1215 1772 Bperseverasse
1242 1698 1380 1769 quoniam
1414 1698 1519 1754 Christi
1553 1711 1659 1767 corpus
1690 1695 1859 1751 omnimoda

1005 1788 1140 1846 ultimum
1164 1794 1226 1859 post
1236 1787 1379 1859 iudicium
1402 1787 1492 1858 gloria
1507 1787 1543 1842 sit
1563 1786 1745 1841 donandum.
1764 1782 1859 1840 lleiel-

1006 1877 1038 1933 lit
1053 1885 1079 1933 ιι
1096 1876 1291 1947 quarumdam
1313 1875 1414 1931 deliria
1427 1874 1602 1941 vetularum,
1629 1887 1695 1944 qnae
1711 1871 1859 1943 lingebant

996 1965 1161 2022 'salvatoris
1188 1963 1237 2020 illa
1264 1963 1326 2034 ipsa
1350 1962 1487 2019 contiuuo
1510 1977 1571 2018 esse
1599 1970 1698 2032 aperta
1724 1960 1856 2027 vulnera,

1006 2054 1174 2124 saniemque
1190 2065 1318 2108 manare.

1042 2143 1117 2211 Nou,
1134 2142 1264 2212 inquam,
1289 2138 1594 2210 praeiractedrldtetnr
1618 2144 1732 2203 auctor,
1760 2135 1857 2192 Domi-

1007 2245 1080 2287 num
1108 2230 1199 2286 instar
1226 2229 1451 2301 margaritarum
1487 2226 1628 2297 passionis
1656 2226 1799 2298 stigmata
1830 2224 1857 2280 in

1007 2320 1077 2376 coelo
1091 2333 1169 2376 nunc
1192 2317 1316 2388 habere3
1342 2315 1472 2387 alioquin
1495 2316 1524 2371 in
1539 2314 1586 2371 SS.
1611 2315 1711 2370 Patres
1732 2328 1796 2370 sese
1810 2313 1859 2370 eri·

1008 2421 1084 2480 gere,
1102 2421 1135 2462 ac
1150 2420 1234 2462 suam
1246 2405 1417 2462 sententiam
1430 2405 1571 2460 anteierre
1581 2403 1731 2458 videretur
1745 2401 1858 2471 (absit)

142 2493 397 2564 Hucusquecodex
413 2506 465 2548 ms.
483 2492 662 2549 corbeiensis
678 2494 855 2551 monasterii.
1008 2494 1115 2551 sanctis
1137 2492 1268 2548 videlicet
1292 2491 1451 2554 Ambrosio.
1481 2491 1529 2547 lib.
1560 2480 1632 2546 x'in
1662 2490 1771 2545 Lucam
1798 2504 1859 2560 cap.

143 2583 198 2638 Lae
216 2589 243 2637 et
264 2581 295 2636 B.
323 2581 467 2637 Bernardo
491 2580 693 2637 Clareralleosi
716 2582 845 2639 eamdem
867 2581 956 2640 coelo-
1008 2597 1077 2638 11111
1092 2588 1157 2637 ante
1173 2581 1268 2647 dnem,
1284 2580 1381 2648 Leoni,
1397 2594 1528 2636 sermone
1545 2583 1569 2642 l,
1591 2579 1625 2634 de
1639 2578 1821 2643 Resurrect,
1836 2584 1861 2633 et

106 2685 173 2728 rum
196 2670 336 2741 Reginam
359 2669 498 2726 inindisse
522 2669 619 2726 ierunt
636 2671 788 2741 scriptores
804 2671 955 2743 nonnulli,
1009 2671 1082 2727 aliis.
1114 2669 1208 2736 Quare
1231 2683 1300 2741 ergo
1328 2668 1482 2725 vulnerum
1511 2666 1681 2724 cicatrices?
1713 2667 1749 2724 Ut
1777 2666 1860 2722 iidem

106 2758 154 2814 sed
171 2772 231 2828 quo
255 2756 411 2813 iniciantur
430 2769 498 2813 vero
518 2757 658 2828 judicent,
676 2757 727 2828 qui
753 2764 832 2829 gesta
848 2758 955 2815 illinsa
1009 2759 1154 2824 roborent,
1169 2758 1298 2814 scientur
1313 2756 1421 2826 fideles,
1437 2756 1516 2826 impii
1531 2755 1689 2826 aliqnando
1701 2753 1862 2826 ignominia

107 2846 201 2902 tribus
228 2843 400 2915 synchronis
426 2844 592 2901 auctoribus
619 2853 739 2901 exarata
767 2845 955 2916 (quibuscum
1009 2846 1226 2904 suffundantur.
1245 2847 1287 2902 lta
1306 2849 1430 2916 August.
1454 2845 1503 2900 lib.
1519 2858 1578 2900 mur
1597 2844 1631 2899 de
1651 2843 1777 2898 civitate
1800 2843 1861 2908 Dei,

107 2947 246 3005 perquam
281 2932 459 2988 familiariter
495 2933 657 2989 bernardus
687 2941 729 2989 est
758 2936 954 3003 conversatus)
975 2950 1072 3022 ceap.
1091 2938 1123 2989 re
1146 2942 1174 2990 ιι
1187 2937 1236 3002 20;
1260 2933 1366 2991 Enseb.
1382 2932 1521 3002 Gallicae,
1537 2933 1598 2989 sive
1619 2933 1797 2999 Eucherius,
1813 2947 1863 2989 seu

107 3021 295 3079 excusserint.
312 3019 376 3087 Quo
391 3019 497 3076 etenim
512 3021 596 3077 modo
613 3019 673 3077 heri
697 3029 786 3091 potest
802 3029 834 3077 ut
849 3022 954 3089 relatis,
1010 3023 1094 3080 etiam
1122 3024 1219 3079 Faust.
1248 3022 1378 3092 Reginus
1395 3021 1494 3077 homil.
1518 3021 1595 3077 leriae
1610 3022 1625 3075 3
1648 3027 1711 3089 post
1739 3020 1861 3087 Pascha,

107 3110 185 3166 ultra
200 3115 325 3176 centum,
352 3107 509 3176 miraculis,
533 3109 587 3164 boe
611 3117 669 3164 tam
693 3109 804 3181 insigne
820 3108 957 3165 oblivioni
1011 3110 1151 3166 Cresarius
1165 3109 1282 3176 drelat„
1309 3109 1407 3164 homil.
1423 3111 1466 3164 23.
1486 3108 1537 3165 Sed
1553 3117 1581 3164 ιι
1603 3109 1763 3164 Guibertus
1780 3122 1863 3179 aper·

108 3197 302 3254 tradiderint?
325 3197 368 3253 lta
381 3197 465 3253 ioan.
490 3196 628 3253 Bertelins
644 3196 682 3254 lib
699 3213 748 3252 vru
765 3199 792 3252 io
817 3198 956 3269 Regulam
1012 3197 1117 3254 tissime
1130 3197 1158 3253 id
1175 3195 1301 3253 aldrmat
1321 3210 1383 3265 cap.
1399 3196 1554 3267 espistolae
1570 3197 1608 3251 lte
1628 3198 1751 3252 veritate
1768 3195 1860 3252 Domi·

109 3284 135 3341 S.
168 3284 330 3354 Benedicti3
355 3298 442 3355 quem
470 3284 662 3354 chrysostom.
690 3284 867 3355 llenricquea
890 3299 956 3341 con·
1012 3286 1067 3341 niel
1082 3284 1219 3356 corporis
1238 3298 1304 3356 pag.
1330 3285 1391 3340 eal.
1410 3284 1439 3338 C.
1457 3283 1558 3351 «Quid
1574 3285 1650 3354 quod
1674 3284 1705 3339 iu
1720 3285 1796 3340 coelo
1813 3298 1862 3354 po-

108 3372 183 3430 intat
196 3371 226 3428 in
243 3372 400 3443 Nenologio
417 3371 528 3429 cistert.
545 3370 581 3428 ad
596 3371 671 3426 diem
690 3374 720 3426 13
737 3371 813 3440 llaii,
828 3381 856 3428 et
867 3375 959 3444 Ange
1012 3375 1085 3431 situs
1099 3389 1136 3430 ne
1150 3373 1273 3430 vulnera
1287 3373 1404 3444 quidem
1425 3386 1479 3428 sna
1492 3371 1643 3439 obducere,
1660 3379 1713 3428 aut
1727 3371 1861 3427 servilem

109 3459 156 3517 lus
170 3459 331 3532 Maurique,
347 3458 450 3515 annal.
466 3458 640 3515 distertieus.
659 3467 726 3516 tom.
743 3461 779 3527 11,
796 3475 864 3517 ann.
878 3464 956 3529 1153,
1011 3463 1152 3530 lormam,
1180 3475 1269 3533 quam
1299 3463 1329 3517 in
1354 3460 1454 3517 loturo
1480 3459 1697 3530 repraesentabit
1731 3459 1861 3531 judicio,

109 3562 171 3619 cap·
190 3550 234 3603 ¹2·
1011 3549 1232 3618 exuerevoloit‚
1248 3570 1262 3600 n
1279 3556 1332 3606 etc.

175 976 190 1005 «ι
206 955 354 1012 Benedicta
367 956 404 1011 sit
419 955 483 1012 talis
499 956 628 1024 Domina,
732 987 740 995 ·

173 1043 242 1111 Quae
256 1043 297 1100 sic
311 1043 372 1099 suis
386 1043 439 1100 lert
454 1044 655 1112 medicamina,

173 1132 237 1200 lpsa
251 1130 333 1186 nobis
348 1131 397 1186 ilat
412 1131 535 1201 propitia

174 1220 290 1275 Donans
303 1220 387 1275 nobis
401 1220 468 1276 ritae
483 1220 608 1276 remedia

174 1307 240 1364 Nati
255 1307 310 1375 sui,
325 1322 451 1377 suosque
463 1306 604 1372 servolos,

176 1399 199 1452 Α
216 1397 338 1466 peccatis
353 1396 439 1452 iaciat
454 1396 572 1462 liberos;

174 1484 290 1554 Nosque
301 1498 350 1552 per
364 1490 534 1541 cunctorum
548 1484 660 1540 dierum
676 1484 832 1552 curricula,

176 1570 241 1626 Suis
253 1569 399 1639 obsequiis
413 1568 514 1626 reddat
528 1570 644 1626 idoneos
660 1585 666 1625 :

175 1658 231 1714 Deo
247 1672 321 1728 pura
336 1672 387 1713 uos
404 1656 579 1724 habitacula,

176 1745 262 1815 notet
276 1745 400 1822 mundos
414 1743 450 1800 ab
466 1744 545 1801 omui
561 1743 685 1813 macula,

178 1833 214 1889 Ut
229 1840 290 1902 post
303 1832 393 1903 hujus
411 1834 476 1888 111ι
487 1832 644 1899 curricula,

175 1920 359 1978 Gaudeamus
372 1936 469 1977 secum
483 1921 512 1977 iu
527 1921 643 1977 saecula.

179 2010 250 2080 lrjos
264 2023 326 2080 ope,
343 2010 406 2079 ejus
421 2009 557 2075 antidoto,

177 2099 284 2156 biunde
297 2097 376 2154 salus
392 2099 474 2154 rediit
489 2099 617 2168 perdito;

177 2185 235 2256 lpsi
250 2185 322 2253 laus,
340 2199 478 2242 unacum
495 2186 617 2256 glorioso
631 2200 684 2242 suo
698 2186 780 2252 Filio,

177 2273 284 2339 Houor,
298 2273 401 2340 virtus,
418 2281 505 2342 atque
516 2273 660 2341 jubilatio,

177 2360 316 2431 Tempore
330 2367 476 2431 perpetuo.
491 2362 593 2417 nmen.
612 2382 626 2411 s

340 3843 434 3945 Ab
470 3843 730 3950 LIBROS
768 3845 1109 3951 GUIBERTI
1150 3845 1243 3949 DE
1276 3845 1444 3948 VITA
1477 3843 1628 3949 SUA.

867 4029 1119 4041 ——-

148 4148 228 4216 Quod
253 4147 516 4219 splendidissimum
539 4150 617 4207 orbis
638 4151 755 4207 oculum
771 4151 801 4207 Β.
826 4153 961 4223 Angusti-
979 4153 1001 4208 b
1018 4152 1239 4222 haereticamque
1257 4152 1438 4222 pravitatem,
1456 4151 1680 4211 Manichaeorum
1699 4151 1772 4208 iaece
1790 4152 1868 4208 exci-

113 4249 186 4293 num
216 4235 303 4292 luerit
327 4234 482 4292 Guibertns
508 4238 639 4307 exemplo
673 4238 804 4307 proxime
831 4248 958 4307 secutus,
1015 4247 1114 4307 talam,
1139 4238 1282 4308 evelleret,
1308 4247 1336 4296 et
1353 4253 1451 4296 eoram
1477 4238 1644 4310 disputarit,
1670 4248 1870 4298 attractatus

113 4323 180 4380 ritae
200 4322 290 4392 ipsius
313 4323 434 4393 priorem
450 4324 558 4381 librum
585 4327 635 4396 qui
662 4324 769 4396 legerit,
788 4326 871 4396 plane
896 4326 959 4383 aui·
1014 4327 1113 4384 edidit.

115 4412 283 4468 madvertet.
307 4411 489 4483 augustinus
504 4412 577 4470 libro
598 4415 646 4469 cni
670 4414 787 4470 titulum
810 4415 874 4471 iecit
889 4416 960 4472 Cort-
1050 4416 1192 4473 Caeterum
1212 4430 1271 4473 non
1294 4415 1410 4473 deluere
1434 4415 1560 4473 celebres
1584 4415 1675 4473 etalii
1699 4419 1868 4488 scriptores,

105 4500 262 4570 sessiones,
292 4499 358 4556 vitae
384 4514 445 4556 snae
471 4500 579 4557 dellens
605 4508 687 4556 actus
715 4503 856 4570 percurrit
882 4519 891 4556 :
916 4503 961 4558 bic
1016 4504 1066 4576 qui
1096 4519 1131 4561 ea
1171 4518 1237 4575 quae
1274 4512 1421 4576 gesserant
1458 4504 1631 4574 scripserant
1664 4505 1869 4574 potissimum,

115 4588 223 4659 pariter
246 4587 327 4644 libris
350 4588 385 4644 de
412 4589 472 4644 rita
494 4601 558 4655 sua,
583 4588 671 4658 priori
702 4590 837 4659 manime,
862 4606 961 4662 geme·
1016 4591 1171 4661 posteritati
1194 4593 1402 4662 consignarunt
1410 4607 1418 4662 ;
1435 4591 1515 4647 velut
1530 4592 1733 4660 Hieronymus,
1751 4591 1872 4649 Genna-

115 4676 231 4732 bundus
258 4677 346 4732 vitam
372 4675 470 4731 recolit
492 4682 671 4746 anteactam3
689 4676 735 4732 111ι
756 4691 885 4735 summas
905 4680 962 4735 Deo
1016 4679 1092 4746 dius,
1109 4679 1194 4746 Beda,
1212 4679 1385 4751 sigebertus,
1399 4687 1465 4745 etc,
1483 4679 1510 4735 id
1526 4688 1664 4750 prestare
1679 4693 1739 4736 nou
1756 4681 1810 4738 abs
1829 4695 1870 4741 rc.

114 4771 275 4835 grates-pro
296 4763 416 4819 induitis
432 4763 461 4818 in
476 4776 506 4819 se
529 4763 640 4820 collatis
662 4764 806 4821 beneflciis
827 4768 886 4838 agit
901 4782 908 4821 :
923 4766 961 4823 si·
1017 4769 1148 4839 quinimo
1162 4767 1346 4838 proluturum
1362 4767 1482 4824 duxere.

114 4852 219 4907 militer
239 4858 266 4906 ιι
282 4852 351 4921 iste;
369 4850 489 4906 matris
523 4853 707 4923 Augustinus
722 4853 758 4910 ab
784 4855 914 4925 improba
935 4862 963 4911 et
1255 4857 1302 4911 Ab
1322 4856 1453 4913 LIBRUM
1473 4854 1624 4912 PlllllUll.

116 4939 250 4995 heretica
259 4937 470 4994 consuetudine
478 4947 646 4996 revocatum
656 4955 726 5008 sese,
734 4939 788 4998 fert
795 4950 960 5014 acceptum:
1053 4945 1094 5016 (¹⁵)
1108 4944 1174 5001 Car.
1191 4944 1212 5000 l.
1226 4974 1260 4985 -
1277 4945 1350 4999 cern
1364 4943 1438 5015 qood
1453 4959 1583 5010 emenus,
1608 4941 1744 4998 omnibus
1757 4943 1869 5000 debeas

114 5027 271 5084 Guibertus
296 5027 325 5082 io
342 5027 421 5082 bunc
445 5026 572 5096 modum,
590 5029 698 5098 quode
721 5031 864 5100 corruptis
879 5032 962 5087 mori·
1018 5034 1077 5091 lloc
1099 5040 1148 5095 est,
1166 5032 1267 5104 gratie
1290 5045 1324 5088 ac
1338 5031 1483 5094 beneficia,
1505 5045 1572 5101 quer
1595 5043 1630 5086 err
1647 5030 1767 5088 decreto
1783 5040 1870 5104 atquc

116 5117 171 5172 bus
194 5129 211 5170 a
237 5121 329 5170 matre
366 5114 517 5171 traductus
544 5116 639 5179 inerit.
678 5118 803 5187 ingenue
835 5118 961 5187 iatetnr;
1015 5133 1206 5190 exrongruo,
1221 5132 1328 5175 nonen
1343 5116 1718 5189 condigootutloqnnutnr
1733 5118 1869 5191 theologi)

116 5205 195 5273 prior
216 5210 337 5259 matrem
362 5203 434 5260 mire
461 5202 580 5276 laudat;
605 5204 645 5260 ita
658 5212 686 5261 ιι
701 5205 838 5274 posterior
860 5220 962 5279 suam;
1017 5209 1046 5264 iu
1062 5208 1192 5265 homiues
1215 5206 1328 5262 infinita
1345 5213 1395 5262 tna
1410 5205 1531 5272 bonitas,
1556 5204 1709 5262 elementia
1727 5207 1869 5265 immonsa

116 5289 211 5346 verbis
232 5289 449 5360 atquescriptis
469 5290 568 5347 doctor
585 5290 630 5348 111ι
651 5292 823 5349 llaniehaeos
841 5300 868 5350 et
883 5302 964 5351 caete-
1017 5296 1154 5353 continno
1185 5295 1289 5352 emittit
1316 5294 1447 5364 (verbum
1477 5295 1596 5347 monet
1623 5307 1658 5348 eo
1688 5293 1744 5350 loci
1779 5296 1870 5352 active

117 5391 174 5447 ros,
189 5377 241 5447 qui
255 5391 308 5432 suo
322 5379 428 5435 seculo
442 5389 628 5447 emerserant,
644 5380 790 5437 baeretires
806 5382 963 5440 insectatus
1018 5386 1187 5455 usurpatur)
1216 5391 1244 5439 et
1267 5381 1398 5449 effundit,
1429 5381 1564 5437 omnibns
1596 5380 1683 5451 plane
1712 5383 1867 5441 debentur.

116 5471 158 5522 est
174 5479 181 5517 :
197 5463 288 5520 abbas
312 5478 430 5537 quoque
449 5474 546 5523 noster
569 5476 600 5524 ut
625 5468 776 5525 iudaicam
801 5469 961 5540 perddiam,
1017 5472 1118 5530 Nonne
1134 5471 1262 5529 universi
1286 5470 1365 5527 orbis
1382 5468 1517 5527 Conditor
1538 5483 1605 5525 cum
1629 5469 1677 5537 sit,
1696 5471 1789 5531 rebus
1812 5485 1869 5529 ase
