3794 6008
112 227 180 280 t2i9
625 219 673 275 AD
692 220 768 277 oet.
787 221 869 278 vett.
890 218 1058 277 obtestari
1076 217 1124 274 DE
1144 216 1339 276 noviceuto
1804 225 1854 277 ltat

109 358 190 426 didit,
206 365 239 415 ut
260 357 310 430 qui
339 357 420 412 vidit.
448 361 596 422 assereret,
627 354 705 426 quod
736 356 822 410 etiam
838 355 994 410 saxeuml
1013 352 1160 423 pariteret
1176 352 1266 424 ignoti
1296 351 1438 410 Simonem
1454 352 1622 427 diligebant,
1640 347 1796 413 Simonem
1809 372 1855 414 eer-

110 449 265 520 pectuspie
281 447 311 502 in
325 444 439 503 lletibus
453 443 556 502 molliri
570 457 651 515 posse
666 443 821 499 videretur.
1013 454 1081 496 nere
1096 440 1283 508 laetabantur;
1297 455 1355 497 non
1372 442 1426 498 boc
1440 441 1568 512 lortuito,
1583 444 1631 500 sed
1648 444 1699 501 Dei
1718 443 1856 515 dispensa-

1013 527 1090 585 tione
1106 529 1166 584 sieri
1182 528 1359 586 credendum
1372 537 1424 586 est.

447 584 563 647 CAPUT
576 584 621 642 ΧῘ·
1048 618 1120 673 Eece
1141 618 1267 674 occurrit
1282 618 1311 673 in
1340 619 1478 676 memoria
1500 618 1580 675 mire
1604 619 1699 690 ipsius
1726 619 1859 690 patientie

146 711 251 768 Eodem
266 724 334 766 vero
351 716 475 780 tempore
497 710 580 766 bone
599 708 743 765 memoriae
772 706 959 779 lingoneab·
1014 705 1133 771 bonum,
1158 704 1236 776 quod
1269 707 1368 762 eodem
1393 706 1494 763 itinere
1522 708 1664 765 sustinuit
1698 709 1860 765 necessitate
1892 680 1896 717 ¹

109 799 175 857 bate
198 797 431 856 cluniacensium
455 807 576 869 rogante
593 804 625 854 ut
649 796 711 868 ipse
733 796 835 853 beatus
860 795 905 851 vir
928 795 957 850 in
1012 793 1189 863 compulsus.
1212 793 1285 851 D'am
1314 809 1380 851 curn
1404 795 1481 865 apud
1510 795 1691 853 Firmitatem
1718 797 1860 854 castellan
1891 794 1895 823 '

110 887 229 947 Galliam
245 885 484 958 proficisceretur,
502 893 534 942 ut
551 899 602 957 pro
617 899 650 942 eo
664 898 762 956 regem
782 885 957 941 Francorum
1013 896 1079 952 que
1101 881 1168 938 clirn
1193 881 1284 952 ipsius
1299 883 1450 940 hereditas
1473 883 1550 940 dicta
1563 893 1615 951 est,
1634 885 1665 941 in
1682 886 1810 957 propria
1824 885 1862 941 de

110 975 285 1045 Philippum.
301 974 351 1045 qui
367 973 420 1030 sibi
440 974 572 1044 quaedam
588 972 745 1036 aulerebat,
762 971 960 1042 alloqueretur
1012 980 1184 1040 moraretur,
1200 971 1326 1027 anticum
1339 973 1494 1042 quemdam
1510 972 1546 1028 ad
1561 986 1591 1029 sc
1604 973 1641 1030 de
1655 973 1732 1030 villa
1751 974 1863 1030 venien·

109 1070 137 1122 et
151 1064 315 1134 corriperet,
340 1062 452 1118 abbatis
466 1061 512 1118 sui
539 1061 657 1132 imperio
687 1062 717 1116 in
742 1059 862 1116 Galliam
889 1071 960 1129 pro-
1012 1065 1078 1126 tem,
1109 1059 1223 1116 videndi
1252 1059 1389 1117 desiderio
1414 1073 1577 1129 accensum,
1594 1076 1677 1119 unus
1703 1076 1745 1118 ex
1773 1062 1810 1118 iis
1824 1063 1863 1134 qui

111 1152 202 1210 lectus
214 1158 265 1208 est.
1012 1154 1141 1217 raptores
1161 1148 1309 1216 dicuntur,
1332 1147 1487 1219 improvise
1506 1149 1670 1218 prosiliens,
1686 1158 1815 1220 captum
1829 1165 1863 1206 re

146 1239 256 1296 Accidit
270 1239 414 1310 autemgeo
426 1237 622 1309 proficiscente
641 1235 718 1307 apud
740 1233 957 1305 Compendium,
1013 1235 1077 1306 puit
1089 1243 1118 1292 et
1135 1235 1265 1293 abcessit.
1282 1235 1363 1303 Quod
1387 1236 1427 1292 ibi
1442 1236 1547 1294 milites
1559 1245 1587 1293 et
1600 1238 1659 1294 viri
1677 1238 1799 1296 nobiles
1821 1239 1863 1295 ad·
1891 1218 1896 1295 ι

109 1326 248 1399 oppidum
277 1327 363 1398 regis,
386 1333 419 1383 ut
434 1325 586 1382 sudarium
602 1323 716 1380 Domini
731 1321 822 1380 levari
838 1321 958 1378 debuis·
1014 1331 1173 1392 verterunt,
1196 1325 1276 1382 triste
1295 1325 1452 1382 admodum
1466 1325 1598 1394 lerentcs,
1619 1326 1824 1397 quaesierunt,
1844 1337 1863 1384 et

110 1423 162 1484 set,
177 1422 205 1472 et
223 1428 310 1485 capsa
335 1427 424 1470 aurea
439 1411 587 1469 decentius
599 1411 722 1482 deponi;
740 1409 817 1482 quod
833 1409 879 1466 vir
900 1409 958 1465 Do·
1013 1421 1144 1484 repertus
1166 1419 1217 1469 est.
1235 1413 1344 1471 Emere
1358 1413 1465 1482 oculos,
1482 1427 1533 1471 seu
1556 1414 1640 1471 aliter
1660 1414 1815 1487 justitiam
1829 1417 1862 1472 la·

109 1503 180 1560 mini
200 1502 331 1570 audiens,
350 1501 501 1558 abitinere
516 1499 594 1571 quod
610 1499 717 1556 rectius
737 1499 901 1564 videbatur,
926 1504 958 1553 ut
1012 1501 1287 1558 cereminabantur.
1511 1547 1519 1578 z

109 1592 179 1651 illuc
199 1591 300 1660 abiret,
315 1591 530 1662 aliquantulum
556 1588 671 1645 divertit
696 1602 730 1645 ac
756 1585 785 1643 in
809 1586 959 1645 breviDo-
1055 1590 1102 1646 vir
1128 1598 1225 1648 autem
1246 1589 1361 1646 Domini
1388 1590 1594 1656 innocentiam,
1625 1600 1657 1648 et
1685 1591 1766 1649 illud
1796 1592 1860 1664 quod

109 1684 186 1739 mino
199 1682 320 1738 ducente
332 1678 476 1750 pervenit3
493 1678 544 1749 qui
561 1678 634 1735 beati
649 1676 771 1733 cornelii
797 1674 880 1746 quasi
905 1674 959 1731 sub
975 1651 995 1706 Β
1014 1677 1156 1748 scriptum
1179 1685 1222 1734 est
1236 1676 1321 1734 corde
1345 1677 1494 1737 retinens:
1512 1701 1522 1727 ι
1541 1679 1609 1736 tlibi
1624 1679 1806 1748 vindictam,
1820 1695 1860 1751 ego

112 1768 225 1827 occulto
240 1767 377 1837 templum
401 1773 537 1823 oraturus
553 1766 710 1837 ingressus,
736 1762 958 1834 aquibusdam,
1013 1766 1182 1830 retribuam,
1213 1765 1283 1821 dicit
1314 1766 1453 1822 Dominus
1477 1766 1569 1838 (Rom
1592 1783 1644 1835 su,
1680 1767 1742 1839 19),
1777 1768 1860 1824 »lien

112 1859 163 1930 qui
180 1855 325 1914 testivitati
349 1854 517 1921 intererant,
544 1853 640 1909 statim
657 1852 834 1924 agnoscitur,
849 1858 876 1908 et
891 1865 960 1907 mor
1013 1853 1130 1910 omnino
1152 1853 1309 1923 prohibuit.
1331 1854 1412 1911 Tunc
1427 1868 1552 1913 unusex
1566 1855 1665 1922 sociis,
1683 1857 1827 1913 accersito
1838 1871 1860 1912 aa

112 1947 189 2004 lema
207 1944 373 2016 pervolante
386 1956 486 2000 rumor
501 1941 665 1998 inauribus
687 1940 770 2012 vulgi
792 1939 958 2011 suscipitur.
1013 1949 1119 1999 secreto
1134 1941 1302 2012 alloquitur,
1316 1943 1388 1999 scire
1398 1942 1497 1999 volens
1512 1944 1640 2014 qualiter
1653 1952 1685 2002 et
1699 1959 1765 2016 quo
1777 1946 1859 2001 anino

112 2034 174 2092 Vox
190 2032 286 2103 populi
307 2038 334 2088 et
357 2031 448 2088 tnrbae
465 2029 588 2086 laetantis
602 2029 710 2085 clamor
734 2028 888 2086 attollitur:
920 2027 961 2084 Si·
1014 2030 1092 2087 illam
1108 2029 1247 2101 iniuriam
1265 2030 1374 2087 illatam
1389 2031 1552 2099 sustineret,
1569 2032 1592 2087 si
1615 2032 1749 2092 dedecus
1763 2034 1859 2090 iilatnn

112 2136 179 2179 mon
193 2122 250 2177 tere
265 2121 300 2176 ab
325 2119 461 2176 omnibus
487 2118 685 2187 clamabatur;
704 2116 800 2174 Simon
829 2116 958 2173 certatim
1014 2118 1050 2175 ab
1075 2118 1173 2190 aliquo
1193 2118 1356 2189 inproprie
1380 2119 1507 2187 sentiret,
1529 2117 1624 2192 tnagis
1646 2134 1715 2178 esse
1728 2136 1762 2181 se
1775 2122 1859 2179 letan

110 2210 258 2281 aspicitur,
273 2215 301 2264 et
315 2207 355 2265 sic
370 2206 514 2278 usquead
532 2206 671 2277 palatium
686 2205 771 2276 regis,
788 2206 847 2271 vix,
873 2203 959 2261 turba
1013 2213 1041 2263 et
1054 2207 1162 2277 gratias
1178 2207 1234 2263 Deo
1249 2207 1386 2264 exhibere
1400 2208 1556 2279 respondit,
1570 2208 1645 2280 quia
1660 2210 1809 2280 patientia
1819 2210 1860 2266 sal

111 2304 266 2370 premente,
282 2295 475 2353 subtrabitur.
1013 2295 1148 2351 vabimus
1161 2295 1274 2352 animas
1289 2303 1412 2352 nostras.

145 2386 235 2455 Quem
262 2399 324 2451 rex,
349 2383 402 2456 qui
424 2397 518 2455 nuper
548 2384 714 2448 advenerat,
741 2379 960 2453 diligentissime

111 2473 226 2531 intuens
240 2471 348 2529 bonore
366 2470 512 2542 perdebito
539 2469 674 2540 suscepit,
703 2481 831 2539 eumque
856 2466 960 2523 blande
1336 2436 1453 2495 CAPUT
1473 2438 1535 2495 ΧΠ·

110 2560 253 2618 allocutus
275 2560 299 2616 si
314 2560 385 2631 quid
397 2560 434 2615 ab
448 2574 481 2616 eo
496 2558 662 2630 postularet,
680 2573 710 2613 se
733 2555 852 2626 obsequi
883 2569 959 2626 prae·
1049 2560 1859 2633 Peractisigiturinitinerequaeperpetrandaerant,ere

110 2649 440 2720 paratumlibentissimc
462 2647 635 2717 repromisit.
660 2643 711 2702 llle
734 2659 801 2702 vero
816 2642 959 2715 petitionis
1014 2664 1093 2706 mum
1104 2648 1277 2721 regrediens,
1289 2664 1355 2721 quae
1364 2649 1445 2720 prius
1455 2658 1644 2721 proposuerat
1652 2651 1765 2709 iterum
1779 2652 1861 2709 inebe

109 2752 169 2795 suae
184 2752 242 2794 non
266 2739 425 2803 immemor,
442 2735 512 2807 quid
531 2736 586 2792 sibi
615 2740 766 2806 quereret,
782 2732 919 2803 innotuit,
932 2737 960 2787 et
1013 2736 1082 2804 avit,
1096 2735 1195 2806 ibique
1209 2744 1353 2808 quantum
1369 2737 1450 2794 licuit
1461 2737 1553 2795 labori
1567 2752 1711 2809 corporeo
1723 2740 1860 2805 insistens,
1892 2722 1895 2785 ι

109 2826 184 2881 sicut
198 2823 327 2895 petierat,
344 2824 519 2894 impetravit.
1014 2825 1042 2880 in
1053 2824 1214 2881 bumilitate
1224 2826 1399 2896 conquievit.
1411 2825 1474 2891 Sed,
1486 2841 1522 2883 ne
1532 2826 1860 2898 civitassupermonten
1893 2816 1896 2849 ¹

146 2913 178 2969 ln
205 2913 330 2970 crastino
357 2911 456 2982 itaqua
482 2910 661 2968 solemnitate
688 2919 811 2981 peracta,
842 2917 870 2966 et
903 2911 992 3002 ιιο-ο
1013 2913 1114 2984 posita,
1130 2911 1269 2970 etlumen
1285 2912 1428 2971 lateretin
1444 2915 1580 2983 tenebris,
1605 2923 1719 2973 sanctae
1733 2917 1859 2973 Domana

109 2999 180 3056 mini
219 3000 374 3072 perspectis
415 2999 555 3070 reliquiis,
592 2997 754 3070 Anglorum
794 3011 889 3070 regem
928 3003 956 3054 et
1010 3001 1086 3058 sedis
1110 3009 1285 3059 memoratus
1300 3003 1418 3060 antistes
1442 3003 1513 3061 tanti
1528 3003 1584 3061 viri
1600 3017 1712 3062 nomen
1736 3005 1857 3063 audiens

108 3091 251 3162 reginam,
267 3089 317 3160 qui
332 3102 399 3144 eum
414 3086 589 3152 nutrierant,
605 3086 717 3143 visendi
735 3087 828 3158 gratia
850 3086 955 3143 Nortb-
1008 3089 1106 3146 abbati
1121 3104 1157 3146 su
1179 3129 1187 3157 ,
1204 3097 1237 3148 ut
1252 3089 1371 3148 adeum
1387 3090 1560 3160 mitteretur,
1579 3089 1687 3149 litteris
1702 3092 1857 3150 denuntiat

1 3238 3 3244 .
108 3178 256 3234 manniam
290 3189 383 3246 usque
415 3174 587 3245 properavit,
628 3174 755 3245 illucque
787 3174 956 3244 pen-eniens
1009 3178 1059 3235 llle
1082 3192 1150 3234 vero
1176 3192 1193 3234 a
1215 3178 1236 3234 ti
1259 3178 1337 3246 mali,
1355 3178 1432 3235 lama
1456 3179 1552 3236 dolore
1574 3187 1756 3247 commotus,
1773 3194 1811 3237 ne
1823 3179 1860 3234 alii

108 3272 209 3323 contra
224 3263 325 3331 litium,
340 3262 496 3319 liebertum
512 3261 637 3332 nomine,
654 3276 751 3334 regem
771 3262 954 3320 dimicantem
1010 3265 1210 3335 turbarentur,
1234 3265 1362 3337 sigillum
1387 3266 1570 3324 abscondisse
1595 3280 1649 3323 nec
1668 3266 1860 3323 manifestas
1886 3274 1894 3287 ·

108 3354 240 3420 invenit;
265 3352 316 3422 qui
347 3351 464 3422 utrique
491 3365 669 3421 compassus,
706 3365 776 3422 pace
802 3351 956 3408 relormata
1009 3351 1125 3420 dieitur,
1146 3353 1686 3424 donecdominuspaparursuscea
1703 3354 1859 3411 aliudmit·

110 3440 280 3512 pestilentiae
292 3439 402 3495 malum
417 3452 434 3494 a
448 3439 564 3510 regione
580 3440 701 3512 iugavit.
1011 3447 1091 3509 teret,
1107 3441 1306 3512 quodduriora
1328 3442 1481 3513 bajularet.
1510 3442 1642 3500 &eundo
1667 3455 1804 3515 namque
1819 3455 1860 3513 pet

143 3528 250 3584 Audita
276 3541 344 3583 vero
374 3526 438 3597 ejus
462 3526 539 3583 lama
562 3526 613 3598 qui
639 3526 684 3583 sui
710 3526 739 3583 in
757 3526 862 3584 seculo
877 3526 956 3584 dice·
1009 3526 1134 3586 litteram
1158 3529 1265 3587 editam
1287 3530 1376 3599 dedit,
1392 3530 1449 3586 nisi
1475 3531 1651 3602 quantocius
1666 3531 1699 3586 in
1722 3530 1859 3588 Simonem

107 3613 226 3681 bantur,
243 3615 290 3669 alii
319 3620 347 3670 et
374 3614 572 3685 quamplures,
596 3627 670 3685 pene
699 3614 802 3671 milites
827 3614 914 3682 mille,
927 3616 956 3670 in
1009 3617 1232 3673 transmittendo
1259 3616 1380 3674 lestinus
1406 3617 1552 3685 existeret,
1580 3617 1675 3675 abbas
1705 3625 1735 3675 ct
1763 3625 1858 3676 cunm

106 3701 263 3758 adventum
278 3701 342 3772 ejus
357 3701 538 3759 laetiobviam
555 3708 767 3773 processerunt,
787 3710 816 3758 et
831 3703 957 3773 quisque
1009 3702 1194 3773 congregatio
1216 3715 1233 3758 a
1257 3701 1378 3774 spiritali
1395 3699 1489 3759 oiiicio
1512 3709 1638 3759 vacaret.
1665 3701 1746 3770 Quid
1761 3702 1860 3774 pluras

107 3789 142 3846 de
162 3789 278 3861 proprio
300 3803 407 3846 aurum
422 3789 467 3847 vel
493 3796 658 3861 argentum,
680 3789 789 3847 mulam
806 3804 857 3847 seu
885 3790 959 3860 pale·
1008 3787 1155 3845 Turbatur
1187 3789 1301 3858 abbas,
1340 3789 1443 3846 iratres
1484 3789 1592 3860 pariter
1623 3791 1860 3848 constristantur.

107 3877 215 3935 iridum
238 3884 271 3934 ut
290 3877 440 3948 acciperet,
469 3876 651 3934 devotissime
673 3879 885 3949 precabantur;
911 3878 957 3935 iiie
1008 3873 1083 3942 Quid
1098 3876 1178 3933 aliud
1191 3876 1484 3934 tacerentiiicciesiae
1498 3890 1625 3948 namque
1638 3878 1778 3935 solamen
1790 3878 1863 3935 amit·

106 3978 174 4022 vero
188 3965 258 4022 loris
281 3966 390 4036 gratias
402 3979 502 4037 agens,
518 3966 603 4023 corde
624 3980 676 4037 pro
699 3966 790 4022 nibilo
806 3975 956 4038 reputans,
1011 3963 1092 4020 titur.

107 4053 221 4109 nullum
248 4055 361 4122 penitus
390 4053 542 4123 accipiens,
566 4055 629 4111 haee
653 4055 751 4111 omnia
769 4069 806 4112 ex
835 4055 957 4111 adverso
1045 4051 1183 4121 Disposito
1206 4066 1275 4124 ergo
1292 4053 1392 4110 itinere
1414 4053 1444 4109 in
1464 4053 1499 4110 iis
1513 4066 1579 4125 qua
1603 4054 1707 4125 parari
1723 4055 1862 4112 videban-

107 4139 302 4211 conspicatur.
1011 4145 1070 4206 tur,
1104 4139 1199 4196 Simon
1224 4154 1375 4198 unacum
1404 4140 1487 4199 sociis
1510 4142 1547 4198 ad
1578 4141 1689 4198 Urbem
1716 4142 1861 4216 dirigitur.

142 4227 184 4284 Ad
208 4227 345 4284 ultimum
373 4243 441 4285 vero
457 4244 554 4301 regem
582 4237 691 4288 secreto
711 4230 811 4287 adiens
831 4238 860 4290 et
884 4230 993 4302 regi-p
1011 4227 1100 4294 Quem
1115 4235 1268 4299 postquam
1283 4229 1446 4287 venientem
1465 4229 1569 4287 domus
1582 4231 1769 4302 apostolicus
1793 4245 1863 4288 enn-

105 4330 184 4384 nam,
209 4322 324 4372 moestos
347 4316 448 4386 pietate
481 4318 589 4387 pariter
614 4318 707 4375 reddit
728 4324 757 4374 et
784 4319 955 4390 gaudentes3
1011 4315 1095 4385 perit,
1120 4323 1148 4372 et
1162 4316 1445 4389 appropinquantem
1462 4317 1554 4375 oculis
1570 4317 1702 4375 intuitus
1716 4328 1773 4388 est,
1791 4319 1864 4376 laetus

106 4404 177 4461 adeo
191 4410 224 4460 ut
241 4403 352 4474 1egina,
366 4403 441 4460 sieut
456 4404 598 4462 bonarum
622 4406 710 4462 moris
728 4414 770 4462 est
789 4406 954 4476 mulierum,
1010 4402 1143 4471 elicitur,
1164 4419 1231 4460 cum
1247 4405 1355 4462 bonore
1369 4404 1515 4476 perdebito
1538 4404 1703 4475 suscipiens
1722 4405 1864 4464 eumeni

105 4492 185 4563 loqui
215 4491 348 4562 nequiret
383 4492 474 4548 verba
510 4492 703 4551 intercedente
738 4494 863 4565 ploratu.
892 4495 958 4552 Post
1012 4489 1061 4547 ubi
1085 4491 1190 4549 blande
1205 4493 1346 4550 allocutus
1362 4494 1440 4564 pacis
1463 4494 1595 4551 osculum
1617 4494 1767 4564 tradidit;
1788 4496 1865 4568 juxte

106 4580 202 4637 dulcia
227 4579 326 4650 itaque
340 4594 439 4636 eorum
461 4580 617 4651 colloquia,
634 4589 661 4638 et
676 4581 823 4654 reliquias,
839 4596 955 4650 aurum,
1011 4578 1121 4635 Theclae
1145 4580 1267 4652 virginis
1293 4581 1442 4638 ecclesiam
1474 4581 1578 4638 domus
1600 4581 1637 4637 ad
1671 4582 1865 4640 babitandnn

105 4674 268 4738 argentum,
282 4675 310 4723 et
324 4675 426 4724 caetera
441 4683 507 4739 quae
521 4668 689 4739 hujusmodi
705 4678 773 4726 sunt
783 4670 957 4728 munuscula
1011 4680 1141 4738 congrua
1170 4668 1297 4740 eligitur.
1322 4668 1385 4737 Qua
1417 4669 1596 4727 sanctissime
1624 4672 1821 4729 conversanti
1843 4676 1865 4726 et

106 4752 291 4821 illioiierunt,
305 4761 338 4811 ut
351 4755 475 4826 benigne
497 4758 654 4827 susciperet
673 4771 847 4829 sunmopere
862 4760 958 4828 depre
1011 4756 1132 4811 orationi
1153 4757 1280 4823 vacanti,
1306 4756 1401 4814 omnis
1427 4756 1547 4814 societas
1572 4770 1700 4814 suorum
1717 4773 1776 4830 pro
1793 4758 1864 4816 indr-

105 4850 217 4898 cantes:
236 4841 505 4911 illeantempraeter
522 4843 660 4915 reliquias
688 4846 749 4901 baec
777 4845 874 4901 omnia
896 4845 959 4901 vili·
1011 4841 1109 4898 mitate
1133 4842 1185 4900 loci
1201 4851 1292 4900 morte
1314 4844 1463 4901 subtracta
1485 4851 1537 4910 est,
1561 4843 1671 4900 relictis
1686 4846 1865 4903 solummodo

105 4926 241 4999 pendens,
263 4927 376 4984 ιιιιΙιιιιιι
404 4930 433 4984 in
460 4930 624 4999 accipiendo
645 4931 767 4999 praebuit
796 4932 958 4990 assensum.¹
1011 4928 1125 4987 duobus
1149 4932 1308 4997 monacbis,
1335 4946 1460 5003 quorum
1484 4932 1557 4989 alter
1583 4932 1620 4988 ad
1653 4936 1865 4993 monasterium

105 5016 260 5087 ignorante
272 5022 367 5070 tamen
383 5015 440 5082 illo,
459 5018 507 5086 qui
524 5032 591 5074 cum
601 5031 635 5074 eo
649 5018 718 5074 socii
737 5019 859 5085 tuerent,
876 5033 956 5089 quae·
1011 5030 1159 5089 regressus
1172 5027 1225 5088 est,
1239 5020 1310 5077 alter
1323 5034 1394 5077 vero
1407 5018 1449 5076 illi
1465 5020 1594 5077 serviens
1611 5023 1769 5092 usquead
1787 5023 1864 5080 tinen

105 5104 171 5160 darn
185 5102 295 5173 optima
307 5103 361 5158 sub
384 5103 524 5161 absconso
551 5107 695 5176 capientes
709 5119 832 5162 munera
845 5105 956 5163 detule·
1011 5109 1087 5177 vite,
1104 5107 1189 5165 Urbis
1201 5108 1427 5180 inequalitatem
1443 5121 1510 5165 cum
1525 5122 1558 5165 eo
1571 5109 1727 5166 sustinuit.

104 5198 175 5248 runt
190 5207 197 5245 ι
235 5190 333 5262 itaque
346 5190 419 5246 male
439 5192 512 5248 laeto
521 5198 550 5248 et
562 5201 678 5264 accepto
699 5194 736 5250 ad
751 5194 957 5251 monasterium

105 5280 216 5349 regredi
232 5279 399 5335 meditatur.
415 5279 438 5335 Ο
454 5281 528 5337 mira
542 5281 593 5338 Dei
618 5281 793 5352 dispensatio
809 5283 815 5337 l
834 5283 900 5353 quis
909 5283 957 5338 bo-
1322 5248 1440 5306 CAPUT
1465 5248 1544 5305 xm·

105 5366 217 5422 minum
233 5375 346 5424 tautum
366 5368 527 5425 dilectionis
547 5370 656 5427 donum
671 5371 708 5427 ab
723 5370 888 5427 bominibus
909 5371 958 5427 im·
1045 5371 1156 5429 Accidit
1181 5371 1280 5428 eodem
1311 5377 1436 5441 tempore
1461 5369 1539 5442 quod
1561 5368 1692 5426 domnus
1715 5385 1816 5443 papa,
1839 5377 1861 5426 et

105 5466 224 5522 pensum
240 5456 416 5559 temporibus
438 5456 499 5513 istis
519 5459 712 5527 promeruisse
736 5458 868 5516 dicitur?
891 5459 956 5516 Noti
1011 5459 1153 5517 bobertus
1167 5458 1287 5531 quidam
1309 5459 1422 5530 Apulie
1447 5458 1588 5534 princeps,
1615 5456 1654 5514 ab
1669 5458 1801 5516 invicem
1814 5458 1858 5516 die
