3818 6008
113 251 181 307 ttae
623 245 1343 305 1111111111.1111111111111111111
1811 247 1868 300 1111
1908 200 1909 203 i

111 390 191 447 berto
205 391 326 447 bucensi
340 389 434 445 comiti
449 395 550 460 nupta,
574 388 750 446 willelmum
771 389 816 460 (de
839 404 897 461 quo
925 404 958 444 eo
975 392 1000 444 Α
1013 389 1163 460 sanctique
1184 388 1268 452 Petri,
1290 388 1326 445 ob
1349 389 1435 460 cujus
1458 403 1584 447 amorem
1614 404 1646 447 se
1671 389 1799 447 tradidit
1820 389 1869 461 ipse

111 479 175 550 loci)
193 486 263 535 natu
277 478 436 533 secundum
453 478 564 548 genuit,
581 478 825 549 quemadmodum
844 478 873 533 in
888 477 961 533 sub·
1014 478 1183 534 lambertus
1210 478 1246 534 ad
1269 478 1473 544 serviendum,
1510 478 1565 534 nisi
1601 479 1770 536 satisfactio
1805 479 1869 534 lacta

111 566 316 637 scriptionibus
345 566 520 622 fondationis
533 566 559 623 S.
591 567 736 623 Michaelis
758 580 847 637 supra
867 567 960 622 allatae
1014 566 1203 635 promeruerit
1217 566 1341 622 veniam.
1364 566 1460 622 Testes
1488 567 1556 623 huic
1572 566 1790 637 subscriptioni
1815 581 1868 622 om-

111 656 203 712 visere
224 654 462 710 est.Guillelmus
481 655 588 711 1111111.
621 655 792 712 llist.lib.v
818 656 960 725 capam
1013 668 1063 709 nes
1081 654 1255 710 habitatores
1272 654 1364 711 sancti
1383 654 1446 722 loci,
1476 655 1530 725 ipsi
1557 662 1650 711 sunt:
1676 655 1745 710 hdo
1769 669 1868 725 praepo

111 741 253 800 Richardn
269 743 302 797 11.
320 760 335 794 c
351 743 412 810 Cui,
429 742 583 810 Willelmo,
597 757 653 798 uon
681 742 770 799 multo
793 750 854 812 post
868 743 961 798 Oeen·
1014 743 1094 805 situs,
1112 743 1296 809 humbertus,
1314 743 1397 796 Wiio
1416 743 1554 811 decanus,
1568 743 1728 808 OrbertuS,
1745 743 1868 811 Necteua

111 845 170 886 sem
197 830 362 887 comitatum
381 830 508 898 tradidit,
533 831 617 900 eique
648 830 805 900 quantdam
836 830 960 900 puellam
1015 831 1174 887 Ramerius.
1202 831 1266 890 ilaec
1294 832 1369 887 enim
1392 839 1455 885 ncta
1482 838 1551 887 sunt
1577 839 1715 903 tempore
1739 830 1869 887 Willelmi

112 918 304 975 lescbelinam
321 919 407 974 dedit.
425 920 468 974 Ex
494 933 528 974 ea
550 919 651 990 genuit
670 927 727 975 tres
749 918 829 984 filios,
851 919 961 975 llober-
1013 918 1136 985 abbatis,
1152 932 1186 973 ac
1203 918 1345 989 praepnsiti
1363 918 1425 984 loci,
1438 919 1581 975 Benedicti
1598 920 1733 975 nomine.
1754 940 1765 967 »

112 1015 172 1063 tum
190 1007 304 1071 scilicet,
322 1015 383 1076 post
396 1008 459 1077 ejus
474 1016 592 1062 mortem
609 1009 761 1063 comitatus
776 1008 928 1074 baeredem,
947 1026 958 1052 ι
1048 1011 1124 1061 0³5
1151 1009 1183 1062 Et
1202 1007 1302 1062 charta
1329 1021 1344 1063 e
1372 1007 1536 1062 monasterii
1554 1005 1582 1062 S.
1613 1007 1759 1063 blaxentii
1784 1008 1864 1064 tabu·

111 1103 164 1151 etc.
196 1095 247 1151 Sed
273 1096 331 1151 vim
373 1095 553 1153 solummodo
580 1098 749 1167 conjectura
775 1103 872 1153 nostra
901 1096 963 1152 hauc
1015 1093 1085 1149 lario
1099 1095 1259 1165 exscripta:

112 1182 385 1240 babeatadnotatio.
1051 1204 1065 1232 1
1097 1183 1267 1238 innomine
1291 1183 1413 1239 Domini.
1441 1183 1500 1255 Ego
1528 1182 1687 1239 Gauterius
1717 1183 1870 1253 presbyter,

148 1270 193 1340 (⁸⁰)
210 1272 278 1326 lein.
306 1274 428 1326 —o'ttm
446 1269 487 1325 ibi
517 1270 710 1326 litteratorum
726 1271 834 1340 plorent
863 1273 960 1327 motti·
1016 1270 1092 1326 tilius
1114 1270 1457 1335 adhemaridettuarda
1482 1271 1546 1327 dedi
1577 1272 1712 1327 animam
1739 1280 1871 1328 meamet

111 1359 187 1415 tudo.
210 1362 287 1415 inter
304 1359 439 1428 antiquos
467 1360 637 1428 Radutphns
658 1360 846 1417 Flaviaccnsis
872 1361 962 1433 vulgo
1014 1371 1118 1428 ctirpus
1133 1372 1228 1414 meum
1244 1359 1348 1414 domno
1363 1357 1494 1414 Gobredo
1507 1359 1604 1414 abbati
1631 1360 1749 1415 sedenti
1780 1363 1811 1415 in
1838 1373 1871 1414 ca·

111 1449 215 1515 dictus
237 1447 314 1503 haud
339 1448 534 1504 inlimaenotae
563 1449 694 1518 scriptor,
724 1451 961 1507 commentarium
1016 1446 1105 1516 pitulo
1135 1461 1202 1502 cum
1239 1446 1387 1503 monachis
1413 1447 1484 1513 suis,
1510 1447 1556 1502 die
1575 1446 1709 1517 quodam
1732 1448 1870 1502 Dominico

111 1537 141 1593 in
153 1536 310 1592 Levitionm
323 1535 477 1606 (multoties
491 1538 605 1604 cusum)
621 1537 716 1593 edidit.
1014 1537 1165 1594 Adventus
1184 1535 1307 1603 Dotnini,
1325 1535 1353 1591 in
1373 1535 1534 1591 sociotatem
1550 1544 1578 1591 et
1597 1536 1779 1592 beneficium
1796 1537 1871 1591 totius

147 1624 191 1697 (⁸¹)
221 1626 290 1680 1111.
321 1653 355 1666 -
376 1626 477 1680 Instar
508 1624 707 1697 religiosorum
735 1626 864 1693 illorum,
892 1645 962 1700 quos
1015 1623 1238 1690 monastarii3et
1253 1622 1370 1694 quando
1385 1622 1504 1678 voluero
1525 1623 1692 1679 monachus
1720 1637 1795 1691 esse,
1814 1638 1869 1679 cun

114 1712 279 1768 deonandos
318 1712 402 1782 culpo
437 1714 599 1784 appellant.
637 1716 804 1771 deonandos
830 1730 878 1771 eos
901 1731 960 1773 esse
981 1683 1103 1769 Brebus
1118 1725 1192 1781 uuas
1208 1711 1337 1767 habuero
1363 1711 1504 1781 accipiant
1525 1725 1570 1766 me
1595 1712 1657 1767 sive
1682 1725 1794 1768 sanum
1820 1713 1870 1767 sire

112 1809 191 1871 puto,
211 1801 338 1856 Donatus
352 1801 413 1856 sive
437 1802 562 1870 Oblatos,
580 1801 692 1873 vulgari
712 1804 814 1874 lingua
840 1804 959 1873 Donnes,
1016 1800 1175 1856 infirmum.
1198 1799 1268 1855 hedi
1295 1797 1336 1855 eis
1370 1814 1455 1855 unam
1481 1799 1646 1855 borderiam
1672 1799 1712 1855 de
1742 1807 1868 1868 terra,et

112 1888 219 1956 Obicis,
237 1903 451 1959 nuncupamus.
477 1891 510 1945 111
534 1899 630 1946 autem
654 1891 785 1948 habitum
811 1893 904 1950 laicali
921 1895 962 1950 in·
1016 1903 1109 1945 unum
1136 1889 1319 1959 quartarium
1343 1887 1378 1943 de
1406 1895 1496 1958 prato,
1518 1887 1867 1958 probenebcioetsalute

111 1977 242 2033 serviunt
272 1978 462 2045 monasteriis,
480 1979 509 2032 in
532 1979 575 2034 his
596 1980 775 2049 potissimum
800 1997 865 2053 quae
893 1981 962 2039 loris
1016 1977 1180 2032 animarum
1193 1984 1345 2046 parentum
1367 1990 1505 2044 meorum,
1527 1976 1555 2030 in
1569 1975 1804 2047 eleemosynam,
1819 1977 1866 2031 siue

112 2065 403 2135 peragiamonachis
419 2066 556 2136 (quorum
573 2082 679 2124 muniis
692 2077 734 2125 est
753 2070 963 2128 sacrisincum-
1017 2066 1077 2122 ulla
1092 2065 1278 2135 requisitione
1296 2064 1441 2135 progeniei
1461 2078 1540 2120 meac.
1572 2065 1631 2134 Ipsi
1661 2074 1767 2122 autem
1786 2079 1826 2121 me
1845 2073 1864 2119 et

113 2152 189 2222 bere)
218 2166 275 2207 non
305 2152 381 2208 lacili
410 2156 525 2224 negotio
550 2165 686 2224 queunt:
724 2156 801 2213 baud
828 2159 964 2215 omnibus
1017 2153 1132 2210 lratrem
1149 2153 1439 2220 meumbueiumde
1462 2152 1763 2208 hochenelioiocum
1783 2152 1863 2223 regula

112 2240 311 2308 observantiis,
350 2241 536 2312 rigidioribus
570 2244 706 2312 maxime,
752 2254 897 2303 tenentur.
931 2249 961 2304 B.
1017 2242 1208 2299 revestierunt
1232 2255 1293 2308 nus,
1311 2244 1340 2296 et
1358 2240 1477 2296 osculati
1493 2248 1570 2295 sunt.
1587 2240 1624 2295 Et
1645 2240 1760 2296 ibidem
1775 2254 1862 2296 conve-

115 2329 275 2385 Lanlranco
297 2330 430 2386 monachi
454 2330 518 2386 laici
538 2332 685 2403 dicuntur,
714 2334 818 2391 decret.
845 2350 907 2406 cap,
938 2341 961 2405 t,
1018 2331 1115 2387 nimus
1130 2329 1304 2385 donumboc
1318 2343 1335 2383 a
1349 2329 1473 2385 dominis
1494 2328 1601 2385 nostris
1617 2329 1796 2387 carnalibus
1819 2341 1861 2383 ser·

113 2425 180 2474 sect.
197 2418 223 2485 t,
240 2425 300 2488 post
317 2418 390 2484 init,
406 2427 434 2475 et
455 2427 522 2475 sect.
540 2423 565 2488 5,
583 2421 637 2477 sub
661 2422 746 2490 med,
764 2423 866 2480 iratres
889 2425 962 2481 laici.
1017 2427 1146 2475 vaturos.
1166 2418 1223 2473 Hoc
1243 2417 1351 2472 donum
1379 2415 1498 2472 leointus
1526 2432 1592 2472 cuni
1623 2417 1680 2472 isto
1708 2430 1863 2488 pergameno

113 2507 227 2577 Legesis
244 2508 424 2573 Menardum
446 2509 588 2566 observat.
606 2511 641 2565 ad
668 2520 755 2581 capnt
782 2516 816 2568 70
838 2514 964 2571 concor-
1018 2521 1104 2577 super
1129 2505 1229 2574 altare,
1259 2504 1424 2561 videntibus
1448 2505 1568 2561 testibus
1588 2504 1651 2561 istis
1679 2505 1864 2562 1111111111-

113 2595 167 2651 diae
183 2596 275 2666 regul.
293 2611 357 2667 pag.
376 2597 452 2653 1028.
1020 2595 1087 2667 ptis.

149 2681 291 2738 Caeterum
315 2684 491 2751 beobandos,
515 2686 575 2742 sive
604 2687 691 2743 laicos
714 2687 826 2757 fratrea,
851 2692 965 2747 nomine
1054 2706 1068 2733 «
1090 2683 1230 2740 Martinus
1248 2683 1403 2753 Espernus.
1421 2682 1504 2753 Hugo
1521 2682 1747 2751 Porcbeus,etc.

114 2770 321 2825 monachorum
338 2771 372 2826 ad
389 2774 601 2830 succurendum
623 2776 774 2832 identidem
793 2778 821 2833 in
848 2780 966 2835 vetustis
1056 2793 1070 2823 t
1090 2774 1125 2828 Et
1139 2786 1191 2844 ego
1206 2771 1361 2828 Gauieritls
1376 2786 1440 2827 011111
1456 2772 1539 2842 Signo
1553 2773 1571 2839 i
1583 2771 1716 2827 firmavi·

108 2856 231 2924 chartis,
270 2865 298 2912 et
331 2859 542 2931 martyrologiis
576 2877 626 2919 seu
663 2865 832 2935 necrologiis
868 2867 966 2924 venire
1058 2862 1179 2917 «Facta
1190 2868 1232 2916 esi
1243 2867 1339 2916 11110111
1352 2859 1413 2915 1100
1427 2859 1561 2916 chartula
1583 2873 1665 2916 10110
1684 2860 1723 2915 ab
1742 2860 1869 2917 11101101·

27 2967 32 2971 ·
114 2944 323 3001 1111111111.Εοί
349 2946 505 3003 ruinisterin
525 2950 792 3019 nouviritantum,
815 2954 965 3010 sedetiam
985 2950 1096 3031 ctione
1116 2949 1228 3005 Domini
1261 2950 1340 3016 1110,
1365 2956 1503 3020 regnante
1527 2947 1557 3004 in
1580 2949 1710 3004 Francia
1723 2949 1869 3020 {Luduvim

115 3032 250 3089 mulieres
269 3048 339 3101 sese,
366 3050 424 3105 quo
440 3036 552 3092 lacilius
578 3037 693 3095 theorias
707 3041 810 3097 studiis
838 3043 966 3099 intende·
1020 3053 1096 3109 rege,
1107 3046 1135 3093 et
1150 3035 1300 3093 Guillelmn
1315 3036 1416 3092 comite
1436 3036 1465 3092 in
1492 3036 1664 3107 Aquitania,
1700 3038 1786 3095 Petro
1812 3053 1869 3108 quo

116 3129 180 3177 rent
206 3122 364 3192 coenobitae,
391 3124 571 3192 addicebant,
605 3127 684 3184 velut
707 3143 797 3199 supra
819 3140 966 3187 ostensum
1021 3127 1221 3200 quoepiscopo
1235 3124 1434 3181 Pictavensi.»

115 3217 168 3276 est,
186 3223 251 3280 pag.
283 3210 325 3274 12,
350 3213 381 3267 D.
407 3220 434 3268 et
467 3227 526 3283 seq.
552 3215 757 3272 Testimonium
782 3217 902 3288 huiusce
926 3218 966 3275 rei
1056 3215 1355 3284 Virumuxorcmque
1387 3211 1515 3269 caenobio
1535 3213 1630 3268 Beatae
1659 3214 1762 3271 Maria
1777 3214 1866 3271 Vallis-

116 3297 317 3355 subministrat
331 3300 490 3357 chronicon
506 3302 645 3359 Besuense
661 3305 714 3359 hoc
729 3306 832 3361 modo:
1021 3305 1105 3360 nona
1124 3317 1184 3360 sese
1208 3316 1392 3373 nuncupasse
1415 3300 1518 3357 delicat
1535 3300 1784 3370 instrumentum,
1805 3302 1864 3374 quod

152 3407 166 3434 «
182 3387 316 3442 rtovertnt
336 3388 429 3444 lideles
448 3403 497 3459 per
512 3391 693 3447 succedentia
722 3400 860 3464 tempora,
888 3397 967 3467 quod
1021 3392 1135 3448 nonita
1155 3391 1263 3463 pridem
1287 3403 1323 3446 ex
1339 3389 1446 3446 chartis
1469 3388 1600 3460 eiusdem
1629 3391 1785 3460 prioratus
1805 3391 1865 3459 {elin

116 3473 236 3543 quidam
266 3474 350 3531 homo
370 3477 539 3533 lambertus
567 3480 692 3545 nomine,
715 3491 869 3538 comesset
886 3484 968 3555 inge·
1022 3480 1154 3552 abbatia)
1182 3478 1310 3535 diaecesis
1336 3477 1508 3545 Grassensis,
1538 3477 1696 3549 descripsit
1729 3488 1817 3554 atque
1846 3479 1866 3532 11

116 3573 205 3626 nnus,
233 3568 261 3616 et
294 3571 421 3619 maneret
461 3564 539 3634 apud
569 3565 658 3633 Setae,
687 3581 753 3622 cum
792 3583 883 3625 ttxore
915 3585 969 3626 sua
1021 3569 1164 3638 epitomen
1190 3566 1300 3638 redegit
1313 3573 1410 3622 noster
1424 3564 1562 3623 Claudius
1577 3566 1760 3625 chantelou.

116 3647 232 3703 nomine
248 3650 400 3721 Ereburgi,
413 3665 446 3706 ac
473 3651 569 3709 liberis
585 3654 739 3711 Framvero
754 3663 782 3712 et
804 3657 967 3734 ‘Dominice
1058 3675 1072 3701 «
1088 3655 1171 3710 Anno
1193 3653 1230 3708 ab
1256 3653 1455 3708 incarnatione
1474 3653 1587 3708 bomini
1607 3653 1869 3712 millesimoduccn·

116 3736 244 3807 eiusdem
261 3739 439 3807 conditionis,
469 3742 601 3812 gratisse
619 3744 735 3800 tradidit
760 3754 858 3801 sancto
886 3747 968 3803 Petro
1023 3741 1429 3812 tesimntrigesimnsecundo‚
1454 3741 1609 3797 indictione
1639 3745 1761 3814 quinta,
1779 3745 1870 3800 mensis

116 3825 152 3879 ad
166 3825 359 3894 serviendum,
380 3828 408 3883 in
426 3828 486 3884 loco
506 3831 557 3900 qui
581 3831 687 3888 dicitur
716 3834 909 3903 Fons-Beana,
935 3850 969 3891 ao
1022 3828 1183 3884 Decembris
1197 3828 1242 3884 die
1261 3828 1371 3885 decimo
1394 3836 1504 3884 octavo.
1533 3827 1689 3887 Blacacius
1716 3833 1755 3889 de
1778 3832 1870 3889 Sartols

116 3913 264 3969 monachis
285 3914 322 3970 ibi
343 3916 513 3987 degentibus
539 3918 747 3977 tamulantibus
771 3923 838 3989 Deo,
864 3932 968 3994 quate·
1021 3925 1048 3973 et
1075 3916 1201 3973 Jordana
1238 3931 1313 3973 uxor
1342 3930 1407 3984 sue,
1442 3916 1551 3973 00110111
1582 3921 1768 3977 monasterio
1791 3922 1870 3978 Beate

116 4015 172 4056 nus
200 3999 317 4057 libertas
339 4006 502 4073 proveniret
524 4008 676 4064 animabus
696 4022 820 4065 eorum:
843 4011 891 4066 sed
916 4012 969 4068 hoc
1022 4006 1118 4062 Mariae
1138 4004 1327 4062 Vallis-Bonae
1351 4012 1379 4061 et
1397 4004 1503 4062 domno
1517 4005 1546 4060 P.
1563 4006 1665 4064 abbati
1683 4009 1758 4066 dicti
1784 4024 1869 4067 mona·

117 4088 182 4144 lecit
207 4103 240 4144 eo
266 4097 371 4159 tenore,
397 4106 431 4149 ea
460 4095 620 4152 conditione
636 4104 663 4152 et
686 4097 783 4154 leunre
812 4107 843 4154 ut
870 4100 969 4170 ipscet
1022 4093 1109 4161 sterii,
1136 4092 1418 4163 1011100001θωῦῑό
1455 4092 1610 4149 0000100
1640 4099 1871 4167 generaliter‚et

116 4190 294 4233 successores
317 4178 381 4249 ejus
404 4180 524 4238 ildeliter
549 4184 726 4240 custodirent
746 4184 967 4257 eleemosynam,
1022 4181 1182 4251 specialiter
1199 4181 1347 4238 Blacacius
1371 4181 1420 4237 dat
1433 4181 1530 4237 omnia
1544 4182 1621 4238 bona
1638 4198 1695 4240 sna
1720 4187 1840 4243 mobilia
1850 4193 1871 4239 et

116 4277 207 4336 quam
222 4278 316 4320 comes
332 4269 457 4338 regionis
472 4270 641 4339 Rainaldus,
664 4287 721 4328 una
736 4288 803 4330 cum
826 4288 878 4330 sua
897 4290 964 4331 con·
984 4270 1006 4324 ii
1023 4269 1188 4336 immobilia,
1203 4269 1312 4340 1111111
1328 4285 1394 4341 111111
1409 4270 1494 4326 habet
1510 4270 1538 4325 in
1562 4279 1661 4328 castro
1688 4275 1726 4329 de
1754 4274 1870 4335 SartoliS.

115 4352 195 4422 111110,
213 4352 310 4409 tribuit
329 4358 493 4426 supradicto
509 4367 607 4417 sancto
623 4361 713 4416 Petro.
731 4362 803 4418 Nam
823 4363 968 4434 quidquid
1021 4358 1088 4414 etin
1105 4365 1162 4414 toto
1175 4358 1238 4427 ejus
1255 4357 1404 4426 territorio,
1419 4359 1479 4414 sive
1493 4358 1657 4415 consistant
1674 4360 1704 4416 in
1737 4363 1870 4423 domibus,

117 4440 146 4494 in
160 4439 239 4495 lucro
254 4448 305 4496 aut
319 4443 433 4514 negotio
448 4445 557 4517 aliquid
571 4447 675 4504 exinde
690 4449 835 4518 potuerint
850 4449 966 4519 lucrari,
1023 4446 1198 4513 hominibus,
1229 4446 1363 4513 servitiis,
1400 4445 1545 4513 dominiis,
1578 4446 1685 4517 vineis,
1729 4451 1872 4508 arboribus

116 4528 238 4584 reddant
257 4530 292 4584 ad
322 4532 456 4589 vestitum
483 4534 604 4590 iratrum
630 4536 660 4591 in
682 4551 796 4593 camera
811 4540 968 4609 supradicti
1021 4536 1120 4605 pratis,
1148 4533 1266 4604 01101111,
1291 4534 1468 4601 nemoribus,
1496 4534 1592 4604 aquis,
1619 4539 1756 4606 11000015,
1779 4541 1872 4596 01011

116 4613 179 4672 loci.
196 4617 231 4672 Et
251 4623 283 4673 ut
307 4618 369 4675 haec
389 4621 505 4691 scriptio
528 4622 611 4679 lirma
630 4634 757 4682 maneret
781 4627 809 4682 in
835 4629 967 4697 praesenti
1018 4624 1146 4680 lordana
1160 4622 1318 4691 specialiter
1331 4622 1379 4677 dat
1393 4622 1490 4678 omnia
1505 4622 1580 4678 bona
1594 4637 1655 4679 sua
1673 4634 1703 4681 et
1725 4627 1799 4698 jura
1820 4640 1872 4698 que

117 4705 256 4761 dederunt
272 4705 301 4761 in
317 4709 512 4765 recordatione
534 4710 603 4768 huic
630 4715 795 4784 conventui,
823 4716 870 4772 vir
893 4716 967 4773 duos
1021 4711 1105 4767 habet
1120 4711 1149 4766 in
1165 4717 1259 4766 castro
1270 4709 1304 4766 de
1314 4710 1466 4777 romanco,
1482 4709 1548 4766 etin
1563 4711 1871 4783 01031011110110,0111

116 4792 220 4855 asinos,
248 4804 276 4851 et
304 4796 432 4866 ejusdem
469 4798 525 4853 viri
553 4814 627 4856 uxor
655 4801 751 4858 decem
784 4803 898 4872 solidos,
930 4805 965 4861 ad
1019 4806 1111 4856 castro
1128 4797 1870 4872 deGrauleriissuperioribus‚etinejusterritorin

116 4885 337 4940 restaurandam
358 4885 531 4957 caldariam3
547 4889 686 4957 similiter,
707 4900 734 4947 et
750 4906 839 4948 unam
868 4894 964 4948 navim
1019 4888 1078 4944 sive
1091 4887 1249 4942 consistant
1264 4886 1291 4940 in
1316 4885 1459 4950 domibus,
1481 4893 1534 4942 etc.
1560 4887 1633 4943 item
1649 4889 1702 4945 dat
1729 4893 1869 4949 dictator·

115 4969 266 5026 dederunt.
290 4971 363 5027 Nam
393 4974 524 5033 noverint
539 4978 672 5035 monachi
704 4979 794 5049 ipsius
819 4979 880 5044 loci,
908 4993 964 5035 non
1018 4977 1093 5032 dana
1109 4974 1196 5031 libras
1210 4974 1329 5045 triginta
1353 4972 1494 5044 quinque,
1519 4974 1716 5035 denariorum
1745 4981 1868 5037 11111111-

115 5072 181 5114 eum
204 5059 310 5116 habere
337 5059 427 5116 alium
452 5063 634 5133 advocatum,
662 5067 716 5123 nisi
744 5067 830 5137 ipsos,
857 5075 884 5122 et
904 5066 965 5122 iden
1017 5063 1262 5141 densiumunum
1276 5062 1479 5128 denarium,et
1493 5062 1735 5124 solidescentum
1752 5070 1868 5126 haimon

59 5212 67 5218 ,
113 5148 192 5201 omni
213 5154 340 5218 tempore
363 5151 477 5207 enimin
498 5155 611 5220 vestitu,
636 5156 664 5210 in
691 5155 828 5222 calceatu,
850 5154 965 5211 accibo
1017 5153 1148 5207 densium
1165 5151 1193 5205 in
1210 5151 1296 5206 rebus
1316 5157 1425 5206 retento
1442 5150 1513 5221 ipsis
1533 5151 1693 5222 jugalibus
1726 5159 1867 5214 nsulrurtn

115 5245 226 5302 semper
261 5236 428 5306 gubernari.
472 5241 506 5295 Et
539 5249 569 5296 ut
607 5243 762 5313 insuspecti
805 5251 962 5310 manerent,
1017 5242 1046 5295 in
1061 5242 1119 5296 vita
1132 5254 1195 5296 sua.
1219 5240 1254 5294 itt
1270 5239 1441 5310 promittunt
1456 5239 1508 5309 ipsi
1523 5239 1643 5311 iugales
1672 5247 1815 5313 praedicto
1829 5244 1863 5299 ab

115 5320 429 5380 anathematizaverunt
439 5327 622 5383 senioresloci
634 5331 794 5401 nitidquam
809 5330 837 5385 in
853 5329 961 5400 aliquo,
1015 5329 1073 5385 bati
1087 5327 1164 5399 quod
1178 5327 1348 5398 quicunque
1367 5327 1492 5397 ipsorum
1506 5327 1655 5399 iugalium
1668 5334 1757 5402 prius
1778 5333 1865 5390 delere

115 5415 165 5463 aut
191 5409 338 5479 quidpiam
367 5413 391 5467 ei
421 5413 536 5470 moleste
561 5415 667 5485 lecerit,
697 5425 748 5474 aut
774 5420 837 5487 ejus
866 5418 963 5475 liberis
1015 5418 1052 5475 rit
1066 5432 1115 5473 seu
1131 5417 1290 5479 decesserit,
1316 5414 1481 5486 quodalter
1509 5417 1559 5485 qui
1585 5421 1798 5488 superstiterit.
1819 5429 1864 5475 tan

115 5500 252 5563 perpetua
296 5499 581 5560 anathematizatione
617 5518 654 5561 ex
697 5505 865 5563 auctoritate
912 5507 962 5563 liei
1016 5514 1076 5563 tum
1090 5511 1233 5576 quantum
1250 5503 1368 5571 vixerit,
1398 5504 1577 5574 permanebit
1592 5514 1674 5564 caste
1688 5516 1721 5565 et
1737 5510 1768 5566 in
1789 5506 1862 5566 muti·
