3818 6008
459 329 504 385 uc
525 331 737 391 aionontuns
758 334 1102 391 sanctonensi-ns.
1123 335 1144 389 1.
1625 341 1677 394 aaa
1718 325 1721 329 ’

55 455 74 512 ιι
91 457 203 513 horrori
220 459 322 515 etodio
342 468 423 517 esset.
441 461 474 517 Et
491 463 561 533 qnid
576 479 609 521 eo
622 465 775 521 funestius.
796 473 820 523 Α
1164 470 1279 527 CAPUT
1299 471 1348 526 ιιι.

59 547 113 612 ιιις,
140 547 317 615 damnatius,
342 549 394 619 qni
418 550 510 619 ipsunt
536 553 624 608 totins
642 554 776 623 puritatis
868 555 918 626 §L
936 555 1053 612 Tabulis
1067 557 1399 630 ecclesiasticisqninum
1411 558 1533 632 ascripti
1544 561 1677 616 censendi

56 643 147 691 ontern
172 636 233 692 solo
251 643 325 692 :m
351 638 462 695 ambitu
483 639 644 697 lmdissimte
670 641 776 697 volun·
829 648 909 700 canl.
938 675 973 685 -
992 645 1046 701 Sed
1063 654 1094 702 ut
1110 660 1155 702 res
1170 661 1236 717 qnae
1253 661 1311 717 prae
1328 648 1463 704 manibus
1483 656 1535 715 est,
1559 649 1677 706 liberius

56 724 175 779 nminat?
830 732 926 789 valcat
961 734 1124 804 praevideri,
1157 735 1191 789 de
1227 734 1270 801 iis,
1297 737 1346 805 qui
1372 735 1557 806 appellantur
1585 738 1675 792 sancti

56 812 205 882 descendes
228 813 433 869 velutsanclue
447 815 647 887 imprudenter
660 817 773 873 colitur.
830 821 922 890 primo
939 822 1131 878 tractandum.
1148 824 1226 879 Certe
1243 839 1309 880 cunr
1325 838 1376 895 pro
1392 825 1498 881 sanctis
1519 826 1676 881 babeamus

57 916 73 958 e
105 902 174 966 vidi,
202 911 230 958 ct
253 903 387 958 retulisse
419 919 463 959 nie
497 906 593 974 pudet,
623 907 775 977 vulgarem
829 910 981 978 apostolos,
996 919 1109 981 etquos
1125 925 1174 981 pro
1189 913 1366 983 martyribus
1380 921 1442 969 tuto
1468 913 1601 983 probavit
1621 914 1673 969 Ec·

56 1003 221 1059 mpuernm
238 990 481 1062 miiitisalicnjus,
499 1001 531 1050 ut
550 994 704 1062 terebatur,
727 1008 774 1050 ar·
827 998 923 1062 etesia,
951 1008 1027 1054 certe
1061 1014 1148 1070 super
1176 1000 1388 1057 confessoribus
1416 1002 1506 1057 serior
1533 1001 1675 1057 sententia

56 1092 69 1132 n
88 1076 133 1133 die
148 1077 319 1134 parasceves
336 1079 424 1136 biduo
437 1089 504 1137 ante
519 1082 627 1138 Pascha
643 1083 775 1153 proxima
831 1085 896 1142 terri
912 1094 1013 1156 potest.
1029 1087 1167 1159 Martyres
1183 1089 1267 1158 plane
1291 1090 1342 1145 etsi
1373 1091 1480 1159 scripta
1503 1089 1675 1155 conticeant,

56 1180 79 1233 ‚ro
110 1167 178 1222 villa
211 1167 398 1237 occubuisse3
433 1170 574 1225 attinebat
597 1177 694 1226 autern
718 1170 774 1226 viri
829 1174 918 1231 solius
949 1177 1140 1247 praerogativa
1154 1177 1306 1248 sanguinis
1328 1177 1441 1246 extulit,
1459 1191 1511 1233 nec
1535 1177 1676 1247 qnaeritnr

56 1267 81 1309 m
98 1255 328 1324 predicatissimi
349 1256 472 1312 abbatis.
490 1257 582 1328 Coepit
608 1268 722 1315 mortno
735 1258 774 1314 iili
829 1263 857 1318 in
874 1273 999 1334 martyre
1014 1279 1080 1335 qnae
1092 1265 1151 1319 vita
1167 1266 1351 1335 praecesserit,
1370 1280 1435 1321 cum
1459 1265 1495 1320 ad
1514 1264 1676 1320 vetustissi-

57 1354 74 1396 a
97 1341 146 1396 ilia
170 1343 198 1397 in
217 1357 276 1413 qua
292 1343 401 1399 obierat
427 1344 472 1401 die
487 1345 615 1416 gratuita
638 1345 774 1401 sanctitas
827 1366 942 1409 morum
958 1353 1094 1423 repurgia
1120 1353 1274 1409 criminum
1291 1368 1377 1409 cruor
1394 1354 1452 1423 ipse
1463 1353 1532 1408 satis
1546 1353 1591 1408 sit.
1608 1353 1675 1408 lesu

56 1428 75 1484 i·
103 1429 173 1485 cum
194 1431 221 1485 n
246 1431 346 1486 rustici
375 1445 471 1488 rerum
505 1447 646 1489 novarum
678 1433 774 1502 cupiti
829 1441 914 1497 sonet
932 1442 1046 1511 quidni,
1071 1456 1135 1496 eum
1155 1442 1190 1495 aa
1206 1456 1320 1496 onlnem
1345 1440 1443 1509 gurm
1471 1440 1674 1495 saracenicam

56 1526 128 1585 teni,
159 1526 274 1588 repente
297 1520 457 1576 oblationes
483 1522 606 1577 eiceret
638 1521 675 1577 ab
695 1520 774 1577 omni
827 1530 913 1585 etiarn
929 1529 1086 1585 sceleribus
1109 1529 1222 1584 abolitis
1250 1529 1322 1598 potis
1338 1529 1383 1596 sit,
1412 1529 1589 1598 poenaenirn
1615 1527 1676 1597 ipsa

60 1620 88 1660 m
99 1607 269 1677 pagensium
283 1608 389 1664 vicinia
405 1609 440 1664 ad
456 1610 520 1680 ejus
534 1609 679 1666 tumulum
696 1625 773 1666 conr·
828 1618 902 1673 sic-ut
917 1626 984 1674 ante
1012 1617 1199 1688 baptismum,
1227 1618 1265 1673 ita
1295 1625 1355 1687 post
1382 1616 1557 1686 baptismum
1576 1616 1676 1686 culpas

56 1706 91 1748 rr.
113 1693 183 1760 Quid
200 1695 300 1764 pinca!
318 1697 429 1752 annba
447 1700 668 1767 superstruitur,
695 1699 774 1755 locus
827 1705 980 1769 oblitterat,
997 1715 1024 1762 et
1039 1707 1116 1761 vices
1141 1707 1200 1777 agit
1223 1706 1341 1773 iatracri,
1368 1719 1402 1760 ac
1416 1704 1594 1771 salvationis
1621 1705 1677 1759 imo

56 1796 83 1837 ro
98 1782 240 1838 edificata
264 1785 462 1856 precingnnr,
484 1788 520 1841 ab
537 1788 604 1856 ipsis
618 1796 694 1843 certe
709 1789 773 1844 Bri·
794 1767 1042 1851 Bclarificationis
1063 1795 1228 1850 certissime
1246 1795 1374 1849 etieotrin
1393 1801 1444 1850 est.
1475 1793 1592 1849 Poenam
1614 1792 1677 1848 dico

56 1869 160 1925 inibns
174 1870 209 1925 ad
226 1886 292 1927 enm
309 1874 554 1944 peregrinantium
571 1876 621 1931 soli
650 1877 773 1933 rustico·
828 1896 916 1953 qnam
935 1882 1094 1938 rectissima
1118 1896 1206 1937 causa
1222 1883 1405 1951 precesserit,
1434 1881 1551 1951 proinde
1578 1881 1608 1937 in
1630 1895 1676 1936 ca·

56 1958 171 2014 illorum
196 1974 263 2015 vero
296 1975 447 2030 procerum
473 1963 771 2020 cuneitendebantur.
828 1971 953 2027 nonibus
965 1971 1131 2041 praecipitur
1144 1969 1262 2040 (tonat.
1284 1968 1417 2025 Elibeaet.
1434 1983 1497 2025 can.
1523 1968 1580 2040 oo),
1601 1976 1633 2025 nt
1652 1970 1676 2024 si

61 2046 121 2102 haec
139 2047 184 2102 ille
199 2049 432 2117 sapientissimus
451 2051 525 2106 abba
539 2065 605 2106 cnm
622 2051 685 2107 suis
704 2051 774 2107 reli·
829 2058 896 2129 quis
916 2059 1076 2128 reperiatur
1091 2058 1166 2113 idola
1183 2059 1344 2125 destruens,
1360 2066 1387 2113 et
1401 2072 1451 2126 pro
1466 2057 1519 2112 boc
1534 2057 1594 2126 ipso
1608 2069 1675 2111 eum

56 2135 191 2202 ionacbis,
208 2144 234 2191 et
248 2151 403 2193 munierum
426 2147 668 2209 comportatorum
689 2139 774 2195 blan·
828 2146 976 2214 contingat
991 2144 1126 2211 interimi,
1145 2151 1176 2200 nt
1192 2159 1248 2198 tion
1264 2158 1315 2213 pro
1337 2143 1385 2199 tali
1410 2143 1544 2198 occubitu
1566 2151 1676 2211 martyr

56 2223 211 2292 equentia,
229 2224 332 2280 iniecta
346 2226 487 2281 miracula
498 2226 558 2282 tieri
573 2228 772 2297 supportabat.
828 2232 970 2288 habeatur
984 2240 1011 2288 et
1024 2242 1099 2288 certe
1114 2232 1160 2287 nic
1186 2237 1259 2287 bona
1284 2244 1372 2287 cansa
1386 2231 1511 2296 videtur,
1540 2230 1588 2286 sed
1605 2229 1675 2299 quid

56 2311 121 2366 »lani
135 2311 215 2382 vulgi
243 2313 341 2368 araris
364 2314 528 2382 pectoribus
543 2315 606 2385 oapi
619 2323 775 2384 potnerunt
830 2322 907 2391 qnod
935 2320 1056 2376 intentio
1081 2334 1175 2376 causae
1198 2319 1350 2389 aliquoties
1369 2320 1555 2388 depravatur.
1578 2319 1675 2373 Dona-

59 2400 224 2467 snrditates,
248 2401 387 2458 allectatae
415 2405 549 2470 vesanie,
576 2402 657 2474 digiti
681 2403 774 2459 studio
830 2408 905 2464 tistae
927 2422 984 2463 non
1010 2408 1131 2478 imparia
1156 2409 1333 2478 martyribus
1361 2407 1437 2477 passi
1460 2415 1538 2471 sunt,
1562 2415 1591 2462 et
1606 2406 1676 2477 quia

56 2490 98 2543 ati
123 2489 158 2543 acl
184 2490 289 2557 volam,
316 2491 438 2561 vestigia
463 2500 594 2548 contorta
629 2492 684 2548 sub
711 2492 776 2547 clu·
830 2505 990 2552 extorresa
1011 2496 1293 2561 charitateiuernnt,
1322 2496 1430 2551 trustra
1445 2495 1583 2550 tulerunt.
1603 2493 1676 2549 ileli-

56 2575 116 2642 laid
131 2576 195 2630 iacit
217 2577 363 2633 modestus
391 2577 563 2649 etlsapicns,
592 2577 642 2648 qui
660 2578 776 2648 praelert
830 2585 906 2654 qniae
920 2584 1144 2640 Manichaeorum
1162 2584 1272 2654 pridem
1295 2583 1455 2639 suessionis
1477 2583 1535 2638 zelo
1552 2581 1676 2652 Deiple-

61 2678 109 2720 ΠΗ]
137 2664 307 2733 sanctitatis,
337 2665 407 2722 dum
424 2669 566 2723 fautorem
584 2667 775 2738 sapienetm
832 2673 875 2729 bis
888 2682 1031 2739 arserunt,
1047 2673 1094 2728 sed
1108 2670 1357 2742 extorresajnsta
1373 2685 1470 2738 causa,
1486 2670 1675 2734 solummodo,

56 2753 59 2777 ¹
830 2760 1012 2817 addemnatis
1039 2760 1210 2830 corporibus
1223 2761 1277 2816 sibi
1302 2760 1407 2815 damno
1431 2759 1558 2815 inerunt.
1588 2758 1678 2828 Super

55 2840 140 2896 oteri
158 2841 348 2911 perspicimus
368 2841 421 2897 ista
446 2856 560 2908 susum,
584 2850 612 2899 et
633 2842 707 2900 lacta
733 2843 777 2899 ie·
833 2848 941 2918 quibus
965 2848 993 2903 in
1025 2847 1106 2903 libris
1130 2847 1330 2904 bionodiarurn
1357 2860 1487 2904 mearum
1514 2845 1679 2902 laciniosius

56 2942 73 2983 n
96 2929 312 2986 circumlatione
336 2931 468 2999 ridicula,
493 2939 520 2987 et
545 2946 645 2988 eorum
670 2945 778 3003 quosa
831 2936 902 2992 dixi.

56 3016 207 3073 eciamandi
222 3018 340 3075 rabulos
355 3018 642 3089 Hieronymusvocat
657 3021 776 3078 menda-
796 3060 816 3115 C
867 3022 1065 3079 monodiarum
1085 3024 1193 3080 librum
1208 3023 1298 3078 edidit
1315 3022 1477 3079 Gnibertns.
1500 3054 1534 3063 -
1555 3022 1583 3078 Si
1610 3036 1678 3093 ergo

56 3105 140 3162 otidie
166 3106 313 3162 cernimus
338 3107 425 3163 alicui
456 3110 597 3178 marsupii
635 3108 778 3179 protunda
830 3110 865 3166 de
887 3111 1024 3180 martyris
1047 3111 1193 3166 sanctione
1215 3111 1355 3166 sententia
1382 3117 1462 3164 tanta
1490 3105 1679 3178 ambiguitate

84 3193 213 3261 Quorum
253 3204 332 3251 tanta
362 3196 559 3253 nebulonitate
584 3198 776 3263 concutimur,
832 3196 1603 3269 protertur,deconiessoribus,quornmiinisminus
1624 3192 1679 3249 ali-

58 3280 373 3340 vinorumarlulatione
387 3283 508 3340 terimur
523 3285 652 3355 utjnxta
675 3283 777 3355 praeia-
831 3287 943 3358 quoties
965 3288 1034 3343 certi
1062 3286 1157 3354 babet,
1188 3299 1254 3356 quie
1278 3299 1401 3341 censura
1432 3283 1568 3340 terenda?
1591 3282 1618 3338 Si
1650 3282 1680 3335 in

56 3379 157 3438 torem,
170 3386 294 3438 scurras,
309 3373 466 3439 helluones,
480 3373 778 3443 etcatelianeosligu-
832 3376 965 3442 Macrino,
1008 3376 1149 3445 Remigio,
1186 3388 1220 3431 ac
1257 3372 1399 3430 sinnlrbns
1438 3373 1524 3429 totins
1549 3369 1680 3426 Ecclesia
1715 3369 1717 3375 ’

56 3471 227 3531 ιιειιροιοιιι,
243 3476 347 3518 corvos
370 3475 404 3517 ao
420 3463 496 3531 picas
516 3464 681 3533 importuna
708 3475 778 3533 gar·
832 3477 935 3520 sensus
951 3463 1119 3533 adequitat,
1134 3462 1204 3533 quid
1221 3462 1256 3518 de
1270 3462 1311 3518 eis
1327 3461 1478 3531 proteram,
1495 3472 1570 3529 qnos
1583 3457 1681 3528 praeia·

64 3551 237 3622 praecedant.
832 3560 927 3609 torum
938 3552 1076 3607 emnium
1097 3564 1148 3621 per
1169 3550 1252 3605 viltas
1266 3563 1299 3605 ac
1313 3549 1417 3618 oppida
1428 3547 1556 3618 qnotidie
1571 3546 1678 3616 vulgus

56 3686 57 3691 ,
81 3638 156 3703 Quid
182 3639 218 3693 de
234 3638 331 3709 saleis
349 3637 484 3711 reliqniis
506 3639 630 3711 ipsomet
642 3643 779 3709 precene
833 3639 935 3695 creat?
953 3638 1025 3694 Cum
1040 3639 1117 3694 enim
1128 3637 1253 3693 aliiaiios
1268 3651 1396 3693 summos
1410 3638 1606 3705 conspicerent
1622 3635 1676 3689 ba·

56 3731 173 3784 occlum
184 3727 282 3799 suerit.
300 3727 352 3783 Sed
368 3728 436 3798 qnid
454 3728 562 3783 crimen
579 3727 606 3782 in
624 3741 779 3783 nnmerum
833 3727 901 3783 bere
917 3733 1062 3796 patronos,
1080 3726 1236 3782 voluerunt
1262 3732 1290 3781 et
1315 3725 1366 3794 ipsi
1390 3723 1491 3795 quales
1509 3729 1676 3794 potnerunt,

56 3816 185 3884 ,sinon
210 3816 244 3871 ad
273 3830 399 3873 errorem
431 3817 526 3886 potius
555 3815 778 3885 improbandum
833 3821 861 3870 et
887 3814 978 3870 iecere
1002 3813 1049 3884 is,
1080 3811 1185 3885 lacere]
1211 3828 1288 3869 snos.
1316 3812 1360 3868 Sic
1387 3820 1473 3881 poete
1499 3824 1566 3867 curn
1587 3811 1681 3881 primo

84 3904 196 3976 aliquid
225 3903 402 3961 inieramus?
430 3903 622 3960 Celeberrima
646 3903 779 3974 quedam
833 3903 973 3974 opuscula
1010 3902 1117 3959 nobilia
1147 3903 1318 3969 emisissent,
1342 3900 1523 3971 postmodum
1553 3899 1681 3969 ipsorum

56 3993 238 4065 ‚hujusmodi
261 3994 543 4064 circumvagationes
565 3993 679 4063 agebat,
695 3999 723 4047 et
743 3991 779 4047 ad
833 3990 1016 4049 emulatione
1030 3990 1141 4062 quique
1155 3990 1291 4047 inertium
1304 3989 1393 4053 ducti,
1414 4010 1425 4039 ι
1444 3988 1622 4058 scripserunt
1638 3987 1681 4057 (ut

56 4081 205 4138 irationem
234 4081 332 4137 damni
348 4089 479 4152 quaestus
504 4081 631 4137 adhibito
647 4081 779 4151 prolocu·
834 4080 875 4136 ait
890 4079 1047 4149 Horatius),
1079 4078 1196 4145 indocti,
1213 4078 1348 4149 doctique
1372 4084 1502 4148 poemata
1529 4077 1643 4147 passim.
1668 4095 1680 4124 ι

56 4168 170 4225 atrebat·
199 4168 329 4240 Cumque
344 4183 433 4239 super
451 4168 582 4239 reliqniis
594 4169 656 4224 suis
669 4183 780 4225 sermo-
834 4168 949 4225 Artium
966 4174 1135 4238 repertores,
1151 4172 1179 4222 et
1198 4167 1247 4237 qui
1264 4167 1325 4223 suis
1341 4180 1430 4223 aurea
1450 4166 1557 4222 saecnla
1573 4165 1683 4222 duxere

56 4270 82 4312 rs
102 4271 187 4327 aequo
205 4258 369 4320 extuberat,
388 4257 497 4327 prolato
522 4257 700 4328 phyiacterio
715 4258 776 4313 ait:
833 4256 1012 4327 temporibus
1027 4255 1141 4327 antiqui
1154 4256 1182 4310 in
1199 4255 1266 4311 deos
1284 4255 1409 4326 deasque
1424 4255 1569 4321 levarunt,
1598 4255 1682 4311 medii

56 4351 126 4400 imm
142 4344 415 4414 inpraesentiarum)
439 4344 549 4413 Sciatis,
574 4346 679 4416 inquit,
703 4344 779 4415 qnod
800 4352 982 4414 ntantopere
1005 4357 1162 4400 numerosa
1200 4344 1323 4399 numina
1344 4344 1533 4400 cumularunt
1557 4352 1589 4400 nt
1617 4357 1683 4413 pos-

59 4445 113 4488 anc
137 4433 286 4502 capsulam
309 4433 343 4489 do
374 4433 520 4503 paneillo,
546 4448 633 4503 quem
656 4432 781 4504 propriis
835 4434 916 4489 tremi
951 4432 1098 4503 abrogatis
1120 4432 1306 4502 quibusdam,
1335 4432 1474 4502 quosdam
1503 4439 1683 4487 secernerent

56 4535 76 4577 is
90 4520 225 4577 dentibus
243 4521 414 4588 masticavit,
430 4523 561 4588 babetur,
578 4521 629 4578 etsi
645 4522 741 4577 minus
765 4535 782 4576 a
836 4521 1012 4591 selectosque
1036 4528 1180 4577 vocarent.
1215 4519 1364 4576 Samaritae
1384 4519 1516 4590 relegatis
1537 4521 1565 4574 in
1585 4518 1682 4589 Baby·

56 4603 171 4675 reditur,
198 4623 262 4664 occe
289 4608 383 4676 beros,
414 4608 452 4665 ait
478 4610 540 4674 (iste
555 4610 589 4664 de
618 4616 781 4665 meantem
836 4610 943 4666 ioniam
956 4609 1064 4666 indaeis
1077 4609 1144 4664 deos
1158 4608 1213 4664 sibi
1239 4609 1448 4665 contcinnw
1479 4607 1679 4677 Unaquaeque,

56 4705 70 4762 t,
85 4711 172 4767 quern
186 4710 236 4751 ros
252 4695 281 4751 in
298 4697 397 4752 litteris
414 4697 573 4768 plurimum
589 4696 685 4752 valere
700 4703 784 4752 testa·
838 4698 943 4767 inquit,
967 4710 1039 4766 gens
1066 4696 1205 4752 labrioata
1226 4702 1269 4751 est
1297 4697 1385 4751 benni
1411 4709 1497 4750 snum
1513 4694 1542 4764 (1
1548 4696 1569 4749 V
1596 4695 1680 4766 Κεφ,

56 4785 133 4841 rerbo
161 4799 223 4841 meo
246 4784 269 4839 si
293 4798 408 4841 neccsse
431 4784 516 4841 tuerit
539 4785 617 4840 testis
641 4792 780 4855 assurget.
837 4800 910 4852 xvir,
926 4786 984 4851 tt).
1003 4788 1100 4838 ιιιιιιὶ
1122 4784 1271 4853 Babylonii
1295 4783 1422 4840 iecerunt
1437 4782 1491 4839 sibi
1510 4781 1613 4839 Socotb
1632 4783 1683 4839 Be·

69 4872 186 4939 erubui,
204 4886 270 4928 cuni
294 4872 450 4939 audissem,
472 4881 500 4928 et
515 4873 571 4928 nisi
586 4886 685 4929 eornm
708 4886 784 4942 pras-
838 4874 918 4938 notb,
940 4872 1053 4927 ilntlrtei
1079 4870 1193 4938 Nergei,
1218 4879 1245 4927 et
1270 4871 1317 4926 alii
1348 4871 1427 4926 alios.
1455 4871 1540 4941 Apud
1568 4871 1683 4927 beatum

57 4975 131 5031 qnos
147 4960 193 5016 ille
206 4967 339 5016 auctores
350 4960 455 5017 babere
465 4960 631 5027 videbatur,
643 4960 784 5016 reveritus
838 4960 1008 5032 Gregorium
1024 4961 1033 5028 (
1051 4952 1193 5014 Pasto'ral.
1209 4967 1281 5028 part.
1299 4973 1328 5013 n.
1352 4973 1415 5028 cap.
1443 4961 1483 5023 tt,
1501 4957 1591 5028 initio)
1613 4973 1685 5015 oon-

55 5057 171 5121 utpace
196 5051 322 5119 ipsorum
342 5049 543 5119 potiusquam
574 5046 651 5101 iilius
673 5048 725 5116 qui
742 5047 785 5101 io·
839 5058 892 5104 stat
908 5049 984 5118 qnod
1012 5048 1043 5114 is,
1069 5049 1119 5118 qni
1144 5048 1283 5117 dispticet,
1308 5061 1374 5102 cum
1399 5046 1434 5102 ad
1451 5045 1685 5102 intercedendum

56 5152 95 5207 tr,
124 5151 218 5209 agam,
255 5137 404 5193 laisarinnr
434 5136 582 5192 ostendere
609 5134 784 5190 debuissem·
841 5135 978 5204 mittitur,
993 5136 1056 5191 irati
1076 5148 1193 5190 animus
1217 5135 1253 5189 acl
1277 5134 1403 5191 deterius
1427 5140 1609 5203 provocatur.
1633 5132 1685 5190 Sed

60 5228 152 5283 icam‘l
174 5241 209 5281 ne
234 5225 367 5283 monachi
396 5225 524 5296 quidem,
548 5223 654 5278 nednrn
680 5223 785 5291 clerici,
841 5238 941 5281 omnes
962 5222 1123 5279 diltitcntur
1146 5237 1175 5278 se
1197 5224 1267 5279 taies
1287 5223 1337 5302 qui
1363 5223 1531 5293 displiceant
1552 5231 1688 5293 patronos

64 5318 141 5385 turpi
158 5315 352 5372 ernolumonto
367 5328 397 5369 se
422 5313 581 5379 continent,
607 5318 639 5366 ut
665 5326 710 5367 res
728 5312 788 5367 hce-
842 5312 971 5383 elegisse.

56 5418 141 5475 super
158 5404 212 5459 licie
225 5410 324 5458 nostra
337 5401 422 5457 etiam
443 5415 487 5456 me
506 5400 640 5456 audiente
654 5413 788 5470 pronun·
879 5401 968 5466 Qum
989 5403 1122 5455 sancium
1146 5397 1315 5453 nescitcrrm
1341 5396 1406 5470 quir
1426 5404 1501 5466 orat,
1529 5399 1638 5472 peccat.
1654 5427 1689 5437 -

56 5500 126 5551 uxta
141 5491 217 5548 enirn
235 5490 308 5546 iliud
333 5488 640 5546 Bostrenum:·tnre
670 5488 789 5544 insanus
843 5487 1033 5560 Dicantergo
1057 5487 1124 5543 milri
1150 5487 1295 5557 quomodo
1317 5486 1370 5543 sibi
1400 5485 1480 5542 iilum
1515 5484 1689 5558 patrocinari

56 5592 97 5648 er,
114 5579 138 5635 si
154 5585 255 5635 eontra
269 5577 385 5634 insanos
401 5575 565 5631 altercarer.
586 5593 601 5623 a
843 5575 997 5644 estimant,
1013 5577 1122 5646 dequo
1143 5574 1290 5647 quidquid
1315 5584 1358 5633 cst
1369 5573 1518 5631 scientium
1544 5575 1688 5646 ignorant.
