3818 6008
94 151 144 204 tis
689 148 873 209 uoutttdtt
890 150 929 206 m
947 149 1097 214 schesla
1118 155 1183 211 Lib.
1203 155 1234 210 t.
1795 162 1845 214 too

91 283 222 355 prolecta
241 285 351 356 positus
369 285 523 342 tentatione
541 285 690 355 quidpiam
714 284 836 341 habendi
853 291 940 352 caret,
959 287 1104 345 Ascilicet
1136 288 1301 358 tentationis
1331 288 1460 359 indigna,
1492 289 1552 358 jam
1584 289 1625 345 eis
1653 291 1845 349 adulantibus

89 371 760 444 vixjustuscenodoxiaeimpulsuvacuusest‚
781 372 942 442 etiamque
996 375 1112 444 ostium,
1150 377 1202 446 qui
1236 376 1399 447 subripiant
1433 390 1489 431 non
1521 385 1562 433 est
1592 378 1621 432 ln
1661 380 1842 438 conscientia.

85 461 263 533 justiorest;
280 462 341 518 baec
354 475 423 533 ergo
444 468 522 527 sunt,
538 475 605 530 quae
624 460 743 516 rationis
766 462 856 518 robur
874 460 941 517 elie-
1032 464 1118 520 Vens.
1145 468 1187 531 lt,
1211 464 1252 520 t3.
1277 493 1314 506 -
1340 466 1476 518 ommuni
1498 471 1588 520 nutem
1609 468 1647 521 od
1668 470 1718 523 Lot
1735 470 1842 524 :liedes

88 549 213 618 minant,
231 550 309 607 unde
334 557 362 607 el
391 549 455 606 ittiae
483 556 561 615 sunt,
585 563 651 619 quea
680 563 737 606 non
764 558 942 621 cognoscunt
996 552 1039 606 bic
1059 555 1505 622 tuorumquernpiomlgenerum
1521 559 1570 608 uui
1588 557 1668 624 filios,
1686 558 1843 626 autfidius?

86 641 190 704 cirum,
221 639 292 709 quia
316 652 373 695 nott
402 639 596 708 experiuntur
616 637 736 694 rationis
764 639 940 707 domininm3
994 643 1147 710 omnesqui
1168 644 1209 695 tui
1224 647 1288 696 surtt
1308 641 1374 696 educ
1391 641 1424 696 de
1445 643 1510 696 urbe
1531 644 1591 697 hec.
1608 645 1756 700 Delebt'mus
1770 649 1841 701 enim

87 727 289 784 diciturenim
310 726 449 782 cuidam:
478 727 547 780 Voce
567 727 657 780 uirum
683 732 759 781 tuum
784 728 873 794 (doun.
900 742 938 793 tv,
994 729 1080 782 locum
1092 731 1186 795 istum,
1212 745 1240 783 eo
1255 729 1328 799 quod
1351 732 1497 784 increverit
1515 730 1616 784 clamor
1635 748 1726 786 eorum
1750 749 1840 788 ceram

90 815 145 884 tu),
161 815 192 871 id
208 823 250 872 est
271 815 463 883 intellectum;
482 821 550 869 sunt
570 827 696 884 namque
716 815 871 882 innumeri,
888 815 940 885 qui
994 819 1179 887 hominumn
1199 819 1274 872 misit
1288 832 1347 884 nos,
1368 817 1556 888 ulperdcmus
1577 819 1649 874 ilios.
1672 820 1747 876 Dum
1770 834 1839 892 ergo

85 902 486 974 corporaliaetquaerulgo
506 902 644 973 probrosa
663 910 731 959 sunt
749 903 820 960 vitia
848 903 940 974 magis
992 920 1095 962 sensus
1122 906 1212 961 nostri
1239 907 1312 977 ejus,
1339 921 1404 976 quae
1436 921 1495 976 prae
1519 907 1610 963 oculis
1635 914 1687 975 est,
1719 915 1839 965 terrenae

85 991 182 1048 vereri
204 991 304 1058 solent,
333 998 367 1046 ut
386 997 455 1046 sunt
488 989 625 1060 gulositas
651 1003 685 1045 ao
708 991 939 1047 extraordinaria
993 993 1090 1066 gloriao
1117 994 1214 1050 seduci
1244 993 1390 1050 blanditiis
1413 994 1523 1061 timent,
1549 995 1609 1065 ipsa
1632 1009 1685 1050 sua
1708 997 1838 1067 passione

86 1080 231 1146 luxuries,
252 1093 342 1152 quarn
364 1078 535 1148 spiritualia,
553 1085 585 1134 ut
608 1077 730 1134 avaritia
752 1086 780 1135 et
803 1080 939 1150 superbia
992 1083 1131 1138 rationem
1151 1083 1264 1150 docent,
1293 1083 1480 1139 succidendos
1494 1097 1511 1137 a
1526 1098 1556 1139 se
1570 1085 1721 1141 universos
1736 1087 1837 1142 mundi

84 1175 169 1236 sunt,
185 1169 350 1224 exhorrent.
368 1167 732 1236 Haecilaqueeducuntnr,
748 1167 819 1224 dum
838 1169 938 1226 abilla
991 1169 1119 1234 aflectus,
1159 1185 1288 1242 generos,
1328 1185 1432 1240 pravos
1469 1171 1574 1228 scilicet
1608 1173 1747 1241 homines,
1785 1175 1837 1244 qui

84 1257 185 1313 adhuc
208 1256 308 1311 divina
336 1255 421 1312 nimis
445 1254 582 1325 sapiente,
610 1262 638 1311 et
659 1255 780 1312 terrenis
809 1257 938 1315 inhiante
989 1260 1074 1327 tilios,
1101 1258 1128 1315 id
1159 1267 1201 1315 est
1228 1259 1345 1315 inltrma
1380 1259 1485 1325 adhuc,
1524 1260 1646 1316 necdum
1681 1261 1764 1332 plene
1799 1262 1836 1318 ad

83 1345 200 1403 ratione
232 1341 560 1416 voluntatildaemonicae
588 1344 812 1414 prostituuntur,
829 1346 937 1415 quibus
990 1348 1080 1403 Deum
1100 1361 1189 1416 prona
1199 1347 1339 1403 desideria
1355 1355 1453 1403 uestra
1468 1346 1528 1403 suis
1542 1347 1690 1418 exemplis,
1708 1350 1834 1418 monitis,

83 1433 251 1505 peneadem
268 1432 389 1489 crimina
404 1431 546 1488 abutitur.
563 1432 621 1488 lloc
638 1446 667 1487 se
688 1432 833 1488 lucturum
848 1448 934 1504 spou-
989 1443 1040 1491 aut
1057 1435 1247 1492 familiaritate
1267 1437 1303 1490 ad
1320 1443 1432 1491 terrena
1447 1443 1639 1505 prosternunt,
1654 1437 1722 1503 titios
1737 1439 1833 1503 etiam,

81 1522 143 1591 det,
159 1522 230 1578 dum
253 1521 333 1588 viris,
359 1520 388 1576 id
411 1527 454 1576 est
477 1520 611 1576 sensibus
628 1533 689 1576 sese
705 1519 826 1576 viriliter
846 1535 933 1592 agen·
988 1537 1067 1594 spem
1089 1523 1219 1580 videlicet
1239 1531 1366 1580 nostram
1384 1524 1414 1578 in
1438 1523 1571 1580 laturum
1595 1524 1833 1594 transierendam,

81 1612 164 1668 tibus
183 1609 255 1667 nibil
271 1610 321 1666 ilat
338 1609 417 1676 mali,
432 1608 462 1664 id
484 1615 527 1665 est
551 1607 690 1675 scandali,
718 1609 788 1679 quia
815 1611 935 1678 inpressi
952 1578 1040 1669 Baut
1066 1613 1233 1669 saecularem
1255 1613 1423 1683 potentiam,
1438 1619 1488 1668 aut
1512 1611 1596 1667 lortia
1610 1611 1712 1668 mundi
1736 1627 1832 1684 opera,

80 1704 148 1756 sum
166 1699 217 1755 sub
237 1698 336 1753 umbro
353 1698 479 1752 culminis
496 1698 560 1765 mei,
588 1696 626 1753 ab
652 1703 724 1752 aestn
744 1696 849 1754 scilicet
875 1713 935 1755 car·
989 1701 1066 1757 unde
1088 1701 1140 1757 iob
1163 1701 1232 1757 dicit
1255 1708 1375 1757 mortem
1399 1700 1517 1772 elegisse
1541 1714 1605 1756 ossa
1627 1714 1681 1756 sua
1702 1701 1760 1772 (tol
1782 1716 1832 1768 vn,

81 1787 197 1844 natium
212 1785 405 1856 appetituum,
428 1783 464 1839 ad
486 1797 531 1839 me
544 1783 684 1839 rationem
702 1799 731 1840 se
749 1786 935 1844 contulerunt
986 1789 1043 1859 ta),
1060 1803 1126 1860 quae
1142 1788 1337 1844 masculorum
1351 1788 1442 1845 solent
1460 1787 1567 1858 signari
1582 1801 1714 1858 persona,
1735 1802 1834 1846 omnes

80 1875 176 1932 sancti
190 1874 315 1946 Spiritus
329 1873 368 1930 ibi
384 1873 587 1943 protectionem
598 1871 736 1940 habituri,
752 1873 804 1944 qni
820 1880 934 1947 tegmen
987 1878 1130 1934 eliminari
1146 1885 1334 1933 monentura
1358 1877 1548 1945 conscientia;
1566 1876 1663 1932 vident
1677 1875 1754 1933 euim
1776 1876 1833 1932 im·

80 1963 169 2035 capiti
186 1976 248 2019 meo
258 1970 301 2018 est
316 1961 345 2017 in
360 1961 406 2018 die
420 1960 498 2018 belli·
987 1966 1121 2038 possibile
1132 1966 1431 2036 concupiscentiarum
1443 1967 1537 2037 ignem
1550 1965 1673 2021 interius
1692 1965 1831 2033 enutrire,

118 2052 207 2110 Vsus.
222 2051 249 2106 9.
265 2081 301 2090 -
325 2051 364 2105 tt
379 2050 423 2104 illi
443 2050 595 2104 dicerunt:
612 2049 716 2104 Recede
734 2050 813 2119 iltuc;
828 2057 854 2105 et
875 2067 935 2106 rur-
986 2062 1014 2111 et
1029 2056 1159 2111 admotas
1176 2055 1213 2111 ab
1241 2055 1307 2125 igne
1329 2054 1510 2124 voluptatum
1531 2053 1627 2123 paleas
1646 2066 1703 2109 non
1722 2053 1831 2124 abripi;

79 2156 151 2198 nes:
176 2143 317 2209 ingressus
340 2155 376 2206 es,
403 2141 542 2208 inquiunt,
566 2142 598 2193 ut
620 2139 735 2206 aduena,
759 2141 885 2210 nunquid
903 2147 935 2196 ut
985 2143 1190 2214 exstinguatur
1204 2143 1357 2213 cupiditas,
1371 2157 1425 2198 nec
1442 2141 1555 2198 nocebit
1571 2141 1705 2212 peccandi
1725 2155 1832 2212 oppor-

76 2227 208 2299 judices?
224 2231 261 2283 Te
279 2242 342 2295 ergo
364 2228 452 2294 magis
471 2242 554 2295 quum
568 2227 616 2281 boc
637 2229 809 2295 uilliconum
825 2231 934 2297 uimque
986 2233 1104 2288 tunitas.
1120 2232 1226 2288 Omnes
1246 2231 1278 2286 de
1301 2233 1366 2287 urbe
1381 2230 1541 2296 educimus,
1563 2230 1614 2302 qui
1637 2230 1726 2286 nostri
1751 2239 1830 2295 sunt,

79 2318 221 2386 sedebant
247 2318 298 2372 Lot
325 2315 563 2370 uehementissime.
580 2314 660 2382 Quod
677 2324 718 2371 est
745 2323 836 2372 totum
861 2318 932 2373 acsi
985 2335 1052 2376 cum
1065 2334 1083 2376 a
1097 2320 1193 2376 carnis
1206 2319 1355 2376 desideriis
1376 2319 1577 2375 rationalitatis
1599 2318 1724 2389 insignia
1745 2332 1831 2389 sepa-

79 2408 178 2464 carnis
198 2405 343 2476 appetitus
368 2404 423 2460 sub
439 2404 532 2474 specie
547 2403 683 2460 vitiorum
698 2404 806 2461 diceret
826 2404 932 2462 ironice
985 2422 1095 2476 ramus,
1117 2409 1231 2479 quasia
1254 2408 1342 2478 paleis
1365 2421 1488 2479 granum
1507 2422 1513 2462 :
1532 2409 1678 2472 Eceomus,
1707 2407 1833 2477 Aposto-

79 2494 185 2552 rationi
207 2492 336 2548 :Recede
356 2506 424 2562 ergo
448 2491 623 2548 abonorum
648 2493 848 2562 temporalium
864 2508 930 2562 usu,
985 2497 1031 2553 lus
1044 2497 1092 2565 ait,
1113 2497 1150 2552 od
1163 2499 1254 2552 lesum
1267 2499 1348 2551 satra
1362 2500 1453 2552 cestra
1469 2495 1561 2565 (ltebr.
1579 2510 1619 2561 xr,
1636 2496 1682 2563 at)
1703 2509 1709 2549 :
1730 2504 1833 2551 sensus

78 2582 190 2653 quibus
210 2581 286 2638 licite
302 2580 442 2637 inherere
466 2587 590 2650 poteras,
614 2580 649 2635 ad
677 2579 931 2638 intellectualitatis
985 2594 1081 2643 antem
1102 2588 1187 2642 iocum
1201 2587 1305 2653 delent,
1322 2600 1388 2641 curn
1406 2584 1620 2640 mundanorum
1642 2597 1741 2640 rerum
1757 2583 1832 2639 ima-

77 2685 225 2728 snmmam
243 2670 344 2740 inqua
360 2681 543 2739 perseverare
561 2682 619 2724 non
636 2682 736 2738 queas,
751 2669 800 2726 ubi
822 2677 850 2726 et
865 2685 931 2726 cor-
984 2675 1155 2747 ginationes,
1181 2682 1353 2744 exterasque
1377 2673 1510 2739 visiones,
1533 2679 1677 2741 quantum
1700 2678 1831 2742 possunt,

78 2761 157 2832 poris
171 2773 275 2816 sensus
297 2757 417 2814 ridicule
437 2757 525 2813 nimis
550 2770 568 2812 a
593 2771 646 2813 suo
670 2757 765 2814 olllcio
784 2759 931 2816 abstinens
984 2777 1045 2820 ase
1059 2763 1174 2820 abolent
1190 2768 1260 2818 πε
1286 2763 1365 2818 locus
1388 2768 1482 2817 noster
1507 2760 1553 2816 hic
1568 2759 1696 2816 mundus
1719 2765 1769 2824 est,
1803 2760 1831 2815 in

76 2848 224 2906 occultare
249 2855 275 2904 te
300 2846 406 2917 putas?
432 2846 513 2902 ilatio
537 2845 645 2901 bomini
672 2845 762 2902 lateor
782 2846 849 2901 data
875 2855 928 2916 est,
948 2866 1043 2930 equo
1070 2851 1214 2907 condatur
1244 2850 1330 2920 juxta
1355 2849 1407 2906 lob
1440 2862 1545 2904 aarum
1573 2848 1630 2916 (tob
1657 2862 1758 2916 xxvtu,
1789 2848 1828 2913 ll,

77 2951 145 3009 quae
158 2937 222 2994 sine
237 2935 453 3005 ullisssexternae
468 2934 508 2989 rei
531 2934 740 3004 cupiditatibus
754 2937 811 2991 lieo
825 2949 928 2992 vacare
982 2940 1066 2997 vallis
1094 2939 1287 3009 lacrymarum
1313 2938 1393 2994 locus
1414 2951 1500 3008 quern
1523 2936 1617 3006 posuit
1643 2937 1729 2993 Dens.
1754 2936 1829 2991 blissi

76 3026 191 3082 debeat.
211 3025 247 3081 Et
263 3025 324 3082 bac
336 3023 504 3090 vernacula,
524 3030 552 3078 et
568 3030 600 3079 ut
615 3022 657 3079 sic
675 3022 768 3079 dicam
791 3024 928 3096 indigena
981 3035 1060 3092 sunt,
1075 3036 1107 3085 ut
1125 3027 1246 3098 perdant
1260 3041 1338 3094 eum,
1355 3026 1425 3096 quia
1444 3025 1541 3091 creati,
1557 3024 1602 3080 vel
1618 3023 1709 3087 missi,
1726 3036 1743 3080 a
1767 3035 1829 3078 cor·

75 3112 190 3169 bomini
217 3119 274 3181 est3
305 3117 337 3167 tu
371 3117 468 3167 autem
499 3109 657 3166 adventitia
688 3109 718 3165 in
748 3110 928 3167 conscientiae
982 3115 1072 3187 porali
1088 3115 1194 3172 scilicet
1212 3113 1361 3183 voluptate
1375 3112 1470 3169 emissi
1490 3119 1566 3179 sunt,
1590 3119 1621 3168 ut
1637 3111 1829 3168 exterminent

74 3201 200 3268 aditum,
217 3199 303 3271 quasi
320 3198 434 3262 ancilla,
453 3197 634 3254 dominatum
651 3197 768 3254 imitans
788 3199 928 3256 laliaciter
982 3203 1011 3258 in
1035 3202 1134 3273 seipsis
1154 3201 1255 3257 mundi
1285 3200 1459 3270 appetitum;
1484 3200 1567 3270 pravi
1596 3199 1673 3256 enim
1697 3198 1826 3256 desiderii

76 3288 250 3363 ingrederis,
266 3302 333 3360 quae
351 3287 423 3344 vitia
437 3286 598 3357 spiritualia
612 3286 804 3358 prosequeris,
816 3295 844 3343 et
862 3303 927 3343 cor-
981 3290 1112 3348 ululatus
1124 3290 1189 3346 inde
1204 3289 1298 3360 surgit
1316 3290 1352 3345 ad
1367 3290 1467 3344 Deum.

75 3377 189 3451 perella
203 3391 255 3448 pro
269 3377 329 3434 soto
344 3376 453 3446 pudore
474 3375 602 3432 humano
620 3374 739 3446 refugis,
756 3389 845 3446 pensa
869 3391 927 3446 quo
1018 3381 1101 3437 Vens.
1127 3379 1172 3433 tt.
1200 3409 1231 3419 -
1262 3381 1389 3446 acreum
1415 3380 1507 3446 itaque
1532 3379 1582 3432 tot
1603 3377 1706 3431 tuctus
1726 3380 1766 3430 est
1790 3375 1827 3430 ad

74 3466 167 3524 animi
179 3465 282 3522 robore
299 3465 395 3521 sedem
410 3463 549 3520 adversus
564 3479 616 3520 nos
636 3464 738 3535 iudicii
756 3472 852 3521 tenere
875 3479 926 3535 po-
980 3485 1089 3540 generos
1108 3482 1181 3534 suos,
1200 3469 1249 3538 qui
1264 3469 1402 3536 accepturi
1419 3467 1582 3534 mestitias
1596 3465 1665 3535 ejus,
1685 3469 1711 3519 et
1729 3464 1824 3519 dicit:

76 3555 232 3625 teris3non
246 3567 316 3626 ergo
332 3560 390 3609 tarn
406 3552 637 3608 adversumtuos
651 3566 753 3608 sensus
777 3554 927 3610 machinas
980 3561 1099 3627 surpite,
1128 3563 1153 3611 et
1176 3556 1338 3625 egredimini
1361 3555 1394 3609 de
1424 3556 1479 3610 ioco
1508 3559 1571 3623 isto,
1596 3556 1662 3623 quio
1697 3555 1826 3609 hominm

73 3641 243 3700 tentationis
257 3640 406 3713 erigimus,
427 3654 517 3712 qnam
537 3647 637 3697 contra
652 3641 794 3716 rollandus
819 3643 861 3699 tui
876 3650 925 3698 tu·
979 3647 1225 3702 delebitcioitctem
1248 3647 1346 3709 istam;
1372 3647 1398 3697 et
1418 3645 1493 3698 uisus
1509 3647 1549 3697 est
1570 3644 1608 3696 eis
1628 3640 1708 3711 quasi
1731 3642 1826 3697 ludens

74 3731 166 3790 moris
191 3744 281 3786 novos
312 3728 418 3796 lastus;
460 3728 526 3784 inde
551 3727 641 3801 igitur
669 3728 718 3785 Lot
755 3729 800 3786 isti
831 3730 925 3800 typico
979 3736 1061 3804 loqui.
1078 3733 1180 3790 Generi
1195 3739 1315 3801 possunt
1337 3731 1424 3786 altius
1444 3729 1735 3801 intelligizdiximus
1752 3731 1826 3786 duas

74 3816 482 3888 internaetempestatisturbo
510 3816 686 3888 congeritur.
979 3823 1060 3891 illias,
1085 3819 1247 3885 avaritiam,
1267 3827 1296 3876 et
1315 3819 1513 3885 cenodoxiam,
1543 3818 1613 3889 quia
1641 3833 1708 3875 cum
1733 3818 1825 3889 aliqui

109 3908 199 3965 Vsus.
224 3909 268 3973 to,
287 3909 329 3960 tt.
355 3934 386 3946 -
409 3907 471 3960 tam
493 3920 577 3975 prope
592 3911 661 3972 met,
685 3911 715 3960 nt
738 3906 924 3974 infringerent
978 3911 1114 3982 prolicere
1129 3908 1295 3978 inaliquus
1318 3908 1385 3964 boni
1412 3908 1505 3978 operis
1528 3907 1706 3965 exhibitione
1733 3922 1824 3978 eoepe·

73 3999 158 4065 tores.
176 3995 218 4050 Et
231 4010 288 4050 ecce
299 3995 432 4050 miserunt
444 4009 556 4048 monum
576 3992 643 4060 uiri,
666 3999 692 4048 et
712 3993 924 4049 introduxerunt
978 4000 1046 4067 rint,
1063 4000 1099 4055 ad
1120 3996 1304 4054 ambitionem
1320 3996 1446 4063 honoris,
1471 4003 1522 4053 aut
1547 3995 1685 4066 pecuniae,
1700 4009 1752 4052 seu
1766 3995 1823 4052 ltu-

73 4085 112 4141 ad
126 4099 155 4139 sc
180 4081 248 4151 Lot,
272 4083 480 4152 clauseruntque
505 4083 623 4137 ostium:
648 4086 674 4136 et
696 4097 750 4147 eos,
774 4084 823 4152 qui
846 4089 925 4137 erem
977 4087 1055 4143 mani
1071 4086 1178 4142 lavoris
1193 4085 1322 4156 aspirant
1339 4099 1345 4139 :
1363 4085 1407 4140 hae
1422 4085 1519 4154 itaque
1536 4084 1601 4140 saliae
1621 4084 1709 4141 lluxae
1721 4082 1825 4139 mentis

72 4175 156 4241 seris,
191 4174 384 4241 percusserunt
420 4172 539 4225 caciute
575 4185 593 4223 e
626 4171 738 4224 minimo
771 4185 856 4240 usqne
887 4173 924 4226 od
942 4169 1060 4233 Diluidi
1075 4182 1321 4244 sunteonceptus,
1336 4173 1440 4229 barum
1461 4187 1528 4229 vero
1544 4172 1648 4240 mariti,
1676 4172 1733 4228 imo
1753 4184 1824 4226 con·

72 4262 237 4327 mammam,
253 4261 294 4313 ite
313 4264 344 4313 ut
361 4261 461 4313 ostium
485 4259 607 4312 invenire
629 4272 682 4312 nen
699 4263 816 4327 possent.
842 4259 924 4316 Fores
978 4270 1155 4334 stupratores
1169 4262 1326 4331 concupita
1350 4262 1389 4316 rei
1409 4268 1488 4326 sunt,
1509 4260 1552 4318 vel
1581 4269 1708 4317 externae
1732 4259 1825 4316 laudis

73 4348 287 4418 intringuntnr,
303 4360 370 4402 cum
391 4352 534 4416 praecepta
561 4345 620 4413 liei,
637 4353 689 4401 aut
715 4346 809 4403 virtus
823 4348 923 4416 animi,
978 4352 1127 4420 obtentus3
1153 4350 1277 4406 obtentis
1303 4349 1380 4405 enirn
1412 4363 1476 4419 quae
1509 4349 1652 4420 cupimus,
1685 4349 1768 4419 qnasi
1793 4348 1823 4403 in

74 4435 227 4510 quatiens
241 4433 413 4501 admittitur,
431 4432 579 4504 hostisque
602 4433 776 4502 excluditur,
792 4436 823 4490 in
842 4436 925 4492 nobis
978 4439 1106 4512 quadam
1137 4437 1263 4494 libidinis
1294 4437 1452 4505 expletione
1481 4437 1699 4507 jocundamur:
1726 4433 1823 4507 generi

73 4523 191 4583 diabolo
205 4523 339 4594 pulsante
352 4522 514 4591 laeduntur;
531 4521 579 4578 sed
595 4537 706 4576 menum
719 4524 774 4577 oiri
794 4523 922 4593 mittunt,
978 4543 1047 4599 ergo
1081 4526 1155 4583 illias
1187 4526 1343 4595 accepturi,
1372 4524 1485 4581 tructus
1507 4532 1575 4581 sunt
1605 4523 1770 4594 cupiditatis
1795 4529 1823 4579 et

72 4622 102 4671 et
120 4614 172 4670 bot
195 4610 233 4667 ed
252 4626 280 4667 sc
302 4609 500 4677 introducunt,
516 4623 583 4666 cum
605 4609 777 4667 sensualitas
799 4619 925 4682 utraque
979 4616 1077 4689 gloriae
1091 4615 1195 4682 inanis,
1221 4614 1272 4685 qui
1286 4622 1491 4683 exspectantur
1508 4613 1634 4670 venturi.
1660 4613 1748 4669 liosa
1770 4610 1822 4668 So-

73 4702 183 4774 reiecta
197 4698 324 4756 naturali
338 4696 456 4755 mollitie
479 4697 676 4754 lortitudinem
695 4698 807 4756 virilem
822 4702 924 4769 exerit,
978 4705 1064 4761 doma
1074 4704 1270 4769 dehortamur,
1283 4717 1350 4759 cum
1366 4702 1406 4757 nil
1426 4702 1457 4758 in
1478 4702 1583 4758 saeculo
1598 4714 1722 4772 sperare,
1743 4706 1771 4756 et
1785 4700 1822 4755 ab

72 4797 102 4849 et
114 4803 208 4847 mauu
223 4787 313 4844 divini
328 4786 431 4844 anxilii
446 4787 585 4844 rationem
604 4786 658 4843 sibi
676 4787 837 4859 astringens
849 4789 925 4845 inte·
978 4794 1042 4865 ejus
1056 4791 1244 4848 similitudine
1259 4788 1412 4847 deformari
1427 4803 1595 4857 monemus;
1611 4803 1730 4861 surgere
1742 4802 1821 4855 vero,

72 4880 153 4939 riora
180 4877 259 4949 petit,
286 4884 315 4934 et
343 4878 452 4943 eadum,
487 4875 626 4932 lenestras
652 4874 759 4932 scilicet
785 4877 923 4947 corporis,
979 4889 1121 4952 torporem
1145 4878 1291 4951 repellere,
1319 4878 1425 4949 egredi,
1453 4892 1546 4933 mores
1567 4890 1674 4933 exuere
1689 4876 1821 4944 dicimus,

73 4982 136 5042 qua
163 4980 242 5025 mors
277 4965 434 5032 subintrat,
461 4964 595 5032 obstruit,
633 4965 733 5034 sicque
757 4966 925 5037 temporalia
979 4970 1050 5040 quia
1072 4969 1113 5025 sic
1132 4967 1236 5024 delebit
1263 4967 1292 5022 in
1316 4965 1420 5021 allecta
1448 4972 1544 5021 nostro
1572 4964 1674 5020 mundi
1697 4978 1822 5021 amorem

72 5063 263 5126 canonque
283 5069 337 5111 nos
351 5054 468 5110 irritant
490 5066 507 5108 a
530 5051 658 5109 minimis
676 5055 712 5110 ad
737 5055 864 5111 maxima
878 5064 925 5112 ut·
981 5058 1140 5115 Dominus:
1165 5056 1281 5112 videtur
1308 5062 1404 5110 tamen
1426 5054 1468 5110 eis
1490 5052 1572 5124 quasi
1604 5053 1707 5110 ludens
1732 5054 1822 5126 loqui,

73 5152 140 5219 pote
176 5141 385 5201 contemnendo
417 5141 558 5208 destituit,
590 5149 618 5198 et
649 5155 725 5198 caeea
756 5143 848 5211 nullo,
879 5146 926 5200 vi·
979 5145 1327 5218 quiadiscretiorationis
1346 5158 1403 5198 non
1426 5143 1590 5213 adplenum
1608 5141 1824 5201 abeoillumi·

73 5233 177 5291 delicet
192 5230 274 5305 qnod
299 5230 352 5288 abs
373 5229 502 5302 quolibet
523 5228 613 5302 probo
628 5231 791 5302 concupisci
813 5232 924 5302 debeat,
980 5241 1064 5301 natae,
1078 5232 1118 5290 nil
1129 5233 1244 5298 serium,
1260 5231 1301 5289 nil
1314 5231 1424 5300 stabile,
1441 5239 1492 5287 aut
1508 5238 1618 5288 certum
1632 5231 1728 5288 carnis
1748 5231 1824 5289 valet

74 5319 276 5394 prosperitatis
301 5318 411 5376 lumine
445 5317 556 5390 luigero
582 5318 720 5388 ostendit3
756 5334 822 5390 quse
858 5335 925 5377 curn
980 5323 1105 5379 motibus
1126 5321 1261 5385 suadere;
1278 5334 1335 5376 non
1357 5320 1435 5375 enim
1462 5321 1592 5391 tangitur
1620 5319 1739 5391 spiritus
1765 5335 1822 5378 nn-

73 5407 187 5469 lusribt
213 5405 346 5479 judicata
367 5406 444 5464 omni
474 5405 567 5463 cordis
594 5415 726 5478 respectu
748 5408 785 5464 ad
815 5415 927 5480 tempus
964 5409 1079 5482 nguine.
1094 5410 1145 5468 bot
1161 5416 1257 5466 autem
1277 5408 1313 5465 ad
1328 5423 1376 5465 eos
1398 5408 1460 5466 baec
1488 5408 1640 5466 locuturus
1666 5407 1823 5479 egreditur,
