3794 6008
58 250 112 305 ³97

409 245 637 307 rubreteulu
656 247 693 305 IN
713 246 816 320 OSEE,
837 249 927 306 AMOS
948 248 993 307 ET
1012 247 1084 307 JER.
1106 281 1137 294 -·
1160 247 1225 307 tte.
1246 248 1294 306 tu.
1315 246 1350 308 lu
1369 247 1466 309 OSEE.
1537 317 1540 322 ι

1759 251 1810 309 398

55 388 268 458 interpretatur
299 388 395 442 umbro
427 386 598 457 prohibendi,
632 386 675 441 vet
707 387 897 441 commotionis.
918 388 1130 456 Aptrpatraat.
1172 388 1333 442 Simntncm's
1364 384 1538 450 sacrificant,
1574 398 1640 439 eum
1676 383 1807 440 interiori

56 478 135 532 Siout
158 482 281 530 aestates
294 482 333 530 est
352 477 464 531 Soimaa
485 491 502 529 a
519 476 680 544 domemus,
704 477 754 542 qui
770 474 910 542 judicavit

56 567 170 620 Raetia
186 564 230 618 dio
244 567 342 633 praetii,
356 565 382 620 id
398 572 449 632 est,
469 565 543 620 sieut
558 563 689 619 consumi
706 564 788 619 debet
804 563 907 618 obscu-

56 652 128 707 ritas
141 652 190 707 illa
204 666 341 722 nequam,
360 667 425 722 quae
442 652 531 707 divini
547 652 665 706 luminis
682 651 719 706 ab
735 651 830 707 anima
847 665 909 721 pro

57 740 176 797 bibebat
207 754 373 796 aceessum:
407 747 434 795 et
463 754 497 794 ne
526 740 555 794 in
582 738 704 795 miseriis
731 740 906 806 subsisteret,

56 829 166 885 crebris
185 829 424 884 commotionibus
448 828 635 898 perurgebat3
656 829 776 894 odomo,
794 827 820 882 id
836 835 908 884 esta

56 917 231 974 conscientia
251 917 308 985 illa,
331 931 397 987 cquae
424 916 451 971 in
472 918 515 971 sul
532 916 743 972 illuminatione
764 929 797 972 ac
820 917 843 972 si
864 916 908 971 die

56 1006 86 1061 in
102 1020 163 1076 qua
178 1020 243 1062 ean)
258 1005 436 1075 spiritusque
455 1003 625 1073 confligunt,
648 1005 717 1059 Baat
734 1003 856 1074 judicat,
880 1004 907 1058 id

57 1103 99 1150 est
115 1095 212 1149 virum
229 1094 355 1148 damnat.
371 1093 408 1146 tte
426 1106 484 1161 quo
505 1091 611 1147 dicitur
627 1105 633 1144 :
651 1112 664 1139 «
683 1092 734 1146 Hic
751 1106 837 1162 quem
853 1092 909 1146 ha-

56 1182 117 1250 bes,
142 1196 200 1237 neu
222 1189 265 1237 est
280 1189 349 1236 tuus
373 1180 522 1247 virttooa.
539 1195 578 1244 rr,
600 1179 682 1250 18).»
706 1181 796 1236 hlatre
821 1195 909 1251 super

59 1271 135 1328 salios
150 1270 241 1335 allisa,
263 1284 328 1325 cum
347 1270 408 1324 suis
432 1268 562 1324 videlicet
575 1268 710 1338 operibus
724 1269 829 1324 obruta
843 1284 908 1324 eon-

56 1360 245 1430 cupiscentia.
271 1359 338 1414 Baat
361 1365 457 1414 autem
485 1358 690 1427 interpretatur
713 1361 767 1424 atr,
792 1358 837 1413 vel
862 1359 909 1412 ha-

57 1449 132 1514 beas,
161 1449 188 1504 id
216 1456 258 1504 est
290 1446 437 1517 possidens
467 1446 638 1510 dominium,
671 1446 777 1502 scilicet
802 1446 909 1502 erroris

56 1537 186 1608 signans.

92 1624 179 1680 Vnus.
205 1626 247 1678 l'o'.
280 1652 307 1663 -
337 1622 411 1677 «Sic
436 1623 500 1678 iecit
534 1623 615 1678 vobis
644 1623 751 1692 Bethel,
788 1638 804 1679 a
838 1624 907 1680 facie

962 475 1140 544 periclitante
1155 482 1231 531 statu
1249 475 1332 546 longe
1345 473 1428 530 aliter
1442 487 1472 529 se
1487 472 1639 529 hominum
1655 474 1811 544 conspecti-

963 564 1026 630 bus,
1048 578 1136 634 quam
1160 579 1205 620 res
1229 563 1306 619 intro
1328 570 1457 635 geratur,
1481 569 1635 617 ostentant.
1665 560 1718 617 Sed
1735 561 1812 618 inter

962 651 1025 719 ista,
1051 652 1154 723 inquit,
1180 654 1311 722 Ephraim
1334 652 1466 706 nutritiae
1488 664 1562 717 sum,
1593 650 1663 704 dum
1686 655 1810 705 mentem

961 754 1074 810 semper
1095 741 1213 804 intendo
1238 741 1272 797 de
1302 740 1510 796 resurreetione
1537 752 1719 794 commonere
1747 744 1809 808 post

961 827 1086 898 tapsum,
1110 837 1138 884 et
1159 829 1198 885 ita
1219 827 1354 885 voluntas
1378 836 1474 884 nostra
1499 841 1556 882 nou
1584 825 1737 889 colliditur,
1753 826 1811 881 Do·

961 919 1039 972 mino
1053 926 1231 988 supponente
1246 905 1376 974 inanum.
1400 917 1445 973 Sic
1467 931 1518 972 nos
1543 915 1644 985 nutrit,
1668 915 1737 971 dum
1760 929 1811 986 per

960 1007 1062 1063 ruinas
1080 1013 1107 1062 et
1124 1013 1215 1062 slatus
1230 1021 1282 1062 nos
1302 1006 1408 1062 erudit.
1438 1028 1448 1054 ι
1467 1005 1617 1061 Pometiam
1634 1018 1681 1060 eos
1704 1003 1733 1060 in
1749 1003 1813 1060 bra-

964 1094 1063 1150 ‹chiis
1078 1094 1148 1150 meis
1164 1109 1169 1149 :
1186 1101 1213 1151 et
1234 1093 1400 1151 nescierunt
1419 1093 1496 1163 quod
1517 1106 1649 1148 etrrarcm
1666 1105 1724 1148 eos.
1737 1113 1751 1142 o
1778 1093 1810 1148 lu
1875 1099 1879 1105 ’

961 1182 1087 1238 brachiis
1109 1198 1157 1238 eos
1178 1189 1281 1253 portat,
1308 1181 1429 1238 eumad
1461 1181 1591 1237 divinam
1615 1180 1811 1237 tortitudinem

961 1271 1103 1328 sublevat.
1120 1271 1275 1328 Brachium
1290 1271 1366 1326 euim
1388 1284 1439 1340 pro
1461 1269 1627 1325 tortitudine
1642 1268 1707 1339 poni
1729 1269 1811 1336 solet,

961 1360 997 1415 Et
1011 1360 1143 1416 nesciunt
1158 1359 1236 1431 quod
1261 1366 1342 1415 curet
1360 1373 1418 1427 eos,
1442 1358 1511 1429 quia
1525 1372 1561 1414 ex
1575 1359 1700 1429 pondere
1720 1365 1813 1415 tenta·

961 1450 1046 1505 tionis
1070 1464 1141 1519 pene
1164 1449 1348 1518 desperantes
1367 1449 1501 1519 ignorant
1523 1447 1600 1517 qued
1625 1447 1744 1517 provide
1760 1462 1811 1517 per

962 1537 1073 1593 occulta
1088 1537 1251 1607 nartlragia,
1267 1551 1303 1593 ne
1316 1536 1350 1591 de
1365 1535 1481 1591 virtutis
1496 1535 1683 1606 prosperitate
1707 1548 1811 1605 super-

963 1625 1053 1691 biant,
1071 1632 1182 1696 premat
1194 1626 1280 1694 ipsos.

59 1712 205 1768 «malitiae
218 1713 501 1782 nequitiarumm
514 1720 684 1768 vestrarum.
700 1735 710 1760 »
725 1714 830 1780 Retinet,
843 1713 906 1769 licet
927 1689 947 1742 Β
997 1715 1083 1770 Vens.
1103 1716 1129 1768 4.
1153 1735 1213 1761 -‹
1238 1714 1270 1768 ln
1295 1711 1430 1768 tuniculis
1454 1712 1546 1767 Adam
1568 1712 1680 1767 traham
1701 1725 1758 1779 ees,
1781 1712 1810 1768 in

56 1802 152 1856 donans
180 1804 229 1856 tter·
256 1801 470 1870 interpretetur,
496 1808 591 1856 tamen
615 1816 651 1857 er
671 1800 746 1857 idolo
774 1816 832 1872 quo
859 1805 905 1857 te·
964 1802 1115 1858 »vinculis
1132 1802 1291 1857 charitatis.
1310 1824 1323 1851 o
1342 1802 1373 1856 tn
1397 1801 1453 1856 alia
1477 1800 1665 1856 transtatione
1690 1800 1740 1856 ubi
1765 1801 1812 1858 hic

55 1891 176 1946 roboam
193 1890 231 1945 ibi
253 1897 403 1950 statuerat.
423 1890 602 1959 profanatur.
629 1891 679 1945 Est
702 1904 770 1961 ergo
790 1890 906 1946 dicere:
960 1893 1052 1947 Adam
1068 1892 1181 1961 tegitur,
1201 1891 1258 1946 illic
1277 1891 1396 1944 homines
1423 1889 1579 1957 invenitur,
1605 1889 1646 1944 sir
1664 1888 1742 1945 enim
1765 1889 1811 1945 in-

57 1982 114 2034 ltas
147 1978 307 2034 contrarias
345 1976 538 2041 tortitudines,
577 1992 642 2047 cquae
680 1986 776 2033 vestra
809 1987 909 2034 contra
962 1989 1144 2049 terpretatur.
1172 1980 1252 2036 Unde
1268 1987 1295 2034 et
1320 1979 1348 2033 in
1369 1978 1471 2033 Genesi
1491 1978 1539 2033 ubi
1565 1977 1724 2033 dieitur:«
1752 1979 1812 2034 Ve-

55 2067 148 2125 lieum
164 2066 253 2121 eorda
269 2064 623 2134 ruunieraut,{lecitvobis
638 2065 744 2131 bethel,
763 2068 908 2123 eonscien-
964 2069 1064 2124 «cavit
1088 2082 1191 2123 nornen
1215 2081 1315 2123 eorum
1341 2067 1431 2122 Adam
1458 2067 1565 2135 (dmm,
1580 2070 1633 2131 a»
1662 2066 1759 2123 itidem
1782 2083 1811 2123 tn

57 2156 97 2211 tia
116 2155 259 2221 videlieet,
288 2168 377 2224 quatu
403 2153 480 2208 Deus
506 2153 667 2209 inhabitare
690 2154 838 2221 debuerat,
860 2155 908 2210 sed
962 2158 1091 2212 homines
1115 2155 1347 2212 translatiuum
1369 2156 1501 2221 sororiantes
1516 2169 1583 2225 erge
1606 2157 1743 2210 homiaem
1769 2171 1812 2210 eos

55 2244 166 2300 diaboti
180 2243 304 2299 fantasia
335 2243 494 2309 imbuerat;
518 2250 544 2297 et
568 2242 620 2297 hoc
641 2256 658 2298 a
683 2243 763 2307 lacte,
781 2243 809 2298 id
833 2251 875 2299 est
892 2257 909 2297 a
962 2246 1059 2306 trahit,
1076 2258 1143 2301 etam
1159 2258 1194 2300 ex
1212 2244 1423 2315 passabililatis,
1437 2253 1464 2299 et
1484 2244 1679 2300 humanarum
1704 2257 1811 2301 aerum·

56 2332 287 2388 consideratione
323 2330 509 2387 imuranitatis
547 2332 703 2386 eriminum
735 2338 907 2399 vestrorum,
962 2349 1067 2390 narum
1084 2334 1244 2390 timoreeos
1259 2333 1336 2389 adse
1356 2333 1483 2403 corripit.
1503 2333 1583 2389 Unde
1599 2334 1812 2389 esttctiutti-

57 2421 168 2478 Malitia
196 2421 271 2477 cuim
300 2421 345 2476 hic
373 2435 423 2489 pro
450 2419 558 2476 enormi
586 2435 642 2476 orsu
666 2419 828 2490 appellatur
849 2434 908 2476 see·
962 2422 1071 2491 plicare
1086 2429 1164 2489 sunt,
1182 2421 1287 2492 inqub,
1304 2420 1483 2476 infirmitates
1496 2434 1595 2476 eorum
1612 2428 1736 2490 :postea
1754 2434 1812 2477 »ac

57 2511 167 2566 lerum.
962 2511 986 2566 si
1002 2511 1107 2566 diceret
1124 2525 1129 2564 :
1147 2511 1186 2565 dd
1202 2510 1344 2566 medicum
1362 2530 1375 2559 o
1398 2509 1634 2566 acceieraverunt
1656 2509 1739 2568 (Psol.
1761 2525 1811 2580 xv,

396 2598 513 2653 darer
533 2597 581 2653 Xt.
961 2600 1001 2669 4).
1020 2622 1029 2648 ι
1048 2599 1101 2654 Sed
1123 2598 1306 2669 postmodum
1332 2597 1408 2668 [quod
1429 2598 1509 2668 prius
1530 2598 1630 2654 timore
1659 2598 1813 2670 gerebatur

60 2687 177 2743 «Vens.
201 2691 223 2740 t.
241 2717 274 2727 ·-
301 2686 411 2742 «Sicut
432 2701 517 2741 mane
540 2685 716 2756 pertransiit,
743 2686 910 2756 pertransiit
963 2687 991 2742 in
1017 2701 1144 2743 amorem
1169 2688 1303 2755 vertitur,
1328 2687 1406 2743 unde
1429 2693 1456 2743 et
1477 2687 1612 2757 sequitur
1628 2702 1634 2741 :
1649 2689 1679 2741 tn
1697 2689 1813 2743 uincatis

60 2790 137 2832 ‘rex
162 2775 289 2831 lsrael.»
320 2778 376 2831 ilco
408 2777 493 2829 isroct
515 2775 632 2844 spiritus
663 2782 757 2830 noster
783 2782 836 2839 est,
861 2775 909 2830 cui
962 2777 1119 2843 atrocitatis,
1137 2768 1203 2846 quae
1216 2776 1322 2832 scillcet
1343 2775 1419 2832 toras
1436 2774 1521 2831 mittit
1547 2773 1811 2837 timoremlltoaa.

58 2878 159 2936 regere
173 2865 295 2933 pertinet
312 2863 455 2934 quidquid
477 2863 532 2918 sub
548 2862 652 2919 adactu
667 2871 718 2918 ost.
738 2863 800 2931 lpse
819 2863 908 2930 enim,
963 2880 1001 2932 tv,
1021 2865 1073 2936 l8).
1092 2864 1222 2921 Funiculi
1247 2872 1341 2921 autem
1363 2864 1431 2934 ipsae
1454 2862 1617 2920 affectiones
1641 2872 1719 2932 suut,
1743 2866 1813 2934 qui-

58 2953 219 3009 seeundum
231 2951 443 3022 etymologiam,
464 2950 569 3020 sapius
592 2951 696 3007 dictatu
713 2965 778 3006 cum
799 2951 909 3007 ratione
928 2955 1018 3044 Chus
1036 2955 1071 3009 ad
1088 2954 1197 3024 aliquid
1214 2953 1405 3023 appetendum
1427 2952 1507 3008 nullo
1528 2959 1646 3023 cogente
1666 2952 1810 3009 ducimur.

57 3041 125 3096 acsi
140 3056 208 3096 cum
223 3042 279 3096 Deo
299 3041 502 3110 principatur;
524 3041 569 3095 sin
589 3039 660 3095 altas
675 3039 773 3095 servit.
796 3040 823 3095 ts
837 3055 908 3111 ergo
962 3044 1143 3099 Timorvero
1166 3042 1350 3112 supradictus
1371 3055 1467 3097 amore
1491 3049 1654 3108 noncaret,
1683 3040 1812 3113 alioquin
1871 3087 1873 3091 a

57 3145 108 3183 rea
124 3131 196 3183 sicut
210 3144 288 3183 mane
304 3127 468 3198 pertransit,
485 3142 551 3183 cum
568 3128 683 3198 repulsa
697 3129 867 3199 ignorantiae
882 3135 909 3184 et
963 3133 1014 3187 hos
1029 3131 1171 3188 tuniculas
1187 3144 1246 3186 nou
1263 3130 1390 3187 haberet.
1409 3131 1476 3187 Inde
1497 3138 1538 3186 est
1556 3129 1626 3186 illud
1647 3130 1810 3200 poeticum:

57 3216 909 3289 cogitationumnebulatanquampallorecrepuscuti,pte·
964 3220 1101 3287 oTrahit,
1128 3218 1232 3289 iuquit,
1259 3218 1320 3290 lsua
1346 3232 1492 3289 quemque
1519 3218 1652 3289 voluptas
1680 3217 1811 3287 (Vincta,

58 3306 908 3378 nlorlsintelligentiaeetqutotlsgratlamvolutisolaraju-
962 3323 982 3365 ιι
1014 3310 1200 3377 eglogas«
1236 3308 1271 3363 Et
1298 3322 1347 3364 ero
1373 3307 1415 3363 eis
1437 3307 1521 3378 quasi
1548 3306 1680 3363 exaltans
1704 3306 1811 3378 jugum
1839 3328 1842 3332 ⁴

60 3395 113 3451 bar
126 3395 252 3465 attingit.
273 3416 283 3443 ‹
302 3396 374 3459 Quia
389 3408 460 3464 puer
477 3394 575 3461 lsrael,
591 3404 618 3451 et
633 3395 722 3451 dilexi
736 3410 813 3462 eum,
829 3403 856 3450 et
872 3411 908 3451 ex
963 3419 977 3446 o
1003 3411 1089 3466 super
1112 3395 1246 3451 maxillas
1269 3410 1379 3464 eorum,
1408 3403 1435 3451 et
1462 3394 1603 3451 declinavi
1632 3396 1669 3450 ad
1692 3408 1758 3451 eum
1779 3401 1811 3450 ut

60 3483 211 3554 «AEgypto
233 3483 335 3538 vocavi
356 3483 461 3538 Filium
488 3497 622 3539 meunt.»
654 3484 739 3537 lsrael
762 3499 832 3553 poter
855 3490 907 3550 est,
966 3491 1163 3541 »caecaretur
1188 3505 1202 3534 a
1224 3487 1272 3539 Est
1295 3487 1334 3540 eis
1357 3486 1439 3553 qnasi
1464 3485 1590 3537 ccottons
1612 3485 1711 3552 jugem
1730 3499 1812 3553 sopor

56 3580 84 3628 et
96 3571 189 3627 ideoa
206 3572 262 3628 Deo
276 3571 416 3641 diligitur,
433 3573 512 3642 quia,
525 3580 677 3643 postquam
693 3572 728 3626 ad
741 3572 807 3627 vitae
824 3572 908 3627 novi·
962 3575 1092 3628 maeittos
1111 3589 1211 3640 eorum,
1237 3587 1303 3628 cum
1331 3587 1401 3628 vera
1426 3571 1528 3628 tuentis
1548 3573 1669 3627 essentia
1698 3585 1813 3642 protue-

59 3668 147 3716 tatem
160 3658 286 3727 redierit,
302 3662 356 3716 beo
371 3676 427 3716 non
445 3660 557 3731 plaeere
569 3675 626 3716 nou
641 3669 740 3731 potest.
757 3663 801 3716 uo
816 3662 908 3730 AEqp·
962 3662 1062 3718 vetsui
1078 3662 1188 3717 timoris
1202 3660 1384 3717 eminentiam
1408 3675 1495 3730 super
1516 3659 1721 3715 intellectuales
1746 3674 1809 3716 sen-

55 3752 245 3821 pto'queque
264 3751 352 3818 attium
373 3758 465 3818 vocat,
490 3765 556 3806 cum
579 3764 615 3805 ex
635 3749 821 3819 quotidianis,
842 3764 909 3819 quae
962 3765 1012 3807 sus
1030 3765 1140 3806 corum.
1164 3751 1251 3820 Super
1271 3751 1335 3821 ejus
1359 3751 1488 3804 mamillas
1504 3752 1602 3818 jugum
1628 3747 1678 3802 Dei
1697 3746 1810 3803 exalta-

57 3838 216 3895 immissive
231 3838 274 3895 ret
288 3839 459 3894 naturaliter
474 3838 602 3894 inlluunt
618 3837 754 3904 tenebris,
771 3837 907 3908 spiritum
962 3848 1052 3907 verat,
1076 3839 1126 3910 qui
1148 3839 1222 3895 sicut
1242 3846 1385 3895 tumentes
1412 3851 1498 3907 super
1519 3851 1549 3893 se
1572 3836 1677 3892 ductus
1698 3850 1811 3907 semper

57 3935 202 3994 nostrum,
219 3928 270 3998 qui
283 3941 319 3983 ex
335 3942 403 3985 rera
418 3927 481 3983 lure
494 3928 577 3999 quasi
594 3927 645 3983 lux
662 3927 691 3983 tu
715 3926 796 3983 nobis
811 3926 908 3997 gigni·
962 3943 1029 3985 eum
1046 3927 1189 3984 timuerat.
1206 3927 1295 3982 tanto
1311 3934 1406 3982 autem
1425 3926 1516 3998 magis
1530 3925 1685 3994 exaltatur,
1699 3933 1810 3997 quanto

58 4026 116 4086 tur,
135 4018 212 4073 Deus
222 4017 332 4073 reducit
347 4025 375 4072 et
389 4018 516 4073 suscitat.
962 4017 1055 4088 magis
1072 4017 1102 4071 in
1118 4017 1230 4072 interna
1243 4016 1350 4071 virtute
1375 4015 1532 4085 proficitur,
1552 4014 1621 4069 dum
1638 4013 1688 4068 illa
1701 4021 1809 4071 aeterna

92 4106 182 4163 Vnus.
199 4109 272 4160 ἱ)..-
291 4127 301 4154 ‹
319 4106 502 4162 Voeaveruut
515 4120 575 4172 eos,
595 4105 636 4161 sic
650 4105 785 4161 abierunt
806 4103 908 4161 alacie
962 4105 1110 4163 charitatis
1124 4104 1209 4160 semel
1232 4112 1407 4174 praegustata
1431 4117 1542 4173 semper
1566 4102 1656 4158 amitti
1681 4102 1807 4167 timetur.

59 4209 233 4252 tearum.»
264 4193 343 4261 Quod
366 4194 553 4265 singulariter
576 4196 711 4264 superius
739 4209 790 4265 per
812 4208 907 4265 regem
963 4196 1016 4251 Pro
1040 4193 1186 4249 intellectu
1212 4193 1345 4249 maxillas
1375 4192 1542 4262 accipimus,
1566 4193 1635 4262 quia
1661 4191 1762 4249 hisae
1786 4193 1810 4248 si

57 4285 204 4350 innuerat,
222 4283 275 4338 hoo
291 4283 372 4339 modo
394 4291 509 4354 propter
534 4284 662 4339 diversos
683 4282 907 4339 rationalitatum
929 4283 1100 4341 bdentibus
1127 4282 1201 4337 dura
1226 4296 1351 4353 quaque
1380 4280 1588 4337 commolimus.
1616 4281 1747 4336 Declinat
1774 4280 1811 4335 ud

57 4381 155 4428 motus
174 4371 325 4442 pluraliter
344 4372 476 4441 applicat.
502 4372 561 4427 Etsi
582 4372 659 4426 enim
682 4385 740 4426 uua
760 4376 801 4426 est
824 4370 908 4434 ratio,

61 4468 178 4531 propter
192 4461 289 4530 plures
315 4467 411 4516 tamen
426 4473 528 4515 causas
545 4459 677 4530 plurimae
692 4467 759 4516 sunt
774 4458 907 4515 rationes.

59 4552 100 4606 Ac
113 4549 138 4604 si
157 4549 263 4605 diceret
280 4565 286 4603 :
304 4549 365 4604 Etsi
389 4548 464 4604 Deus
484 4556 617 4604 anostra
637 4562 688 4603 nos
712 4561 762 4617 per
775 4560 805 4602 se
827 4546 909 4603 creci-

60 4645 119 4694 tale
139 4638 256 4704 revelat,
286 4638 340 4708 ipsi
363 4645 458 4693 tamen
481 4636 635 4694 rationales
660 4644 785 4692 motusa
813 4644 910 4692 nostro

58 4742 114 4783 nos
142 4740 261 4797 corpore
296 4727 448 4797 aliquoties
480 4727 607 4782 excitare
633 4724 830 4794 contendunt3
861 4726 910 4781 sed

58 4815 134 4887 quia
148 4829 205 4871 nou
218 4822 261 4871 est
278 4814 306 4869 in
326 4814 440 4870 homine
462 4815 510 4870 via
535 4816 607 4885 ejus,
631 4829 683 4868 nee
706 4812 770 4879 ariri,
796 4820 827 4868 ut
842 4813 910 4868 diri-

60 4912 111 4976 gat
127 4917 244 4974 gressus
256 4918 325 4959 sitos
345 4904 432 4971 (Proo.
447 4919 503 4971 ιιι,
518 4904 557 4973 9),
581 4902 622 4958 illi
645 4902 702 4957 Deo
728 4915 778 4956 nos
793 4902 911 4971 dispen-

60 4993 154 5048 sative
176 4992 340 5048 retardante
362 4991 510 5057 recedunt,
536 4991 634 5061 sicque
658 5004 710 5044 nos
728 4988 798 5059 quid
823 4991 912 5045 simus

58 5095 96 5138 ex
120 5080 206 5137 nobis
235 5080 359 5150 experiri
384 5080 503 5136 iaciunt.
527 5082 550 5135 A
575 5082 647 5146 socie
673 5095 764 5133 corum
793 5079 910 5146 abeunt,

61 5184 129 5226 curn
145 5183 174 5225 se
190 5169 369 5225 arationum
385 5168 544 5224 redditione
557 5167 763 5240 cogitationum
782 5167 912 5235 pervica-

62 5257 346 5315 citatesexcludnnt.
366 5257 502 5313 «Baalim
524 5256 720 5321 immolabant,
741 5263 768 5309 et
792 5253 913 5310 simula-

63 5370 77 5397 «
95 5347 154 5403 cris
182 5346 394 5402 saerilieabant.
418 5346 511 5416 (Vens.
527 5348 566 5412 3.)
587 5346 621 5401 Et
647 5359 699 5415 ego
719 5343 801 5413 quasi
823 5343 913 5397 nutri-

66 5436 155 5492 =tius
181 5435 362 5506 Ephraim.»
397 5437 505 5490 Baalim
538 5433 695 5500 immolant,
729 5445 795 5486 cum
824 5431 915 5487 multa

61 5524 120 5591 liei,
138 5523 189 5580 sad
213 5537 270 5580 non
287 5536 339 5594 pro
364 5524 419 5578 Deo
440 5523 588 5579 tentationi
612 5535 687 5591 saepo
701 5518 914 5575 succumbendo

963 4388 1033 4438 enm,
1050 4379 1082 4428 ut
1097 4378 1239 4437 vescatur,
1256 4385 1320 4426 curn
1338 4371 1533 4440 pertimerem
1549 4369 1642 4435 illum,
1658 4384 1715 4441 que
1731 4384 1811 4426 meus

964 4460 1120 4516 salubriter
1135 4458 1316 4526 humiliatur,
1332 4458 1418 4515 etiam
1433 4473 1462 4514 se
1478 4458 1513 4513 ad
1529 4472 1580 4513 nos
1591 4459 1665 4514 Deus
1680 4458 1809 4526 inclinat,

965 4556 996 4605 ut
1024 4549 1144 4619 deeius
1168 4546 1341 4617 aspiratione
1367 4561 1530 4618 pascamur.
1566 4570 1576 4595 ι
1602 4547 1735 4612 Cterrabo,
1759 4548 1808 4617 ait,

964 4652 1030 4693 cum
1054 4636 1100 4692 illo
1124 4644 1151 4692 et
1174 4635 1232 4704 ipse
1255 4650 1366 4692 mecum
1389 4639 1483 4704 (apoc.
1506 4650 1546 4700 ut,
1562 4636 1617 4698 ιθ).
1636 4633 1739 4700 »Quod
1766 4650 1812 4690 su-

965 4725 1063 4797 perius
1078 4724 1265 4797 singulariter
1279 4725 1346 4780 dicit
1363 4724 1489 4792 adeum,
1510 4737 1574 4778 eum
1594 4721 1743 4791 pluraliter
1756 4723 1810 4779 ali-

965 4828 1025 4886 qua
1040 4827 1090 4882 pro
1106 4813 1231 4868 motibus
1247 4812 1335 4867 variis
1351 4812 1540 4880 praernisisset,
1554 4809 1724 4865 uuitnodum
1735 4824 1811 4865 men·
1856 4828 1858 4833 ·

965 4903 1001 4958 tis
1014 4900 1143 4955 habitum
1161 4899 1296 4969 intellige,
1313 4899 1383 4970 quia
1399 4900 1425 4954 in
1440 4898 1580 4953 scissuras
1594 4896 1733 4953 utentium
1755 4898 1812 4953 sci-

966 5002 1031 5044 mus
1063 4989 1155 5043 [leum
1189 5000 1375 5057 nequaquam
1406 4995 1437 5042 ut
1470 4986 1639 5041 convivetur
1669 4983 1813 5041 declinare

967 5076 1065 5132 sotere.

1003 5165 1088 5221 Vens.
1106 5167 1130 5218 5.
1147 5187 1209 5214 -ι
1233 5164 1296 5220 Non
1318 5171 1478 5219 revertetur
1502 5163 1531 5218 in
1555 5171 1659 5217 terram
1686 5162 1812 5234 AEgypri,

970 5261 1025 5308 »et
1045 5253 1136 5309 Assur
1160 5253 1218 5323 ipse
1243 5267 1293 5307 rex
1320 5253 1423 5323 ejus»
1450 5255 1480 5306 ta
1504 5257 1604 5305 terrum
1628 5254 1743 5322 AEpyptr'
1762 5269 1815 5307 moa

968 5342 1132 5410 revertitur,
1149 5357 1215 5398 cum
1236 5343 1272 5397 ad
1288 5349 1404 5397 veterna
1427 5340 1549 5395 erimina
1569 5343 1672 5397 reverti
1693 5357 1723 5399 se
1747 5341 1817 5398 ulte-

969 5429 1030 5486 rius
1047 5445 1102 5485 non
1126 5430 1242 5500 patitur.
1264 5431 1296 5485 ut
1312 5439 1405 5486 tarmen
1428 5431 1526 5495 dssrtr,
1544 5429 1571 5483 id
1589 5437 1631 5484 est
1654 5430 1816 5487 aulicorum

969 5518 1149 5574 laruiliaritns
1163 5520 1327 5588 etaceeptie
1343 5518 1498 5574 admodum
1525 5518 1576 5573 sihi
1598 5519 1758 5588 espmcada
1780 5520 1818 5574 ri-
