3794 6008
360 259 484 318 TRACT.
506 259 554 316 ul:
572 260 832 319 thranunrtortlt
852 260 986 319 costos
999 261 1145 320 tboAEos.
1156 263 1266 319 -ttta
1283 264 1332 320 lll.
1671 273 1723 326 582

52 389 76 447 id
91 389 127 445 dc
143 389 344 459 spiritualitate
359 398 519 448 senserunt.
541 391 600 448 Etsi
619 390 696 447 enim
715 391 744 447 in
760 391 822 463 lege
839 395 938 460 Aoos,
956 392 1138 459 inclamatur,
1162 395 1208 451 hic
1232 410 1300 453 vero
1323 399 1404 452 Pater
1423 404 1513 454 noste
1534 402 1725 472 appellandus

53 477 155 535 icitur:
172 479 224 544 out
237 481 291 533 tiae
311 481 408 545 iecerit
427 480 472 535 vel
498 480 546 535 illa
574 480 718 548 mandata,
746 483 817 535 ciaet
872 481 1045 550 praedicatur
1060 483 1168 551 (llotttt.
1185 499 1224 550 vr,
1239 484 1276 555 9).
1303 486 1355 541 llic
1375 486 1498 556 Spiritus
1521 498 1647 554 sanctus.
1671 491 1723 562 qui

59 565 154 638 (decit.
167 581 245 634 xvm,
263 567 298 634 5),
313 580 466 637 nunquam
483 576 577 624 tamen
596 576 647 635 est,
673 576 816 639 quantum
870 581 952 625 amor
965 575 1017 637 ost,
1034 584 1084 639 pro
1100 570 1235 643 magistro
1250 572 1415 630 adhibetur.
1430 575 1483 631 llic
1497 590 1555 633 non
1579 577 1610 634 in
1629 578 1723 650 lapide

52 656 154 719 imam,
179 656 335 726 quisquam
358 656 465 713 vixisse
483 656 654 723 credendus,
678 657 729 728 qui
757 671 816 714 non
870 655 925 724 lex,
948 658 998 714 sad
1019 658 1164 726 cordibus,
1185 658 1401 731 visceribusque
1429 662 1613 731 inscribitur;
1639 667 1720 737 quia,

52 744 167 802 tettide
181 745 357 801 caeremoniis
374 744 429 800 illis
453 745 606 801 inhaeserit.
632 747 713 804 Unde
737 747 814 817 apud
868 746 901 799 ut
916 743 989 801 idem
1008 746 1079 801 alias
1104 747 1241 817 propheta
1264 756 1396 817 testatur,
1420 765 1468 806 cor
1487 752 1548 822 jam
1569 767 1719 826 carneum,

52 831 138 888 lielem
173 832 301 904 legitur:
332 847 399 889 cum
429 832 505 889 enim
539 834 744 904 improperaret
772 835 815 891 eis
867 832 981 889 sublato
1013 833 1134 903 lapideo,
1173 835 1276 906 spiritu
1314 851 1389 893 novo
1430 838 1570 896 imbuitur
1610 841 1718 912 (Erech.

52 920 214 978 tricaticnes
228 922 263 977 ab
278 924 318 977 eis
335 920 365 977 in
385 922 496 978 deserto
508 921 615 991 flectas,
636 922 815 980 idololatria·
866 933 966 976 xxxvi.
981 922 1040 990 to).
1056 922 1148 994 'lanta
1160 936 1228 979 rere
1248 924 1364 994 perlici
1379 925 1502 997 gratiam
1527 926 1592 983 ildei
1614 938 1719 988 nostrae

56 1009 200 1077 incursus,
226 1009 477 1080 sabbatorumque
495 1011 632 1079 incurias,
663 1011 699 1068 ad
718 1019 812 1068 extre·
864 1008 924 1079 jam
940 1010 1150 1079 estevidentia,
1167 1019 1271 1068 utnon
1296 1012 1332 1069 sit
1355 1013 1542 1071 instruendus
1562 1015 1623 1087 jam
1645 1020 1720 1089 quis

70 1096 168 1153 intulit
196 1098 291 1153 Deus:
316 1101 388 1166 Erec
411 1104 437 1152 et
455 1114 502 1166 ceo
525 1099 590 1153 dedi
613 1101 651 1155 eis
677 1105 814 1169 precepto
867 1096 944 1166 piam
959 1098 993 1154 de
1008 1098 1149 1155 incarnati
1169 1099 1220 1156 Dei
1238 1101 1299 1157 Filii
1320 1102 1432 1157 notitia.
1450 1103 1524 1172 (lam
1539 1104 1616 1160 enim
1631 1105 1719 1163 rudes

52 1200 120 1252 orto,
151 1190 175 1240 et
197 1186 305 1255 judicto
325 1188 355 1241 in
381 1187 480 1256 quibus
498 1203 552 1242 nco
565 1190 667 1254 vivent,
682 1193 708 1242 et
727 1189 814 1260 pollui
867 1199 950 1256 aeque
961 1194 995 1242 ut
1010 1187 1085 1243 docti
1100 1195 1209 1244 norunt
1221 1188 1292 1258 quia
1306 1189 1365 1260 ipse
1386 1198 1429 1247 est
1452 1192 1504 1261 qui
1527 1192 1564 1248 ad
1587 1193 1717 1251 omnium

52 1275 174 1329 iambos
200 1265 269 1340 suis,
294 1290 354 1329 cum
375 1274 502 1344 offmeot
524 1291 600 1331 omne
621 1277 694 1346 quod
724 1279 814 1346 operat
867 1275 945 1330 venit
957 1274 1102 1332 abluenda
1114 1275 1262 1347 crimina.)
1285 1277 1337 1334 Sed
1361 1278 1422 1349 jam
1443 1280 1549 1350 passim
1569 1280 1604 1338 de
1626 1285 1718 1339 eorri-
1783 1343 1787 1346 ,

52 1378 73 1418 it
104 1368 216 1433 propter
248 1364 347 1418 delicto
378 1378 428 1418 suo
459 1364 567 1435 (Erech
597 1379 647 1433 xx,
675 1368 719 1433 25,
753 1368 810 1434 tii).
867 1362 968 1433 gendis
981 1364 1117 1434 operibus
1133 1372 1161 1420 et
1177 1365 1306 1421 moribus
1318 1366 1354 1421 sit
1368 1366 1509 1423 doctrina.

52 1467 57 1506 i
82 1466 140 1508 non
172 1451 257 1518 bona,
283 1466 348 1509 cum
369 1452 456 1523 juxta
480 1454 641 1523 apsotolum
669 1462 810 1524 nostrum,
1192 1452 1309 1510 CAPUT
1329 1453 1391 1510 Vll.

56 1547 66 1596 t
85 1547 195 1607 sancta,
211 1548 239 1596 et
260 1542 428 1606 mandatum
453 1548 481 1597 et
501 1542 613 1612 justum
633 1549 660 1598 et
683 1540 811 1598 bonum?
900 1541 945 1594 Ee
968 1540 1061 1594 Vetere
1085 1541 1148 1594 tiam
1169 1544 1336 1596 Testamenta
1356 1543 1473 1598 ostendit
1495 1544 1599 1601 Christi
1614 1547 1717 1602 odom-

75 1643 124 1696 γη,
153 1628 212 1700 12.)
235 1627 373 1685 Cortieem
411 1637 439 1686 et
463 1644 527 1685 essa
556 1628 724 1686 rodentibus
753 1644 810 1687 non
865 1626 931 1676 tum.
949 1623 1144 1679 -Tt'anslatii
1164 1623 1460 1695 igitur,nonobruto,
1486 1629 1626 1685 tuisolim
1648 1630 1717 1687 dato

64 1712 201 1769 interiora
216 1714 403 1782 carpentibus
418 1714 507 1781 ortilis,
533 1715 741 1785 utentibusque
756 1729 811 1772 me
830 1689 995 1779 Bpatribus
1015 1719 1193 1780 testamento,
1217 1713 1254 1769 ad
1275 1714 1398 1771 sanioris
1420 1715 1610 1773 observantie
1631 1717 1718 1774 intel-

67 1800 100 1857 tlt
124 1809 193 1857 sunt
218 1801 327 1858 inimici
352 1802 380 1858 in
406 1803 525 1873 psalmo,
557 1804 608 1873 qui
631 1811 736 1859 terram
758 1803 811 1859 lin·
864 1799 963 1866 lectus,
975 1799 1046 1870 quid
1071 1799 1283 1870 mihiporcum,
1301 1802 1426 1872 leporem
1444 1811 1473 1859 et
1491 1814 1625 1872 ostream,
1647 1806 1717 1877 qui-

52 1889 223 1960 [9201.qu
241 1891 278 1960 9).
298 1891 387 1946 Pollui
403 1905 452 1948 eos
473 1892 502 1946 in
524 1892 704 1958 muneribus,
724 1893 808 1948 etiam
864 1886 918 1942 bus
942 1888 1097 1952 vescimur,
1123 1902 1249 1959 nequam
1271 1889 1378 1958 ludaee,
1401 1891 1522 1961 objicis?
1546 1893 1655 1964 Templi
1672 1895 1714 1950 tui

55 1977 156 2050 legalia
182 1978 246 2047 ipsa
274 1986 417 2048 praecepta
449 1978 633 2049 complerent,
664 1979 809 2036 oilerendo
862 1974 984 2045 vestigia
1012 1975 1094 2031 nulla
1121 1984 1287 2046 supersunt,
1320 1978 1466 2047 pontilicia
1494 1980 1658 2048 subsedere,
1682 1990 1715 2039 ut

52 2071 91 2122 cet
115 2079 199 2121 omne
223 2065 301 2136 quod
327 2065 418 2136 aperit
440 2066 568 2133 vulvam,
594 2080 659 2123 cum
680 2066 710 2121 in
741 2067 809 2137 ipsis
862 2060 936 2118 idem
948 2061 1004 2119 lere
1019 2076 1111 2133 genus
1124 2070 1232 2119 constet
1245 2065 1387 2122 abolitum
1410 2067 1503 2137 gentis
1519 2076 1585 2134 tuae,
1603 2068 1713 2139 ubique

52 2153 133 2210 imndi
159 2153 283 2224 pollutos
306 2154 486 2222 muneribus,
502 2155 574 2211 dum
591 2155 662 2210 nihil
683 2153 808 2212 oderunt
862 2155 1007 2206 terrarum
1029 2150 1219 2220 dispersiones
1241 2152 1386 2209 oberrant.
1414 2154 1584 2213 sanctuario
1604 2156 1712 2228 itaquo,

54 2241 153 2305 ternis,
169 2242 217 2298 sm
233 2256 285 2313 pro
307 2243 510 2300 exterioribus.
526 2243 607 2301 unna
629 2251 671 2300 esi
691 2259 697 2299 :
715 2244 808 2301 mato
861 2236 1028 2327 sacerdotio,
1056 2252 1155 2310 regno,
1182 2238 1303 2310 ipsaque
1327 2255 1397 2312 pene
1419 2251 1503 2314 genie
1527 2245 1710 2313 vacantium,

52 2334 276 2401 ottopeccotum
299 2333 384 2398 (Psoi.
409 2346 486 2399 cvrrr,
502 2332 538 2403 8).
557 2335 682 2393 Lucrum
706 2333 808 2403 utique
863 2324 920 2381 imo
950 2325 1112 2392 destructis,
1140 2327 1207 2397 quis
1226 2336 1313 2385 restat
1336 2330 1406 2401 legis
1422 2337 1519 2387 tenor!
1542 2332 1611 2389 'lota
1635 2333 1713 2390 enim

52 2420 145 2476 aneo
168 2420 333 2490 temporale,
360 2435 418 2476 non
440 2421 542 2477 neum,
571 2422 605 2477 ln
635 2421 702 2492 ipsis
723 2422 808 2492 plano
862 2411 949 2470 terme
965 2413 1011 2470 lex
1034 2417 1062 2470 in
1086 2415 1234 2486 diligentia
1250 2418 1347 2488 tempii
1369 2432 1403 2474 ao
1424 2420 1575 2476 sacerdotii
1599 2422 1711 2492 pendet.

52 2506 101 2563 etis
125 2508 186 2563 viia
207 2516 290 2573 esset,
314 2508 339 2563 st
369 2508 458 2564 Deum
482 2508 549 2579 quis
575 2523 612 2565 εχ
638 2511 807 2566 totocorde
861 2500 1103 2572 Postquambauc
1128 2505 1269 2562 universae
1295 2506 1364 2579 legis
1384 2521 1539 2577 summam,
1561 2523 1619 2565 nou
1638 2510 1711 2567 alter

52 2602 108 2666 ἐις
133 2595 175 2652 uti
205 2597 227 2652 si
253 2596 418 2667 proximum
442 2603 567 2664 curaret,
591 2596 613 2652 si
635 2597 745 2654 lurtum
779 2607 808 2656 et
860 2602 949 2659 (luam
965 2591 1040 2648 Dius
1058 2593 1115 2662 illst
1129 2593 1256 2659 subruit,
1277 2595 1348 2666 (lilid
1364 2595 1399 2651 <10
1427 2603 1713 2667 caelemfflmllsaeoe·

52 2684 141 2740 teium
156 2692 317 2750 caveretur,
332 2684 471 2754 irausquo
486 2700 543 2741 non
569 2685 658 2742 tieret.
677 2686 713 2743 nt
727 2701 805 2757 cum,
861 2685 975 2748 limium
999 2680 1130 2737 minuitis
1153 2681 1249 2738 dices?
1273 2684 1363 2740 Audis
1387 2684 1455 2740 11⁰Vi
1474 2685 1577 2742 Sideris
1598 2686 1644 2757 [8,
1661 2687 1712 2744 foe·

52 2771 188 2847 onaonjs,
215 2773 347 2829 inanium
370 2773 483 2829 urorum
508 2774 617 2829 rituum
642 2774 807 2844 superstitio
860 2764 948 2838 derisi
965 2769 1135 2838 pactionem,
1150 2770 1236 2841 cuius
1259 2780 1436 2842 superventu
1455 2787 1538 2830 neno
1555 2775 1712 2833 adnihilari

52 2867 126 2927 atur,
142 2861 204 2917 sine
217 2861 316 2917 {ructu
329 2862 468 2917 mentium
481 2875 548 2917 eam
563 2869 697 2918 vexatur,
859 2854 973 2911 dubitat
999 2865 1181 2914 vetustatem.
1207 2859 1297 2916 Cuine
1330 2860 1456 2931 imputas
1478 2864 1555 2932 quod
1580 2863 1708 2922 dicitur:

52 2947 132 3005 niam
145 2962 214 3022 ergo
230 2948 483 3020 prosequebamini
500 2964 600 3006 omnes
614 2949 805 3020 conspicabile
823 2948 933 3040 0²²⁸
949 2947 989 2998 lit
1008 2961 1035 2999 es
1064 2947 1189 3002 secedas
1212 2950 1243 3002 in
1267 2954 1396 3004 atomum
1415 2951 1562 3005 secundum
1587 2952 1710 3009 ordinem

52 3043 112 3092 tet
137 3036 210 3092 nibil
234 3036 400 3106 pendebatis
425 3036 563 3104 animam,
594 3051 660 3107 quae
689 3037 803 3106 latebat,
858 3032 1170 3105 ltetcltsedechitpsct.
1196 3049 1253 3104 0¹1¹,
1278 3036 1487 3109 4·)Cssi¹18³d
1512 3039 1604 3095 Deum
1628 3039 1707 3112 loqui

56 3119 172 3181 tandem
193 3125 269 3181 Deus
288 3125 456 3191 nobis‚imo
478 3123 500 3181 si
529 3125 690 3183 voluissetis
711 3127 802 3195 robis,
858 3118 889 3174 in
918 3120 1027 3190 psalmo
1056 3136 1206 3192 personam
1237 3125 1344 3194 putas?
1369 3126 1661 3199 Sacrificium,luquit
1684 3134 1711 3184 et

52 3226 87 3270 qm
107 3213 284 3285 exemplaria
305 3227 451 3283 verorum,
475 3215 524 3270 sed
543 3214 605 3285 ipsa
629 3224 745 3286 verme
762 3231 805 3272 sa.
857 3207 1020 3264 oblationem
1056 3211 1179 3280 noluisti,
1213 3227 1292 3267 altres
1322 3218 1411 3269 attiem
1447 3217 1587 3284 perfecisti
1627 3218 1705 3273 miht'.

52 3302 160 3359 einiora
177 3302 352 3376 producere;
371 3301 432 3372 ipse
456 3303 533 3359 enim
557 3317 606 3373 per
628 3304 803 3374 'praedictum
857 3297 1048 3353 holocaustam
1066 3305 1092 3354 et
1107 3315 1157 3369 pro
1177 3305 1287 3370 peccato
1310 3316 1363 3356 noa
1378 3305 1534 3371 postutasti,
1551 3308 1614 3359 tuac
1635 3305 1706 3369 diat,

52 3398 124 3448 etam
148 3391 363 3463 praestillaverat
388 3392 478 3448 vobis.
496 3393 577 3459 Ecce,
608 3392 714 3464 inquit,
746 3394 804 3450 dies
856 3384 929 3440 Εΰθθ
950 3389 1049 3442 venio?
1064 3386 1255 3458 (Psillffllxt
1271 3394 1298 3457 t,
1330 3389 1368 3460 ⁸·)
1393 3392 1421 3447 Sl
1445 3392 1482 3447 ad
1507 3391 1598 3448 David
1617 3393 1708 3450 Verba

52 3483 76 3546 t,
103 3478 172 3534 dreit
197 3483 334 3548 pominus,
360 3484 385 3534 et
411 3481 512 3548 sertam
536 3480 628 3535 domui
654 3483 754 3547 remei,
778 3488 805 3539 et
857 3472 919 3530 baec
934 3474 1050 3545 rcieras,
1073 3475 1119 3532 cui
1149 3478 1224 3533 Deus
1251 3478 1312 3534 ideo
1331 3492 1416 3535 aures
1443 3479 1577 3547 elieoerit,
1611 3481 1640 3538 id
1665 3491 1707 3541 est

73 3568 148 3625 suaa
173 3568 262 3636 sedus
290 3583 399 3637 novum,
433 3584 487 3623 non
514 3570 660 3625 secunaum
692 3577 803 3641 paetum
857 3562 1047 3620 obedientiam
1086 3564 1204 3634 dederit,
1246 3567 1315 3636 quia
1355 3568 1496 3624 sacrificia
1535 3570 1704 3641 neglexerit,

52 3659 148 3727 pepiei
166 3654 371 3727 compatribus
391 3673 492 3726 eorum,
516 3660 547 3712 ia
571 3659 616 3713 die
630 3675 686 3728 quc
700 3676 803 3730 appre-
855 3651 1043 3722 equipottens
1070 3651 1112 3709 illi
1139 3656 1287 3710 sententiae
1313 3655 1368 3712 erit
1385 3670 1392 3711 :
1408 3657 1504 3711 Melior
1530 3663 1569 3713 est
1600 3658 1706 3717 scilicet

68 3759 180 3799 manum
212 3761 311 3815 eorum,
349 3750 379 3801 ut
412 3746 549 3801 educerem
587 3762 629 3804 eos
662 3748 695 3803 de
730 3754 804 3805 terra
856 3739 1008 3795 obedientia
1017 3743 1223 3810 quamvictt'mae
1237 3743 1267 3809 (Ι
1285 3744 1351 3811 8889.
1371 3758 1420 3810 XV,
1448 3745 1504 3816 22).
1520 3744 1549 3801 St
1573 3746 1610 3802 ad
1633 3748 1704 3805 Mes·

53 3836 84 3894 tt.
104 3839 216 3903 pactam
238 3835 310 3903 quod
330 3837 441 3890 tamtum
460 3837 597 3903 serment·
611 3837 659 3892 sed
681 3838 728 3893 tec
751 3842 804 3895 me
856 3827 939 3894 siam,
958 3842 1045 3898 quem
1067 3827 1192 3884 inaniter
1211 3830 1387 3898 praestotaris
1407 3839 1500 3900 tunm,
1524 3832 1628 3889 laisum
1651 3842 1704 3904 est,

52 3938 65 3977 q
103 3922 175 3991 quod
201 3925 301 3990 seiam
332 3939 393 3979 cum
422 3925 499 3980 domo
524 3927 627 3980 lsrael:
655 3928 718 3982 Pege
745 3928 803 3983 dies
857 3914 927 3987 quia
940 3929 1006 3972 eum
1021 3916 1146 3973 aestimas
1166 3916 1375 3988 subjectissime
1391 3919 1425 3975 iis
1444 3922 1622 3978 ceremoniis
1643 3936 1707 3980 ser-

52 4010 111 4066 lodo
135 4013 219 4080 teqem
241 4028 328 4067 mom
355 4015 385 4067 in
411 4014 559 4069 uisceribus
588 4030 689 4084 eorum,
719 4020 745 4071 et
773 4019 803 4072 ia
856 4004 998 4060 liulfum·

52 4115 138 4156 eorum
158 4101 277 4156 scribam
301 4117 370 4168 eum,
393 4106 419 4156 et
438 4117 492 4157 oon
515 4103 645 4159 docebunt
668 4106 742 4160 ultro
758 4108 803 4161 cir
893 4091 980 4148 ΡΟΓΓΟ
994 4091 1067 4148 ⁸5²⁶
1085 4091 1242 4156 Chlssillfflv
1267 4093 1326 4164 59⁸⁰
1351 4095 1539 4167 ⁸5⁰8U¹³Fl1⁰f
1568 4096 1652 4168 9¹²⁰ss
1672 4115 1707 4155 θῶ·

52 4204 110 4243 mm
140 4204 230 4258 suum,
253 4195 279 4244 et
312 4191 357 4244 vie·
372 4193 488 4257 [rate-em
514 4205 594 4246 guum
618 4193 729 4249 dicem·
748 4197 801 4250 00.
856 4181 892 4235 888
917 4195 977 4250 9888
997 4196 1094 4249 passus
1118 4188 1157 4237 888
1181 4181 1281 4237 didicit
1301 4184 1481 4239 0888888888888888
1496 4185 1587 4255 (Ηθὸΐ.
1612 4203 1641 4258 V,
1666 4189 1705 4261 8),

72 4278 234 4345 Dominum
261 4294 349 4334 omnes
374 4281 445 4333 enim
466 4285 621 4347 eoeaosceot
644 4296 686 4335 me
708 4298 726 4335 a
752 4286 803 4338 mi·
823 4269 927 4338 pquia
942 4268 1127 4336 holocaustis,
1142 4277 1170 4326 et
1185 4285 1236 4340 pro
1261 4280 1375 4341 peccato
1400 4273 1567 4331 nuliatenus
1596 4277 1705 4346 placari

52 4380 133 4437 neque
151 4367 188 4421 aa
206 4370 367 4436 mimum,
389 4369 456 4438 quea
477 4370 649 4437 propitiabor
671 4372 804 4439 iniquita·
857 4356 995 4413 didicerat
1025 4358 1147 4414 Patrem.
1179 4358 1249 4415 Cum
1280 4361 1363 4417 multi
1394 4361 1502 4418 iueriut
1534 4364 1707 4432 sacerdotes,

52 4468 140 4522 emm,
166 4467 190 4510 et
209 4458 316 4525 peccati
335 4471 426 4510 eorum
440 4471 493 4510 710„
507 4472 550 4511 m
563 4471 663 4511 memor
685 4460 803 4528 amptius
857 4445 924 4515 quis
937 4459 1036 4502 eorum
1047 4445 1156 4502 exstitit
1168 4445 1199 4503 iu
1222 4451 1382 4505 aeternum?
1401 4450 1469 4517 Quis
1492 4465 1560 4507 vero
1572 4459 1708 4520 aeternus,

52 4556 125 4610 em,
155 4544 254 4614 3135).
282 4543 336 4600 qm
363 4557 471 4600 novum
496 4544 625 4600 qoequsa
653 4547 707 4602 000
736 4563 804 4605 cum
857 4532 912 4589 nisi
931 4534 1026 4590 Deus?
1043 4535 1132 4591 Deum
1151 4543 1247 4592 autem
1274 4539 1450 4594 sacerdotem
1466 4539 1521 4594 dici
1549 4554 1708 4611 nusquam,

60 4631 147 4688 lsrael
170 4631 281 4702 percuti
303 4631 417 4698 dicitur,
440 4632 468 4688 in
497 4633 585 4689 veteri
605 4634 698 4703 jama
724 4636 804 4693 vohis
856 4637 890 4686 ut
904 4643 969 4686 reor
991 4629 1129 4699 invenies,
1152 4631 1208 4688 nisi
1228 4632 1374 4691 Christum
1400 4633 1551 4706 intelligas.
1574 4636 1708 4694 Christus

52 4721 278 4787 inotovivitur;
296 4728 328 4777 ut
349 4720 427 4777 enim
445 4721 535 4778 nostri
554 4721 682 4792 Apostoll
709 4724 805 4782 verbis
856 4741 926 4799 ergo
955 4726 986 4782 in
1012 4727 1065 4783 hoc
1087 4727 1146 4783 solo
1171 4730 1304 4786 sacerdos
1332 4730 1383 4801 qui
1413 4731 1504 4788 dixit:
1534 4736 1601 4789 Ecce
1631 4737 1709 4792 oeaio

52 4805 95 4863 rbi
107 4806 204 4865 dixit:
224 4810 329 4864 Novum
347 4811 479 4865 oeteroott
505 4811 594 4878 prius,
620 4810 693 4878 quod
715 4817 805 4868 uatem
859 4814 942 4885 (Psoi.
959 4828 1058 4883 xxxix,
1074 4814 1111 4886 8),
1124 4815 1194 4886 quia
1214 4832 1244 4874 se
1266 4818 1412 4875 victimam
1435 4820 1511 4876 Petri
1532 4821 1634 4879 detulit
1656 4837 1709 4894 pro

52 4897 117 4949 etur
131 4899 156 4951 et
172 4899 285 4952 rarescit
302 4912 386 4967 prope
403 4897 545 4953 interitum
560 4903 599 4952 cst
626 4899 717 4970 (Heba.
744 4916 804 4971 vrri,
859 4909 982 4975 peccato.
1002 4902 1084 4972 Quia,
1108 4905 1212 4975 inquit,
1242 4906 1277 4961 de
1305 4906 1378 4963 iutili
1403 4909 1533 4966 causaris
1557 4911 1707 4981 sacrificio,

52 4981 86 5038 ed
110 4990 213 5053 quatre
229 4991 314 5042 vetus
337 4985 454 5052 dieitur,
480 4984 535 5041 nisi
556 4985 626 5055 quia
650 4987 762 5045 caduca
778 4996 806 5047 et
856 4993 917 5064 jam
928 4991 989 5059 tibi,
1012 4993 1105 5061 Pater,
1122 5007 1167 5049 me
1184 4993 1320 5052 litaturus
1335 4997 1430 5052 venio.
1454 4998 1514 5069 Ego
1534 4997 1611 5055 enim
1630 5014 1707 5069 sum,

52 5071 222 5141 aperitura,
241 5072 366 5129 visibilia
380 5073 522 5140 videlicet,
542 5074 735 5144 repromittit?
860 5081 895 5138 de
917 5093 976 5150 quo
996 5083 1026 5134 ta
1049 5083 1139 5150 capite
1167 5082 1232 5136 libri
1249 5084 1381 5152 seriptum
1404 5089 1454 5151 est,
1480 5089 1510 5140 ut
1528 5089 1646 5153 formem
1662 5104 1709 5143 oc·

52 5202 55 5214 .
78 5165 174 5215 autem
197 5161 264 5231 jure
286 5175 404 5230 novum,
426 5161 496 5232 quia
513 5162 753 5233 incorruptibilia,
779 5173 807 5224 et
860 5171 991 5226 tentatam
1008 5171 1083 5223 tuum
1105 5168 1195 5237 (ibid,
1212 5170 1249 5240 9).
1271 5172 1334 5226 lam
1358 5185 1374 5226 a
1396 5187 1516 5242 persona
1539 5175 1630 5231 David
1657 5175 1708 5234 iste

52 5246 259 5303 ,inmortalibus
278 5249 369 5305 oeulis
394 5250 560 5320 conspicua,
589 5250 678 5307 nullis
705 5253 807 5310 usibus
861 5268 963 5311 sensus
975 5254 1128 5312 exorbitat.
1142 5255 1216 5322 Quid
1232 5264 1274 5313 est
1289 5265 1376 5327 caput
1392 5258 1458 5315 libri
1477 5260 1586 5331 hujus?
1610 5264 1709 5320 beatos

52 5333 114 5402 ada,
129 5335 276 5405 promittit.
296 5335 355 5393 Nec
377 5338 538 5395 secuudum
558 5338 627 5395 illud
652 5347 703 5406 est,
729 5341 807 5412 quod
861 5345 904 5398 otr
920 5345 969 5412 qui
981 5359 1035 5398 noo
1049 5344 1127 5413 obiit,
1140 5350 1168 5399 et
1182 5345 1341 5415 sequentia,
1359 5361 1452 5417 usque
1466 5349 1502 5403 ad
1521 5353 1612 5406 omnic
1637 5368 1710 5422 que-

52 5423 138 5480 ·estris
153 5423 183 5478 in
197 5433 420 5494 eremopaetum
439 5433 482 5482 est
506 5427 647 5497 patribus,
669 5428 740 5500 quia
768 5429 807 5487 ibi
862 5447 967 5502 cunque
989 5433 1073 5499 saciet
1092 5434 1327 5503 prosperabuntur
1346 5436 1429 5507 (Prot.
1444 5451 1462 5491 r.
1482 5438 1550 5507 l-ti.
1577 5439 1647 5506 Quis
1670 5449 1712 5499 est

57 5516 87 5568 et
98 5511 258 5569 terroribus
272 5513 307 5569 ad
328 5512 445 5586 singula
465 5521 616 5585 praecepta,
638 5517 696 5583 qu
714 5517 809 5573 Domi-
863 5518 911 5576 cui
922 5518 1055 5577 concinat
1068 5533 1313 5590 presensrersus,
1328 5523 1530 5593 utsecundum
1551 5528 1597 5584 sui
1611 5535 1712 5600 typum

138 5609 276 5677 Parnon.
302 5611 404 5680 CLVI.
1517 5630 1557 5688 tt
