3818 6008
565 217 595 271 V.
615 215 781 272 culusum
801 215 948 271 annffls
967 216 995 271 S.
1017 216 1137 271 ltalrlm
1156 216 1201 271 nl:
1220 215 1419 273 nolltlbnro

118 369 184 413 sum
211 355 329 426 rejicere
352 353 455 409 carnis.
474 351 678 422 Spiritualibus
704 351 866 422 spiritualia
891 365 965 407 catn-
982 351 1088 422 aquia
1114 351 1294 409 Christianus
1327 366 1383 407 non
1414 352 1458 420 sit,
1488 351 1638 423 multoque
1678 354 1788 411 rectius
1825 354 1870 411 isti

119 459 198 515 para.
230 445 306 500 Deus
326 443 445 512 spiritus
474 448 525 508 est,
552 448 580 495 ct
609 439 697 496 solius
722 440 837 496 uirtutis
867 440 964 495 haurit
1018 439 1124 495 dicitur
1147 439 1224 510 quod
1250 439 1356 509 impius
1379 440 1425 494 bic
1447 440 1544 508 tueris,
1570 442 1592 496 si
1616 442 1682 512 plus
1702 457 1766 498 csse
1788 442 1869 499 velis.

118 532 244 597 odorem,
260 537 287 585 et
303 528 361 584 sola
384 518 496 582 morum
516 526 588 581 ritia
602 526 656 581 sibi
685 526 810 582 sordent.
827 525 879 583 Ubi
895 539 963 596 ergo
1018 525 1111 593 Quare
1125 525 1184 583 zelo
1197 528 1359 583 vehementi
1374 543 1433 583 non
1448 526 1551 585 eiierar
1566 527 1634 599 (22),
1650 544 1716 585 cum
1745 529 1870 591 videam,

118 620 193 674 Deus
207 619 281 673 bona
295 616 398 671 animm
418 615 554 671 universa
578 622 771 684 congesserat,
797 612 964 669 nullatenus
1018 616 1131 686 eosqui
1155 615 1291 686 conjugia
1312 616 1510 686 pulcherrima
1532 625 1561 673 et
1586 617 1706 674 honesta
1721 618 1869 685 deserunt,

116 708 145 762 in
159 705 271 776 virgine
287 704 467 775 tragilitatem
488 702 650 771 corpusculi
671 702 787 759 horrere
814 701 961 757 debuerat.
1017 712 1045 760 et
1068 718 1142 761 anus
1166 704 1251 760 etiam
1277 705 1332 762 sub
1354 705 1465 761 maritis
1487 712 1614 776 agentes,
1637 705 1758 777 jamque
1783 721 1870 778 rugo·

446 807 561 864 ggpgp
580 807 630 864 qv,
1018 794 1145 848 sissimus
1173 801 1362 858 assectantur,
1384 793 1413 848 in
1436 807 1562 864 quarum
1587 808 1704 865 quoque
1730 794 1871 851 abusione
1908 784 1909 797 ¹

473 911 607 960 ΟΜΝΗ),
1019 895 1224 951 germanorum
1252 895 1372 937 suorum
1399 882 1536 938 rivalitati
1564 896 1622 937 non
1649 889 1786 953 parcunt,
1820 881 1869 953 qui

117 220 170 274 495
1750 254 1752 259 ·
1818 221 1870 273 496

151 991 202 1044 Pro
217 989 285 1041 Filii
301 988 349 1040 Dei
366 987 555 1039 incarnatione
578 987 712 1052 nequeunt
729 984 847 1037 leminea
864 981 964 1051 dignas
1018 969 1100 1024 ”⁰¹¹³
1131 969 1302 1038 des9⁰¹¹iata
1326 970 1382 1026 ⁰⁹⁰
1403 979 1549 1038 Verentur,
1577 970 1629 1041 qui
1663 970 1745 1028 nulla
1776 970 1870 1027 ⁸ffldl0

115 1081 206 1144 pratea
217 1075 371 1145 rependere.
385 1105 419 1113 -
437 1072 508 1140 Quis
526 1086 595 1127 vero
620 1086 657 1127 ex
672 1071 752 1127 vobis
768 1075 858 1141 potest
874 1070 964 1140 ipsam
1020 1054 1095 1123 fidei·
1112 1055 1160 1111 sed
1189 1055 1310 1126 llil]urii
1333 1063 1361 1112 θῑ
1385 1055 1553 1126 proditionis
1578 1065 1718 1128 aguntur,
1743 1072 1821 1127 quor
1823 1073 1869 1115 ¹1¹1]

115 1165 251 1221 teminam
267 1176 392 1234 arguere
406 1161 440 1216 de
456 1161 590 1231 peccalo?
604 1161 641 1216 At
660 1159 799 1230 quoniam
820 1175 877 1215 non
902 1173 966 1229 sup
1019 1152 1115 1213 patres
1127 1152 1154 1200 et
1167 1159 1203 1200 ex
1219 1144 1327 1215 quibus
1339 1143 1386 1200 isti
1400 1152 1537 1201 maternae
1549 1145 1692 1213 Ecclesia,
1703 1146 1870 1203 destructio

116 1255 185 1325 petit
198 1252 274 1309 unde
287 1258 439 1322 arguatur,
451 1250 511 1306 sola
530 1256 642 1306 naturae
663 1257 691 1304 et
706 1263 794 1305 sexus
809 1248 965 1320 indignitas
1018 1232 1105 1289 ”ibus
1120 1232 1295 1300 inslilelflssb
1311 1233 1385 1288 satri
1408 1233 1517 1289 0sdi¹15⁵
1541 1234 1631 1290 caedes
1650 1242 1799 1291 amarunt·
1826 1236 1868 1303 Hi.

116 1342 146 1397 in
159 1354 248 1397 causa
260 1347 311 1395 est.
331 1338 358 1395 Si
374 1339 449 1394 Deus
466 1338 494 1393 in
514 1337 630 1408 propria
647 1350 766 1407 persona
782 1337 817 1392 ad
835 1336 965 1393 homines
1019 1320 1150 1391 inillam,
1167 1321 1204 1376 ad
1233 1321 1346 1391 reprobi
1371 1335 1474 1377 sensus
1497 1328 1686 1392 augmentum
1711 1323 1747 1380 ‘¹0
1771 1323 1869 1380 divini

117 1429 317 1497 descendisset,
336 1436 387 1483 aut
415 1439 535 1496 persona
562 1425 690 1495 aliquam
720 1425 857 1492 divinam,
888 1426 965 1481 unde
1018 1408 1167 1477 disputant
1189 1410 1333 1479 genitura,
1355 1417 1382 1465 θῑ
1406 1418 1554 1480 ass1¹¹¹¹l¹i0
1578 1411 1747 1468 ludaeorum
1773 1420 1869 1483 Ρὸῑΐθ·

116 1520 289 1588 nescioquo
315 1515 398 1571 modo
422 1522 598 1579 nasceretur,
618 1513 673 1569 sibi
689 1512 877 1581 adhibuisset,
894 1513 964 1569 dum
1019 1497 1104 1564 ⁰1le
1133 1512 1200 1553 ⁰111ss
1232 1498 1335 1568 ”fitilla
1362 1511 1461 1554 eorum
1496 1499 1525 1554 ¹¹1
1551 1507 1628 1555 18Πὸ
1653 1500 1813 1568 ῐῐὸῡὸἰθΐίῑ,
1843 1501 1868 1556 in

117 1605 214 1662 sibiin
236 1604 316 1660 nullo
332 1604 367 1658 de
392 1616 445 1658 sua
461 1603 623 1672 quidquam
639 1603 786 1672 majestate
802 1601 961 1663 minuisset,
983 1585 1124 1702 B⁰OE¹U¹¹¹
1145 1586 1205 1656 1³⁰¹
1228 1594 1386 1656 DOSllesUssl
1410 1601 1461 1642 ⁰s³
1484 1600 1538 1642 ⁸⁰²
1562 1587 1647 1658 (ΡΜ
1669 1602 1759 1658 ΜΗ,
1783 1591 1820 1656 9),
1845 1597 1869 1645 θῑ

117 1693 185 1750 satis
200 1692 354 1749 mediocres
378 1691 414 1747 ab
440 1691 603 1746 bominibus
628 1691 735 1760 gratias
754 1690 914 1745 meruisset.
931 1692 964 1745 nt
1020 1674 1179 1729 secundum
1197 1674 1316 1730 “Simas
1331 1675 1428 1731 ⁸⁰fd08
1442 1676 1602 1732 Πῐθῑῑῦὓῑῦΐ
1613 1675 1868 1746 dillssaffltsleliit

117 1781 188 1853 quia
199 1784 291 1837 gotum
307 1794 356 1849 pm
371 1792 473 1835 eorum
497 1792 527 1834 30
551 1776 671 1834 comum
685 1778 787 1843 sarug,
808 1777 964 1833 humilitati
1018 1769 1045 1817 et
1059 1777 1125 1818 cum
1141 1770 1256 1831 putores
1270 1763 1433 1819 exercitatae
1448 1763 1576 1820 libidinis
1599 1763 1728 1821 fastidire
1742 1764 1867 1835 coperit,

116 1877 144 1926 et
159 1867 268 1941 gratim,
286 1883 342 1923 no„
358 1875 399 1923 θεῖ
421 1867 497 1937 quod
522 1867 605 1921 homo
623 1865 709 1936 possit
727 1865 846 1935 pignum
863 1878 964 1935 repen.
1018 1863 1054 1904 ex
1074 1863 1104 1903 se
1128 1851 1203 1905 victa
1227 1849 1357 1920 nequitia
1380 1850 1555 1921 llagitiorum
1578 1865 1698 1908 suorum
1719 1852 1868 1924 crapulam

117 1958 194 2014 gefe·
211 1958 273 2013 No„
295 1955 349 2012 sug
373 1954 450 2025 quw
479 1954 624 2010 hommem
651 1953 743 2024 magis
769 1953 908 2021 potuisset
928 1953 966 2008 pn.
1017 1937 1048 1993 ia
1072 1938 1259 2006 christianas,
1284 1940 1339 1995 imo
1364 1940 1393 1994 in
1416 1952 1513 1996 rerum
1538 1940 1696 1997 coelestium
1729 1951 1869 1998 nauseant

117 2053 240 2102 struere.
1019 2027 1170 2095 puritates.

383 2127 495 2169 SOLUTIO
519 2126 695 2176 Quusrtonts.
1053 2115 1110 2171 Nec
1125 2115 1230 2171 mirum
1253 2115 1277 2171 si
1299 2117 1364 2184 beo,
1390 2130 1477 2187 quem
1503 2132 1560 2173 non
1584 2117 1693 2186 vident,
1715 2117 1862 2190 derogent,

152 2205 278 2258 Humana
292 2203 378 2271 specie
393 2204 462 2256 beas
476 2203 618 2270 apparuit.
643 2199 708 2254 lade
731 2199 868 2253 concludit
891 2198 966 2252 baud
1019 2218 1085 2259 cum
1098 2203 1124 2258 id
1137 2218 1229 2274 genus
1240 2205 1268 2259 in
1283 2219 1344 2261 sese
1353 2205 1526 2261 alterutrum
1542 2205 1766 2275 implacabiliter
1779 2207 1867 2263 bostes

116 2292 275 2358 absurdum,
293 2294 375 2346 Deum
391 2305 487 2359 corpus
502 2288 650 2342 turmarum
664 2287 795 2342 induisse.
814 2286 966 2343 -Nonne
1018 2292 1153 2347 existant.
1171 2292 1219 2347 Est
1230 2300 1325 2348 tamen
1336 2294 1386 2364 qul
1402 2293 1478 2349 dicat
1488 2293 1643 2364 aliquando
1658 2294 1865 2361 :Euistimcstu

116 2381 193 2436 Deos
207 2381 235 2435 in
250 2379 338 2435 veteri
356 2388 405 2434 tua
427 2379 488 2449 lege
509 2378 564 2433 sub
589 2377 718 2432 bumana
742 2376 834 2446 specie
857 2375 886 2430 in
901 2390 966 2431 eon·
1019 2380 1150 2450 inquam,
1167 2381 1239 2450 quod
1254 2398 1298 2436 cro
1312 2385 1353 2436 tui
1367 2384 1476 2450 similis,
1502 2399 1620 2451 arguam
1642 2389 1677 2449 te,
1702 2389 1727 2439 et
1751 2389 1867 2439 statuam

116 2469 185 2525 valli
200 2468 327 2525 Mambre
342 2467 463 2523 Abrabae
492 2464 652 2534 apparuit?
676 2464 752 2535 (dea.
773 2478 853 2529 nutri,
879 2466 917 2531 l.)
931 2464 966 2519 Et
1019 2469 1225 2534 contrafactum
1241 2475 1317 2523 tuam
1331 2470 1420 2540 (Psoi.
1435 2485 1511 2535 xum,
1527 2472 1585 2540 bl).
1604 2472 1757 2542 interrogo
1774 2473 1867 2543 itaquo

117 2557 167 2628 qui
191 2556 289 2612 vestiri
304 2562 401 2610 nostre
427 2555 463 2610 ad
490 2554 591 2608 boram
616 2551 742 2622 imagine
767 2553 855 2607 uilius
877 2565 966 2607 causa
1018 2556 1140 2625 eosqui,
1158 2557 1227 2610 dum
1249 2558 1428 2627 turpissimos
1452 2571 1522 2613 usus
1544 2558 1706 2620 attendunt,
1733 2558 1866 2630 virgineae

117 2642 359 2709 bominisvoluit‚
387 2642 413 2697 id
431 2641 525 2697 tacere
543 2641 719 2710 quandoque
746 2640 886 2695 veraciter
913 2654 966 2709 pro
1018 2651 1045 2699 et
1073 2642 1256 2712 impassibilis
1283 2643 1432 2698 munditiae
1459 2643 1580 2714 gloriam
1611 2658 1668 2699 nou
1695 2653 1866 2715 agnoscunt.

117 2747 177 2788 sure
191 2732 326 2801 imaginis
344 2730 436 2786 salute
450 2744 506 2785 nou
528 2728 650 2784 debuit?
666 2729 790 2784 'lantum
806 2742 874 2784 sane
890 2743 966 2798 prte-
1019 2733 1112 2789 Adam
1127 2741 1155 2788 et
1167 2733 1229 2788 Eva
1249 2746 1351 2802 quare,
1367 2739 1429 2801 post
1449 2733 1705 2803 transgressionem
1729 2733 1866 2800 mandati,

118 2820 219 2877 cellere
235 2819 386 2890 specialem
403 2819 540 2874 debuerat
557 2817 665 2873 utilitas
692 2817 844 2888 generalis.
866 2817 966 2872 Nonne
1021 2820 1096 2877 toliis
1111 2821 1245 2890 pudenda
1259 2822 1418 2876 texerunt?
1438 2822 1531 2876 Antea
1553 2821 1738 2889 audierant,
1764 2831 1792 2879 et
1813 2837 1868 2877 non

118 2908 158 2964 illi
175 2916 224 2964 tuo
240 2922 325 2978 quem
341 2908 412 2963 dicis
427 2907 485 2962 beo
508 2920 626 2976 azymus
641 2907 732 2974 panis,
757 2905 885 2961 butirum
901 2919 964 2961 cum
986 2908 1236 2995 eerubescebant.
1254 2908 1334 2965 Unde
1351 2908 1465 2977 pudor?
1480 2909 1595 2964 lustum
1615 2909 1669 2965 luit
1689 2917 1721 2965 ut
1737 2910 1868 2979 quandlu

116 2996 248 3053 vitulinis
260 2996 337 3051 illata
351 3003 420 3050 sunt
435 2995 582 3050 carnibus.
609 2993 716 3049 Deinde
745 2993 850 3063 legitur
869 3007 966 3048 coate-

117 3085 201 3148 disse,
218 3093 245 3140 et
258 3083 448 3140 discumbenti
467 3082 616 3139 Abrabam
642 3081 766 3137 astitisse
780 3083 859 3150 (Gen.
885 3083 964 3152 (tl-8).

118 3175 201 3231 Etne
217 3173 295 3228 dicas
318 3172 453 3242 angelum
470 3171 566 3226 luisse.
595 3171 669 3240 Lege
696 3170 787 3225 Deum
813 3170 900 3225 verbo
929 3171 966 3226 ad

116 3262 263 3318 Abrabam
289 3261 387 3315 babilo
401 3259 502 3315 abiisse
515 3258 608 3330 (lbid,
625 3259 687 3328 33),
708 3269 735 3314 et
752 3259 824 3313 duos
849 3257 966 3328 angelos

116 3350 287 3406 nominatim
300 3348 449 3405 Sodomam
474 3347 651 3403 contendisse
673 3348 750 3417 (Gen.
776 3361 825 3410 vu,
845 3349 881 3414 l).
904 3347 966 3401 Per·

117 3440 207 3510 pende
218 3439 306 3509 igitur
320 3438 411 3493 Deum
424 3436 548 3492 necdum
564 3443 748 3504 corporatum
764 3434 964 3503 corporalibus

117 3528 186 3584 cibis
212 3542 246 3582 ac
272 3526 386 3596 potibus
401 3525 564 3580 indulsisse.
589 3526 624 3580 Et
649 3525 673 3579 si
699 3531 731 3579 tu
757 3523 847 3578 ileum
875 3523 966 3578 credis

117 3616 214 3681 tuisse,
232 3615 303 3670 niltil
318 3621 461 3685 quantum
478 3613 513 3668 ad
529 3610 718 3669 bumilitatem
735 3618 852 3680 spectat,
870 3610 967 3666 minus

117 3719 169 3776 ego
189 3719 256 3760 eum
281 3702 425 3773 perpendo
449 3701 548 3757 iecisse
570 3713 657 3770 quam
682 3699 758 3770 quod
783 3699 966 3768 postmodum

117 3793 198 3850 visus
212 3796 261 3862 est}
274 3791 421 3848 bominem
442 3789 579 3845 induisse.
606 3788 738 3845 Creditur
760 3788 836 3843 enim
860 3786 906 3842 ille
927 3801 968 3842 se-

117 3883 248 3937 cuudum
262 3880 424 3950 opinionem
443 3884 523 3932 tuam
540 3878 613 3932 Deus
628 3890 732 3945 carpus
751 3890 786 3931 ex
813 3889 878 3931 aere
899 3888 967 3945 per-

119 3968 296 4025 functorium
310 3966 507 4035 assumpsisse.
524 3964 551 4020 Si
568 3979 638 4036 ergo
650 3964 743 4020 credis
763 3965 851 4020 [laum
871 3963 966 4019 incor-

1020 3000 1076 3053 beo
1105 2997 1254 3053 obedirent
1279 3010 1401 3066 corpora
1427 2997 1542 3061 rationi,
1572 2998 1869 3068 concupiscentialiter

1020 3085 1137 3141 rebellia
1153 3100 1210 3140 non
1227 3085 1386 3140 baberent:
1412 3094 1451 3153 at,
1469 3085 1518 3140 ubi
1542 3086 1634 3142 Deum
1653 3094 1866 3156 postponerent,

1020 3173 1102 3230 taedis
1118 3173 1191 3229 illico
1207 3174 1236 3229 iu
1252 3187 1281 3229 se
1296 3174 1422 3229 motibus
1441 3181 1605 3230 aestuarent.
1625 3174 1658 3228 lli
1679 3182 1748 3231 sunt
1764 3183 1865 3242 motus,

1020 3277 1071 3332 qm
1087 3262 1116 3316 in
1131 3261 1243 3316 animas
1257 3270 1411 3331 etcorpora
1425 3277 1526 3318 eorum
1541 3263 1592 3333 qui
1608 3262 1866 3334 gignuntur„pec-

1020 3359 1116 3405 catum
1129 3349 1269 3420 originale
1295 3350 1453 3420 trajiciunt.
1478 3350 1673 3420 Conqueritur
1696 3365 1727 3407 se
1752 3351 1866 3422 proinde

1021 3438 1111 3492 llavid
1126 3438 1153 3492 in
1168 3437 1320 3508 iniquitate
1344 3446 1514 3507 conceptum
1541 3440 1629 3507 (Psal.
1654 3454 1680 3506 u,
1704 3437 1746 3508 7).
1774 3440 1866 3495 llerito

1020 3526 1119 3596 itaque
1143 3527 1334 3594 erubuerunt,
1361 3526 1412 3596 qui
1436 3526 1497 3597 iam
1522 3527 1720 3583 membrorum
1747 3541 1865 3585 suorum

1020 3613 1152 3669 dominos
1165 3628 1194 3669 sc
1209 3628 1266 3669 non
1281 3629 1341 3669 osse
1356 3622 1517 3670 senserunt.

1056 3703 1144 3768 Quare
1157 3701 1285 3770 pudenda
1301 3706 1424 3771 corporis
1437 3703 1556 3756 membra
1575 3704 1708 3758 uelantur.
1724 3733 1757 3746 -
1783 3703 1866 3770 Quae-

1021 3790 1097 3847 ritur
1122 3790 1239 3860 proinde
1261 3804 1278 3844 a
1302 3791 1476 3860 quibusdam
1503 3790 1573 3861 quid
1599 3805 1695 3847 causae
1720 3791 1768 3859 sit,
1791 3790 1866 3863 quod

1022 3886 1168 3948 tantopere
1182 3892 1216 3934 ea
1230 3878 1359 3934 membra
1373 3877 1511 3945 velamus,
1531 3893 1598 3935 cum
1618 3879 1714 3935 nullas
1739 3880 1866 3951 corporis

1022 3966 1111 4022 nostri
1131 3974 1225 4036 partos
1249 3981 1282 4022 ea
1307 3966 1464 4023 intentione
1488 3975 1629 4037 tegamus.
1652 3966 1715 4023 Non
1739 3969 1818 4025 enim
1835 3982 1867 4024 ea

118 4070 237 4127 porcum
266 4055 301 4111 ad
331 4055 431 4110 boram
459 4052 646 4123 corporaliter
680 4053 879 4120 manducasse,
913 4067 966 4108 cur
1020 4055 1080 4111 sola
1095 4055 1231 4121 celamus,
1246 4056 1294 4110 sed
1309 4054 1394 4110 ellam
1408 4055 1571 4125 propinqua
1584 4055 1625 4110 eis
1639 4055 1710 4122 loca,
1735 4057 1778 4112 uti
1801 4063 1866 4112 sunt

117 4144 255 4201 discredis
270 4158 322 4214 pro
342 4151 422 4199 tanto
441 4142 542 4199 salutis
566 4141 702 4197 humanae
724 4140 837 4211 negotio
862 4154 967 4209 corpus
1020 4142 1176 4199 umbilicus
1191 4151 1219 4199 et
1233 4156 1321 4199 crura
1339 4142 1429 4199 videri
1453 4144 1500 4198 vix
1523 4143 1661 4213 patimur.
1680 4143 1776 4212 Quare
1792 4145 1867 4201 boc‘l

117 4232 289 4303 aliquandiu
304 4231 449 4300 suscipere
464 4230 597 4287 voluisse.
614 4233 655 4286 An
678 4243 807 4300 personae
825 4228 877 4292 illi,
900 4227 964 4283 lieet
984 4232 1090 4291 lidum
1107 4239 1259 4287 morentur
1274 4231 1382 4301 digitus
1398 4245 1489 4299 incus,
1505 4232 1580 4288 oculi
1602 4233 1666 4297 moi,
1690 4232 1769 4289 labia
1792 4248 1864 4301 mea,

116 4320 322 4391 expertissimae
337 4319 411 4387 bdei,
437 4333 488 4390 pro
513 4319 562 4374 lilii
584 4318 801 4374 denuntiatione
824 4316 889 4387 plus
914 4316 966 4371 de·
1020 4333 1082 4375 meo
1101 4327 1185 4387 nutu,
1204 4334 1267 4375 moa
1282 4318 1429 4374 voluntate
1448 4328 1620 4390 moveatur3
1636 4327 1664 4375 et
1677 4322 1749 4391 quia
1759 4321 1867 4392 placide

117 4408 181 4465 buit
195 4424 283 4479 quam
305 4408 478 4464 saeculorum
500 4407 662 4463 salvationi.
689 4406 776 4462 Porro
804 4406 832 4460 in
858 4404 966 4460 semine
1018 4409 1074 4465 sub
1090 4423 1151 4464 tileo
1166 4416 1257 4478 agunt
1273 4408 1401 4478 imperio,
1419 4407 1532 4463 nullum
1547 4408 1617 4464 mibi
1632 4409 1770 4478 pudorem
1787 4412 1865 4466 incu-

115 4498 179 4566 eius
194 4496 392 4553 benedicendae
408 4502 490 4552 erant
504 4509 603 4551 omues
617 4502 715 4565 gentes
730 4496 809 4560 (Gen.
823 4508 893 4560 xxti,
909 4490 964 4563 l8).
1019 4497 1096 4552 tiunt
1125 4497 1210 4566 (Rom.
1239 4510 1288 4561 vn,
1318 4497 1375 4563 23).
1404 4498 1439 4551 nt
1464 4496 1534 4566 quia
1560 4503 1665 4566 partes,
1697 4497 1732 4553 dc
1760 4497 1865 4569 quibus

118 4587 198 4654 Quod
216 4601 265 4642 vos
278 4600 335 4641 nou
351 4585 517 4660 intelligitis,
532 4584 674 4654 quianon
690 4583 813 4638 creditis.
1018 4585 1142 4656 agimus,
1170 4593 1270 4640 contra
1291 4584 1360 4655 jura
1385 4585 1471 4640 totius
1490 4584 1608 4640 rationis
1622 4584 1724 4641 clireui
1740 4588 1865 4656 quadam

454 4671 571 4729 CAPUT
591 4671 627 4729 V·
1019 4673 1149 4730 libertate
1162 4672 1307 4739 teruntur,
1323 4681 1352 4729 et
1365 4674 1448 4744 quasi
1463 4673 1596 4743 quaedam
1612 4673 1727 4729 diversa
1747 4674 1794 4731 lex
1815 4682 1862 4738 cst,

151 4764 224 4832 Quid
241 4764 319 4834 quod
335 4759 525 4832 indignamini
543 4774 594 4830 per
609 4758 721 4815 teminae
742 4758 893 4828 puerperia
916 4757 963 4814 iu·
1014 4761 1102 4832 iuxta
1130 4759 1309 4830 Apostolum,
1340 4762 1369 4817 in
1400 4761 1538 4818 membris
1567 4761 1672 4817 nostris
1698 4777 1863 4834 repugnans

36 4918 45 4928 ,
117 4854 208 4909 sum‘l
223 4855 315 4922 Cogor
329 4851 444 4907 insolita
458 4849 549 4919 loqui,
564 4855 592 4904 et
606 4861 672 4904 cum
693 4849 801 4918 pudore
826 4847 963 4919 marimo,
1017 4854 1092 4904 m
1107 4850 1162 4920 legi
1185 4850 1288 4905 mentis
1308 4857 1421 4916 nostrae,
1447 4858 1474 4906 et
1497 4850 1625 4919 captivos
1642 4864 1694 4906 nos
1710 4851 1820 4907 ducens
1837 4851 1863 4906 in

117 4943 164 4997 sed
180 4949 212 4998 ut
228 4942 257 4997 B.
281 4940 410 5011 Gregorii
437 4938 533 4994 verbis
559 4944 644 4994 utar:
669 4958 682 4984 «ι
699 4936 779 4992 lianc
799 4936 857 5007 ipse
879 4952 964 4993 vere·
1017 4938 1078 5008 lege
1100 4937 1219 5007 peccati,
1242 4950 1308 5007 quae
1340 4943 1381 4992 est
1405 4937 1433 4991 in
1458 4936 1594 4993 membris
1618 4937 1862 5010 nostris(1bid.);

116 5029 251 5086 cundiam
268 5029 297 5085 in
313 5042 358 5084 me
377 5026 565 5097 reprebendo.
588 5046 602 5074 »
627 5023 682 5091 Qui
706 5024 782 5080 euim
806 5032 900 5080 lautas
925 5026 963 5094 pii
1017 5026 1122 5083 idcirco
1141 5025 1218 5095 juste
1241 5025 1451 5090 erubescimus,
1473 5025 1543 5096 quia
1566 5025 1698 5094 velimus,
1727 5026 1862 5096 nolimus,

116 5117 313 5187 Redemptoris
325 5116 448 5186 injurias
464 5128 523 5171 uon
537 5114 679 5184 egerrime
694 5112 756 5180 tert,
772 5112 822 5182 qui
833 5112 963 5168 inaudita
1016 5116 1139 5185 turpiter
1163 5114 1225 5170 brec
1252 5114 1324 5185 erigi
1349 5128 1385 5170 en
1408 5114 1538 5170 desiderii
1567 5115 1699 5184 passione
1722 5116 1860 5174 ridemus.

116 5205 308 5275 integerrimae
323 5204 421 5260 Matris
434 5201 539 5274 probra
553 5216 612 5258 non
629 5199 812 5257 acerbissima
831 5200 961 5256 animad·
1014 5203 1102 5260 Verbi
1117 5202 1220 5275 gratia,
1237 5203 1311 5259 habe
1325 5217 1442 5259 servum
1458 5203 1529 5259 alias
1552 5203 1661 5270 utilem,
1682 5205 1732 5260 sed
1754 5214 1860 5275 proter-

115 5293 246 5349 versione
273 5292 385 5359 retollit,
412 5291 464 5362 qui
498 5291 560 5347 baec
581 5289 755 5361 equanimis
776 5288 866 5356 audit,
887 5296 963 5359 patet
1015 5306 1097 5362 vum,
1120 5305 1219 5347 coram
1241 5291 1387 5348 extrancis
1412 5292 1437 5348 ei
1462 5293 1611 5362 quidpiam
1635 5292 1790 5364 imperare,
1814 5303 1862 5351 aut

150 5467 204 5539 (ᾗ)
219 5468 259 5524 De
273 5467 360 5524 bisin
375 5466 440 5526 Vita
454 5480 508 5523 sua
521 5466 656 5537 pluribus
670 5467 729 5537 agit
744 5464 913 5521 Guibertus.
