3818 6008
78 181 129 235 563
522 181 552 233 V.
572 179 739 237 cuthbert
759 179 905 235 debetis
923 178 950 234 S.
971 179 1094 235 othelm
1113 179 1158 235 bu
1178 176 1376 235 uovtettttto
1777 184 1829 239 ate

76 315 171 387 seipsa
183 315 300 384 coaluit;
321 314 412 372 Filius
431 320 527 371 autem
553 312 619 370 licet
638 327 696 370 non
717 327 827 371 vacuus
849 313 920 370 dici·
938 311 1141 381 ticonfoveat3
1156 312 1240 384 plane
1262 319 1290 368 et
1306 311 1367 383 ipae
1389 311 1465 371 inter
1488 315 1620 373 homines
1633 330 1723 374 sexus
1735 317 1829 375 visce-

77 411 128 461 tur
154 404 269 472 reverti,
299 403 350 474 qui
377 402 572 459 visibilitatem
599 415 686 472 quam
716 409 922 473 assumpserat,
977 416 1044 458 rum
1058 401 1171 472 plenior
1183 417 1245 459 esse
1257 401 1338 460 solet.

78 492 329 549 dexteraenecesse
345 498 406 547 erat
427 497 555 560 paternae
574 489 696 546 restitui.
720 492 746 546 Ιι
766 490 832 546 facit
847 503 924 560 que
1013 488 1234 559 Quamprimum
1260 493 1357 565 igitur,
1384 509 1451 552 cum
1479 493 1515 548 sit
1543 493 1610 560 beo,
1636 492 1689 564 qui
1723 492 1831 550 miseri-

78 594 195 650 cuuque
216 580 299 635 Pater
317 579 420 646 voluit,
445 579 515 634 dum
536 577 658 634 salntem
683 578 841 633 humanam
866 591 923 633 non
978 577 1077 633 cordia
1103 584 1179 633 totus
1200 587 1251 643 est,
1278 581 1371 652 plena,
1399 595 1452 639 nec
1474 586 1580 636 natura
1600 587 1691 649 vacet,
1719 595 1779 652 qua
1797 581 1829 636 fit

78 668 140 724 sine
158 681 211 724 suo
230 681 332 724 cruore
352 666 492 735 exercuit,
521 673 548 721 et
568 667 622 722 hoc
644 672 686 721 est
712 667 790 736 quod
814 679 923 736 nequa·
979 665 1132 721 miserendi
1155 666 1249 723 studio
1261 683 1360 737 prom,
1385 677 1413 727 et
1438 669 1466 725 id
1488 682 1585 724 armare
1607 669 1708 724 debeat
1720 683 1757 726 ex
1784 669 1831 726 de·

77 767 165 825 quam
186 767 298 811 vacuus
317 753 411 810 rediit.
440 753 472 809 In
496 752 530 808 iis
558 767 626 808 vero
649 754 684 809 ad
708 767 773 823 ιιι
801 753 925 809 mittitur
980 752 1046 818 bito,
1071 766 1121 824 pro
1150 768 1208 824 quo
1229 769 1259 812 se
1287 759 1375 814 lilios
1398 757 1509 814 addixit
1536 756 1680 827 patibulo;
1711 757 1741 812 in
1768 756 1831 827 ipsa

77 849 272 913 prosperatur,
298 842 456 911 prasertim
484 855 551 896 cum
578 853 595 895 a
618 853 672 896 sua
696 840 824 908 dextera,
846 841 923 912 quod
978 847 1083 896 nostrae
1112 840 1278 899 intentionis
1303 843 1427 915 figamus
1455 843 1624 907 anchoram,
1658 840 1745 912 cuius
1771 855 1829 898 vox

75 937 118 985 est
150 929 295 997 divinitas,
321 929 492 986 mirabiliter
519 929 689 995 deducatur,
719 928 789 998 quia
821 942 858 985 ex
890 943 924 985 eo
978 927 1182 985 universorum
1205 929 1458 988 intercessionibus
1483 936 1598 1000 praestat
1622 943 1689 985 cum
1717 930 1829 986 venerit

76 1018 153 1088 quod
183 1031 284 1087 passus
305 1024 357 1086 est,
381 1031 464 1073 nemo
492 1017 522 1073 in
545 1031 612 1072 eum
638 1017 685 1086 pie
705 1017 842 1074 credulus
865 1032 924 1074 uon
978 1028 1089 1071 coram.
1104 1016 1140 1071 Et
1159 1029 1226 1072 cum
1248 1031 1334 1087 penes
1359 1018 1507 1075 liberalem
1529 1017 1634 1073 litium
1650 1017 1679 1072 in
1701 1017 1757 1073 boe
1778 1031 1830 1073 se·

75 1104 215 1162 salvatur.
550 1166 555 1176 ,
978 1102 1043 1159 culo
1062 1103 1151 1160 sulcat
1176 1104 1205 1159 in
1227 1113 1341 1163 tantum
1369 1106 1554 1178 praeeminere
1575 1105 1675 1162 matris
1697 1106 1829 1162 auctori-

111 1193 163 1248 Cui
179 1193 249 1249 illud
264 1207 380 1265 quoque
394 1193 473 1250 haud
492 1193 615 1248 multum
632 1192 767 1249 dissimile
779 1200 830 1262 est,
845 1194 923 1264 quod
980 1197 1046 1258 tate,
1069 1199 1101 1248 ut
1124 1193 1216 1264 magis
1234 1194 1335 1265 jubeat
1358 1209 1447 1266 quam
1470 1197 1583 1264 exoret;
1608 1193 1654 1250 ille
1666 1194 1719 1264 q'ui
1734 1208 1830 1265 quou-

77 1281 152 1337 idem
165 1281 234 1338 alibi
246 1282 287 1338 ait
303 1296 309 1336 :
324 1285 431 1346 herote.
450 1283 518 1350 ceti,
537 1281 663 1350 desuper,
684 1285 712 1338 et
722 1282 805 1337 nubes
823 1283 924 1352 pluant
978 1279 1043 1334 dam
1064 1293 1094 1335 se
1113 1280 1138 1336 ei
1160 1280 1246 1338 fnisse
1266 1296 1323 1338 non
1345 1282 1484 1339 diffitetur
1508 1282 1671 1348 subditum,
1697 1296 1756 1338 non
1773 1297 1829 1353 po·

72 1367 192 1439 jactum,
210 1373 354 1439 apameiae
377 1375 452 1425 terra
471 1374 496 1424 et
514 1371 644 1436 germinet
665 1368 833 1425 salvotorem
858 1372 922 1438 (fea.
978 1366 1053 1433 terit,
1093 1381 1213 1424 securus
1239 1370 1313 1437 dico,
1344 1371 1373 1426 in
1402 1370 1480 1426 omni
1506 1384 1537 1427 re
1566 1369 1608 1425 illi
1636 1371 1829 1440 praestabilem

76 1470 143 1526 xxv,
169 1457 206 1527 Β).
232 1457 305 1525 Quid
324 1466 394 1514 snm
416 1457 480 1514 coeli
502 1456 557 1513 nisi
577 1470 684 1513 areana
712 1457 829 1513 consilia
847 1457 923 1513 divi·
977 1469 1084 1526 negare
1096 1455 1236 1527 seipsum3
1249 1463 1279 1514 et
1293 1458 1381 1529 quod,
1395 1465 1428 1516 ιι
1444 1458 1613 1515 humanitus
1640 1458 1755 1529 loquar,
1771 1472 1830 1514 non

78 1545 364 1617 nitatisiUndesipsc
387 1547 478 1604 Filius
500 1549 589 1615 :Epa
619 1547 722 1618 inquit,
747 1547 923 1616 decapenta
943 1555 1071 1644 Bprece,
1094 1543 1142 1600 sed
1161 1552 1236 1601 nutu
1261 1552 1335 1602 θοι
1364 1546 1411 1602 illa
1438 1545 1577 1614 intulerit,
1605 1547 1705 1616 procul
1739 1546 1830 1603 dubio

77 1649 138 1688 sum
164 1633 258 1704 (doen.
284 1651 343 1702 vm,
374 1635 428 1703 33).
454 1635 522 1693 Caeli
550 1649 618 1706 ergo
647 1648 746 1691 rorare
774 1636 921 1704 dicuntur,
977 1638 1112 1687 constans
1139 1633 1208 1704 erit;
1237 1634 1356 1706 etquis
1383 1641 1550 1691 sanctorum
1575 1635 1623 1690 illa
1645 1633 1829 1706 significante

78 1735 144 1777 cum
172 1722 279 1778 divine
304 1724 498 1780 miserationes
530 1722 696 1779 hominibus
726 1723 923 1793 propitiatore
976 1719 1100 1776 tacebit?
1124 1719 1192 1787 Quae
1226 1735 1293 1778 oum
1329 1723 1407 1780 omni
1442 1723 1686 1794 supercoelestium
1717 1724 1828 1794 agmini

78 1810 244 1866 flectuntur.
264 1810 362 1867 Nubes
377 1811 492 1882 pluunt,
507 1825 573 1866 cum
595 1812 671 1881 quod
689 1812 718 1866 in
738 1825 769 1866 se
793 1811 920 1867 contine·
975 1808 1139 1878 spectabilis
1155 1822 1188 1865 ac
1213 1812 1371 1867 reverenda
1398 1812 1543 1879 credatur,
1560 1825 1627 1868 oum
1643 1811 1750 1868 sanctis
1772 1825 1827 1867 cae-

75 1897 155 1964 hant,
180 1912 267 1968 super
290 1899 401 1955 tibristo
425 1899 645 1955 naseiturdicta
667 1899 834 1969 prophetica
864 1900 922 1955 evi·
978 1896 1046 1953 teris
1070 1910 1157 1966 super
1180 1898 1241 1954 suis
1265 1899 1448 1968 petitionibus
1474 1898 1552 1954 haud
1582 1912 1696 1955 morosa
1728 1899 1829 1955 alio·

74 1985 175 2041 denter
198 1987 360 2043 ostendunt.
385 1988 473 2042 Terra
487 1987 628 2056 aperitur,
644 2002 712 2043 cum
736 2001 754 2042 a
774 1987 923 2043 benedicta
977 1985 1056 2041 mino
1079 1985 1226 2042 audientia
1243 2001 1301 2043 uon
1327 1994 1460 2058 negatur.
1485 1987 1558 2043 Tum
1582 1987 1627 2042 isti
1644 1993 1707 2057 post
1722 1986 1829 2044 Filium

75 2074 195 2146 Virgine
217 2075 313 2131 verbis
335 2075 472 2147 angelicis
495 2075 648 2132 felicissimi
673 2077 758 2143 uteri,
783 2075 840 2132 imo
853 2077 922 2132 bea·
976 2086 1062 2142 super
1085 2073 1182 2129 omnia
1197 2075 1350 2130 benedicte
1372 2074 1516 2146 nitidquid
1540 2073 1669 2142 libuerit,
1688 2088 1748 2145 prae
1772 2088 1830 2132 om·

74 2160 177 2217 tissimi
206 2162 295 2218 animi
321 2163 402 2219 sinus
425 2162 589 2219 obedienter
613 2163 759 2232 panditur.
787 2163 853 2219 llaec
880 2170 922 2220 ιιι
977 2161 1063 2218 nibus
1079 2169 1188 2232 quanto
1206 2163 1441 2233 praestantiorest
1457 2163 1494 2218 ad
1509 2170 1574 2219 vota
1591 2170 1755 2233 praestatur.

74 2250 123 2305 illa
139 2258 215 2306 terra
230 2251 265 2307 de
281 2265 338 2322 qua
349 2251 454 2308 dicitur
472 2267 478 2307 :
496 2252 672 2319 benedixisti,
690 2254 923 2318 neminemnam
1012 2251 1067 2307 Gur
1083 2249 1161 2304 beate
1179 2252 1261 2319 Virgo
1281 2253 1337 2305 iliis
1362 2252 1526 2321 temporibus
1544 2253 1680 2306 miracuta
1699 2252 1828 2308 ediderit.

79 2343 155 2393 tunm
175 2337 260 2408 (Psoi.
276 2354 389 2401 cxxxiv,
408 2343 448 2410 l),
468 2354 505 2395 ex
531 2352 590 2410 qua
608 2339 814 2406 benedictione,
836 2339 863 2395 id
882 2346 924 2396 est
976 2366 1011 2378 -
1030 2337 1099 2393 lude
1121 2345 1163 2394 est
1184 2339 1260 2408 quod
1282 2338 1377 2407 fldem,
1400 2353 1488 2409 quam
1515 2339 1551 2395 de
1573 2340 1637 2410 ejus
1658 2339 1831 2397 excellentia

74 2439 92 2481 a
118 2426 171 2482 beo
200 2427 327 2498 ingenita
350 2427 547 2484 fructuositate
562 2427 715 2498 eaptivitas
736 2427 823 2483 Jacob
844 2441 924 2484 aver·
977 2424 1128 2492 habemus,
1150 2426 1219 2482 huic
1243 2430 1339 2482 nostro
1358 2427 1478 2497 tempori
1501 2428 1619 2483 ostentis
1643 2427 1826 2497 potissimum

75 2513 155 2569 titur.
173 2514 239 2570 llaec
261 2521 303 2570 est
326 2515 424 2582 etiam,
442 2516 529 2586 juxta
550 2514 656 2571 librum
672 2515 832 2586 Sapientiae,
848 2524 924 2572 terra
977 2511 1139 2569 mirabilius
1157 2513 1270 2570 astruit.
1299 2515 1332 2570 Et
1355 2514 1451 2582 corda,
1475 2515 1626 2585 iniquitate
1649 2516 1827 2585 abundante,

74 2602 166 2672 posita
197 2603 226 2658 in
255 2604 401 2658 immensae
429 2604 568 2659 eastitatis
600 2604 695 2672 arid03
732 2611 760 2660 et
792 2617 922 2674 campus,
977 2602 1119 2671 torpentia
1141 2617 1178 2657 ex
1203 2603 1236 2658 iis
1257 2602 1445 2670 recalificans,
1468 2603 1734 2659 munificentiarum
1749 2604 1828 2660 inso-

75 2703 161 2761 quiem
178 2690 277 2746 nullus
295 2690 422 2761 coniugii
443 2705 542 2747 vomer
560 2691 715 2759 exciderat,
734 2699 835 2762 speum
851 2705 923 2763 ger·
971 2687 1094 2766 litarum
1110 2689 1286 2760 impensione
1310 2689 1473 2761 recolligit:
1500 2690 1561 2746 hec
1574 2691 1673 2746 eadem
1698 2704 1827 2762 namque

75 2777 190 2833 minans
204 2790 241 2833 ex
256 2778 427 2835 humilitatis
445 2780 588 2849 profundo
612 2781 692 2850 (Sep.
711 2794 770 2846 xix,
792 2783 828 2849 7).
851 2780 924 2837 Nota
977 2774 1070 2847 signa,
1095 2791 1161 2847 que
1184 2776 1346 2847 antiquitus
1370 2777 1435 2833 fidei
1460 2776 1635 2833 aedificande
1659 2775 1826 2844 valuerant,

75 2864 275 2934 proprietatem
290 2866 371 2922 verbi
388 2867 459 2938 quia
475 2881 534 2923 non
548 2867 583 2925 de
602 2868 682 2937 satis,
704 2868 753 2925 sed
774 2869 808 2926 de
825 2877 924 2940 sponte
943 2864 1036 2938 ciam
1052 2879 1130 2921 nunc
1144 2865 1236 2922 eidem
1250 2865 1312 2922 sine
1331 2865 1467 2935 operibus
1484 2865 1535 2921 vix
1555 2867 1695 2923 constanti
1710 2872 1739 2923 et
1766 2880 1827 2922 ιιι-

75 2942 263 3010 ιιιιιιιίιιιι
287 2954 450 3025 germinare
473 2954 580 3011 dicitur
595 2970 602 3011 :
619 2957 696 3026 quod
714 2957 751 3012 ad
775 2955 923 3028 Virginem
976 2952 1059 3009 ribus
1072 2952 1216 3023 erigendis
1238 2953 1345 3010 valent.
1363 2953 1443 3010 Unde
1461 2954 1522 3023 ipsa
1544 2954 1677 3025 ingenitae
1693 2953 1827 3026 benigni·

75 3039 209 3097 refertur.
975 3039 1042 3097 tatis
1057 3040 1135 3096 haud
1146 3040 1307 3106 immemor,
1323 3054 1382 3097 non
1407 3041 1527 3098 minoris
1542 3042 1626 3097 modo
1647 3041 1746 3113 gloriae
1767 3055 1829 3113 por·

405 3112 519 3170 CAPUT
538 3113 588 3170 ῙΧ·
976 3135 1056 3186 tenta
1085 3129 1271 3199 percelebrat,
1303 3143 1391 3200 quam
1416 3130 1564 3201 quondam
1590 3130 1702 3187 mundo
1729 3131 1827 3188 adhue

109 3216 197 3282 οιιιι
210 3221 322 3285 gratam
339 3223 379 3274 est
402 3218 471 3273 mtto
494 3223 608 3274 matrem
637 3221 776 3288 Virginem
792 3220 922 3276 laudibus
977 3216 1104 3273 fideliore
1117 3225 1260 3274 sueverat.
1282 3219 1354 3274 ilinc
1376 3232 1406 3274 se
1426 3225 1489 3288 post
1502 3218 1569 3297 lesu
1593 3218 1706 3275 bomini
1719 3232 1825 3276 nomen

74 3305 210 3360 ectoltere.
242 3335 277 3345 -
309 3306 351 3362 Ad
373 3306 489 3363 laudem
517 3308 679 3364 communis
706 3308 834 3364 Dominae
862 3307 924 3364 baec
978 3304 1094 3361 unicam
1118 3303 1166 3360 cui
1190 3305 1392 3376 resipiscamus
1420 3306 1550 3374 edocens,
1574 3313 1602 3362 et
1624 3320 1712 3363 suum
1738 3308 1826 3379 quasi

75 3391 187 3447 tantilla
209 3392 443 3465 perstrinximus3
467 3394 497 3450 in
522 3396 630 3465 quibus
650 3395 705 3452 etsi
729 3409 833 3465 parum
855 3395 921 3452 feei·
976 3389 1086 3447 ultime
1122 3392 1281 3448 necessitati
1319 3406 1492 3449 concursum
1529 3392 1752 3449 necessariorem
1783 3395 1829 3451 de·

75 3492 152 3546 mus,
168 3478 303 3537 affectum
318 3480 507 3538 nihilominus
520 3482 705 3539 ostendimus.
719 3482 810 3554 Cujus
824 3483 923 3554 gloriae
976 3477 1100 3535 clivibus
1122 3479 1234 3536 moniis
1251 3480 1396 3544 indicans
1418 3481 1488 3551 quie
1505 3481 1583 3536 enlm
1601 3481 1684 3537 hodie
1702 3496 1763 3538 non
1785 3489 1828 3540 est

75 3579 219 3624 summam
245 3569 356 3625 tametsi
380 3571 478 3626 anima
504 3585 691 3642 nequaquam
715 3572 854 3643 capimus,
872 3586 922 3628 ne·
976 3566 1146 3636 predicator
1165 3568 1217 3639 qui
1237 3568 1351 3636 mutiat,
1374 3569 1436 3638 ipsa
1459 3569 1581 3641 seipsam
1601 3571 1692 3640 quari
1710 3569 1827 3640 debere,

74 3653 145 3712 dum
169 3655 272 3728 lingua
294 3658 449 3727 solvamus,
472 3666 606 3715 conatum
623 3660 724 3729 {ipsum
746 3667 841 3715 tamen
863 3673 922 3715 non
975 3668 1064 3725 seque
1090 3655 1178 3711 etiam
1206 3670 1264 3712 non
1303 3664 1435 3727 rogatam
1462 3656 1599 3726 opitulari
1627 3656 1700 3714 velle
1733 3658 1828 3732 signis

75 3744 136 3802 sine
150 3747 268 3817 praemio
286 3761 392 3818 magno
410 3762 471 3804 esse
487 3756 631 3818 paternus,
651 3747 715 3804 lieet
732 3748 817 3818 plane
840 3762 921 3805 men·
975 3742 1118 3800 enuntiat.
1143 3744 1235 3814 igitur
1261 3744 1400 3814 quoniam
1420 3753 1531 3814 quanta
1554 3745 1826 3819 elementumque

75 3833 111 3889 us
132 3833 312 3891 devotionem
336 3835 414 3891 vocis
434 3835 526 3891 cincta
551 3837 632 3892 nulla
657 3838 868 3906 commendent,
894 3845 922 3895 ea
974 3831 1119 3888 veteribus
1140 3839 1276 3901 portensa
1301 3833 1451 3902 preconiis
1473 3832 1637 3904 signidem
1665 3834 1825 3899 voluimus,

75 3921 110 3976 ad
135 3922 327 3993 supplendum
343 3924 420 3993 quod
443 3925 583 3981 sentimus
604 3925 725 3982 facultas
746 3938 836 3995 parva
849 3939 921 3996 sup-
974 3917 1097 3989 dignum
1121 3926 1164 3975 esi
1191 3920 1277 3976 eliam
1302 3928 1334 3977 ut
1362 3935 1427 3991 ιιι
1456 3927 1554 3976 nostre
1575 3928 1659 3978 aetele
1683 3924 1828 3994 peregerit

75 4009 191 4078 peditat,
205 4023 308 4066 verum
332 4008 465 4067 allectarc
490 4011 625 4069 feminam
646 4013 736 4080 illam,
759 4020 787 4069 et
801 4026 922 4083 precor·
974 4004 1149 4062 intexamus.
1175 4007 1224 4064 Rei
1245 4014 1341 4064 aulem
1363 4016 1449 4079 8081ae
1469 4009 1558 4074 loeus,
1581 4022 1616 4065 ³0
1637 4015 1725 4067 testes
1744 4017 1827 4068 tanta

74 4096 144 4152 diali
167 4110 264 4153 amoro
289 4098 447 4168 complente
474 4113 533 4155 non
558 4102 640 4157 modo
673 4100 727 4171 ipsi
757 4100 919 4172 gratificum
974 4101 1043 4150 suut
1066 4095 1254 4165 contiguitate
1274 4097 1446 4166 probabiles,
1475 4110 1597 4153 necsua
1620 4100 1828 4157 numerositate

75 4199 142 4256 qnae
166 4185 255 4242 ubera
279 4185 398 4244 infinite
424 4188 541 4258 'pietatis
575 4190 724 4260 praetendit
746 4189 783 4246 ad
810 4202 919 4256 omnes,
939 4171 1130 4253 Dputabiles,
1161 4190 1193 4240 ut
1226 4183 1363 4253 scrupulo
1397 4185 1442 4241 vel
1476 4185 1597 4242 insanus
1631 4187 1741 4244 haerere
1769 4203 1828 4246 nou

74 4272 124 4329 sed
146 4272 303 4345 singularis
325 4275 412 4332 etiam
435 4283 463 4332 et
485 4277 581 4334 aditus
605 4291 657 4348 per
673 4277 763 4348 ipsius
784 4276 922 4333 honorifl-
975 4270 1085 4327 debeat.

73 4361 196 4418 centiam
220 4363 257 4418 ad
271 4362 386 4431 Filium,
402 4363 452 4434 qui
472 4379 530 4421 non
546 4364 652 4421 minori
675 4363 922 4436 voluntatelacce·
1313 4342 1429 4400 CAPUT
1449 4344 1485 4400 Χ·

76 4457 155 4519 piare
174 4449 354 4521 dignoscitur
372 4451 516 4522 quidquid
534 4452 559 4508 ei
575 4451 742 4508 reverentie
755 4451 919 4520 exhibetur,
1010 4449 1175 4503 dtirecutem
1214 4447 1248 4502 de
1287 4449 1408 4517 metere,
1437 4449 1602 4506 teodeberta
1643 4455 1763 4520 minine,
1792 4454 1827 4509 ab

74 4537 201 4607 quamsi
222 4551 282 4595 sue
297 4547 484 4596 cantarentur
498 4538 606 4597 laudes.
624 4539 652 4596 st
668 4541 745 4595 enim
766 4540 797 4595 iu
814 4538 921 4596 sanctis
974 4539 1037 4605 ipae
1059 4537 1175 4591 eierato
1196 4535 1271 4608 (ιδ’).
1297 4566 1333 4577 -
1355 4537 1509 4594 chiviacus
1531 4538 1600 4594 villa
1624 4545 1666 4595 cst
1690 4541 1828 4614 episcopii

73 4625 134 4682 suis
147 4627 224 4682 heus
238 4627 363 4696 laudari,
380 4628 500 4700 jubetur
516 4629 600 4696 (Psoi.
622 4643 666 4696 cc,
681 4627 722 4698 l),
735 4635 764 4684 et
783 4629 837 4684 hoc
858 4628 921 4685 ideo
974 4624 1184 4690 laudunensis,
1195 4625 1231 4681 ab
1245 4626 1305 4695 ipso
1315 4625 1423 4695 oppido
1435 4626 1586 4683 interstitio
1597 4626 1685 4684 ferme
1699 4628 1825 4687 duorum

73 4713 144 4783 quia
171 4714 248 4784 quod
272 4714 307 4770 de
330 4729 431 4772 eorum
456 4716 563 4771 virtute
584 4715 735 4782 retexitur,
757 4717 794 4772 ad
818 4717 919 4786 ὓιιιι,
974 4712 1096 4769 millium
1117 4712 1236 4780 distans,
1258 4712 1288 4768 in
1311 4726 1371 4782 qua
1388 4715 1433 4770 vir
1453 4714 1572 4784 quidam
1594 4729 1660 4771 cum
1681 4731 1737 4774 sua
1756 4733 1825 4775 oon·

73 4799 125 4871 oui
142 4800 268 4868 dederat,
290 4816 349 4858 uon
364 4802 506 4860 immerito
531 4811 702 4873 reportatur.
729 4803 760 4859 ln
779 4804 833 4860 hac
857 4803 921 4875 ejus
971 4799 1041 4869 iuge
1061 4813 1255 4864 commanens,
1277 4800 1366 4857 filiam
1390 4815 1427 4857 ex
1450 4803 1513 4872 ipsa
1531 4803 1606 4859 inter
1628 4804 1700 4861 alios
1721 4805 1825 4864 liberos

72 4887 245 4958 peculiarior
261 4888 324 4945 laus
336 4897 389 4957 est,
405 4906 470 4962 quae
484 4905 542 4947 nou
557 4892 650 4948 solum
674 4891 704 4946 in
725 4905 757 4948 eo
784 4891 920 4962 precellit
973 4887 1110 4944 extulisse
1124 4887 1314 4959 dignoscitur.
1334 4888 1402 4956 Quae
1427 4903 1572 4948 annorum
1588 4892 1735 4950 nubilium
1758 4909 1824 4952 cum

70 4976 148 5047 quod
165 4983 257 5033 mater
270 4985 321 5046 est,
337 4978 386 5035 sed
401 4980 479 5051 quod
493 4980 530 5035 ad
553 4979 705 5036 levandam
719 4987 847 5036 nostram
865 4980 917 5035 mi·
975 4974 1171 5033 habitudinem
1193 4975 1343 5048 attigisset,
1368 4985 1397 5034 et
1418 4978 1589 5050 jucundiori
1614 4987 1684 5037 tune
1704 4983 1822 5054 tempori

71 5063 177 5120 seriam
197 5062 382 5123 ineffabiliter
404 5067 522 5124 acclinis
546 5075 612 5125 est:
637 5067 714 5139 quod
738 5074 815 5124 certe
841 5067 919 5137 apud
973 5064 1174 5133 opportunitas
1197 5065 1366 5122 substantie
1390 5067 1541 5134 arrisisset,
1570 5068 1744 5128 adolescenti
1769 5071 1825 5130 oui

70 5164 134 5207 cam
148 5165 186 5208 ex
213 5150 308 5211 debito
327 5160 448 5223 constat,
476 5154 547 5226 quia
571 5168 644 5226 quos
663 5153 754 5210 Filius
778 5155 920 5224 sanguine
972 5150 1047 5221 piam
1071 5159 1194 5223 nuptum
1217 5153 1315 5211 datur.
1341 5154 1425 5211 Hunc
1448 5156 1605 5227 utriusque
1629 5159 1760 5228 parentis
1783 5161 1822 5216 af-

71 5236 183 5310 liberat,
209 5240 331 5311 dignum
361 5250 403 5300 est
434 5249 467 5299 ut
500 5243 562 5299 haec
590 5241 727 5299 sereniori
754 5241 920 5313 dignatione
972 5237 1056 5295 lectio
1082 5239 1194 5297 sibimet
1216 5241 1400 5299 charitudine
1421 5251 1503 5299 tanta
1522 5245 1677 5315 contraxit,
1705 5256 1739 5304 ιι
1761 5248 1822 5305 sine

105 5393 173 5463 (ιδ’)
184 5391 257 5450 Vide
272 5392 418 5459 Hermen..
436 5396 485 5454 lib.
500 5414 540 5467 m,
557 5413 582 5454 c.
596 5401 641 5466 ιι,
658 5397 686 5454 in
701 5398 833 5470 Append.
