<?xml version="1.0" encoding="UTF-8"?>
<!DOCTYPE html PUBLIC "-//W3C//DTD XHTML 1.0 Transitional//EN"
    "http://www.w3.org/TR/xhtml1/DTD/xhtml1-transitional.dtd">
<html xmlns="http://www.w3.org/1999/xhtml" xml:lang="en" lang="en">
 <head>
  <title>
</title>
<meta http-equiv="Content-Type" content="text/html;charset=utf-8" />
  <meta name='ocr-system' content='tesseract 3.04.00' />
  <meta name='ocr-capabilities' content='ocr_page ocr_carea ocr_par ocr_line ocrx_word'/>
</head>
<body>
  <div class='ocr_page' id='page_1' title='image "./patrologiaecurs05unkngoog_0462.png"; bbox 0 0 3794 6008; ppageno 0'>
   <div class='ocr_carea' id='block_1_1' title="bbox 66 233 1816 295">
    <p class='ocr_par' dir='ltr' id='par_1_1' title="bbox 66 233 1816 295">
     <span class='ocr_line' id='line_1_1' title="bbox 66 233 1816 295; baseline 0.005 -9"><span class='ocrx_word' id='word_1_1' title='bbox 66 233 119 286; x_wconf 81' lang='grc'><strong>913</strong></span> <span class='ocrx_word' id='word_1_2' title='bbox 616 233 663 289; x_wconf 84' lang='lat' dir='ltr'><strong>DE</strong></span> <span class='ocrx_word' id='word_1_3' title='bbox 681 234 761 290; x_wconf 77' lang='lat' dir='ltr'><strong>vire</strong></span> <span class='ocrx_word' id='word_1_4' title='bbox 780 235 848 291; x_wconf 80' lang='lat' dir='ltr'><strong>SUA</strong></span> <span class='ocrx_word' id='word_1_5' title='bbox 870 233 962 291; x_wconf 80' lang='lat' dir='ltr'>LIBRI</span> <span class='ocrx_word' id='word_1_6' title='bbox 981 234 1080 292; x_wconf 79' lang='lat' dir='ltr'><strong>tuus.</strong></span> <span class='ocrx_word' id='word_1_7' title='bbox 1094 263 1129 277; x_wconf 91' lang='lat'><strong>·-</strong></span> <span class='ocrx_word' id='word_1_8' title='bbox 1143 235 1209 291; x_wconf 84' lang='lat' dir='ltr'><strong>titt.</strong></span> <span class='ocrx_word' id='word_1_9' title='bbox 1230 236 1276 291; x_wconf 90' lang='lat' dir='ltr'><strong>ltl.</strong></span> <span class='ocrx_word' id='word_1_10' title='bbox 1763 241 1816 295; x_wconf 73' lang='lat' dir='ltr'><strong>stt</strong></span> 
     </span>
    </p>
   </div>
   <div class='ocr_carea' id='block_1_2' title="bbox 48 365 1816 1945">
    <p class='ocr_par' dir='ltr' id='par_1_2' title="bbox 48 365 1816 1945">
     <span class='ocr_line' id='line_1_2' title="bbox 65 365 1816 445; baseline 0.005 -23"><span class='ocrx_word' id='word_1_11' title='bbox 65 365 222 423; x_wconf 91' lang='lat' dir='ltr'><strong>oriundum</strong></span> <span class='ocrx_word' id='word_1_12' title='bbox 243 372 271 422; x_wconf 92' lang='lat' dir='ltr'><strong>et</strong></span> <span class='ocrx_word' id='word_1_13' title='bbox 294 366 366 423; x_wconf 91' lang='lat' dir='ltr'><strong>bene</strong></span> <span class='ocrx_word' id='word_1_14' title='bbox 386 366 543 424; x_wconf 89' lang='lat' dir='ltr'><strong>litteratum</strong></span> <span class='ocrx_word' id='word_1_15' title='bbox 557 366 602 439; x_wconf 56' lang='grc' dir='ltr'><strong>(θ’)</strong></span> <span class='ocrx_word' id='word_1_16' title='bbox 619 382 686 425; x_wconf 91' lang='lat' dir='ltr'><strong>cum</strong></span> <span class='ocrx_word' id='word_1_17' title='bbox 708 369 813 427; x_wconf 89' lang='lat' dir='ltr'><strong>abbate</strong></span> <span class='ocrx_word' id='word_1_18' title='bbox 828 368 912 427; x_wconf 79' lang='lat' dir='ltr'><strong>iiibo</strong></span> <span class='ocrx_word' id='word_1_19' title='bbox 929 372 953 426; x_wconf 80' lang='lat' dir='ltr'><strong>b</strong></span> <span class='ocrx_word' id='word_1_20' title='bbox 968 384 1034 440; x_wconf 80' lang='lat' dir='ltr'><strong>qua</strong></span> <span class='ocrx_word' id='word_1_21' title='bbox 1049 371 1183 428; x_wconf 77' lang='lat' dir='ltr'><strong>Ecclesia</strong></span> <span class='ocrx_word' id='word_1_22' title='bbox 1211 371 1387 439; x_wconf 79' lang='lat' dir='ltr'><strong>imminebat,</strong></span> <span class='ocrx_word' id='word_1_23' title='bbox 1417 373 1507 431; x_wconf 82' lang='lat' dir='ltr'><strong>verba</strong></span> <span class='ocrx_word' id='word_1_24' title='bbox 1530 373 1675 442; x_wconf 86' lang='lat' dir='ltr'><strong>transtuli,</strong></span> <span class='ocrx_word' id='word_1_25' title='bbox 1701 380 1729 431; x_wconf 90' lang='lat' dir='ltr'><strong>et</strong></span> <span class='ocrx_word' id='word_1_26' title='bbox 1745 375 1816 445; x_wconf 89' lang='lat' dir='ltr'><strong>quia</strong></span> 
     </span>
     <span class='ocr_line' id='line_1_3' title="bbox 65 453 1813 531; baseline 0.007 -23"><span class='ocrx_word' id='word_1_27' title='bbox 65 453 236 511; x_wconf 88' lang='lat' dir='ltr'><strong>dimontensi</strong></span> <span class='ocrx_word' id='word_1_28' title='bbox 263 455 362 526; x_wconf 85' lang='lat' dir='ltr'><strong>(vulgo</strong></span> <span class='ocrx_word' id='word_1_29' title='bbox 383 455 535 528; x_wconf 84' lang='lat' dir='ltr'><strong>Ridemot),</strong></span> <span class='ocrx_word' id='word_1_30' title='bbox 565 464 593 514; x_wconf 90' lang='lat' dir='ltr'><strong>et</strong></span> <span class='ocrx_word' id='word_1_31' title='bbox 621 457 681 528; x_wconf 90' lang='lat' dir='ltr'><strong>ipso</strong></span> <span class='ocrx_word' id='word_1_32' title='bbox 698 472 756 514; x_wconf 90' lang='lat' dir='ltr'><strong>non</strong></span> <span class='ocrx_word' id='word_1_33' title='bbox 779 457 841 514; x_wconf 91' lang='lat' dir='ltr'><strong>sine</strong></span> <span class='ocrx_word' id='word_1_34' title='bbox 865 457 914 514; x_wconf 89' lang='lat' dir='ltr'><strong>lit·</strong></span> <span class='ocrx_word' id='word_1_35' title='bbox 967 470 1088 525; x_wconf 87' lang='lat' dir='ltr'><strong>persona</strong></span> <span class='ocrx_word' id='word_1_36' title='bbox 1108 459 1286 529; x_wconf 82' lang='lat' dir='ltr'><strong>pontificatui</strong></span> <span class='ocrx_word' id='word_1_37' title='bbox 1308 468 1377 531; x_wconf 88' lang='lat' dir='ltr'><strong>apta</strong></span> <span class='ocrx_word' id='word_1_38' title='bbox 1405 474 1463 518; x_wconf 92' lang='lat' dir='ltr'><strong>nou</strong></span> <span class='ocrx_word' id='word_1_39' title='bbox 1489 467 1573 528; x_wconf 89' lang='lat' dir='ltr'><strong>esset,</strong></span> <span class='ocrx_word' id='word_1_40' title='bbox 1599 460 1705 519; x_wconf 89' lang='lat' dir='ltr'><strong>ibidem</strong></span> <span class='ocrx_word' id='word_1_41' title='bbox 1734 477 1813 520; x_wconf 88' lang='lat' dir='ltr'><strong>com·</strong></span> 
     </span>
     <span class='ocr_line' id='line_1_4' title="bbox 65 543 1269 616; baseline 0.003 -18"><span class='ocrx_word' id='word_1_42' title='bbox 65 543 144 610; x_wconf 89' lang='lat' dir='ltr'><strong>teris,</strong></span> <span class='ocrx_word' id='word_1_43' title='bbox 158 558 204 599; x_wconf 92' lang='lat' dir='ltr'><strong>me</strong></span> <span class='ocrx_word' id='word_1_44' title='bbox 223 558 351 615; x_wconf 94' lang='lat' dir='ltr'><strong>quoque,</strong></span> <span class='ocrx_word' id='word_1_45' title='bbox 381 545 431 616; x_wconf 92' lang='lat' dir='ltr'><strong>qui</strong></span> <span class='ocrx_word' id='word_1_46' title='bbox 457 546 558 616; x_wconf 82' lang='lat' dir='ltr'><strong>junior</strong></span> <span class='ocrx_word' id='word_1_47' title='bbox 581 553 610 604; x_wconf 93' lang='lat' dir='ltr'><strong>et</strong></span> <span class='ocrx_word' id='word_1_48' title='bbox 640 546 759 603; x_wconf 90' lang='lat' dir='ltr'><strong>scientia</strong></span> <span class='ocrx_word' id='word_1_49' title='bbox 782 554 809 603; x_wconf 92' lang='lat' dir='ltr'><strong>et</strong></span> <span class='ocrx_word' id='word_1_50' title='bbox 832 553 914 603; x_wconf 75' lang='lat' dir='ltr'><strong>aetate</strong></span> <span class='ocrx_word' id='word_1_51' title='bbox 966 545 1269 615; x_wconf 85' lang='lat' dir='ltr'><strong>pendiosesubnexui.</strong></span> 
     </span>
     <span class='ocr_line' id='line_1_5' title="bbox 64 631 1815 710; baseline 0.005 -23"><span class='ocrx_word' id='word_1_52' title='bbox 64 631 187 699; x_wconf 87' lang='lat' dir='ltr'><strong>lucram,</strong></span> <span class='ocrx_word' id='word_1_53' title='bbox 204 632 278 689; x_wconf 88' lang='lat' dir='ltr'><strong>datis</strong></span> <span class='ocrx_word' id='word_1_54' title='bbox 301 633 435 704; x_wconf 78' lang='lat' dir='ltr'>expensis</span> <span class='ocrx_word' id='word_1_55' title='bbox 459 649 557 691; x_wconf 91' lang='lat' dir='ltr'><strong>secum</strong></span> <span class='ocrx_word' id='word_1_56' title='bbox 575 635 683 704; x_wconf 88' lang='lat' dir='ltr'><strong>pariter</strong></span> <span class='ocrx_word' id='word_1_57' title='bbox 697 635 835 692; x_wconf 83' lang='lat' dir='ltr'><strong>conscivit</strong></span> <span class='ocrx_word' id='word_1_58' title='bbox 853 635 911 692; x_wconf 93' lang='lat' dir='ltr'><strong>itu·</strong></span> <span class='ocrx_word' id='word_1_59' title='bbox 1003 636 1163 706; x_wconf 88' lang='lat' dir='ltr'><strong>interrogat</strong></span> <span class='ocrx_word' id='word_1_60' title='bbox 1187 635 1312 706; x_wconf 87' lang='lat' dir='ltr'><strong>denique</strong></span> <span class='ocrx_word' id='word_1_61' title='bbox 1335 650 1409 706; x_wconf 93' lang='lat' dir='ltr'><strong>quos</strong></span> <span class='ocrx_word' id='word_1_62' title='bbox 1434 635 1552 692; x_wconf 87' lang='lat' dir='ltr'><strong>baberet</strong></span> <span class='ocrx_word' id='word_1_63' title='bbox 1574 635 1698 707; x_wconf 81' lang='lat' dir='ltr'><strong>ordines,</strong></span> <span class='ocrx_word' id='word_1_64' title='bbox 1727 652 1815 710; x_wconf 92' lang='lat' dir='ltr'><strong>quem</strong></span> 
     </span>
     <span class='ocr_line' id='line_1_6' title="bbox 63 720 1816 796; baseline 0.004 -20"><span class='ocrx_word' id='word_1_65' title='bbox 63 735 120 776; x_wconf 89' lang='lat' dir='ltr'><strong>ros.</strong></span> <span class='ocrx_word' id='word_1_66' title='bbox 151 720 365 778; x_wconf 85' lang='lat' dir='ltr'><strong>Proliciscentes</strong></span> <span class='ocrx_word' id='word_1_67' title='bbox 394 721 483 792; x_wconf 89' lang='lat' dir='ltr'><strong>igitur</strong></span> <span class='ocrx_word' id='word_1_68' title='bbox 506 728 534 793; x_wconf 83' lang='lat' dir='ltr'><strong>ct</strong></span> <span class='ocrx_word' id='word_1_69' title='bbox 558 723 702 792; x_wconf 76' lang='lat' dir='ltr'><strong>lingonas</strong></span> <span class='ocrx_word' id='word_1_70' title='bbox 725 721 911 794; x_wconf 88' lang='lat' dir='ltr'><strong>attingentes,</strong></span> <span class='ocrx_word' id='word_1_71' title='bbox 965 721 1175 778; x_wconf 83' lang='lat' dir='ltr'><strong>subdiaconum</strong></span> <span class='ocrx_word' id='word_1_72' title='bbox 1205 722 1266 778; x_wconf 90' lang='lat' dir='ltr'><strong>lore</strong></span> <span class='ocrx_word' id='word_1_73' title='bbox 1289 722 1433 794; x_wconf 81' lang='lat' dir='ltr'><strong>respondi.</strong></span> <span class='ocrx_word' id='word_1_74' title='bbox 1458 723 1567 780; x_wconf 80' lang='lat' dir='ltr'><strong>Deinde</strong></span> <span class='ocrx_word' id='word_1_75' title='bbox 1593 725 1741 795; x_wconf 75' lang='lat' dir='ltr'><strong>quaritiu</strong></span> <span class='ocrx_word' id='word_1_76' title='bbox 1756 739 1816 796; x_wconf 90' lang='lat' dir='ltr'><strong>qua</strong></span> 
     </span>
     <span class='ocr_line' id='line_1_7' title="bbox 62 807 1814 882; baseline 0.005 -19"><span class='ocrx_word' id='word_1_77' title='bbox 62 807 166 864; x_wconf 90' lang='lat' dir='ltr'><strong>auditu</strong></span> <span class='ocrx_word' id='word_1_78' title='bbox 194 808 386 878; x_wconf 81' lang='lat' dir='ltr'><strong>comperimus</strong></span> <span class='ocrx_word' id='word_1_79' title='bbox 415 809 569 865; x_wconf 88' lang='lat' dir='ltr'><strong>Dominum</strong></span> <span class='ocrx_word' id='word_1_80' title='bbox 602 808 767 865; x_wconf 89' lang='lat' dir='ltr'><strong>Pascbalem</strong></span> <span class='ocrx_word' id='word_1_81' title='bbox 796 823 911 880; x_wconf 90' lang='lat' dir='ltr'><strong>papam,</strong></span> <span class='ocrx_word' id='word_1_82' title='bbox 965 809 1092 865; x_wconf 80' lang='lat' dir='ltr'><strong>Ecclesia</strong></span> <span class='ocrx_word' id='word_1_83' title='bbox 1118 809 1302 877; x_wconf 88' lang='lat' dir='ltr'><strong>militaverat,</strong></span> <span class='ocrx_word' id='word_1_84' title='bbox 1329 810 1358 867; x_wconf 92' lang='lat' dir='ltr'><strong>iu</strong></span> <span class='ocrx_word' id='word_1_85' title='bbox 1373 826 1432 882; x_wconf 89' lang='lat' dir='ltr'><strong>quo</strong></span> <span class='ocrx_word' id='word_1_86' title='bbox 1460 813 1575 868; x_wconf 90' lang='lat' dir='ltr'><strong>mentiri</strong></span> <span class='ocrx_word' id='word_1_87' title='bbox 1603 814 1712 871; x_wconf 89' lang='lat' dir='ltr'><strong>veritus</strong></span> <span class='ocrx_word' id='word_1_88' title='bbox 1736 814 1814 880; x_wconf 84' lang='lat' dir='ltr'><strong>btesi.</strong></span> 
     </span>
     <span class='ocr_line' id='line_1_8' title="bbox 59 894 1815 973; baseline 0.005 -23"><span class='ocrx_word' id='word_1_89' title='bbox 59 894 121 966; x_wconf 80' lang='lat' dir='ltr'><strong>jam</strong></span> <span class='ocrx_word' id='word_1_90' title='bbox 135 895 247 952; x_wconf 91' lang='lat' dir='ltr'><strong>dudum</strong></span> <span class='ocrx_word' id='word_1_91' title='bbox 263 896 298 952; x_wconf 93' lang='lat' dir='ltr'><strong>ab</strong></span> <span class='ocrx_word' id='word_1_92' title='bbox 313 894 386 952; x_wconf 89' lang='lat' dir='ltr'><strong>urbe</strong></span> <span class='ocrx_word' id='word_1_93' title='bbox 400 895 574 968; x_wconf 90' lang='lat' dir='ltr'><strong>digressum,</strong></span> <span class='ocrx_word' id='word_1_94' title='bbox 590 896 668 953; x_wconf 91' lang='lat' dir='ltr'><strong>illius</strong></span> <span class='ocrx_word' id='word_1_95' title='bbox 682 896 833 955; x_wconf 88' lang='lat' dir='ltr'><strong>dioeceseos</strong></span> <span class='ocrx_word' id='word_1_96' title='bbox 849 898 911 954; x_wconf 88' lang='lat' dir='ltr'><strong>ilui-</strong></span> <span class='ocrx_word' id='word_1_97' title='bbox 964 895 1013 952; x_wconf 90' lang='lat' dir='ltr'><strong>sed</strong></span> <span class='ocrx_word' id='word_1_98' title='bbox 1030 895 1131 951; x_wconf 86' lang='lat' dir='ltr'><strong>aneis</strong></span> <span class='ocrx_word' id='word_1_99' title='bbox 1145 896 1215 951; x_wconf 90' lang='lat' dir='ltr'><strong>mibi</strong></span> <span class='ocrx_word' id='word_1_100' title='bbox 1230 897 1420 954; x_wconf 80' lang='lat' dir='ltr'><strong>coabbatibus</strong></span> <span class='ocrx_word' id='word_1_101' title='bbox 1437 908 1606 971; x_wconf 85' lang='lat' dir='ltr'><strong>suggestum</strong></span> <span class='ocrx_word' id='word_1_102' title='bbox 1619 908 1661 957; x_wconf 92' lang='lat' dir='ltr'><strong>est</strong></span> <span class='ocrx_word' id='word_1_103' title='bbox 1686 902 1763 973; x_wconf 92' lang='lat' dir='ltr'><strong>quod</strong></span> <span class='ocrx_word' id='word_1_104' title='bbox 1784 903 1815 959; x_wconf 90' lang='lat' dir='ltr'><strong>in</strong></span> 
     </span>
     <span class='ocr_line' id='line_1_9' title="bbox 62 982 1813 1059; baseline 0.004 -20"><span class='ocrx_word' id='word_1_105' title='bbox 62 983 118 1040; x_wconf 92' lang='lat' dir='ltr'><strong>bus</strong></span> <span class='ocrx_word' id='word_1_106' title='bbox 146 983 352 1054; x_wconf 90' lang='lat' dir='ltr'><strong>propinquare.</strong></span> <span class='ocrx_word' id='word_1_107' title='bbox 373 984 407 1040; x_wconf 96' lang='lat' dir='ltr'><strong>ln</strong></span> <span class='ocrx_word' id='word_1_108' title='bbox 422 984 527 1055; x_wconf 91' lang='lat' dir='ltr'><strong>oppido</strong></span> <span class='ocrx_word' id='word_1_109' title='bbox 546 984 594 1041; x_wconf 91' lang='lat' dir='ltr'><strong>illo</strong></span> <span class='ocrx_word' id='word_1_110' title='bbox 609 983 711 1041; x_wconf 91' lang='lat' dir='ltr'><strong>diebus</strong></span> <span class='ocrx_word' id='word_1_111' title='bbox 723 992 786 1043; x_wconf 92' lang='lat' dir='ltr'><strong>octo</strong></span> <span class='ocrx_word' id='word_1_112' title='bbox 801 986 911 1044; x_wconf 78' lang='lat' dir='ltr'><strong>desedi·</strong></span> <span class='ocrx_word' id='word_1_113' title='bbox 965 982 1187 1055; x_wconf 81' lang='lat' dir='ltr'><strong>liothomageusi</strong></span> <span class='ocrx_word' id='word_1_114' title='bbox 1204 985 1341 1042; x_wconf 82' lang='lat' dir='ltr'><strong>Ecclesia.</strong></span> <span class='ocrx_word' id='word_1_115' title='bbox 1372 986 1424 1044; x_wconf 90' lang='lat' dir='ltr'><strong>Ubi</strong></span> <span class='ocrx_word' id='word_1_116' title='bbox 1440 995 1535 1043; x_wconf 90' lang='lat' dir='ltr'><strong>tamen</strong></span> <span class='ocrx_word' id='word_1_117' title='bbox 1558 1002 1596 1044; x_wconf 85' lang='lat' dir='ltr'><strong>ex</strong></span> <span class='ocrx_word' id='word_1_118' title='bbox 1623 1003 1691 1045; x_wconf 89' lang='lat' dir='ltr'><strong>vero</strong></span> <span class='ocrx_word' id='word_1_119' title='bbox 1705 988 1813 1059; x_wconf 91' lang='lat' dir='ltr'><strong>addidi,</strong></span> 
     </span>
     <span class='ocr_line' id='line_1_10' title="bbox 62 1072 1815 1148; baseline 0.005 -21"><span class='ocrx_word' id='word_1_120' title='bbox 62 1085 138 1127; x_wconf 90' lang='lat' dir='ltr'><strong>mus.</strong></span> <span class='ocrx_word' id='word_1_121' title='bbox 964 1072 1034 1142; x_wconf 93' lang='lat' dir='ltr'><strong>quia</strong></span> <span class='ocrx_word' id='word_1_122' title='bbox 1063 1072 1118 1129; x_wconf 91' lang='lat' dir='ltr'><strong>boc</strong></span> <span class='ocrx_word' id='word_1_123' title='bbox 1142 1087 1245 1144; x_wconf 87' lang='lat' dir='ltr'><strong>nuper.</strong></span> <span class='ocrx_word' id='word_1_124' title='bbox 1272 1074 1317 1131; x_wconf 86' lang='lat' dir='ltr'><strong>Ad</strong></span> <span class='ocrx_word' id='word_1_125' title='bbox 1338 1082 1501 1133; x_wconf 80' lang='lat' dir='ltr'><strong>extremum</strong></span> <span class='ocrx_word' id='word_1_126' title='bbox 1522 1076 1607 1132; x_wconf 85' lang='lat' dir='ltr'><strong>interl</strong></span> <span class='ocrx_word' id='word_1_127' title='bbox 1623 1090 1661 1132; x_wconf 89' lang='lat' dir='ltr'><strong>an</strong></span> <span class='ocrx_word' id='word_1_128' title='bbox 1688 1076 1815 1148; x_wconf 73' lang='lat' dir='ltr'><strong>legitime</strong></span> 
     </span>
     <span class='ocr_line' id='line_1_11' title="bbox 97 1158 1814 1237; baseline 0.004 -21"><span class='ocrx_word' id='word_1_129' title='bbox 97 1158 540 1229; x_wconf 84' lang='lat' dir='ltr'><strong>Cumqueltivionemdominus</strong></span> <span class='ocrx_word' id='word_1_130' title='bbox 562 1175 638 1233; x_wconf 91' lang='lat' dir='ltr'><strong>papa</strong></span> <span class='ocrx_word' id='word_1_131' title='bbox 660 1164 796 1227; x_wconf 85' lang='lat' dir='ltr'><strong>venisset,</strong></span> <span class='ocrx_word' id='word_1_132' title='bbox 816 1162 910 1220; x_wconf 90' lang='lat' dir='ltr'><strong>clerici</strong></span> <span class='ocrx_word' id='word_1_133' title='bbox 964 1168 1038 1218; x_wconf 85' lang='lat' dir='ltr'><strong>esset</strong></span> <span class='ocrx_word' id='word_1_134' title='bbox 1063 1162 1240 1233; x_wconf 86' lang='lat' dir='ltr'><strong>progenitus.</strong></span> <span class='ocrx_word' id='word_1_135' title='bbox 1278 1163 1390 1220; x_wconf 80' lang='lat' dir='ltr'><strong>Dictum</strong></span> <span class='ocrx_word' id='word_1_136' title='bbox 1421 1164 1506 1235; x_wconf 90' lang='lat' dir='ltr'><strong>plane</strong></span> <span class='ocrx_word' id='word_1_137' title='bbox 1533 1162 1586 1220; x_wconf 92' lang='lat' dir='ltr'><strong>sibi</strong></span> <span class='ocrx_word' id='word_1_138' title='bbox 1610 1164 1705 1220; x_wconf 89' lang='lat' dir='ltr'><strong>tuerat</strong></span> <span class='ocrx_word' id='word_1_139' title='bbox 1735 1166 1814 1237; x_wconf 92' lang='lat' dir='ltr'><strong>quod</strong></span> 
     </span>
     <span class='ocr_line' id='line_1_12' title="bbox 62 1246 1814 1329; baseline 0.007 -27"><span class='ocrx_word' id='word_1_140' title='bbox 62 1246 280 1314; x_wconf 74' lang='lat' dir='ltr'><strong>laudunenses,</strong></span> <span class='ocrx_word' id='word_1_141' title='bbox 310 1260 437 1317; x_wconf 89' lang='lat' dir='ltr'><strong>quorum</strong></span> <span class='ocrx_word' id='word_1_142' title='bbox 461 1248 615 1317; x_wconf 88' lang='lat' dir='ltr'><strong>plurimam</strong></span> <span class='ocrx_word' id='word_1_143' title='bbox 635 1250 749 1308; x_wconf 90' lang='lat' dir='ltr'><strong>turbam</strong></span> <span class='ocrx_word' id='word_1_144' title='bbox 775 1248 912 1320; x_wconf 79' lang='lat' dir='ltr'><strong>praetatus</strong></span> <span class='ocrx_word' id='word_1_145' title='bbox 963 1262 1037 1311; x_wconf 90' lang='lat' dir='ltr'><strong>esset</strong></span> <span class='ocrx_word' id='word_1_146' title='bbox 1058 1254 1210 1311; x_wconf 86' lang='lat' dir='ltr'><strong>naturalis.</strong></span> <span class='ocrx_word' id='word_1_147' title='bbox 1239 1257 1272 1312; x_wconf 93' lang='lat' dir='ltr'><strong>lu</strong></span> <span class='ocrx_word' id='word_1_148' title='bbox 1287 1271 1346 1328; x_wconf 92' lang='lat' dir='ltr'><strong>quo</strong></span> <span class='ocrx_word' id='word_1_149' title='bbox 1361 1258 1488 1329; x_wconf 91' lang='lat' dir='ltr'><strong>capitulo</strong></span> <span class='ocrx_word' id='word_1_150' title='bbox 1511 1271 1576 1315; x_wconf 91' lang='lat' dir='ltr'><strong>cum</strong></span> <span class='ocrx_word' id='word_1_151' title='bbox 1595 1257 1659 1327; x_wconf 91' lang='lat' dir='ltr'><strong>plus</strong></span> <span class='ocrx_word' id='word_1_152' title='bbox 1674 1271 1763 1329; x_wconf 92' lang='lat' dir='ltr'><strong>quam</strong></span> <span class='ocrx_word' id='word_1_153' title='bbox 1784 1258 1814 1314; x_wconf 93' lang='lat' dir='ltr'><strong>in</strong></span> 
     </span>
     <span class='ocr_line' id='line_1_13' title="bbox 62 1332 1812 1415; baseline 0.008 -27"><span class='ocrx_word' id='word_1_154' title='bbox 62 1346 161 1389; x_wconf 89' lang='lat' dir='ltr'><strong>secum</strong></span> <span class='ocrx_word' id='word_1_155' title='bbox 183 1333 291 1390; x_wconf 88' lang='lat' dir='ltr'><strong>electus</strong></span> <span class='ocrx_word' id='word_1_156' title='bbox 302 1332 475 1403; x_wconf 83' lang='lat' dir='ltr'><strong>adduxerat,</strong></span> <span class='ocrx_word' id='word_1_157' title='bbox 487 1336 601 1392; x_wconf 81' lang='lat' dir='ltr'><strong>obviam</strong></span> <span class='ocrx_word' id='word_1_158' title='bbox 618 1351 700 1408; x_wconf 80' lang='lat' dir='ltr'><strong>papae</strong></span> <span class='ocrx_word' id='word_1_159' title='bbox 719 1337 841 1406; x_wconf 84' lang='lat' dir='ltr'><strong>vadunt,</strong></span> <span class='ocrx_word' id='word_1_160' title='bbox 863 1336 911 1395; x_wconf 91' lang='lat' dir='ltr'><strong>cui</strong></span> <span class='ocrx_word' id='word_1_161' title='bbox 964 1341 1074 1398; x_wconf 76' lang='lat' dir='ltr'><strong>ceteris</strong></span> <span class='ocrx_word' id='word_1_162' title='bbox 1090 1355 1134 1398; x_wconf 92' lang='lat' dir='ltr'><strong>me</strong></span> <span class='ocrx_word' id='word_1_163' title='bbox 1159 1345 1339 1401; x_wconf 91' lang='lat' dir='ltr'><strong>constantius</strong></span> <span class='ocrx_word' id='word_1_164' title='bbox 1353 1343 1529 1410; x_wconf 87' lang='lat' dir='ltr'><strong>habuissem,</strong></span> <span class='ocrx_word' id='word_1_165' title='bbox 1561 1345 1720 1415; x_wconf 79' lang='lat' dir='ltr'><strong>prasertim</strong></span> <span class='ocrx_word' id='word_1_166' title='bbox 1745 1359 1812 1402; x_wconf 87' lang='lat' dir='ltr'><strong>eum</strong></span> 
     </span>
     <span class='ocr_line' id='line_1_14' title="bbox 63 1420 1813 1502; baseline 0.007 -27"><span class='ocrx_word' id='word_1_167' title='bbox 63 1420 93 1476; x_wconf 94' lang='lat' dir='ltr'><strong>in</strong></span> <span class='ocrx_word' id='word_1_168' title='bbox 116 1421 215 1478; x_wconf 90' lang='lat' dir='ltr'><strong>eodem</strong></span> <span class='ocrx_word' id='word_1_169' title='bbox 235 1427 329 1477; x_wconf 88' lang='lat' dir='ltr'><strong>castro</strong></span> <span class='ocrx_word' id='word_1_170' title='bbox 356 1422 520 1491; x_wconf 90' lang='lat' dir='ltr'><strong>constituto,</strong></span> <span class='ocrx_word' id='word_1_171' title='bbox 547 1425 583 1482; x_wconf 90' lang='lat' dir='ltr'><strong>de</strong></span> <span class='ocrx_word' id='word_1_172' title='bbox 605 1426 688 1482; x_wconf 90' lang='lat' dir='ltr'><strong>electi</strong></span> <span class='ocrx_word' id='word_1_173' title='bbox 702 1425 749 1483; x_wconf 90' lang='lat' dir='ltr'><strong>sui</strong></span> <span class='ocrx_word' id='word_1_174' title='bbox 764 1438 855 1483; x_wconf 86' lang='lat' dir='ltr'><strong>causa</strong></span> <span class='ocrx_word' id='word_1_175' title='bbox 869 1424 909 1481; x_wconf 94' lang='lat' dir='ltr'><strong>lo·</strong></span> <span class='ocrx_word' id='word_1_176' title='bbox 964 1442 1052 1499; x_wconf 87' lang='lat' dir='ltr'><strong>super</strong></span> <span class='ocrx_word' id='word_1_177' title='bbox 1063 1431 1115 1487; x_wconf 89' lang='lat' dir='ltr'><strong>isto</strong></span> <span class='ocrx_word' id='word_1_178' title='bbox 1134 1430 1302 1488; x_wconf 89' lang='lat' dir='ltr'><strong>nullatenus</strong></span> <span class='ocrx_word' id='word_1_179' title='bbox 1320 1432 1494 1499; x_wconf 85' lang='lat' dir='ltr'><strong>dubitarem,</strong></span> <span class='ocrx_word' id='word_1_180' title='bbox 1510 1432 1585 1489; x_wconf 83' lang='lat' dir='ltr'><strong>dixit</strong></span> <span class='ocrx_word' id='word_1_181' title='bbox 1598 1446 1673 1502; x_wconf 89' lang='lat' dir='ltr'><strong>papa</strong></span> <span class='ocrx_word' id='word_1_182' title='bbox 1688 1449 1695 1489; x_wconf 92' lang='lat'>:</span> <span class='ocrx_word' id='word_1_183' title='bbox 1711 1433 1813 1489; x_wconf 86' lang='lat' dir='ltr'><strong>Perbi-</strong></span> 
     </span>
     <span class='ocr_line' id='line_1_15' title="bbox 60 1509 1812 1591; baseline 0.007 -26"><span class='ocrx_word' id='word_1_184' title='bbox 60 1516 205 1580; x_wconf 90' lang='lat' dir='ltr'><strong>quuntur.</strong></span> <span class='ocrx_word' id='word_1_185' title='bbox 228 1509 353 1578; x_wconf 90' lang='lat' dir='ltr'><strong>Spondet</strong></span> <span class='ocrx_word' id='word_1_186' title='bbox 376 1523 407 1566; x_wconf 91' lang='lat' dir='ltr'><strong>se</strong></span> <span class='ocrx_word' id='word_1_187' title='bbox 423 1524 507 1581; x_wconf 88' lang='lat' dir='ltr'><strong>papa,</strong></span> <span class='ocrx_word' id='word_1_188' title='bbox 529 1519 626 1583; x_wconf 91' lang='lat' dir='ltr'><strong>utpote</strong></span> <span class='ocrx_word' id='word_1_189' title='bbox 654 1512 754 1570; x_wconf 91' lang='lat' dir='ltr'><strong>multis</strong></span> <span class='ocrx_word' id='word_1_190' title='bbox 780 1512 911 1570; x_wconf 88' lang='lat' dir='ltr'><strong>releren·</strong></span> <span class='ocrx_word' id='word_1_191' title='bbox 965 1516 1247 1576; x_wconf 90' lang='lat' dir='ltr'><strong>betistestimonium</strong></span> <span class='ocrx_word' id='word_1_192' title='bbox 1273 1534 1361 1591; x_wconf 92' lang='lat' dir='ltr'><strong>super</strong></span> <span class='ocrx_word' id='word_1_193' title='bbox 1388 1520 1456 1576; x_wconf 81' lang='lat' dir='ltr'><strong>bis?</strong></span> <span class='ocrx_word' id='word_1_194' title='bbox 1471 1520 1522 1576; x_wconf 86' lang='lat' dir='ltr'><strong>Cui</strong></span> <span class='ocrx_word' id='word_1_195' title='bbox 1537 1519 1657 1591; x_wconf 87' lang='lat' dir='ltr'><strong>inquam</strong></span> <span class='ocrx_word' id='word_1_196' title='bbox 1675 1535 1682 1575; x_wconf 91' lang='lat'><strong>:</strong></span> <span class='ocrx_word' id='word_1_197' title='bbox 1698 1521 1737 1577; x_wconf 83' lang='lat' dir='ltr'><strong>lte</strong></span> <span class='ocrx_word' id='word_1_198' title='bbox 1758 1535 1812 1578; x_wconf 81' lang='lat' dir='ltr'><strong>cae·</strong></span> 
     </span>
     <span class='ocr_line' id='line_1_16' title="bbox 62 1597 1813 1679; baseline 0.007 -26"><span class='ocrx_word' id='word_1_199' title='bbox 62 1597 140 1654; x_wconf 91' lang='lat' dir='ltr'><strong>tibus</strong></span> <span class='ocrx_word' id='word_1_200' title='bbox 151 1598 212 1670; x_wconf 83' lang='lat' dir='ltr'><strong>jam</strong></span> <span class='ocrx_word' id='word_1_201' title='bbox 238 1597 280 1653; x_wconf 92' lang='lat' dir='ltr'><strong>rei</strong></span> <span class='ocrx_word' id='word_1_202' title='bbox 305 1611 424 1668; x_wconf 88' lang='lat' dir='ltr'><strong>guarus,</strong></span> <span class='ocrx_word' id='word_1_203' title='bbox 453 1613 505 1670; x_wconf 88' lang='lat' dir='ltr'><strong>pro</strong></span> <span class='ocrx_word' id='word_1_204' title='bbox 535 1602 694 1670; x_wconf 87' lang='lat' dir='ltr'><strong>petentium</strong></span> <span class='ocrx_word' id='word_1_205' title='bbox 723 1608 789 1658; x_wconf 89' lang='lat' dir='ltr'><strong>voto</strong></span> <span class='ocrx_word' id='word_1_206' title='bbox 805 1608 911 1659; x_wconf 88' lang='lat' dir='ltr'><strong>cuncta</strong></span> <span class='ocrx_word' id='word_1_207' title='bbox 965 1606 1033 1663; x_wconf 88' lang='lat' dir='ltr'><strong>teris</strong></span> <span class='ocrx_word' id='word_1_208' title='bbox 1055 1606 1192 1678; x_wconf 88' lang='lat' dir='ltr'><strong>capitulis</strong></span> <span class='ocrx_word' id='word_1_209' title='bbox 1220 1613 1309 1677; x_wconf 90' lang='lat' dir='ltr'><strong>taceo,</strong></span> <span class='ocrx_word' id='word_1_210' title='bbox 1335 1609 1380 1666; x_wconf 93' lang='lat' dir='ltr'><strong>isti</strong></span> <span class='ocrx_word' id='word_1_211' title='bbox 1408 1616 1503 1665; x_wconf 91' lang='lat' dir='ltr'><strong>tamen</strong></span> <span class='ocrx_word' id='word_1_212' title='bbox 1531 1607 1652 1664; x_wconf 83' lang='lat' dir='ltr'><strong>fidenter</strong></span> <span class='ocrx_word' id='word_1_213' title='bbox 1670 1607 1813 1679; x_wconf 90' lang='lat' dir='ltr'><strong>astipulor</strong></span> 
     </span>
     <span class='ocr_line' id='line_1_17' title="bbox 48 1662 1813 1768; baseline 0.006 -27"><span class='ocrx_word' id='word_1_214' title='bbox 48 1685 218 1761; x_wconf 74' lang='lat' dir='ltr'><strong>iacturum.</strong></span> <span class='ocrx_word' id='word_1_215' title='bbox 243 1684 338 1742; x_wconf 86' lang='lat' dir='ltr'><strong>Causa</strong></span> <span class='ocrx_word' id='word_1_216' title='bbox 351 1692 448 1742; x_wconf 89' lang='lat' dir='ltr'><strong>autem</strong></span> <span class='ocrx_word' id='word_1_217' title='bbox 462 1695 524 1743; x_wconf 90' lang='lat' dir='ltr'><strong>erat</strong></span> <span class='ocrx_word' id='word_1_218' title='bbox 543 1688 612 1758; x_wconf 91' lang='lat' dir='ltr'><strong>quia</strong></span> <span class='ocrx_word' id='word_1_219' title='bbox 627 1688 704 1745; x_wconf 85' lang='lat' dir='ltr'><strong>intra</strong></span> <span class='ocrx_word' id='word_1_220' title='bbox 717 1688 834 1746; x_wconf 87' lang='lat' dir='ltr'><strong>ordines</strong></span> <span class='ocrx_word' id='word_1_221' title='bbox 848 1696 911 1746; x_wconf 84' lang='lat' dir='ltr'><strong>erat</strong></span> <span class='ocrx_word' id='word_1_222' title='bbox 928 1662 950 1717; x_wconf 73' lang='lat' dir='ltr'>B</span> <span class='ocrx_word' id='word_1_223' title='bbox 965 1694 1043 1764; x_wconf 94' lang='lat' dir='ltr'><strong>quod</strong></span> <span class='ocrx_word' id='word_1_224' title='bbox 1059 1708 1153 1766; x_wconf 90' lang='lat' dir='ltr'><strong>neque</strong></span> <span class='ocrx_word' id='word_1_225' title='bbox 1171 1696 1208 1752; x_wconf 93' lang='lat' dir='ltr'><strong>sit</strong></span> <span class='ocrx_word' id='word_1_226' title='bbox 1227 1696 1345 1764; x_wconf 86' lang='lat' dir='ltr'><strong>nothus,</strong></span> <span class='ocrx_word' id='word_1_227' title='bbox 1370 1710 1466 1768; x_wconf 91' lang='lat' dir='ltr'><strong>neque</strong></span> <span class='ocrx_word' id='word_1_228' title='bbox 1493 1695 1622 1767; x_wconf 90' lang='lat' dir='ltr'><strong>spurius.</strong></span> <span class='ocrx_word' id='word_1_229' title='bbox 1646 1696 1713 1752; x_wconf 77' lang='lat' dir='ltr'><strong>llaec</strong></span> <span class='ocrx_word' id='word_1_230' title='bbox 1737 1703 1813 1752; x_wconf 90' lang='lat' dir='ltr'><strong>certe</strong></span> 
     </span>
     <span class='ocr_line' id='line_1_18' title="bbox 58 1772 1814 1857; baseline 0.006 -27"><span class='ocrx_word' id='word_1_231' title='bbox 58 1773 177 1842; x_wconf 89' lang='lat' dir='ltr'><strong>electus,</strong></span> <span class='ocrx_word' id='word_1_232' title='bbox 203 1773 331 1843; x_wconf 84' lang='lat' dir='ltr'><strong>exceptis</strong></span> <span class='ocrx_word' id='word_1_233' title='bbox 356 1772 420 1829; x_wconf 92' lang='lat' dir='ltr'><strong>aliis</strong></span> <span class='ocrx_word' id='word_1_234' title='bbox 443 1774 588 1844; x_wconf 87' lang='lat' dir='ltr'><strong>capitulis,</strong></span> <span class='ocrx_word' id='word_1_235' title='bbox 613 1774 721 1845; x_wconf 90' lang='lat' dir='ltr'><strong>quibus</strong></span> <span class='ocrx_word' id='word_1_236' title='bbox 755 1775 793 1831; x_wconf 91' lang='lat' dir='ltr'><strong>ad</strong></span> <span class='ocrx_word' id='word_1_237' title='bbox 824 1789 910 1833; x_wconf 89' lang='lat' dir='ltr'><strong>aures</strong></span> <span class='ocrx_word' id='word_1_238' title='bbox 963 1782 1005 1839; x_wconf 92' lang='lat' dir='ltr'><strong>sic</strong></span> <span class='ocrx_word' id='word_1_239' title='bbox 1021 1783 1134 1854; x_wconf 86' lang='lat' dir='ltr'><strong>objecta</strong></span> <span class='ocrx_word' id='word_1_240' title='bbox 1157 1784 1294 1842; x_wconf 89' lang='lat' dir='ltr'><strong>dominus</strong></span> <span class='ocrx_word' id='word_1_241' title='bbox 1308 1798 1383 1857; x_wconf 88' lang='lat' dir='ltr'><strong>papa</strong></span> <span class='ocrx_word' id='word_1_242' title='bbox 1397 1799 1456 1841; x_wconf 89' lang='lat' dir='ltr'><strong>non</strong></span> <span class='ocrx_word' id='word_1_243' title='bbox 1483 1784 1566 1841; x_wconf 89' lang='lat' dir='ltr'><strong>aliter</strong></span> <span class='ocrx_word' id='word_1_244' title='bbox 1580 1797 1670 1855; x_wconf 90' lang='lat' dir='ltr'><strong>quam</strong></span> <span class='ocrx_word' id='word_1_245' title='bbox 1684 1783 1814 1840; x_wconf 80' lang='lat' dir='ltr'><strong>diximus</strong></span> 
     </span>
     <span class='ocr_line' id='line_1_19' title="bbox 58 1860 1812 1945; baseline -0.003 -12"><span class='ocrx_word' id='word_1_246' title='bbox 58 1875 141 1932; x_wconf 65' lang='lat' dir='ltr'>1³³9ae</span> <span class='ocrx_word' id='word_1_247' title='bbox 154 1875 171 1917; x_wconf 66' lang='grc' dir='ltr'><strong>ὃ</strong></span> <span class='ocrx_word' id='word_1_248' title='bbox 186 1861 305 1932; x_wconf 84' lang='lat' dir='ltr'><strong>praelato</strong></span> <span class='ocrx_word' id='word_1_249' title='bbox 332 1860 447 1917; x_wconf 61' lang='lat' dir='ltr'><strong>Assffl¹¹⁰</strong></span> <span class='ocrx_word' id='word_1_250' title='bbox 463 1860 556 1917; x_wconf 90' lang='lat' dir='ltr'><strong>luerat</strong></span> <span class='ocrx_word' id='word_1_251' title='bbox 575 1860 636 1932; x_wconf 62' lang='lat' dir='ltr'><strong>iim</strong></span> <span class='ocrx_word' id='word_1_252' title='bbox 657 1869 784 1920; x_wconf 87' lang='lat' dir='ltr'><strong>notatus.</strong></span> <span class='ocrx_word' id='word_1_253' title='bbox 801 1866 837 1920; x_wconf 79' lang='lat' dir='ltr'><strong>At</strong></span> <span class='ocrx_word' id='word_1_254' title='bbox 853 1878 908 1933; x_wconf 67' lang='lat' dir='ltr'><strong>lla·</strong></span> <span class='ocrx_word' id='word_1_255' title='bbox 964 1874 1142 1930; x_wconf 86' lang='lat' dir='ltr'><strong>retractavit.</strong></span> <span class='ocrx_word' id='word_1_256' title='bbox 1162 1872 1256 1930; x_wconf 84' lang='lat' dir='ltr'><strong>Causa</strong></span> <span class='ocrx_word' id='word_1_257' title='bbox 1268 1881 1366 1931; x_wconf 89' lang='lat' dir='ltr'><strong>autem</strong></span> <span class='ocrx_word' id='word_1_258' title='bbox 1393 1881 1426 1931; x_wconf 93' lang='lat' dir='ltr'><strong>ut</strong></span> <span class='ocrx_word' id='word_1_259' title='bbox 1444 1874 1507 1930; x_wconf 83' lang='lat' dir='ltr'><strong>baec</strong></span> <span class='ocrx_word' id='word_1_260' title='bbox 1531 1872 1657 1930; x_wconf 89' lang='lat' dir='ltr'><strong>seriatim</strong></span> <span class='ocrx_word' id='word_1_261' title='bbox 1683 1872 1723 1928; x_wconf 88' lang='lat' dir='ltr'><strong>ita</strong></span> <span class='ocrx_word' id='word_1_262' title='bbox 1736 1872 1812 1945; x_wconf 84' lang='lat' dir='ltr'><strong>obji-</strong></span> 
     </span>
    </p>
   </div>
   <div class='ocr_carea' id='block_1_3' title="bbox 59 1948 1812 2111">
    <p class='ocr_par' dir='ltr' id='par_1_3' title="bbox 59 1948 1812 2111">
     <span class='ocr_line' id='line_1_20' title="bbox 59 1948 1812 2032; baseline 0.002 -28"><span class='ocrx_word' id='word_1_263' title='bbox 59 1949 142 2005; x_wconf 88' lang='lat' dir='ltr'><strong>latini</strong></span> <span class='ocrx_word' id='word_1_264' title='bbox 165 1962 246 2020; x_wconf 84' lang='lat' dir='ltr'><strong>papae</strong></span> <span class='ocrx_word' id='word_1_265' title='bbox 272 1948 403 2004; x_wconf 84' lang='lat' dir='ltr'><strong>videlicet</strong></span> <span class='ocrx_word' id='word_1_266' title='bbox 430 1948 595 2016; x_wconf 89' lang='lat' dir='ltr'><strong>necessarii,</strong></span> <span class='ocrx_word' id='word_1_267' title='bbox 619 1958 766 2020; x_wconf 90' lang='lat' dir='ltr'><strong>comperta</strong></span> <span class='ocrx_word' id='word_1_268' title='bbox 785 1950 910 2007; x_wconf 90' lang='lat' dir='ltr'><strong>bominis</strong></span> <span class='ocrx_word' id='word_1_269' title='bbox 963 1965 1049 2028; x_wconf 68' lang='lat' dir='ltr'><strong>peret,</strong></span> <span class='ocrx_word' id='word_1_270' title='bbox 1066 1975 1125 2018; x_wconf 90' lang='lat' dir='ltr'><strong>nou</strong></span> <span class='ocrx_word' id='word_1_271' title='bbox 1149 1961 1323 2032; x_wconf 67' lang='lat' dir='ltr'><strong>impediendi</strong></span> <span class='ocrx_word' id='word_1_272' title='bbox 1338 1975 1406 2018; x_wconf 69' lang='lat' dir='ltr'><strong>eum</strong></span> <span class='ocrx_word' id='word_1_273' title='bbox 1433 1961 1496 2029; x_wconf 73' lang='lat' dir='ltr'><strong>tuit,</strong></span> <span class='ocrx_word' id='word_1_274' title='bbox 1513 1961 1562 2018; x_wconf 61' lang='lat' dir='ltr'><strong>sed</strong></span> <span class='ocrx_word' id='word_1_275' title='bbox 1591 1960 1662 2031; x_wconf 69' lang='lat' dir='ltr'><strong>quia</strong></span> <span class='ocrx_word' id='word_1_276' title='bbox 1679 1960 1812 2017; x_wconf 69' lang='lat' dir='ltr'><strong>,insertus</strong></span> 
     </span>
     <span class='ocr_line' id='line_1_21' title="bbox 59 2037 1812 2111; baseline 0.001 -17"><span class='ocrx_word' id='word_1_277' title='bbox 59 2037 217 2107; x_wconf 89' lang='lat' dir='ltr'><strong>opulentia,</strong></span> <span class='ocrx_word' id='word_1_278' title='bbox 242 2037 432 2111; x_wconf 80' lang='lat' dir='ltr'><strong>aggratulari,</strong></span> <span class='ocrx_word' id='word_1_279' title='bbox 448 2038 545 2095; x_wconf 91' lang='lat' dir='ltr'><strong>virum</strong></span> <span class='ocrx_word' id='word_1_280' title='bbox 559 2039 632 2095; x_wconf 87' lang='lat' dir='ltr'><strong>terre</strong></span> <span class='ocrx_word' id='word_1_281' title='bbox 655 2039 801 2096; x_wconf 90' lang='lat' dir='ltr'><strong>laudibus.</strong></span> <span class='ocrx_word' id='word_1_282' title='bbox 822 2039 910 2096; x_wconf 85' lang='lat' dir='ltr'><strong>bloris</strong></span> <span class='ocrx_word' id='word_1_283' title='bbox 963 2038 1109 2110; x_wconf 89' lang='lat' dir='ltr'><strong>magister,</strong></span> <span class='ocrx_word' id='word_1_284' title='bbox 1123 2041 1172 2111; x_wconf 96' lang='lat' dir='ltr'><strong>qui</strong></span> <span class='ocrx_word' id='word_1_285' title='bbox 1188 2055 1255 2097; x_wconf 91' lang='lat' dir='ltr'><strong>eum</strong></span> <span class='ocrx_word' id='word_1_286' title='bbox 1280 2040 1325 2096; x_wconf 88' lang='lat' dir='ltr'><strong>bis</strong></span> <span class='ocrx_word' id='word_1_287' title='bbox 1350 2039 1485 2098; x_wconf 87' lang='lat' dir='ltr'><strong>omuibus</strong></span> <span class='ocrx_word' id='word_1_288' title='bbox 1513 2044 1679 2106; x_wconf 88' lang='lat' dir='ltr'><strong>arcesserat,</strong></span> <span class='ocrx_word' id='word_1_289' title='bbox 1708 2038 1812 2108; x_wconf 88' lang='lat' dir='ltr'><strong>impre-</strong></span> 
     </span>
    </p>
   </div>
   <div class='ocr_carea' id='block_1_4' title="bbox 55 2125 1835 5543">
    <p class='ocr_par' dir='ltr' id='par_1_4' title="bbox 55 2125 1835 5543">
     <span class='ocr_line' id='line_1_22' title="bbox 56 2125 1811 2197; baseline 0 -14"><span class='ocrx_word' id='word_1_290' title='bbox 56 2125 137 2183; x_wconf 91' lang='lat' dir='ltr'><strong>enim</strong></span> <span class='ocrx_word' id='word_1_291' title='bbox 148 2134 200 2194; x_wconf 88' lang='lat' dir='ltr'><strong>est,</strong></span> <span class='ocrx_word' id='word_1_292' title='bbox 217 2134 250 2184; x_wconf 92' lang='lat' dir='ltr'><strong>ut</strong></span> <span class='ocrx_word' id='word_1_293' title='bbox 264 2126 362 2184; x_wconf 90' lang='lat' dir='ltr'><strong>audito</strong></span> <span class='ocrx_word' id='word_1_294' title='bbox 376 2125 441 2184; x_wconf 92' lang='lat' dir='ltr'><strong>auri</strong></span> <span class='ocrx_word' id='word_1_295' title='bbox 457 2127 573 2183; x_wconf 87' lang='lat' dir='ltr'><strong>nomine</strong></span> <span class='ocrx_word' id='word_1_296' title='bbox 585 2135 795 2183; x_wconf 86' lang='lat' dir='ltr'><strong>mansuescant.</strong></span> <span class='ocrx_word' id='word_1_297' title='bbox 963 2127 1122 2184; x_wconf 89' lang='lat' dir='ltr'><strong>sentiarum</strong></span> <span class='ocrx_word' id='word_1_298' title='bbox 1147 2135 1217 2195; x_wconf 88' lang='lat' dir='ltr'><strong>erat,</strong></span> <span class='ocrx_word' id='word_1_299' title='bbox 1246 2129 1279 2184; x_wconf 90' lang='lat' dir='ltr'><strong>ut</strong></span> <span class='ocrx_word' id='word_1_300' title='bbox 1302 2127 1379 2197; x_wconf 91' lang='lat' dir='ltr'><strong>quod</strong></span> <span class='ocrx_word' id='word_1_301' title='bbox 1399 2127 1504 2183; x_wconf 91' lang='lat' dir='ltr'><strong>scilicet</strong></span> <span class='ocrx_word' id='word_1_302' title='bbox 1540 2125 1615 2182; x_wconf 92' lang='lat' dir='ltr'><strong>clam</strong></span> <span class='ocrx_word' id='word_1_303' title='bbox 1638 2125 1762 2194; x_wconf 86' lang='lat' dir='ltr'><strong>dixerat,</strong></span> <span class='ocrx_word' id='word_1_304' title='bbox 1786 2127 1811 2183; x_wconf 91' lang='lat' dir='ltr'><strong>si</strong></span> 
     </span>
     <span class='ocr_line' id='line_1_23' title="bbox 94 2211 1699 2285; baseline 0.001 -17"><span class='ocrx_word' id='word_1_305' title='bbox 94 2214 230 2269; x_wconf 75' lang='lat' dir='ltr'><strong>Summas</strong></span> <span class='ocrx_word' id='word_1_306' title='bbox 242 2213 378 2285; x_wconf 70' lang='lat' dir='ltr'><strong>pontifex</strong></span> <span class='ocrx_word' id='word_1_307' title='bbox 390 2213 508 2269; x_wconf 75' lang='lat' dir='ltr'><strong>discutit</strong></span> <span class='ocrx_word' id='word_1_308' title='bbox 531 2212 700 2271; x_wconf 82' lang='lat' dir='ltr'><strong>electionem</strong></span> <span class='ocrx_word' id='word_1_309' title='bbox 716 2211 858 2269; x_wconf 83' lang='lat' dir='ltr'><strong>Gatdrict‘.</strong></span> <span class='ocrx_word' id='word_1_310' title='bbox 874 2242 909 2254; x_wconf 93' lang='lat'><strong>·-</strong></span> <span class='ocrx_word' id='word_1_311' title='bbox 962 2214 1034 2270; x_wconf 91' lang='lat' dir='ltr'><strong>torte</strong></span> <span class='ocrx_word' id='word_1_312' title='bbox 1048 2214 1077 2270; x_wconf 94' lang='lat' dir='ltr'><strong>in</strong></span> <span class='ocrx_word' id='word_1_313' title='bbox 1094 2214 1195 2271; x_wconf 88' lang='lat' dir='ltr'><strong>taciem</strong></span> <span class='ocrx_word' id='word_1_314' title='bbox 1208 2229 1242 2271; x_wconf 93' lang='lat' dir='ltr'><strong>ea</strong></span> <span class='ocrx_word' id='word_1_315' title='bbox 1257 2214 1368 2272; x_wconf 91' lang='lat' dir='ltr'><strong>bomini</strong></span> <span class='ocrx_word' id='word_1_316' title='bbox 1383 2213 1518 2271; x_wconf 88' lang='lat' dir='ltr'><strong>illaturus</strong></span> <span class='ocrx_word' id='word_1_317' title='bbox 1530 2214 1699 2271; x_wconf 87' lang='lat' dir='ltr'><strong>insumeret.</strong></span> 
     </span>
     <span class='ocr_line' id='line_1_24' title="bbox 58 2301 1810 2375; baseline 0.001 -18"><span class='ocrx_word' id='word_1_318' title='bbox 58 2303 139 2359; x_wconf 88' lang='lat' dir='ltr'><strong>lutra</strong></span> <span class='ocrx_word' id='word_1_319' title='bbox 152 2303 256 2359; x_wconf 91' lang='lat' dir='ltr'><strong>urbem</strong></span> <span class='ocrx_word' id='word_1_320' title='bbox 271 2302 369 2374; x_wconf 91' lang='lat' dir='ltr'><strong>itaque</strong></span> <span class='ocrx_word' id='word_1_321' title='bbox 379 2316 454 2373; x_wconf 90' lang='lat' dir='ltr'><strong>papa</strong></span> <span class='ocrx_word' id='word_1_322' title='bbox 467 2310 620 2373; x_wconf 89' lang='lat' dir='ltr'><strong>susceptus</strong></span> <span class='ocrx_word' id='word_1_323' title='bbox 635 2301 806 2374; x_wconf 75' lang='lat' dir='ltr'><strong>lingoniam</strong></span> <span class='ocrx_word' id='word_1_324' title='bbox 821 2314 910 2371; x_wconf 89' lang='lat' dir='ltr'><strong>super</strong></span> <span class='ocrx_word' id='word_1_325' title='bbox 998 2303 1062 2372; x_wconf 87' lang='lat' dir='ltr'><strong>lpse</strong></span> <span class='ocrx_word' id='word_1_326' title='bbox 1080 2317 1147 2360; x_wconf 86' lang='lat' dir='ltr'><strong>vero</strong></span> <span class='ocrx_word' id='word_1_327' title='bbox 1159 2303 1293 2375; x_wconf 82' lang='lat' dir='ltr'><strong>Magister</strong></span> <span class='ocrx_word' id='word_1_328' title='bbox 1314 2302 1408 2360; x_wconf 91' lang='lat' dir='ltr'><strong>altiori</strong></span> <span class='ocrx_word' id='word_1_329' title='bbox 1424 2303 1533 2359; x_wconf 91' lang='lat' dir='ltr'><strong>intuitu</strong></span> <span class='ocrx_word' id='word_1_330' title='bbox 1553 2302 1708 2360; x_wconf 87' lang='lat' dir='ltr'><strong>ambitione</strong></span> <span class='ocrx_word' id='word_1_331' title='bbox 1729 2303 1810 2374; x_wconf 89' lang='lat' dir='ltr'><strong>pala-</strong></span> 
     </span>
     <span class='ocr_line' id='line_1_25' title="bbox 59 2390 1811 2463; baseline -0.001 -14"><span class='ocrx_word' id='word_1_332' title='bbox 59 2391 197 2449; x_wconf 88' lang='lat' dir='ltr'><strong>electione</strong></span> <span class='ocrx_word' id='word_1_333' title='bbox 211 2391 426 2448; x_wconf 90' lang='lat' dir='ltr'><strong>nostrahabuit</strong></span> <span class='ocrx_word' id='word_1_334' title='bbox 446 2390 580 2461; x_wconf 88' lang='lat' dir='ltr'><strong>postridie</strong></span> <span class='ocrx_word' id='word_1_335' title='bbox 594 2394 760 2447; x_wconf 86' lang='lat' dir='ltr'><strong>tractatum.</strong></span> <span class='ocrx_word' id='word_1_336' title='bbox 778 2391 910 2460; x_wconf 84' lang='lat' dir='ltr'><strong>Cumque</strong></span> <span class='ocrx_word' id='word_1_337' title='bbox 962 2391 1091 2448; x_wconf 92' lang='lat' dir='ltr'><strong>tinorum</strong></span> <span class='ocrx_word' id='word_1_338' title='bbox 1118 2392 1244 2463; x_wconf 92' lang='lat' dir='ltr'><strong>inspecta</strong></span> <span class='ocrx_word' id='word_1_339' title='bbox 1271 2394 1341 2458; x_wconf 84' lang='lat' dir='ltr'><strong>(non</strong></span> <span class='ocrx_word' id='word_1_340' title='bbox 1368 2392 1432 2448; x_wconf 91' lang='lat' dir='ltr'><strong>dico</strong></span> <span class='ocrx_word' id='word_1_341' title='bbox 1456 2391 1564 2448; x_wconf 89' lang='lat' dir='ltr'><strong>domini</strong></span> <span class='ocrx_word' id='word_1_342' title='bbox 1579 2392 1671 2463; x_wconf 72' lang='lat' dir='ltr'><strong>papie)</strong></span> <span class='ocrx_word' id='word_1_343' title='bbox 1698 2392 1811 2449; x_wconf 84' lang='lat' dir='ltr'><strong>clavam</strong></span> 
     </span>
     <span class='ocr_line' id='line_1_26' title="bbox 61 2476 1811 2552; baseline 0.001 -18"><span class='ocrx_word' id='word_1_344' title='bbox 61 2479 211 2536; x_wconf 88' lang='lat' dir='ltr'><strong>electionis</strong></span> <span class='ocrx_word' id='word_1_345' title='bbox 226 2479 356 2535; x_wconf 88' lang='lat' dir='ltr'><strong>libellum</strong></span> <span class='ocrx_word' id='word_1_346' title='bbox 374 2491 472 2535; x_wconf 88' lang='lat' dir='ltr'><strong>coram</strong></span> <span class='ocrx_word' id='word_1_347' title='bbox 486 2478 546 2548; x_wconf 90' lang='lat' dir='ltr'><strong>ipso</strong></span> <span class='ocrx_word' id='word_1_348' title='bbox 562 2477 704 2550; x_wconf 84' lang='lat' dir='ltr'><strong>legissem.</strong></span> <span class='ocrx_word' id='word_1_349' title='bbox 730 2478 760 2534; x_wconf 87' lang='lat' dir='ltr'><strong>ln</strong></span> <span class='ocrx_word' id='word_1_350' title='bbox 776 2492 833 2548; x_wconf 81' lang='lat' dir='ltr'><strong>quo</strong></span> <span class='ocrx_word' id='word_1_351' title='bbox 851 2476 910 2533; x_wconf 79' lang='lat' dir='ltr'><strong>vita</strong></span> <span class='ocrx_word' id='word_1_352' title='bbox 963 2480 1079 2537; x_wconf 85' lang='lat' dir='ltr'><strong>Herculi</strong></span> <span class='ocrx_word' id='word_1_353' title='bbox 1094 2488 1268 2552; x_wconf 81' lang='lat' dir='ltr'><strong>extorquere</strong></span> <span class='ocrx_word' id='word_1_354' title='bbox 1283 2480 1318 2537; x_wconf 93' lang='lat' dir='ltr'><strong>de</strong></span> <span class='ocrx_word' id='word_1_355' title='bbox 1333 2493 1423 2536; x_wconf 89' lang='lat' dir='ltr'><strong>manu</strong></span> <span class='ocrx_word' id='word_1_356' title='bbox 1448 2479 1563 2536; x_wconf 89' lang='lat' dir='ltr'><strong>dililcile</strong></span> <span class='ocrx_word' id='word_1_357' title='bbox 1578 2479 1672 2537; x_wconf 86' lang='lat' dir='ltr'><strong>duxit.</strong></span> <span class='ocrx_word' id='word_1_358' title='bbox 1689 2478 1811 2535; x_wconf 85' lang='lat' dir='ltr'><strong>Domino</strong></span> 
     </span>
     <span class='ocr_line' id='line_1_27' title="bbox 58 2565 1810 2638; baseline -0.002 -14"><span class='ocrx_word' id='word_1_359' title='bbox 58 2567 124 2638; x_wconf 84' lang='lat' dir='ltr'><strong>ejus</strong></span> <span class='ocrx_word' id='word_1_360' title='bbox 144 2574 172 2623; x_wconf 91' lang='lat' dir='ltr'><strong>et</strong></span> <span class='ocrx_word' id='word_1_361' title='bbox 193 2580 287 2622; x_wconf 89' lang='lat' dir='ltr'><strong>mores</strong></span> <span class='ocrx_word' id='word_1_362' title='bbox 299 2565 370 2622; x_wconf 90' lang='lat' dir='ltr'><strong>satis</strong></span> <span class='ocrx_word' id='word_1_363' title='bbox 384 2579 531 2636; x_wconf 88' lang='lat' dir='ltr'><strong>superque</strong></span> <span class='ocrx_word' id='word_1_364' title='bbox 557 2565 734 2633; x_wconf 87' lang='lat' dir='ltr'><strong>terebantur,</strong></span> <span class='ocrx_word' id='word_1_365' title='bbox 755 2565 910 2622; x_wconf 89' lang='lat' dir='ltr'><strong>abbatibus</strong></span> <span class='ocrx_word' id='word_1_366' title='bbox 962 2581 1030 2638; x_wconf 91' lang='lat' dir='ltr'><strong>ergo</strong></span> <span class='ocrx_word' id='word_1_367' title='bbox 1051 2581 1134 2638; x_wconf 91' lang='lat' dir='ltr'><strong>papa,</strong></span> <span class='ocrx_word' id='word_1_368' title='bbox 1149 2575 1177 2624; x_wconf 92' lang='lat' dir='ltr'><strong>et</strong></span> <span class='ocrx_word' id='word_1_369' title='bbox 1192 2581 1246 2635; x_wconf 91' lang='lat' dir='ltr'><strong>me,</strong></span> <span class='ocrx_word' id='word_1_370' title='bbox 1263 2568 1287 2623; x_wconf 90' lang='lat' dir='ltr'><strong>si</strong></span> <span class='ocrx_word' id='word_1_371' title='bbox 1306 2567 1402 2624; x_wconf 91' lang='lat' dir='ltr'><strong>dicere</strong></span> <span class='ocrx_word' id='word_1_372' title='bbox 1423 2568 1556 2632; x_wconf 91' lang='lat' dir='ltr'><strong>audeam,</strong></span> <span class='ocrx_word' id='word_1_373' title='bbox 1572 2565 1733 2636; x_wconf 80' lang='lat' dir='ltr'><strong>nugaciter,</strong></span> <span class='ocrx_word' id='word_1_374' title='bbox 1751 2565 1810 2636; x_wconf 90' lang='lat' dir='ltr'><strong>ipse</strong></span> 
     </span>
     <span class='ocr_line' id='line_1_28' title="bbox 59 2651 1811 2725; baseline 0 -16"><span class='ocrx_word' id='word_1_375' title='bbox 59 2654 144 2711; x_wconf 89' lang='lat' dir='ltr'><strong>nobis</strong></span> <span class='ocrx_word' id='word_1_376' title='bbox 165 2653 216 2725; x_wconf 91' lang='lat' dir='ltr'><strong>qui</strong></span> <span class='ocrx_word' id='word_1_377' title='bbox 232 2654 395 2720; x_wconf 88' lang='lat' dir='ltr'><strong>aderamus,</strong></span> <span class='ocrx_word' id='word_1_378' title='bbox 424 2661 452 2710; x_wconf 89' lang='lat' dir='ltr'><strong>et</strong></span> <span class='ocrx_word' id='word_1_379' title='bbox 467 2652 642 2724; x_wconf 86' lang='lat' dir='ltr'><strong>presbyteris</strong></span> <span class='ocrx_word' id='word_1_380' title='bbox 657 2651 834 2724; x_wconf 89' lang='lat' dir='ltr'><strong>quibusdam</strong></span> <span class='ocrx_word' id='word_1_381' title='bbox 852 2654 908 2709; x_wconf 89' lang='lat' dir='ltr'><strong>Ec·</strong></span> <span class='ocrx_word' id='word_1_382' title='bbox 963 2653 1149 2712; x_wconf 83' lang='lat' dir='ltr'><strong>scholasticus</strong></span> <span class='ocrx_word' id='word_1_383' title='bbox 1169 2653 1221 2711; x_wconf 92' lang='lat' dir='ltr'><strong>niti</strong></span> <span class='ocrx_word' id='word_1_384' title='bbox 1248 2655 1348 2711; x_wconf 89' lang='lat' dir='ltr'><strong>videns</strong></span> <span class='ocrx_word' id='word_1_385' title='bbox 1362 2654 1493 2711; x_wconf 87' lang='lat' dir='ltr'><strong>dominos</strong></span> <span class='ocrx_word' id='word_1_386' title='bbox 1517 2654 1547 2709; x_wconf 91' lang='lat' dir='ltr'><strong>iu</strong></span> <span class='ocrx_word' id='word_1_387' title='bbox 1573 2653 1721 2711; x_wconf 82' lang='lat' dir='ltr'><strong>diversum</strong></span> <span class='ocrx_word' id='word_1_388' title='bbox 1746 2667 1811 2709; x_wconf 91' lang='lat' dir='ltr'><strong>con·</strong></span> 
     </span>
     <span class='ocr_line' id='line_1_29' title="bbox 60 2738 1810 2813; baseline -0.001 -15"><span class='ocrx_word' id='word_1_389' title='bbox 60 2743 154 2799; x_wconf 86' lang='lat' dir='ltr'><strong>clesiae</strong></span> <span class='ocrx_word' id='word_1_390' title='bbox 169 2742 220 2813; x_wconf 94' lang='lat' dir='ltr'><strong>qui</strong></span> <span class='ocrx_word' id='word_1_391' title='bbox 235 2755 303 2798; x_wconf 93' lang='lat' dir='ltr'><strong>cum</strong></span> <span class='ocrx_word' id='word_1_392' title='bbox 325 2740 412 2797; x_wconf 87' lang='lat' dir='ltr'><strong>electo</strong></span> <span class='ocrx_word' id='word_1_393' title='bbox 426 2747 577 2808; x_wconf 87' lang='lat' dir='ltr'><strong>venerant,</strong></span> <span class='ocrx_word' id='word_1_394' title='bbox 591 2752 666 2810; x_wconf 93' lang='lat' dir='ltr'><strong>papa</strong></span> <span class='ocrx_word' id='word_1_395' title='bbox 689 2738 797 2806; x_wconf 90' lang='lat' dir='ltr'><strong>accitis,</strong></span> <span class='ocrx_word' id='word_1_396' title='bbox 824 2741 908 2808; x_wconf 88' lang='lat' dir='ltr'><strong>coepit</strong></span> <span class='ocrx_word' id='word_1_397' title='bbox 962 2742 1103 2800; x_wconf 87' lang='lat' dir='ltr'><strong>tradiccre</strong></span> <span class='ocrx_word' id='word_1_398' title='bbox 1129 2740 1298 2812; x_wconf 88' lang='lat' dir='ltr'><strong>supersedit.</strong></span> <span class='ocrx_word' id='word_1_399' title='bbox 1315 2741 1415 2797; x_wconf 89' lang='lat' dir='ltr'><strong>Omnis</strong></span> <span class='ocrx_word' id='word_1_400' title='bbox 1430 2741 1518 2812; x_wconf 91' lang='lat' dir='ltr'><strong>igitur</strong></span> <span class='ocrx_word' id='word_1_401' title='bbox 1534 2740 1609 2798; x_wconf 92' lang='lat' dir='ltr'><strong>illico</strong></span> <span class='ocrx_word' id='word_1_402' title='bbox 1633 2739 1810 2798; x_wconf 87' lang='lat' dir='ltr'><strong>discussione</strong></span> 
     </span>
     <span class='ocr_line' id='line_1_30' title="bbox 59 2828 1811 2902; baseline 0 -16"><span class='ocrx_word' id='word_1_403' title='bbox 59 2831 96 2887; x_wconf 92' lang='lat' dir='ltr'><strong>ad</strong></span> <span class='ocrx_word' id='word_1_404' title='bbox 119 2844 171 2886; x_wconf 92' lang='lat' dir='ltr'><strong>nos</strong></span> <span class='ocrx_word' id='word_1_405' title='bbox 193 2829 369 2898; x_wconf 88' lang='lat' dir='ltr'><strong>concionari,</strong></span> <span class='ocrx_word' id='word_1_406' title='bbox 389 2830 539 2885; x_wconf 88' lang='lat' dir='ltr'><strong>materiam</strong></span> <span class='ocrx_word' id='word_1_407' title='bbox 562 2829 597 2886; x_wconf 93' lang='lat' dir='ltr'><strong>de</strong></span> <span class='ocrx_word' id='word_1_408' title='bbox 623 2829 769 2886; x_wconf 88' lang='lat' dir='ltr'><strong>electionis</strong></span> <span class='ocrx_word' id='word_1_409' title='bbox 789 2828 909 2886; x_wconf 86' lang='lat' dir='ltr'><strong>lectione</strong></span> <span class='ocrx_word' id='word_1_410' title='bbox 962 2831 1065 2902; x_wconf 90' lang='lat' dir='ltr'><strong>sopita,</strong></span> <span class='ocrx_word' id='word_1_411' title='bbox 1087 2831 1195 2887; x_wconf 90' lang='lat' dir='ltr'><strong>electus</strong></span> <span class='ocrx_word' id='word_1_412' title='bbox 1224 2829 1272 2886; x_wconf 92' lang='lat' dir='ltr'><strong>ille</strong></span> <span class='ocrx_word' id='word_1_413' title='bbox 1300 2830 1336 2886; x_wconf 89' lang='lat' dir='ltr'><strong>ad</strong></span> <span class='ocrx_word' id='word_1_414' title='bbox 1366 2829 1493 2886; x_wconf 89' lang='lat' dir='ltr'><strong>medium</strong></span> <span class='ocrx_word' id='word_1_415' title='bbox 1508 2829 1671 2898; x_wconf 88' lang='lat' dir='ltr'><strong>deducitur,</strong></span> <span class='ocrx_word' id='word_1_416' title='bbox 1697 2829 1763 2886; x_wconf 92' lang='lat' dir='ltr'><strong>etei</strong></span> <span class='ocrx_word' id='word_1_417' title='bbox 1792 2842 1811 2886; x_wconf 90' lang='lat' dir='ltr'><strong>a</strong></span> 
     </span>
     <span class='ocr_line' id='line_1_31' title="bbox 59 2915 1810 2997; baseline -0.001 -22"><span class='ocrx_word' id='word_1_418' title='bbox 59 2933 159 2976; x_wconf 88' lang='lat' dir='ltr'><strong>recens</strong></span> <span class='ocrx_word' id='word_1_419' title='bbox 179 2918 237 2975; x_wconf 89' lang='lat' dir='ltr'><strong>lata</strong></span> <span class='ocrx_word' id='word_1_420' title='bbox 261 2931 388 2974; x_wconf 87' lang='lat' dir='ltr'><strong>sumens.</strong></span> <span class='ocrx_word' id='word_1_421' title='bbox 418 2916 488 2973; x_wconf 83' lang='lat' dir='ltr'><strong>Erat</strong></span> <span class='ocrx_word' id='word_1_422' title='bbox 513 2922 589 2972; x_wconf 71' lang='grc'><strong>499</strong></span> <span class='ocrx_word' id='word_1_423' title='bbox 622 2925 720 2975; x_wconf 90' lang='lat' dir='ltr'><strong>autem</strong></span> <span class='ocrx_word' id='word_1_424' title='bbox 749 2926 908 2976; x_wconf 84' lang='lat' dir='ltr'><strong>conventus</strong></span> <span class='ocrx_word' id='word_1_425' title='bbox 926 2941 947 2997; x_wconf 72' lang='lat' dir='ltr'><strong>c</strong></span> <span class='ocrx_word' id='word_1_426' title='bbox 962 2919 1078 2976; x_wconf 93' lang='lat' dir='ltr'><strong>domino</strong></span> <span class='ocrx_word' id='word_1_427' title='bbox 1093 2933 1167 2989; x_wconf 92' lang='lat' dir='ltr'><strong>papa</strong></span> <span class='ocrx_word' id='word_1_428' title='bbox 1181 2920 1275 2992; x_wconf 89' lang='lat' dir='ltr'><strong>gratia</strong></span> <span class='ocrx_word' id='word_1_429' title='bbox 1301 2919 1488 2991; x_wconf 82' lang='lat' dir='ltr'><strong>pontificandi</strong></span> <span class='ocrx_word' id='word_1_430' title='bbox 1510 2917 1687 2975; x_wconf 90' lang='lat' dir='ltr'><strong>conceditur.</strong></span> <span class='ocrx_word' id='word_1_431' title='bbox 1712 2915 1810 2974; x_wconf 89' lang='lat' dir='ltr'><strong>Soluto</strong></span> 
     </span>
     <span class='ocr_line' id='line_1_32' title="bbox 57 3005 1810 3081; baseline -0.002 -17"><span class='ocrx_word' id='word_1_432' title='bbox 57 3007 186 3077; x_wconf 89' lang='lat' dir='ltr'><strong>locuples</strong></span> <span class='ocrx_word' id='word_1_433' title='bbox 210 3005 368 3077; x_wconf 88' lang='lat' dir='ltr'><strong>insignium</strong></span> <span class='ocrx_word' id='word_1_434' title='bbox 388 3006 545 3062; x_wconf 87' lang='lat' dir='ltr'><strong>admodum</strong></span> <span class='ocrx_word' id='word_1_435' title='bbox 574 3019 775 3077; x_wconf 85' lang='lat' dir='ltr'><strong>personarum,</strong></span> <span class='ocrx_word' id='word_1_436' title='bbox 801 3007 909 3064; x_wconf 87' lang='lat' dir='ltr'><strong>italico·</strong></span> <span class='ocrx_word' id='word_1_437' title='bbox 962 3009 1061 3080; x_wconf 90' lang='lat' dir='ltr'><strong>itaque</strong></span> <span class='ocrx_word' id='word_1_438' title='bbox 1076 3016 1231 3076; x_wconf 86' lang='lat' dir='ltr'><strong>conventu,</strong></span> <span class='ocrx_word' id='word_1_439' title='bbox 1248 3016 1275 3066; x_wconf 91' lang='lat' dir='ltr'><strong>et</strong></span> <span class='ocrx_word' id='word_1_440' title='bbox 1285 3022 1366 3080; x_wconf 90' lang='lat' dir='ltr'><strong>papa</strong></span> <span class='ocrx_word' id='word_1_441' title='bbox 1378 3021 1502 3081; x_wconf 89' lang='lat' dir='ltr'><strong>egresso,</strong></span> <span class='ocrx_word' id='word_1_442' title='bbox 1521 3019 1646 3064; x_wconf 83' lang='lat' dir='ltr'><strong>ecceme</strong></span> <span class='ocrx_word' id='word_1_443' title='bbox 1674 3005 1810 3062; x_wconf 90' lang='lat' dir='ltr'><strong>cardina-</strong></span> 
     </span>
     <span class='ocr_line' id='line_1_33' title="bbox 59 3092 1810 3168; baseline -0.001 -17"><span class='ocrx_word' id='word_1_444' title='bbox 59 3109 127 3151; x_wconf 90' lang='lat' dir='ltr'><strong>rum</strong></span> <span class='ocrx_word' id='word_1_445' title='bbox 140 3093 351 3164; x_wconf 88' lang='lat' dir='ltr'><strong>episcoporum,</strong></span> <span class='ocrx_word' id='word_1_446' title='bbox 369 3100 457 3164; x_wconf 90' lang='lat' dir='ltr'><strong>atque</strong></span> <span class='ocrx_word' id='word_1_447' title='bbox 468 3095 651 3161; x_wconf 90' lang='lat' dir='ltr'><strong>nostratium,</strong></span> <span class='ocrx_word' id='word_1_448' title='bbox 665 3094 714 3151; x_wconf 90' lang='lat' dir='ltr'><strong>sed</strong></span> <span class='ocrx_word' id='word_1_449' title='bbox 728 3102 757 3151; x_wconf 91' lang='lat' dir='ltr'><strong>et</strong></span> <span class='ocrx_word' id='word_1_450' title='bbox 775 3094 907 3152; x_wconf 87' lang='lat' dir='ltr'><strong>cardina·</strong></span> <span class='ocrx_word' id='word_1_451' title='bbox 963 3098 1033 3154; x_wconf 91' lang='lat' dir='ltr'><strong>lium</strong></span> <span class='ocrx_word' id='word_1_452' title='bbox 1048 3104 1138 3153; x_wconf 90' lang='lat' dir='ltr'><strong>coetus</strong></span> <span class='ocrx_word' id='word_1_453' title='bbox 1152 3096 1332 3168; x_wconf 86' lang='lat' dir='ltr'><strong>aggreditur,</strong></span> <span class='ocrx_word' id='word_1_454' title='bbox 1350 3094 1546 3166; x_wconf 83' lang='lat' dir='ltr'><strong>multipliciter</strong></span> <span class='ocrx_word' id='word_1_455' title='bbox 1558 3094 1662 3150; x_wconf 88' lang='lat' dir='ltr'><strong>ardens</strong></span> <span class='ocrx_word' id='word_1_456' title='bbox 1675 3100 1704 3150; x_wconf 90' lang='lat' dir='ltr'><strong>et</strong></span> <span class='ocrx_word' id='word_1_457' title='bbox 1713 3092 1810 3151; x_wconf 91' lang='lat' dir='ltr'><strong>diceus</strong></span> 
     </span>
     <span class='ocr_line' id='line_1_34' title="bbox 58 3179 1835 3255; baseline -0.001 -16"><span class='ocrx_word' id='word_1_458' title='bbox 58 3183 141 3250; x_wconf 92' lang='lat' dir='ltr'><strong>lium,</strong></span> <span class='ocrx_word' id='word_1_459' title='bbox 158 3182 340 3253; x_wconf 90' lang='lat' dir='ltr'><strong>aliorumque</strong></span> <span class='ocrx_word' id='word_1_460' title='bbox 355 3180 640 3238; x_wconf 88' lang='lat' dir='ltr'><strong>litteratissimorum.</strong></span> <span class='ocrx_word' id='word_1_461' title='bbox 664 3182 827 3254; x_wconf 85' lang='lat' dir='ltr'><strong>interrogat</strong></span> <span class='ocrx_word' id='word_1_462' title='bbox 840 3196 908 3254; x_wconf 90' lang='lat' dir='ltr'><strong>ergo</strong></span> <span class='ocrx_word' id='word_1_463' title='bbox 963 3181 1033 3237; x_wconf 87' lang='lat' dir='ltr'><strong>mibi</strong></span> <span class='ocrx_word' id='word_1_464' title='bbox 1049 3197 1056 3236; x_wconf 77' lang='grc' dir='ltr'><strong><em>ε</em></strong></span> <span class='ocrx_word' id='word_1_465' title='bbox 1073 3181 1196 3238; x_wconf 85' lang='lat' dir='ltr'><strong>llultum</strong></span> <span class='ocrx_word' id='word_1_466' title='bbox 1212 3183 1294 3240; x_wconf 90' lang='lat' dir='ltr'><strong>nobis</strong></span> <span class='ocrx_word' id='word_1_467' title='bbox 1316 3183 1488 3254; x_wconf 89' lang='lat' dir='ltr'><strong>placuerunt</strong></span> <span class='ocrx_word' id='word_1_468' title='bbox 1501 3181 1590 3237; x_wconf 84' lang='lat' dir='ltr'><strong>verba</strong></span> <span class='ocrx_word' id='word_1_469' title='bbox 1607 3190 1665 3237; x_wconf 90' lang='lat' dir='ltr'><strong>tua.</strong></span> <span class='ocrx_word' id='word_1_470' title='bbox 1681 3179 1735 3248; x_wconf 84' lang='lat' dir='ltr'><strong>Qui</strong></span> <span class='ocrx_word' id='word_1_471' title='bbox 1748 3181 1809 3251; x_wconf 90' lang='lat' dir='ltr'><strong>pla·</strong></span> <span class='ocrx_word' id='word_1_472' title='bbox 1831 3246 1835 3255; x_wconf 29' lang='lat'>¹</span> 
     </span>
     <span class='ocr_line' id='line_1_35' title="bbox 59 3269 1810 3342; baseline 0 -16"><span class='ocrx_word' id='word_1_473' title='bbox 59 3285 136 3342; x_wconf 92' lang='lat' dir='ltr'><strong>papa</strong></span> <span class='ocrx_word' id='word_1_474' title='bbox 147 3271 274 3342; x_wconf 89' lang='lat' dir='ltr'><strong>primum</strong></span> <span class='ocrx_word' id='word_1_475' title='bbox 291 3270 535 3342; x_wconf 90' lang='lat' dir='ltr'><strong>curelegeramus</strong></span> <span class='ocrx_word' id='word_1_476' title='bbox 551 3270 682 3342; x_wconf 88' lang='lat' dir='ltr'><strong>ignotum</strong></span> <span class='ocrx_word' id='word_1_477' title='bbox 695 3270 850 3327; x_wconf 91' lang='lat' dir='ltr'><strong>bominem.</strong></span> <span class='ocrx_word' id='word_1_478' title='bbox 863 3270 907 3327; x_wconf 85' lang='lat' dir='ltr'><strong>Ad</strong></span> <span class='ocrx_word' id='word_1_479' title='bbox 961 3283 1020 3339; x_wconf 88' lang='lat' dir='ltr'><strong>eor,</strong></span> <span class='ocrx_word' id='word_1_480' title='bbox 1039 3269 1155 3327; x_wconf 85' lang='lat' dir='ltr'><strong>bonine</strong></span> <span class='ocrx_word' id='word_1_481' title='bbox 1176 3272 1253 3328; x_wconf 87' lang='lat' dir='ltr'><strong>Deus</strong></span> <span class='ocrx_word' id='word_1_482' title='bbox 1267 3285 1349 3328; x_wconf 91' lang='lat' dir='ltr'><strong>meus</strong></span> <span class='ocrx_word' id='word_1_483' title='bbox 1376 3279 1406 3328; x_wconf 94' lang='lat' dir='ltr'><strong>tu</strong></span> <span class='ocrx_word' id='word_1_484' title='bbox 1433 3271 1497 3339; x_wconf 91' lang='lat' dir='ltr'><strong>scis,</strong></span> <span class='ocrx_word' id='word_1_485' title='bbox 1514 3269 1585 3342; x_wconf 91' lang='lat' dir='ltr'><strong>quia</strong></span> <span class='ocrx_word' id='word_1_486' title='bbox 1609 3283 1667 3326; x_wconf 93' lang='lat' dir='ltr'><strong>non</strong></span> <span class='ocrx_word' id='word_1_487' title='bbox 1687 3276 1745 3326; x_wconf 74' lang='lat' dir='ltr'><strong>mm</strong></span> <span class='ocrx_word' id='word_1_488' title='bbox 1775 3270 1810 3326; x_wconf 91' lang='lat' dir='ltr'><strong>de</strong></span> 
     </span>
     <span class='ocr_line' id='line_1_36' title="bbox 58 3357 1810 3433; baseline -0.002 -17"><span class='ocrx_word' id='word_1_489' title='bbox 58 3360 220 3430; x_wconf 93' lang='lat' dir='ltr'><strong>quodcum</strong></span> <span class='ocrx_word' id='word_1_490' title='bbox 246 3366 330 3415; x_wconf 90' lang='lat' dir='ltr'><strong>nemo</strong></span> <span class='ocrx_word' id='word_1_491' title='bbox 351 3358 585 3428; x_wconf 88' lang='lat' dir='ltr'><strong>presbyterorum</strong></span> <span class='ocrx_word' id='word_1_492' title='bbox 610 3359 811 3430; x_wconf 87' lang='lat' dir='ltr'><strong>respondisset,</strong></span> <span class='ocrx_word' id='word_1_493' title='bbox 828 3358 908 3433; x_wconf 80' lang='lat' dir='ltr'><strong>(narq</strong></span> <span class='ocrx_word' id='word_1_494' title='bbox 961 3357 1103 3429; x_wconf 89' lang='lat' dir='ltr'><strong>elegantia</strong></span> <span class='ocrx_word' id='word_1_495' title='bbox 1121 3359 1278 3416; x_wconf 91' lang='lat' dir='ltr'><strong>verborum</strong></span> <span class='ocrx_word' id='word_1_496' title='bbox 1307 3372 1438 3415; x_wconf 90' lang='lat' dir='ltr'><strong>meorum</strong></span> <span class='ocrx_word' id='word_1_497' title='bbox 1463 3357 1636 3426; x_wconf 85' lang='lat' dir='ltr'><strong>emergebat,</strong></span> <span class='ocrx_word' id='word_1_498' title='bbox 1665 3364 1810 3427; x_wconf 91' lang='lat' dir='ltr'><strong>quantum</strong></span> 
     </span>
     <span class='ocr_line' id='line_1_37' title="bbox 59 3443 1809 3517; baseline -0.001 -15"><span class='ocrx_word' id='word_1_499' title='bbox 59 3446 335 3516; x_wconf 88' lang='lat' dir='ltr'><strong>quidamelementa</strong></span> <span class='ocrx_word' id='word_1_500' title='bbox 360 3447 411 3503; x_wconf 77' lang='lat' dir='ltr'><strong>vix</strong></span> <span class='ocrx_word' id='word_1_501' title='bbox 438 3447 555 3517; x_wconf 76' lang='lat' dir='ltr'><strong>norant)</strong></span> <span class='ocrx_word' id='word_1_502' title='bbox 570 3446 607 3503; x_wconf 94' lang='lat' dir='ltr'><strong>ad</strong></span> <span class='ocrx_word' id='word_1_503' title='bbox 633 3447 794 3504; x_wconf 88' lang='lat' dir='ltr'><strong>abbatessc</strong></span> <span class='ocrx_word' id='word_1_504' title='bbox 809 3447 906 3504; x_wconf 88' lang='lat' dir='ltr'><strong>vertit.</strong></span> <span class='ocrx_word' id='word_1_505' title='bbox 961 3445 996 3502; x_wconf 93' lang='lat' dir='ltr'><strong>de</strong></span> <span class='ocrx_word' id='word_1_506' title='bbox 1022 3458 1072 3514; x_wconf 90' lang='lat' dir='ltr'><strong>spe</strong></span> <span class='ocrx_word' id='word_1_507' title='bbox 1101 3446 1211 3516; x_wconf 88' lang='lat' dir='ltr'><strong>optima</strong></span> <span class='ocrx_word' id='word_1_508' title='bbox 1235 3446 1422 3503; x_wconf 89' lang='lat' dir='ltr'><strong>denariorum</strong></span> <span class='ocrx_word' id='word_1_509' title='bbox 1457 3452 1541 3501; x_wconf 82' lang='lat' dir='ltr'><strong>extra</strong></span> <span class='ocrx_word' id='word_1_510' title='bbox 1561 3484 1569 3499; x_wconf 87' lang='lat'><strong>.</strong></span> <span class='ocrx_word' id='word_1_511' title='bbox 1590 3483 1598 3498; x_wconf 86' lang='lat'><strong>.</strong></span> <span class='ocrx_word' id='word_1_512' title='bbox 1620 3483 1627 3498; x_wconf 93' lang='lat'><strong>.</strong></span> <span class='ocrx_word' id='word_1_513' title='bbox 1650 3485 1656 3499; x_wconf 99' lang='lat'><strong>.</strong></span> <span class='ocrx_word' id='word_1_514' title='bbox 1676 3443 1809 3501; x_wconf 89' lang='lat' dir='ltr'><strong>bensium</strong></span> 
     </span>
     <span class='ocr_line' id='line_1_38' title="bbox 58 3533 1809 3606; baseline -0.001 -16"><span class='ocrx_word' id='word_1_515' title='bbox 58 3534 197 3591; x_wconf 86' lang='lat' dir='ltr'><strong>Sedebam</strong></span> <span class='ocrx_word' id='word_1_516' title='bbox 212 3541 308 3592; x_wconf 89' lang='lat' dir='ltr'><strong>autem</strong></span> <span class='ocrx_word' id='word_1_517' title='bbox 321 3535 396 3591; x_wconf 90' lang='lat' dir='ltr'><strong>iuter</strong></span> <span class='ocrx_word' id='word_1_518' title='bbox 410 3542 569 3606; x_wconf 89' lang='lat' dir='ltr'><strong>utrumque</strong></span> <span class='ocrx_word' id='word_1_519' title='bbox 581 3533 702 3590; x_wconf 89' lang='lat' dir='ltr'><strong>medius.</strong></span> <span class='ocrx_word' id='word_1_520' title='bbox 960 3534 1069 3606; x_wconf 89' lang='lat' dir='ltr'><strong>quibus</strong></span> <span class='ocrx_word' id='word_1_521' title='bbox 1097 3536 1144 3593; x_wconf 92' lang='lat' dir='ltr'><strong>illc</strong></span> <span class='ocrx_word' id='word_1_522' title='bbox 1166 3536 1372 3593; x_wconf 85' lang='lat' dir='ltr'><strong>suliarcinatus</strong></span> <span class='ocrx_word' id='word_1_523' title='bbox 1386 3535 1553 3592; x_wconf 81' lang='lat' dir='ltr'><strong>advenerat.</strong></span> <span class='ocrx_word' id='word_1_524' title='bbox 1568 3533 1641 3590; x_wconf 89' lang='lat' dir='ltr'><strong>Nam</strong></span> <span class='ocrx_word' id='word_1_525' title='bbox 1663 3540 1692 3589; x_wconf 92' lang='lat' dir='ltr'><strong>et</strong></span> <span class='ocrx_word' id='word_1_526' title='bbox 1714 3546 1766 3604; x_wconf 90' lang='lat' dir='ltr'><strong>ego</strong></span> <span class='ocrx_word' id='word_1_527' title='bbox 1781 3540 1809 3588; x_wconf 91' lang='lat' dir='ltr'><strong>et</strong></span> 
     </span>
     <span class='ocr_line' id='line_1_39' title="bbox 94 3620 1809 3695; baseline 0.001 -19"><span class='ocrx_word' id='word_1_528' title='bbox 94 3623 311 3679; x_wconf 77' lang='lat' dir='ltr'><strong>lnoituscorcm</strong></span> <span class='ocrx_word' id='word_1_529' title='bbox 324 3622 669 3695; x_wconf 81' lang='lat' dir='ltr'><strong>ipsoeermonemiabuit</strong></span> <span class='ocrx_word' id='word_1_530' title='bbox 690 3622 854 3678; x_wconf 78' lang='lat' dir='ltr'><strong>Guibertas.</strong></span> <span class='ocrx_word' id='word_1_531' title='bbox 871 3650 907 3663; x_wconf 95' lang='lat'>-</span> <span class='ocrx_word' id='word_1_532' title='bbox 960 3622 1083 3679; x_wconf 89' lang='lat' dir='ltr'><strong>coabbas</strong></span> <span class='ocrx_word' id='word_1_533' title='bbox 1114 3637 1195 3680; x_wconf 91' lang='lat' dir='ltr'><strong>meus</strong></span> <span class='ocrx_word' id='word_1_534' title='bbox 1217 3623 1314 3680; x_wconf 87' lang='lat' dir='ltr'><strong>Sancti</strong></span> <span class='ocrx_word' id='word_1_535' title='bbox 1342 3621 1485 3681; x_wconf 85' lang='lat' dir='ltr'><strong>vincentii</strong></span> <span class='ocrx_word' id='word_1_536' title='bbox 1509 3620 1661 3688; x_wconf 74' lang='lat' dir='ltr'><strong>adalbero,</strong></span> <span class='ocrx_word' id='word_1_537' title='bbox 1690 3626 1809 3677; x_wconf 80' lang='lat' dir='ltr'><strong>moneta</strong></span> 
     </span>
     <span class='ocr_line' id='line_1_40' title="bbox 60 3705 1805 3783; baseline -0.003 -15"><span class='ocrx_word' id='word_1_538' title='bbox 60 3711 182 3781; x_wconf 83' lang='lat' dir='ltr'><strong>Utrique</strong></span> <span class='ocrx_word' id='word_1_539' title='bbox 204 3711 294 3783; x_wconf 86' lang='lat' dir='ltr'><strong>igitur</strong></span> <span class='ocrx_word' id='word_1_540' title='bbox 319 3711 356 3767; x_wconf 91' lang='lat' dir='ltr'><strong>ad</strong></span> <span class='ocrx_word' id='word_1_541' title='bbox 383 3711 462 3768; x_wconf 91' lang='lat' dir='ltr'><strong>illata</strong></span> <span class='ocrx_word' id='word_1_542' title='bbox 486 3719 623 3780; x_wconf 87' lang='lat' dir='ltr'><strong>tacentes,</strong></span> <span class='ocrx_word' id='word_1_543' title='bbox 649 3724 704 3778; x_wconf 90' lang='lat' dir='ltr'><strong>me,</strong></span> <span class='ocrx_word' id='word_1_544' title='bbox 725 3717 760 3766; x_wconf 94' lang='lat' dir='ltr'><strong>ut</strong></span> <span class='ocrx_word' id='word_1_545' title='bbox 774 3709 908 3781; x_wconf 86' lang='lat' dir='ltr'><strong>loquerer</strong></span> <span class='ocrx_word' id='word_1_546' title='bbox 960 3710 1089 3781; x_wconf 86' lang='lat' dir='ltr'><strong>ejusdem</strong></span> <span class='ocrx_word' id='word_1_547' title='bbox 1105 3710 1269 3767; x_wconf 85' lang='lat' dir='ltr'><strong>terebamus</strong></span> <span class='ocrx_word' id='word_1_548' title='bbox 1281 3709 1407 3780; x_wconf 89' lang='lat' dir='ltr'><strong>quisque</strong></span> <span class='ocrx_word' id='word_1_549' title='bbox 1427 3715 1560 3764; x_wconf 90' lang='lat' dir='ltr'><strong>nostrum</strong></span> <span class='ocrx_word' id='word_1_550' title='bbox 1576 3708 1692 3763; x_wconf 84' lang='lat' dir='ltr'><strong>vicenas</strong></span> <span class='ocrx_word' id='word_1_551' title='bbox 1707 3705 1805 3776; x_wconf 91' lang='lat' dir='ltr'><strong>libras,</strong></span> 
     </span>
     <span class='ocr_line' id='line_1_41' title="bbox 58 3793 1808 3872; baseline -0.002 -19"><span class='ocrx_word' id='word_1_552' title='bbox 58 3798 128 3853; x_wconf 90' lang='lat' dir='ltr'><strong>binc</strong></span> <span class='ocrx_word' id='word_1_553' title='bbox 143 3807 172 3856; x_wconf 89' lang='lat' dir='ltr'><strong>et</strong></span> <span class='ocrx_word' id='word_1_554' title='bbox 185 3799 252 3856; x_wconf 93' lang='lat' dir='ltr'><strong>inde</strong></span> <span class='ocrx_word' id='word_1_555' title='bbox 267 3814 372 3870; x_wconf 89' lang='lat' dir='ltr'><strong>urgere</strong></span> <span class='ocrx_word' id='word_1_556' title='bbox 390 3808 549 3870; x_wconf 88' lang='lat' dir='ltr'><strong>coeperuut,</strong></span> <span class='ocrx_word' id='word_1_557' title='bbox 577 3800 630 3872; x_wconf 94' lang='lat' dir='ltr'><strong>qui</strong></span> <span class='ocrx_word' id='word_1_558' title='bbox 644 3813 713 3855; x_wconf 83' lang='lat' dir='ltr'><strong>meae</strong></span> <span class='ocrx_word' id='word_1_559' title='bbox 728 3797 847 3854; x_wconf 88' lang='lat' dir='ltr'><strong>timidus</strong></span> <span class='ocrx_word' id='word_1_560' title='bbox 859 3797 907 3868; x_wconf 81' lang='lat' dir='ltr'><strong>ju·</strong></span> <span class='ocrx_word' id='word_1_561' title='bbox 961 3795 1070 3867; x_wconf 89' lang='lat' dir='ltr'><strong>quibus</strong></span> <span class='ocrx_word' id='word_1_562' title='bbox 1083 3804 1181 3853; x_wconf 90' lang='lat' dir='ltr'><strong>tantus</strong></span> <span class='ocrx_word' id='word_1_563' title='bbox 1190 3796 1421 3868; x_wconf 80' lang='lat' dir='ltr'><strong>exspectantium</strong></span> <span class='ocrx_word' id='word_1_564' title='bbox 1431 3795 1529 3851; x_wconf 89' lang='lat' dir='ltr'><strong>biatus</strong></span> <span class='ocrx_word' id='word_1_565' title='bbox 1541 3793 1660 3849; x_wconf 87' lang='lat' dir='ltr'><strong>torsitan</strong></span> <span class='ocrx_word' id='word_1_566' title='bbox 1676 3793 1808 3863; x_wconf 91' lang='lat' dir='ltr'><strong>oppletus</strong></span> 
     </span>
     <span class='ocr_line' id='line_1_42' title="bbox 57 3879 1808 3959; baseline -0.003 -16"><span class='ocrx_word' id='word_1_567' title='bbox 57 3887 195 3954; x_wconf 88' lang='lat' dir='ltr'><strong>ventutis,</strong></span> <span class='ocrx_word' id='word_1_568' title='bbox 222 3894 249 3943; x_wconf 95' lang='lat' dir='ltr'><strong>et</strong></span> <span class='ocrx_word' id='word_1_569' title='bbox 268 3886 393 3944; x_wconf 90' lang='lat' dir='ltr'><strong>intanto</strong></span> <span class='ocrx_word' id='word_1_570' title='bbox 409 3887 471 3944; x_wconf 89' lang='lat' dir='ltr'><strong>loco</strong></span> <span class='ocrx_word' id='word_1_571' title='bbox 494 3896 583 3959; x_wconf 90' lang='lat' dir='ltr'><strong>atque</strong></span> <span class='ocrx_word' id='word_1_572' title='bbox 604 3885 717 3957; x_wconf 88' lang='lat' dir='ltr'><strong>negotio</strong></span> <span class='ocrx_word' id='word_1_573' title='bbox 740 3885 909 3943; x_wconf 88' lang='lat' dir='ltr'><strong>temeritatis</strong></span> <span class='ocrx_word' id='word_1_574' title='bbox 959 3890 1013 3951; x_wconf 89' lang='lat' dir='ltr'><strong>est,</strong></span> <span class='ocrx_word' id='word_1_575' title='bbox 1028 3890 1055 3940; x_wconf 89' lang='lat' dir='ltr'><strong>et</strong></span> <span class='ocrx_word' id='word_1_576' title='bbox 1068 3883 1131 3940; x_wconf 92' lang='lat' dir='ltr'><strong>ideo</strong></span> <span class='ocrx_word' id='word_1_577' title='bbox 1144 3883 1350 3941; x_wconf 88' lang='lat' dir='ltr'><strong>adminiculari</strong></span> <span class='ocrx_word' id='word_1_578' title='bbox 1373 3882 1399 3940; x_wconf 89' lang='lat' dir='ltr'><strong>ei</strong></span> <span class='ocrx_word' id='word_1_579' title='bbox 1419 3881 1543 3953; x_wconf 81' lang='lat' dir='ltr'><strong>ejusque</strong></span> <span class='ocrx_word' id='word_1_580' title='bbox 1557 3879 1808 3937; x_wconf 87' lang='lat' dir='ltr'><strong>adminiculatores</strong></span> 
     </span>
     <span class='ocr_line' id='line_1_43' title="bbox 57 3972 1107 4049; baseline -0.005 -18"><span class='ocrx_word' id='word_1_581' title='bbox 57 3984 156 4032; x_wconf 85' lang='lat' dir='ltr'><strong>notam</strong></span> <span class='ocrx_word' id='word_1_582' title='bbox 171 3990 284 4045; x_wconf 87' lang='lat' dir='ltr'><strong>verens,</strong></span> <span class='ocrx_word' id='word_1_583' title='bbox 310 3978 362 4034; x_wconf 83' lang='lat' dir='ltr'><strong>vix</strong></span> <span class='ocrx_word' id='word_1_584' title='bbox 376 3992 408 4034; x_wconf 92' lang='lat' dir='ltr'><strong>os</strong></span> <span class='ocrx_word' id='word_1_585' title='bbox 421 3992 480 4048; x_wconf 79' lang='lat' dir='ltr'><strong>pra</strong></span> <span class='ocrx_word' id='word_1_586' title='bbox 504 3978 613 4049; x_wconf 89' lang='lat' dir='ltr'><strong>pudore</strong></span> <span class='ocrx_word' id='word_1_587' title='bbox 637 3977 749 4047; x_wconf 90' lang='lat' dir='ltr'><strong>aperire</strong></span> <span class='ocrx_word' id='word_1_588' title='bbox 764 3976 905 4033; x_wconf 87' lang='lat' dir='ltr'><strong>consensi.</strong></span> <span class='ocrx_word' id='word_1_589' title='bbox 961 3972 1107 4028; x_wconf 89' lang='lat' dir='ltr'><strong>amabant.</strong></span> 
     </span>
     <span class='ocr_line' id='line_1_44' title="bbox 57 4054 1803 4132; baseline -0.005 -11"><span class='ocrx_word' id='word_1_590' title='bbox 57 4064 158 4121; x_wconf 83' lang='lat' dir='ltr'><strong>Flebat</strong></span> <span class='ocrx_word' id='word_1_591' title='bbox 172 4072 270 4121; x_wconf 85' lang='lat' dir='ltr'><strong>autem</strong></span> <span class='ocrx_word' id='word_1_592' title='bbox 283 4080 328 4122; x_wconf 87' lang='lat' dir='ltr'><strong>res</strong></span> <span class='ocrx_word' id='word_1_593' title='bbox 346 4081 405 4123; x_wconf 95' lang='lat' dir='ltr'><strong>nou</strong></span> <span class='ocrx_word' id='word_1_594' title='bbox 427 4074 559 4124; x_wconf 89' lang='lat' dir='ltr'><strong>materno</strong></span> <span class='ocrx_word' id='word_1_595' title='bbox 573 4079 716 4132; x_wconf 89' lang='lat' dir='ltr'><strong>sermone,</strong></span> <span class='ocrx_word' id='word_1_596' title='bbox 729 4064 779 4122; x_wconf 90' lang='lat' dir='ltr'><strong>sed</strong></span> <span class='ocrx_word' id='word_1_597' title='bbox 792 4063 905 4122; x_wconf 89' lang='lat' dir='ltr'><strong>litteris.</strong></span> <span class='ocrx_word' id='word_1_598' title='bbox 995 4061 1125 4132; x_wconf 91' lang='lat' dir='ltr'><strong>Denique</strong></span> <span class='ocrx_word' id='word_1_599' title='bbox 1151 4059 1372 4118; x_wconf 89' lang='lat' dir='ltr'><strong>abscedentibus</strong></span> <span class='ocrx_word' id='word_1_600' title='bbox 1399 4058 1442 4126; x_wconf 90' lang='lat' dir='ltr'><strong>iis,</strong></span> <span class='ocrx_word' id='word_1_601' title='bbox 1467 4054 1667 4115; x_wconf 90' lang='lat' dir='ltr'><strong>cubicularius</strong></span> <span class='ocrx_word' id='word_1_602' title='bbox 1694 4055 1803 4114; x_wconf 93' lang='lat' dir='ltr'><strong>domini</strong></span> 
     </span>
     <span class='ocr_line' id='line_1_45' title="bbox 57 4144 1807 4225; baseline -0.005 -14"><span class='ocrx_word' id='word_1_603' title='bbox 57 4153 209 4225; x_wconf 82' lang='lat' dir='ltr'><strong>Dixiergo</strong></span> <span class='ocrx_word' id='word_1_604' title='bbox 223 4154 383 4212; x_wconf 89' lang='lat' dir='ltr'><strong>submulta</strong></span> <span class='ocrx_word' id='word_1_605' title='bbox 404 4156 461 4213; x_wconf 90' lang='lat' dir='ltr'><strong>oris</strong></span> <span class='ocrx_word' id='word_1_606' title='bbox 487 4169 520 4212; x_wconf 91' lang='lat' dir='ltr'><strong>ac</strong></span> <span class='ocrx_word' id='word_1_607' title='bbox 541 4155 631 4211; x_wconf 90' lang='lat' dir='ltr'><strong>animi</strong></span> <span class='ocrx_word' id='word_1_608' title='bbox 660 4153 818 4211; x_wconf 85' lang='lat' dir='ltr'><strong>suliusione</strong></span> <span class='ocrx_word' id='word_1_609' title='bbox 840 4167 906 4225; x_wconf 83' lang='lat' dir='ltr'><strong>quae</strong></span> <span class='ocrx_word' id='word_1_610' title='bbox 960 4162 1039 4218; x_wconf 83' lang='lat' dir='ltr'><strong>papae</strong></span> <span class='ocrx_word' id='word_1_611' title='bbox 1054 4149 1170 4204; x_wconf 91' lang='lat' dir='ltr'><strong>nomine</strong></span> <span class='ocrx_word' id='word_1_612' title='bbox 1199 4148 1309 4216; x_wconf 92' lang='lat' dir='ltr'><strong>Petrus,</strong></span> <span class='ocrx_word' id='word_1_613' title='bbox 1336 4146 1533 4204; x_wconf 86' lang='lat' dir='ltr'><strong>Cluniacensis</strong></span> <span class='ocrx_word' id='word_1_614' title='bbox 1554 4144 1726 4210; x_wconf 89' lang='lat' dir='ltr'><strong>monachus,</strong></span> <span class='ocrx_word' id='word_1_615' title='bbox 1756 4145 1807 4216; x_wconf 86' lang='lat' dir='ltr'><strong>qui</strong></span> 
     </span>
     <span class='ocr_line' id='line_1_46' title="bbox 57 4235 1808 4319; baseline -0.006 -21"><span class='ocrx_word' id='word_1_616' title='bbox 57 4241 210 4313; x_wconf 91' lang='lat' dir='ltr'><strong>rogitantis</strong></span> <span class='ocrx_word' id='word_1_617' title='bbox 231 4243 380 4299; x_wconf 79' lang='lat' dir='ltr'><strong>sententia</strong></span> <span class='ocrx_word' id='word_1_618' title='bbox 412 4249 615 4314; x_wconf 89' lang='lat' dir='ltr'><strong>congruerent.</strong></span> <span class='ocrx_word' id='word_1_619' title='bbox 643 4240 703 4297; x_wconf 91' lang='lat' dir='ltr'><strong>Sub</strong></span> <span class='ocrx_word' id='word_1_620' title='bbox 730 4239 904 4297; x_wconf 89' lang='lat' dir='ltr'><strong>dictionibus</strong></span> <span class='ocrx_word' id='word_1_621' title='bbox 922 4236 1022 4319; x_wconf 73' lang='lat' dir='ltr'><strong>Delus</strong></span> <span class='ocrx_word' id='word_1_622' title='bbox 1037 4237 1167 4293; x_wconf 89' lang='lat' dir='ltr'><strong>notitiam</strong></span> <span class='ocrx_word' id='word_1_623' title='bbox 1189 4235 1362 4307; x_wconf 87' lang='lat' dir='ltr'><strong>liothomagi</strong></span> <span class='ocrx_word' id='word_1_624' title='bbox 1377 4235 1521 4305; x_wconf 91' lang='lat' dir='ltr'><strong>attigerat,</strong></span> <span class='ocrx_word' id='word_1_625' title='bbox 1551 4247 1619 4290; x_wconf 92' lang='lat' dir='ltr'><strong>cum</strong></span> <span class='ocrx_word' id='word_1_626' title='bbox 1635 4246 1652 4288; x_wconf 88' lang='lat' dir='ltr'><strong>a</strong></span> <span class='ocrx_word' id='word_1_627' title='bbox 1667 4246 1734 4305; x_wconf 81' lang='lat' dir='ltr'><strong>rege</strong></span> <span class='ocrx_word' id='word_1_628' title='bbox 1747 4238 1808 4288; x_wconf 78' lang='lat' dir='ltr'><strong>bn-</strong></span> 
     </span>
     <span class='ocr_line' id='line_1_47' title="bbox 57 4321 1808 4401; baseline -0.005 -15"><span class='ocrx_word' id='word_1_629' title='bbox 57 4330 176 4401; x_wconf 91' lang='lat' dir='ltr'><strong>quidem</strong></span> <span class='ocrx_word' id='word_1_630' title='bbox 189 4330 353 4400; x_wconf 89' lang='lat' dir='ltr'><strong>compositis</strong></span> <span class='ocrx_word' id='word_1_631' title='bbox 369 4330 459 4387; x_wconf 86' lang='lat' dir='ltr'><strong>verba</strong></span> <span class='ocrx_word' id='word_1_632' title='bbox 475 4330 607 4400; x_wconf 87' lang='lat' dir='ltr'><strong>tepentia,</strong></span> <span class='ocrx_word' id='word_1_633' title='bbox 632 4329 682 4386; x_wconf 90' lang='lat' dir='ltr'><strong>sed</strong></span> <span class='ocrx_word' id='word_1_634' title='bbox 707 4341 764 4384; x_wconf 91' lang='lat' dir='ltr'><strong>non</strong></span> <span class='ocrx_word' id='word_1_635' title='bbox 791 4328 905 4397; x_wconf 89' lang='lat' dir='ltr'><strong>penitus</strong></span> <span class='ocrx_word' id='word_1_636' title='bbox 960 4326 1073 4398; x_wconf 90' lang='lat' dir='ltr'><strong>giorum</strong></span> <span class='ocrx_word' id='word_1_637' title='bbox 1098 4324 1243 4380; x_wconf 89' lang='lat' dir='ltr'><strong>bominem</strong></span> <span class='ocrx_word' id='word_1_638' title='bbox 1258 4332 1418 4395; x_wconf 89' lang='lat' dir='ltr'><strong>peteremus</strong></span> <span class='ocrx_word' id='word_1_639' title='bbox 1433 4323 1578 4386; x_wconf 86' lang='lat' dir='ltr'><strong>eumdem,</strong></span> <span class='ocrx_word' id='word_1_640' title='bbox 1594 4322 1640 4378; x_wconf 87' lang='lat' dir='ltr'><strong>bis</strong></span> <span class='ocrx_word' id='word_1_641' title='bbox 1653 4335 1699 4378; x_wconf 91' lang='lat' dir='ltr'><strong>me</strong></span> <span class='ocrx_word' id='word_1_642' title='bbox 1712 4321 1808 4378; x_wconf 85' lang='lat' dir='ltr'><strong>verbis</strong></span> 
     </span>
     <span class='ocr_line' id='line_1_48' title="bbox 56 4409 1807 4484; baseline -0.005 -12"><span class='ocrx_word' id='word_1_643' title='bbox 56 4430 154 4473; x_wconf 86' lang='lat' dir='ltr'><strong>avere</strong></span> <span class='ocrx_word' id='word_1_644' title='bbox 164 4417 321 4484; x_wconf 85' lang='lat' dir='ltr'><strong>deviantia,</strong></span> <span class='ocrx_word' id='word_1_645' title='bbox 337 4417 482 4475; x_wconf 89' lang='lat' dir='ltr'><strong>bominem</strong></span> <span class='ocrx_word' id='word_1_646' title='bbox 496 4431 565 4474; x_wconf 89' lang='lat' dir='ltr'><strong>saue</strong></span> <span class='ocrx_word' id='word_1_647' title='bbox 579 4430 616 4473; x_wconf 84' lang='lat' dir='ltr'><strong>ex</strong></span> <span class='ocrx_word' id='word_1_648' title='bbox 637 4414 832 4473; x_wconf 87' lang='lat' dir='ltr'><strong>lamiliaritate</strong></span> <span class='ocrx_word' id='word_1_649' title='bbox 854 4428 906 4471; x_wconf 90' lang='lat' dir='ltr'><strong>nos</strong></span> <span class='ocrx_word' id='word_1_650' title='bbox 959 4420 1068 4470; x_wconf 88' lang='lat' dir='ltr'><strong>secreto</strong></span> <span class='ocrx_word' id='word_1_651' title='bbox 1083 4411 1275 4483; x_wconf 86' lang='lat' dir='ltr'><strong>aggreditur:</strong></span> <span class='ocrx_word' id='word_1_652' title='bbox 1295 4409 1436 4478; x_wconf 88' lang='lat' dir='ltr'><strong>Quoniam</strong></span> <span class='ocrx_word' id='word_1_653' title='bbox 1461 4409 1568 4479; x_wconf 91' lang='lat' dir='ltr'><strong>recepit</strong></span> <span class='ocrx_word' id='word_1_654' title='bbox 1581 4409 1717 4465; x_wconf 88' lang='lat' dir='ltr'><strong>dominus</strong></span> <span class='ocrx_word' id='word_1_655' title='bbox 1731 4420 1807 4478; x_wconf 87' lang='lat' dir='ltr'><strong>papa</strong></span> 
     </span>
     <span class='ocr_line' id='line_1_49' title="bbox 55 4495 1807 4572; baseline -0.005 -12"><span class='ocrx_word' id='word_1_656' title='bbox 55 4511 85 4561; x_wconf 91' lang='lat' dir='ltr'><strong>et</strong></span> <span class='ocrx_word' id='word_1_657' title='bbox 100 4518 156 4561; x_wconf 93' lang='lat' dir='ltr'><strong>usu</strong></span> <span class='ocrx_word' id='word_1_658' title='bbox 171 4518 229 4562; x_wconf 91' lang='lat' dir='ltr'><strong>nou</strong></span> <span class='ocrx_word' id='word_1_659' title='bbox 257 4519 349 4572; x_wconf 88' lang='lat' dir='ltr'><strong>nosse,</strong></span> <span class='ocrx_word' id='word_1_660' title='bbox 369 4506 419 4561; x_wconf 91' lang='lat' dir='ltr'><strong>sed</strong></span> <span class='ocrx_word' id='word_1_661' title='bbox 432 4519 470 4562; x_wconf 80' lang='lat' dir='ltr'><strong>ex</strong></span> <span class='ocrx_word' id='word_1_662' title='bbox 493 4504 693 4562; x_wconf 85' lang='lat' dir='ltr'><strong>benevolentia</strong></span> <span class='ocrx_word' id='word_1_663' title='bbox 719 4501 905 4560; x_wconf 89' lang='lat' dir='ltr'><strong>relereutium</strong></span> <span class='ocrx_word' id='word_1_664' title='bbox 960 4499 1153 4558; x_wconf 87' lang='lat' dir='ltr'><strong>testimonium</strong></span> <span class='ocrx_word' id='word_1_665' title='bbox 1175 4506 1303 4555; x_wconf 83' lang='lat' dir='ltr'><strong>vestrum</strong></span> <span class='ocrx_word' id='word_1_666' title='bbox 1327 4512 1379 4569; x_wconf 93' lang='lat' dir='ltr'><strong>pro</strong></span> <span class='ocrx_word' id='word_1_667' title='bbox 1393 4511 1516 4568; x_wconf 91' lang='lat' dir='ltr'><strong>persona</strong></span> <span class='ocrx_word' id='word_1_668' title='bbox 1543 4509 1632 4566; x_wconf 91' lang='lat' dir='ltr'><strong>quam</strong></span> <span class='ocrx_word' id='word_1_669' title='bbox 1656 4495 1755 4562; x_wconf 82' lang='lat' dir='ltr'><strong>vultis,</strong></span> <span class='ocrx_word' id='word_1_670' title='bbox 1779 4503 1807 4552; x_wconf 90' lang='lat' dir='ltr'><strong>et</strong></span> 
     </span>
     <span class='ocr_line' id='line_1_50' title="bbox 57 4583 1803 4663; baseline -0.003 -17"><span class='ocrx_word' id='word_1_671' title='bbox 57 4591 214 4660; x_wconf 88' lang='lat' dir='ltr'><strong>probitates</strong></span> <span class='ocrx_word' id='word_1_672' title='bbox 228 4593 311 4648; x_wconf 90' lang='lat' dir='ltr'><strong>deeo</strong></span> <span class='ocrx_word' id='word_1_673' title='bbox 326 4593 440 4662; x_wconf 89' lang='lat' dir='ltr'><strong>aliquas</strong></span> <span class='ocrx_word' id='word_1_674' title='bbox 464 4592 613 4663; x_wconf 88' lang='lat' dir='ltr'><strong>accepisse.</strong></span> <span class='ocrx_word' id='word_1_675' title='bbox 639 4590 719 4658; x_wconf 86' lang='lat' dir='ltr'><strong>Quod</strong></span> <span class='ocrx_word' id='word_1_676' title='bbox 745 4602 811 4646; x_wconf 89' lang='lat' dir='ltr'><strong>cum</strong></span> <span class='ocrx_word' id='word_1_677' title='bbox 837 4600 905 4658; x_wconf 93' lang='lat' dir='ltr'><strong>pro-</strong></span> <span class='ocrx_word' id='word_1_678' title='bbox 958 4603 1009 4646; x_wconf 82' lang='lat' dir='ltr'><strong>ros</strong></span> <span class='ocrx_word' id='word_1_679' title='bbox 1035 4594 1184 4659; x_wconf 89' lang='lat' dir='ltr'><strong>gratanter</strong></span> <span class='ocrx_word' id='word_1_680' title='bbox 1209 4587 1330 4654; x_wconf 85' lang='lat' dir='ltr'><strong>audivit,</strong></span> <span class='ocrx_word' id='word_1_681' title='bbox 1353 4585 1463 4643; x_wconf 88' lang='lat' dir='ltr'><strong>debetis</strong></span> <span class='ocrx_word' id='word_1_682' title='bbox 1489 4583 1622 4640; x_wconf 89' lang='lat' dir='ltr'><strong>ammodo</strong></span> <span class='ocrx_word' id='word_1_683' title='bbox 1645 4597 1803 4654; x_wconf 85' lang='lat' dir='ltr'><strong>suggerere</strong></span> 
     </span>
     <span class='ocr_line' id='line_1_51' title="bbox 55 4672 1807 4750; baseline -0.005 -17"><span class='ocrx_word' id='word_1_684' title='bbox 55 4677 116 4733; x_wconf 88' lang='lat' dir='ltr'><strong>lato</strong></span> <span class='ocrx_word' id='word_1_685' title='bbox 129 4677 281 4750; x_wconf 84' lang='lat' dir='ltr'><strong>Evangelii</strong></span> <span class='ocrx_word' id='word_1_686' title='bbox 293 4678 472 4735; x_wconf 87' lang='lat' dir='ltr'><strong>testimonio:</strong></span> <span class='ocrx_word' id='word_1_687' title='bbox 487 4699 501 4727; x_wconf 76' lang='grc' dir='ltr'>α</span> <span class='ocrx_word' id='word_1_688' title='bbox 517 4676 571 4745; x_wconf 85' lang='lat' dir='ltr'><strong>Qui</strong></span> <span class='ocrx_word' id='word_1_689' title='bbox 586 4677 669 4744; x_wconf 89' lang='lat' dir='ltr'><strong>vidit,</strong></span> <span class='ocrx_word' id='word_1_690' title='bbox 692 4674 798 4746; x_wconf 91' lang='lat' dir='ltr'><strong>inquit,</strong></span> <span class='ocrx_word' id='word_1_691' title='bbox 825 4672 906 4730; x_wconf 88' lang='lat' dir='ltr'><strong>teeti-</strong></span> <span class='ocrx_word' id='word_1_692' title='bbox 959 4679 1154 4736; x_wconf 73' lang='lat' dir='ltr'><strong>cloowvestro</strong></span> <span class='ocrx_word' id='word_1_693' title='bbox 1185 4683 1217 4733; x_wconf 84' lang='lat' dir='ltr'><strong>ut</strong></span> <span class='ocrx_word' id='word_1_694' title='bbox 1235 4675 1353 4746; x_wconf 77' lang='lat' dir='ltr'><strong>imperio</strong></span> <span class='ocrx_word' id='word_1_695' title='bbox 1381 4673 1489 4730; x_wconf 86' lang='lat' dir='ltr'><strong>domini</strong></span> <span class='ocrx_word' id='word_1_696' title='bbox 1524 4686 1604 4744; x_wconf 77' lang='lat' dir='ltr'><strong>papa</strong></span> <span class='ocrx_word' id='word_1_697' title='bbox 1634 4672 1666 4729; x_wconf 89' lang='lat' dir='ltr'><strong>in</strong></span> <span class='ocrx_word' id='word_1_698' title='bbox 1693 4672 1807 4730; x_wconf 90' lang='lat' dir='ltr'><strong>cunctis</strong></span> 
     </span>
     <span class='ocr_line' id='line_1_52' title="bbox 55 4761 1804 4835; baseline -0.011 0"><span class='ocrx_word' id='word_1_699' title='bbox 55 4763 189 4821; x_wconf 65' lang='lat' dir='ltr'><strong>nmium</strong></span> <span class='ocrx_word' id='word_1_700' title='bbox 206 4765 353 4835; x_wconf 90' lang='lat' dir='ltr'><strong>perbibuit</strong></span> <span class='ocrx_word' id='word_1_701' title='bbox 368 4767 465 4832; x_wconf 66' lang='lat' dir='ltr'><strong>(³⁰⁰tt·</strong></span> <span class='ocrx_word' id='word_1_702' title='bbox 481 4780 541 4834; x_wconf 64' lang='grc' dir='ltr'><strong>Μ,</strong></span> <span class='ocrx_word' id='word_1_703' title='bbox 558 4768 615 4835; x_wconf 80' lang='lat'><strong>35),</strong></span> <span class='ocrx_word' id='word_1_704' title='bbox 630 4786 645 4815; x_wconf 66' lang='lat' dir='ltr'><strong>&gt;t</strong></span> <span class='ocrx_word' id='word_1_705' title='bbox 669 4776 783 4820; x_wconf 64' lang='lat' dir='ltr'><strong>cassam</strong></span> <span class='ocrx_word' id='word_1_706' title='bbox 795 4768 904 4819; x_wconf 86' lang='lat' dir='ltr'><strong>tentas-</strong></span> <span class='ocrx_word' id='word_1_707' title='bbox 958 4764 1082 4825; x_wconf 89' lang='lat' dir='ltr'><strong>obediat,</strong></span> <span class='ocrx_word' id='word_1_708' title='bbox 1097 4769 1125 4819; x_wconf 89' lang='lat' dir='ltr'><strong>et</strong></span> <span class='ocrx_word' id='word_1_709' title='bbox 1153 4761 1182 4818; x_wconf 93' lang='lat' dir='ltr'><strong>iu</strong></span> <span class='ocrx_word' id='word_1_710' title='bbox 1197 4769 1310 4819; x_wconf 91' lang='lat' dir='ltr'><strong>tantum</strong></span> <span class='ocrx_word' id='word_1_711' title='bbox 1323 4763 1348 4819; x_wconf 90' lang='lat' dir='ltr'><strong>ei</strong></span> <span class='ocrx_word' id='word_1_712' title='bbox 1364 4763 1399 4819; x_wconf 93' lang='lat' dir='ltr'><strong>de</strong></span> <span class='ocrx_word' id='word_1_713' title='bbox 1414 4761 1476 4819; x_wconf 89' lang='lat' dir='ltr'><strong>suis</strong></span> <span class='ocrx_word' id='word_1_714' title='bbox 1498 4761 1685 4832; x_wconf 87' lang='lat' dir='ltr'><strong>obsequatur,</strong></span> <span class='ocrx_word' id='word_1_715' title='bbox 1699 4766 1732 4817; x_wconf 93' lang='lat' dir='ltr'><strong>ut</strong></span> <span class='ocrx_word' id='word_1_716' title='bbox 1753 4773 1804 4817; x_wconf 86' lang='lat' dir='ltr'><strong>vos</strong></span> 
     </span>
     <span class='ocr_line' id='line_1_53' title="bbox 55 4846 1806 4925; baseline -0.003 -16"><span class='ocrx_word' id='word_1_717' title='bbox 55 4859 108 4920; x_wconf 89' lang='lat' dir='ltr'><strong>set,</strong></span> <span class='ocrx_word' id='word_1_718' title='bbox 119 4859 147 4908; x_wconf 93' lang='lat' dir='ltr'><strong>et</strong></span> <span class='ocrx_word' id='word_1_719' title='bbox 162 4852 233 4909; x_wconf 91' lang='lat' dir='ltr'><strong>illud</strong></span> <span class='ocrx_word' id='word_1_720' title='bbox 248 4854 302 4909; x_wconf 92' lang='lat' dir='ltr'><strong>boc</strong></span> <span class='ocrx_word' id='word_1_721' title='bbox 315 4868 373 4910; x_wconf 93' lang='lat' dir='ltr'><strong>non</strong></span> <span class='ocrx_word' id='word_1_722' title='bbox 388 4853 524 4925; x_wconf 83' lang='lat' dir='ltr'><strong>explicito</strong></span> <span class='ocrx_word' id='word_1_723' title='bbox 544 4851 692 4922; x_wconf 85' lang='lat' dir='ltr'><strong>objecisset</strong></span> <span class='ocrx_word' id='word_1_724' title='bbox 711 4849 791 4921; x_wconf 89' lang='lat' dir='ltr'><strong>quod</strong></span> <span class='ocrx_word' id='word_1_725' title='bbox 818 4848 905 4906; x_wconf 91' lang='lat' dir='ltr'><strong>etiam</strong></span> <span class='ocrx_word' id='word_1_726' title='bbox 958 4849 1090 4909; x_wconf 86' lang='lat' dir='ltr'><strong>denuost</strong></span> <span class='ocrx_word' id='word_1_727' title='bbox 1105 4862 1179 4919; x_wconf 90' lang='lat' dir='ltr'><strong>opus</strong></span> <span class='ocrx_word' id='word_1_728' title='bbox 1192 4848 1288 4915; x_wconf 88' lang='lat' dir='ltr'><strong>luerit,</strong></span> <span class='ocrx_word' id='word_1_729' title='bbox 1307 4863 1357 4919; x_wconf 93' lang='lat' dir='ltr'><strong>pro</strong></span> <span class='ocrx_word' id='word_1_730' title='bbox 1374 4849 1434 4920; x_wconf 89' lang='lat' dir='ltr'><strong>ipso</strong></span> <span class='ocrx_word' id='word_1_731' title='bbox 1456 4855 1484 4906; x_wconf 89' lang='lat' dir='ltr'><strong>et</strong></span> <span class='ocrx_word' id='word_1_732' title='bbox 1498 4848 1563 4904; x_wconf 90' lang='lat' dir='ltr'><strong>aliis</strong></span> <span class='ocrx_word' id='word_1_733' title='bbox 1577 4846 1698 4904; x_wconf 90' lang='lat' dir='ltr'><strong>libenter</strong></span> <span class='ocrx_word' id='word_1_734' title='bbox 1711 4860 1806 4904; x_wconf 83' lang='lat' dir='ltr'><strong>exau-</strong></span> 
     </span>
     <span class='ocr_line' id='line_1_54' title="bbox 55 4933 1805 5014; baseline -0.003 -16"><span class='ocrx_word' id='word_1_735' title='bbox 55 4940 305 4998; x_wconf 84' lang='lat' dir='ltr'><strong>decuriaelectus</strong></span> <span class='ocrx_word' id='word_1_736' title='bbox 320 4948 404 5010; x_wconf 90' lang='lat' dir='ltr'><strong>esset,</strong></span> <span class='ocrx_word' id='word_1_737' title='bbox 431 4955 484 5014; x_wconf 90' lang='lat' dir='ltr'><strong>ego</strong></span> <span class='ocrx_word' id='word_1_738' title='bbox 503 4940 621 5012; x_wconf 93' lang='lat' dir='ltr'><strong>quidem</strong></span> <span class='ocrx_word' id='word_1_739' title='bbox 645 4952 712 4994; x_wconf 84' lang='lat' dir='ltr'><strong>mox</strong></span> <span class='ocrx_word' id='word_1_740' title='bbox 738 4935 833 4994; x_wconf 91' lang='lat' dir='ltr'><strong>inutili</strong></span> <span class='ocrx_word' id='word_1_741' title='bbox 846 4944 904 4993; x_wconf 91' lang='lat' dir='ltr'><strong>ter·</strong></span> <span class='ocrx_word' id='word_1_742' title='bbox 959 4938 1028 4995; x_wconf 90' lang='lat' dir='ltr'><strong>diat.</strong></span> <span class='ocrx_word' id='word_1_743' title='bbox 1045 4937 1117 4994; x_wconf 89' lang='lat' dir='ltr'><strong>Ecce</strong></span> <span class='ocrx_word' id='word_1_744' title='bbox 1143 4936 1199 4993; x_wconf 92' lang='lat' dir='ltr'><strong>mel</strong></span> <span class='ocrx_word' id='word_1_745' title='bbox 1214 4935 1317 4992; x_wconf 92' lang='lat' dir='ltr'><strong>illitum</strong></span> <span class='ocrx_word' id='word_1_746' title='bbox 1343 4950 1393 5007; x_wconf 92' lang='lat' dir='ltr'><strong>per</strong></span> <span class='ocrx_word' id='word_1_747' title='bbox 1421 4950 1472 4993; x_wconf 93' lang='lat' dir='ltr'><strong>ora</strong></span> <span class='ocrx_word' id='word_1_748' title='bbox 1497 4936 1586 4993; x_wconf 89' lang='lat' dir='ltr'><strong>vimsi</strong></span> <span class='ocrx_word' id='word_1_749' title='bbox 1603 4935 1710 5006; x_wconf 87' lang='lat' dir='ltr'><strong>poculi.</strong></span> <span class='ocrx_word' id='word_1_750' title='bbox 1731 4933 1805 5001; x_wconf 84' lang='lat' dir='ltr'><strong>Quid</strong></span> 
     </span>
     <span class='ocr_line' id='line_1_55' title="bbox 56 5022 1805 5101; baseline -0.001 -19"><span class='ocrx_word' id='word_1_751' title='bbox 56 5027 249 5101; x_wconf 83' lang='lat' dir='ltr'><strong>givematioue</strong></span> <span class='ocrx_word' id='word_1_752' title='bbox 265 5031 430 5100; x_wconf 88' lang='lat' dir='ltr'><strong>postposita,</strong></span> <span class='ocrx_word' id='word_1_753' title='bbox 447 5030 542 5086; x_wconf 90' lang='lat' dir='ltr'><strong>lassus</strong></span> <span class='ocrx_word' id='word_1_754' title='bbox 564 5025 796 5097; x_wconf 74' lang='lat' dir='ltr'><strong>meverbiseJus</strong></span> <span class='ocrx_word' id='word_1_755' title='bbox 810 5025 905 5082; x_wconf 87' lang='lat' dir='ltr'><strong>retra·</strong></span> <span class='ocrx_word' id='word_1_756' title='bbox 958 5026 1035 5082; x_wconf 89' lang='lat' dir='ltr'><strong>euim</strong></span> <span class='ocrx_word' id='word_1_757' title='bbox 1059 5025 1162 5082; x_wconf 88' lang='lat' dir='ltr'><strong>melius</strong></span> <span class='ocrx_word' id='word_1_758' title='bbox 1191 5038 1280 5095; x_wconf 90' lang='lat' dir='ltr'><strong>quam</strong></span> <span class='ocrx_word' id='word_1_759' title='bbox 1299 5037 1381 5096; x_wconf 77' lang='lat' dir='ltr'><strong>papae</strong></span> <span class='ocrx_word' id='word_1_760' title='bbox 1408 5025 1604 5096; x_wconf 88' lang='lat' dir='ltr'><strong>obtemperare</strong></span> <span class='ocrx_word' id='word_1_761' title='bbox 1633 5022 1805 5096; x_wconf 78' lang='lat' dir='ltr'><strong>praecptis?</strong></span> 
     </span>
     <span class='ocr_line' id='line_1_56' title="bbox 56 5111 1806 5191; baseline -0.004 -17"><span class='ocrx_word' id='word_1_762' title='bbox 56 5117 122 5190; x_wconf 91' lang='lat' dir='ltr'><strong>gari</strong></span> <span class='ocrx_word' id='word_1_763' title='bbox 136 5133 194 5175; x_wconf 93' lang='lat' dir='ltr'><strong>nou</strong></span> <span class='ocrx_word' id='word_1_764' title='bbox 211 5133 301 5190; x_wconf 90' lang='lat' dir='ltr'><strong>posse.</strong></span> <span class='ocrx_word' id='word_1_765' title='bbox 317 5120 398 5188; x_wconf 83' lang='lat' dir='ltr'><strong>Quod</strong></span> <span class='ocrx_word' id='word_1_766' title='bbox 419 5120 501 5177; x_wconf 83' lang='lat' dir='ltr'><strong>valde</strong></span> <span class='ocrx_word' id='word_1_767' title='bbox 526 5120 577 5191; x_wconf 88' lang='lat' dir='ltr'><strong>ipsi</strong></span> <span class='ocrx_word' id='word_1_768' title='bbox 602 5117 720 5189; x_wconf 90' lang='lat' dir='ltr'><strong>placuit.</strong></span> <span class='ocrx_word' id='word_1_769' title='bbox 745 5118 816 5174; x_wconf 84' lang='lat' dir='ltr'><strong>Erat</strong></span> <span class='ocrx_word' id='word_1_770' title='bbox 827 5114 903 5171; x_wconf 90' lang='lat' dir='ltr'><strong>enim</strong></span> <span class='ocrx_word' id='word_1_771' title='bbox 959 5115 1030 5188; x_wconf 92' lang='lat' dir='ltr'><strong>quid</strong></span> <span class='ocrx_word' id='word_1_772' title='bbox 1045 5113 1128 5185; x_wconf 84' lang='lat' dir='ltr'><strong>peius</strong></span> <span class='ocrx_word' id='word_1_773' title='bbox 1140 5126 1230 5186; x_wconf 88' lang='lat' dir='ltr'><strong>quam</strong></span> <span class='ocrx_word' id='word_1_774' title='bbox 1246 5125 1296 5182; x_wconf 92' lang='lat' dir='ltr'><strong>pro</strong></span> <span class='ocrx_word' id='word_1_775' title='bbox 1323 5111 1436 5169; x_wconf 87' lang='lat' dir='ltr'><strong>indulta</strong></span> <span class='ocrx_word' id='word_1_776' title='bbox 1454 5113 1504 5167; x_wconf 86' lang='lat' dir='ltr'><strong>Dei</strong></span> <span class='ocrx_word' id='word_1_777' title='bbox 1525 5112 1620 5183; x_wconf 86' lang='lat' dir='ltr'><strong>gratia</strong></span> <span class='ocrx_word' id='word_1_778' title='bbox 1638 5111 1806 5168; x_wconf 90' lang='lat' dir='ltr'><strong>bominibus</strong></span> 
     </span>
     <span class='ocr_line' id='line_1_57' title="bbox 56 5198 1806 5280; baseline -0.006 -15"><span class='ocrx_word' id='word_1_779' title='bbox 56 5208 156 5265; x_wconf 88' lang='lat' dir='ltr'><strong>minus</strong></span> <span class='ocrx_word' id='word_1_780' title='bbox 171 5222 259 5279; x_wconf 91' lang='lat' dir='ltr'><strong>quam</strong></span> <span class='ocrx_word' id='word_1_781' title='bbox 283 5224 336 5266; x_wconf 90' lang='lat' dir='ltr'><strong>suo</strong></span> <span class='ocrx_word' id='word_1_782' title='bbox 359 5217 530 5280; x_wconf 88' lang='lat' dir='ltr'><strong>competeret</strong></span> <span class='ocrx_word' id='word_1_783' title='bbox 550 5207 643 5264; x_wconf 83' lang='lat' dir='ltr'><strong>cilicio</strong></span> <span class='ocrx_word' id='word_1_784' title='bbox 667 5205 817 5262; x_wconf 90' lang='lat' dir='ltr'><strong>litteratus.</strong></span> <span class='ocrx_word' id='word_1_785' title='bbox 836 5204 906 5261; x_wconf 91' lang='lat' dir='ltr'><strong>lude</strong></span> <span class='ocrx_word' id='word_1_786' title='bbox 959 5202 1050 5274; x_wconf 91' lang='lat' dir='ltr'><strong>pretio</strong></span> <span class='ocrx_word' id='word_1_787' title='bbox 1062 5200 1205 5272; x_wconf 81' lang='lat' dir='ltr'><strong>obsequii</strong></span> <span class='ocrx_word' id='word_1_788' title='bbox 1234 5200 1294 5271; x_wconf 90' lang='lat' dir='ltr'><strong>Ego</strong></span> <span class='ocrx_word' id='word_1_789' title='bbox 1317 5206 1411 5256; x_wconf 89' lang='lat' dir='ltr'><strong>tamen</strong></span> <span class='ocrx_word' id='word_1_790' title='bbox 1441 5199 1506 5255; x_wconf 90' lang='lat' dir='ltr'><strong>talis</strong></span> <span class='ocrx_word' id='word_1_791' title='bbox 1522 5198 1628 5271; x_wconf 87' lang='lat' dir='ltr'><strong>negotii</strong></span> <span class='ocrx_word' id='word_1_792' title='bbox 1656 5199 1806 5256; x_wconf 88' lang='lat' dir='ltr'><strong>internun-</strong></span> 
     </span>
     <span class='ocr_line' id='line_1_58' title="bbox 55 5285 1748 5360; baseline -0.009 -7"><span class='ocrx_word' id='word_1_793' title='bbox 55 5310 124 5353; x_wconf 89' lang='lat' dir='ltr'><strong>cum</strong></span> <span class='ocrx_word' id='word_1_794' title='bbox 135 5294 322 5352; x_wconf 89' lang='lat' dir='ltr'><strong>delensoriam</strong></span> <span class='ocrx_word' id='word_1_795' title='bbox 332 5295 614 5352; x_wconf 88' lang='lat' dir='ltr'><strong>circumlocutionem</strong></span> <span class='ocrx_word' id='word_1_796' title='bbox 626 5306 717 5348; x_wconf 89' lang='lat' dir='ltr'><strong>meam</strong></span> <span class='ocrx_word' id='word_1_797' title='bbox 731 5292 768 5347; x_wconf 92' lang='lat' dir='ltr'><strong>ad</strong></span> <span class='ocrx_word' id='word_1_798' title='bbox 781 5291 904 5360; x_wconf 90' lang='lat' dir='ltr'><strong>primam</strong></span> <span class='ocrx_word' id='word_1_799' title='bbox 960 5291 1017 5347; x_wconf 89' lang='lat' dir='ltr'><strong>tius</strong></span> <span class='ocrx_word' id='word_1_800' title='bbox 1028 5290 1212 5346; x_wconf 85' lang='lat' dir='ltr'><strong>vehementer</strong></span> <span class='ocrx_word' id='word_1_801' title='bbox 1223 5302 1285 5344; x_wconf 89' lang='lat' dir='ltr'><strong>esse</strong></span> <span class='ocrx_word' id='word_1_802' title='bbox 1299 5285 1463 5357; x_wconf 87' lang='lat' dir='ltr'><strong>perhorrui.</strong></span> <span class='ocrx_word' id='word_1_803' title='bbox 1744 5299 1748 5308; x_wconf 69' lang='lat'>¹</span> 
     </span>
     <span class='ocr_line' id='line_1_59' title="bbox 58 5371 1802 5455; baseline -0.005 -15"><span class='ocrx_word' id='word_1_804' title='bbox 58 5383 149 5455; x_wconf 90' lang='lat' dir='ltr'><strong>ipsius</strong></span> <span class='ocrx_word' id='word_1_805' title='bbox 164 5383 351 5454; x_wconf 74' lang='lat' dir='ltr'><strong>questionem</strong></span> <span class='ocrx_word' id='word_1_806' title='bbox 368 5397 470 5453; x_wconf 91' lang='lat' dir='ltr'><strong>parum</strong></span> <span class='ocrx_word' id='word_1_807' title='bbox 486 5381 619 5451; x_wconf 88' lang='lat' dir='ltr'><strong>ponderis</strong></span> <span class='ocrx_word' id='word_1_808' title='bbox 639 5380 744 5436; x_wconf 89' lang='lat' dir='ltr'><strong>babere</strong></span> <span class='ocrx_word' id='word_1_809' title='bbox 757 5377 903 5444; x_wconf 88' lang='lat' dir='ltr'><strong>sentirem,</strong></span> <span class='ocrx_word' id='word_1_810' title='bbox 994 5378 1189 5435; x_wconf 79' lang='lat' dir='ltr'><strong>Proaosticum</strong></span> <span class='ocrx_word' id='word_1_811' title='bbox 1204 5378 1240 5434; x_wconf 83' lang='lat' dir='ltr'><strong>de</strong></span> <span class='ocrx_word' id='word_1_812' title='bbox 1258 5373 1404 5431; x_wconf 82' lang='lat' dir='ltr'><strong>Catdrico.</strong></span> <span class='ocrx_word' id='word_1_813' title='bbox 1422 5375 1559 5445; x_wconf 92' lang='lat' dir='ltr'><strong>-lgitur</strong></span> <span class='ocrx_word' id='word_1_814' title='bbox 1574 5371 1621 5445; x_wconf 55' lang='grc' dir='ltr'><strong>(θ’)</strong></span> <span class='ocrx_word' id='word_1_815' title='bbox 1632 5375 1711 5446; x_wconf 89' lang='lat' dir='ltr'><strong>apud</strong></span> <span class='ocrx_word' id='word_1_816' title='bbox 1730 5375 1802 5433; x_wconf 88' lang='lat' dir='ltr'><strong>San-</strong></span> 
     </span>
     <span class='ocr_line' id='line_1_60' title="bbox 57 5461 1804 5543; baseline -0.003 -16"><span class='ocrx_word' id='word_1_817' title='bbox 57 5471 196 5543; x_wconf 87' lang='lat' dir='ltr'><strong>quamvis</strong></span> <span class='ocrx_word' id='word_1_818' title='bbox 221 5472 261 5528; x_wconf 90' lang='lat' dir='ltr'><strong>illi</strong></span> <span class='ocrx_word' id='word_1_819' title='bbox 278 5472 436 5542; x_wconf 90' lang='lat' dir='ltr'><strong>plurimum</strong></span> <span class='ocrx_word' id='word_1_820' title='bbox 461 5476 544 5542; x_wconf 89' lang='lat' dir='ltr'><strong>grata</strong></span> <span class='ocrx_word' id='word_1_821' title='bbox 558 5469 640 5536; x_wconf 85' lang='lat' dir='ltr'><strong>leret,</strong></span> <span class='ocrx_word' id='word_1_822' title='bbox 656 5469 692 5524; x_wconf 92' lang='lat' dir='ltr'><strong>ad</strong></span> <span class='ocrx_word' id='word_1_823' title='bbox 708 5467 904 5525; x_wconf 88' lang='lat' dir='ltr'><strong>necessitatem</strong></span> <span class='ocrx_word' id='word_1_824' title='bbox 958 5474 1037 5524; x_wconf 89' lang='lat' dir='ltr'><strong>ctum</strong></span> <span class='ocrx_word' id='word_1_825' title='bbox 1056 5465 1175 5525; x_wconf 83' lang='lat' dir='ltr'><strong>ltuiium</strong></span> <span class='ocrx_word' id='word_1_826' title='bbox 1200 5466 1236 5522; x_wconf 92' lang='lat' dir='ltr'><strong>de</strong></span> <span class='ocrx_word' id='word_1_827' title='bbox 1260 5463 1371 5521; x_wconf 84' lang='lat' dir='ltr'><strong>Anione</strong></span> <span class='ocrx_word' id='word_1_828' title='bbox 1383 5469 1562 5520; x_wconf 89' lang='lat' dir='ltr'><strong>sacramento</strong></span> <span class='ocrx_word' id='word_1_829' title='bbox 1580 5461 1737 5534; x_wconf 80' lang='lat' dir='ltr'><strong>pontificali</strong></span> <span class='ocrx_word' id='word_1_830' title='bbox 1750 5478 1804 5522; x_wconf 90' lang='lat' dir='ltr'><strong>su-</strong></span> 
     </span>
    </p>
   </div>
   <div class='ocr_carea' id='block_1_5' title="bbox 0 0 1902 6008">
    <p class='ocr_par' dir='ltr' id='par_1_5' title="bbox 0 0 1902 6008">
     <span class='ocr_line' id='line_1_61' title="bbox 0 0 1902 6008; baseline 0 3"><span class='ocrx_word' id='word_1_831' title='bbox 0 0 1902 6008; x_wconf 95' lang='lat' dir='ltr'><strong> </strong></span> 
     </span>
    </p>
   </div>
  </div>
 </body>
</html>
