3818 6008
281 139 513 200 rnoeocoere
533 139 566 196 tu
586 137 687 202 osee,
708 137 801 195 auos
821 138 862 195 ur
880 136 953 195 tun.
972 169 1007 180 -
1028 139 1093 196 ure.
1115 141 1150 196 u.
1171 111 1208 198 tu
1227 140 1322 198 oser.
1625 147 1676 201 aee

56 282 139 340 moris
161 295 247 354 penes
270 282 362 337 Deum
377 277 537 343 dulcedine,
561 283 588 333 el
604 275 699 333 calore
714 289 771 331 non
790 278 814 330 h
829 276 862 331 Et
879 292 935 331 ecce
953 293 971 332 a
991 282 1119 333 vastitate
1135 277 1367 349 proficiscuntur,
1393 277 1420 335 id
1436 286 1478 336 est
1492 281 1674 338 correctionis

56 370 135 427 lindc
154 383 206 424 nec
228 369 251 424 ei
269 369 379 437 placere
399 372 528 436 possunt,
544 364 614 435 quia
639 362 773 433 quisquis
828 364 1020 436 impatientes
1036 382 1088 423 nec
1104 382 1184 423 mora
1203 369 1336 438 aseipsis
1348 368 1520 426 alienantur.
1537 373 1673 440 AEpgptcs

56 455 82 510 td
98 455 156 510 Deo
167 453 390 523 supplicandum
405 466 461 506 nou
478 451 604 516 ducitur,
618 449 773 520 prolecloa
828 469 871 508 eos
887 463 1053 526 congregat,
1079 470 1145 513 cum
1167 457 1304 512 seculare
1328 457 1455 512 studium
1481 458 1534 513 sibi
1559 473 1608 514 eos
1623 474 1674 529 co7

56 545 81 600 ui
105 542 223 599 indubie
244 542 320 597 Deus
334 548 385 604 esi,
411 541 481 610 quia
502 552 569 594 eum
592 539 668 593 Deus
690 537 774 592 Pater
828 542 947 598 adunat.
964 542 1043 608 Qttod
1068 553 1110 601 est
1124 545 1217 600 dicere
1235 560 1241 598 :
1259 545 1329 600 Cum
1347 559 1430 601 asua
1449 547 1559 602 ratione
1573 548 1672 618 dispa-

56 633 104 699 ιιι,
127 644 313 700 nequaquam
333 628 510 699 agnoscitur,
532 627 637 682 nedum
662 624 773 695 placere
828 637 951 699 rantur,
981 632 1036 687 sub
1054 646 1136 721 0eura
1167 639 1261 687 tatucn
1295 631 1430 701 AEgvptia
1458 631 1668 700 glomerantur.

57 721 152 786 (deon.
170 733 210 784 vt,
230 717 287 783 lli.
308 737 321 767 ο
339 715 483 772 Sacrllleia
498 727 607 781 eorum,
622 715 704 783 quasi
723 726 773 783 pa·
828 719 968 788 Memphis
987 718 1192 789 interpretatur
1216 719 1249 772 de
1274 733 1319 772 cre
1346 734 1448 771 eorum.
1478 718 1671 789 sepeliuntur,

56 807 202 878 egentium.
229 827 239 853 ι
267 808 297 860 ln
317 805 404 860 veteri
422 804 482 875 lege
502 803 550 872 qui
574 802 608 857 de
634 800 774 857 sacriticlo
828 819 892 862 curn
933 806 969 861 ab
997 806 1074 861 omni
1107 814 1206 862 sancta
1242 804 1392 859 vivacitate
1428 818 1527 860 corum
1559 806 1673 877 ingeudt

59 895 114 952 tuis
129 893 307 959 vescebatur,
335 900 362 948 et
387 890 555 947 immundus
578 890 636 960 ipse
651 897 722 955 erat,
746 896 774 957 et
829 894 1005 950 obruuntur.
1024 893 1060 948 Et
1080 894 1133 948 hoc
1148 895 1189 947 eis
1205 893 1238 948 de
1253 907 1301 948 ore
1316 906 1416 948 eorum
1431 894 1535 960 evenit,
1552 893 1673 949 demde

56 981 135 1038 ilatio
154 982 320 1051 putabatur.
337 980 420 1045 Quasi
436 981 519 1047 pionis
538 991 607 1047 ergo
623 978 774 1046 lugentium
830 997 913 1052 prena
935 982 1054 1052 peccati,
1081 997 1139 1052 quc
1166 983 1237 1038 alios
1257 983 1291 1037 ad
1317 982 1390 1036 male
1415 982 1558 1051 agendum
1584 995 1674 1051 prava

56 1086 175 1125 reorum
197 1079 275 1132 suut,
300 1068 370 1138 qula
390 1068 585 1136 quodcunque
608 1066 644 1121 ab
666 1065 706 1121 eis
729 1065 774 1121 vel
830 1070 972 1125 locutione
987 1068 1143 1138 decipiunt,
1157 1070 1198 1124 eis
1212 1070 1358 1140 contingit.

67 1158 112 1214 vel
135 1157 335 1213 eleemosinam
362 1155 522 1225 largiendo,
547 1153 605 1209 Deo
628 1154 773 1220 defertur,
864 1176 877 1202 ο
899 1155 1090 1212 Desiderabile
1108 1164 1260 1227 argentum
1283 1171 1382 1212 corum
1407 1157 1499 1213 urtica
1524 1157 1672 1213 heredita-

58 1259 117 1312 um,
134 1259 199 1315 quaa
218 1244 300 1300 nulla
315 1244 471 1298 imitatione
487 1243 575 1312 digna
589 1249 641 1308 est,
656 1253 775 1310 compa·
833 1263 843 1289 ι
865 1243 924 1306 bit.
951 1244 1036 1315 lappa
1062 1244 1091 1299 iu
1120 1244 1312 1301 tabernaculis
1339 1258 1450 1300 eorum.
1484 1266 1496 1295 a
1524 1247 1675 1300 Dertrobtlr

56 1333 107 1404 qui
134 1331 247 1389 nullum
278 1332 437 1401 attigerunt
465 1343 594 1399 saporem
617 1328 774 1384 coelestium
830 1332 942 1402 argenti
963 1348 1055 1387 eorum
1079 1338 1169 1387 artico
1192 1332 1352 1396 haereditat,
1371 1333 1675 1404 cumidquodpotis-

56 1436 113 1489 nm,
124 1429 288 1491 etquorum
301 1419 397 1475 studia
409 1419 446 1474 nil
460 1418 561 1474 mellus
575 1417 629 1473 dici
646 1424 774 1487 possunt,
830 1418 936 1475 simum
958 1421 1034 1490 apud
1061 1419 1204 1490 improbos
1220 1419 1372 1490 gloriosius
1384 1419 1553 1488 aestimatur,
1571 1420 1676 1477 scilicet

56 1507 174 1563 uateries
198 1507 403 1575 lacrymarum.
433 1503 520 1558 Panis
547 1504 622 1559 enlm
647 1517 697 1572 pto
718 1508 776 1556 utta
831 1515 863 1563 ut
878 1507 982 1564 divine
1008 1508 1162 1578 scripture
1185 1498 1331 1563 scientiam
1358 1507 1462 1563 clarior
1477 1517 1563 1578 atque
1579 1509 1677 1578 copio-

56 1640 57 1653 ,
82 1604 113 1651 ut
129 1602 194 1650 est:
221 1616 230 1641 ι
259 1594 406 1648 Mittamus
422 1591 534 1663 lignum
551 1592 578 1646 in
595 1605 696 1661 panem
713 1592 776 1661 eius
796 1569 888 1652 Bsior
917 1596 1053 1652 lacundia
1082 1597 1243 1663 comitetur,
1273 1596 1308 1650 ad
1337 1596 1424 1651 totius
1451 1594 1568 1651 vilitatis
1590 1604 1677 1665 atque

65 1683 121 1752 19)Ι
146 1704 159 1729 ι
175 1682 280 1738 Omnes
295 1682 345 1751 ussi
367 1681 521 1734 comedunt
537 1693 615 1745 eum,
635 1680 777 1733 contami-
831 1685 968 1756 nequitiae
988 1694 1118 1742 extrema
1132 1685 1294 1741 descendat.
1320 1684 1416 1741 Urlica
1433 1698 1559 1754 narnque
1580 1684 1678 1754 despi-

56 1779 131 1838 ttur,
148 1770 218 1841 quia
234 1769 315 1839 panis
330 1782 432 1824 eornm
447 1767 551 1823 animae
566 1768 704 1836 ipsorum,
720 1780 778 1821 nou
831 1772 932 1828 rabilis
955 1772 1109 1829 admodum
1134 1780 1161 1829 et
1188 1772 1271 1840 ignea
1300 1771 1389 1827 herba
1415 1779 1466 1827 est.
1494 1772 1678 1826 Desiderabile

56 1857 84 1912 tit
109 1857 138 1912 in
163 1856 281 1912 domum
303 1856 427 1911 D0sslissi-
457 1874 470 1904 t
499 1854 551 1919 Qui
568 1867 671 1923 uallem
695 1853 777 1909 illum
832 1874 900 1930 ergo
923 1859 1034 1929 argenti
1057 1874 1149 1913 eorum
1172 1863 1261 1912 urtice
1283 1859 1442 1926 hereditat,
1465 1874 1532 1915 cuin
1548 1860 1677 1916 votivum

56 1944 330 2010 ticoulssfflissasslub
347 1942 417 2014 (luia
432 1943 596 2014 luteorum
610 1941 664 1997 sibl
677 1955 779 1997 exem·
834 1947 903 2003 illud
930 1945 1069 2005 allec-late
1090 1946 1261 2017 eloquentie
1286 1948 1420 2017 pretium,
1444 1962 1499 2003 uon
1525 1948 1617 2004 solum
1642 1948 1678 2003 ob

56 2041 179 2099 wetini,
204 2033 302 2088 eadem
328 2045 387 2101 tilla
414 2031 675 2087 illifoedlialevilffl
696 2030 777 2084 llam·
833 2036 1042 2106 turpitudinem
1071 2037 1136 2090 vilae
1167 2035 1384 2102 contemnitur,
1412 2036 1460 2090 sod
1493 2037 1578 2092 etiam
1609 2036 1679 2093 alios

75 2122 152 2178 ldeu
169 2121 312 2191 signilioat
327 2120 403 2190 quod
420 2119 603 2175 morticinum
623 2119 701 2188 tangi
719 2119 779 2188 lege
832 2123 977 2190 versutiis,
1001 2122 1083 2187 dolis,
1098 2129 1125 2177 et
1150 2122 1271 2178 obscena
1287 2124 1473 2179 mordacitate
1496 2125 1629 2196 decoquit
1651 2132 1679 2181 et

66 2211 139 2280 (Leo.
164 2223 204 2274 xv,
228 2210 286 2273 ut).
307 2207 378 2273 [acic
396 2210 479 2276 pects
504 2221 606 2267 eoram,
627 2204 778 2269 subaudis,
834 2210 956 2266 infestat.
980 2210 1093 2266 Dictum
1119 2219 1161 2266 est
1187 2218 1282 2266 autem
1310 2210 1458 2267 haereditat
1483 2213 1560 2283 quod
1586 2227 1679 2269 mores

56 2313 87 2352 ιε
113 2302 248 2367 ipsorum,
276 2295 303 2350 id
329 2303 371 2350 esi
395 2295 460 2350 vitae
483 2307 583 2349 esslum
609 2292 777 2359 fomentum,
832 2313 931 2355 eorum
952 2299 1056 2355 misera
1081 2299 1271 2368 perpetuitate
1292 2299 1447 2363 contiueat,
1466 2308 1516 2356 aut
1532 2301 1601 2372 quia
1616 2302 1678 2358 hae-

56 2393 71 2441 tt
94 2387 178 2456 quasi
193 2385 339 2455 quoddam
358 2384 462 2438 auiulae
481 2396 580 2438 euruut
597 2381 776 2437 alimentum·
833 2401 877 2444 res
892 2395 1037 2455 superstes
1051 2394 1092 2442 est
1111 2388 1175 2457 ejus
1191 2385 1241 2441 cui
1255 2387 1396 2456 succedit;
1418 2387 1453 2442 ad
1470 2387 1627 2458 haereticos,
1644 2389 1678 2446 dc

56 2476 110 2530 rim
131 2473 287 2529 virulentia
304 2471 361 2527 vita
385 2469 510 2540 serpenti
524 2478 575 2536 cst,
601 2469 639 2524 ita
662 2468 779 2525 cullibet
833 2476 940 2548 quihus
961 2475 1173 2544 supradictum
1196 2482 1248 2543 est,
1264 2482 1291 2530 et
1305 2475 1482 2531 nuncetiam
1508 2476 1614 2548 agitur,
1631 2493 1677 2536 re·

56 2560 188 2630 rabulum
205 2574 257 2616 suo
280 2560 420 2629 nequitia.
440 2557 517 2613 Uudu
534 2565 562 2613 tl
586 2559 620 2612 de
635 2559 779 2613 detracto·
834 2567 952 2631 leuatur,
974 2577 1098 2634 quorum
1115 2564 1219 2633 scripto
1237 2578 1294 2619 nou
1319 2564 1401 2619 modo
1417 2579 1468 2635 pro
1489 2565 1532 2621 sui
1548 2574 1678 2623 coutem-

56 2649 170 2705 alomon
199 2662 206 2701 ε
233 2668 247 2698 ο
276 2647 391 2714 Carnes,
409 2646 516 2715 inquit,
544 2645 580 2700 ad
605 2644 778 2701 vescendum
834 2651 1007 2723 ptibilitate,
1035 2651 1083 2706 sed
1114 2650 1198 2707 etiam
1231 2665 1281 2721 pro
1316 2652 1443 2723 ingenita
1471 2662 1571 2710 contra
1594 2669 1678 2712 omne

56 2744 121 2792 runt
136 2736 229 2803 (Proo.
246 2749 329 2802 xxiii,
352 2736 406 2805 20)-
424 2753 437 2785 v
453 2733 515 2798 Quo
531 2740 631 2788 0011er
647 2734 777 2789 sanctis:
834 2739 911 2810 quod
927 2738 989 2795 lldel
1013 2739 1148 2810 congruit
1171 2741 1324 2796 acerbitate
1345 2740 1531 2798 damnantur.
1553 2743 1588 2797 Et
1610 2743 1680 2813 quia

61 2833 97 2891 te,
121 2827 171 2888 ait,
187 2831 215 2878 et
235 2822 327 2879 videte
343 2823 479 2892 quoniam
499 2820 599 2877 suavis
622 2831 664 2876 est
680 2820 780 2876 Domi·
800 2828 1005 2915 eplerumque
1028 2841 1076 2884 eos
1095 2827 1282 2884 excluserunt
1303 2833 1377 2882 'tos
1397 2829 1448 2900 qui
1472 2828 1583 2899 probati
1598 2837 1682 2886 erant

56 2913 102 2966 rol.
128 2925 231 2979 xxxin,
257 2911 293 2980 9).
320 2932 329 2958 ι
356 2910 461 2966 Morale
483 2917 525 2965 est
545 2912 631 2964 etiam
653 2917 683 2964 ut
698 2909 780 2964 dica·
835 2921 963 2984 argento,
986 2915 1189 2970 controversiis
1214 2915 1398 2971 manentibus
1423 2915 1450 2971 ln
1472 2915 1551 2972 libris
1567 2931 1678 2986 eorum,

56 2999 154 3070 vpasci
176 3001 205 3053 in
224 3012 257 3054 eo
281 2997 359 3067 quod
373 3011 403 3052 se
418 2997 547 3053 delectat.
571 2997 621 3052 Est
641 3010 710 3066 ergo
733 2997 778 3052 di·
835 3003 885 3073 qui
910 3010 1010 3058 contra
1034 3016 1135 3058 eorum
1161 3017 1273 3059 errores
1303 3004 1514 3077 pugnacissime
1542 3013 1679 3076 egerant,

56 3088 139 3144 Panis
161 3101 227 3143 cunt
251 3099 371 3156 corpora
393 3086 519 3151 nutriat,
547 3085 652 3139 animae
679 3097 780 3140 eorum
835 3089 976 3160 opuscula
1002 3103 1101 3145 eorum
1128 3104 1180 3160 pro
1206 3104 1259 3145 sua
1289 3090 1442 3147 inutilitate
1470 3100 1537 3148 sunt
1563 3092 1685 3153 abolita,

78 3177 149 3248 quia
174 3189 211 3231 cx
237 3189 269 3231 eo
296 3174 372 3246 quod
405 3173 547 3243 significat
569 3172 781 3242 jucunditatem
835 3176 915 3242 Quod
931 3177 958 3231 iu
983 3177 1111 3247 antiquis
1132 3177 1273 3232 haereticis
1294 3187 1336 3233 est
1362 3179 1557 3250 undequaque
1581 3181 1682 3249 proba—

56 3265 141 3329 tletu‚
173 3263 344 3320 animalitati
375 3261 571 3332 improborum
606 3262 689 3317 cibus
720 3276 781 3317 esse
836 3275 907 3334 tum,
927 3279 1061 3337 quorum,
1080 3267 1681 3338 quesieranearumtelae,dequibussu-

56 3352 170 3409 ituris
192 3368 246 3406 coit
265 3353 353 3407 intrat
375 3355 404 3405 iu
427 3351 536 3404 domum
558 3352 685 3411 Domini,
711 3352 782 3421 quia
836 3369 888 3426 pra
908 3355 1113 3422 disseruimus,
1141 3356 1308 3425 disparuere
1335 3356 1495 3424 volumina,
1526 3365 1553 3414 et
1578 3360 1683 3416 uostris

56 3442 101 3498 odi
116 3441 257 3512 gaudium
270 3441 306 3495 ab
321 3441 399 3495 omni
415 3439 499 3494 corde
514 3439 592 3508 qnod
608 3439 683 3494 Deus
699 3438 780 3493 inha·
835 3442 1014 3513 temporibus
1040 3458 1057 3498 a
1085 3443 1258 3514 quibusdam
1286 3443 1480 3513 parasitastris
1504 3445 1591 3502 libelli
1615 3448 1682 3504 lacti

56 3531 213 3587 everissime
236 3536 348 3585 constat
371 3529 498 3584 excludi.
530 3527 610 3583 Unde
640 3536 681 3582 est
710 3526 781 3583 illud
836 3538 913 3597 sunt,
938 3536 965 3586 et
988 3530 1011 3584 si
1028 3529 1148 3585 nimium
1164 3538 1273 3601 tenues,
1300 3538 1400 3587 contra
1420 3531 1603 3589 hdeinostrte
1620 3549 1682 3605 my·

56 3618 262 3675 abominabilis
275 3617 301 3673 ci
317 3618 347 3673 lit
359 3617 441 3686 ponis
456 3616 486 3670 in
501 3618 560 3671 vita
578 3629 642 3684 sua,
657 3624 684 3671 et
700 3615 783 3671 cibus
836 3619 931 3685 steria,
948 3631 1013 3688 quae
1036 3617 1064 3671 in
1080 3618 1250 3688 indignitate
1266 3619 1311 3673 sui
1336 3617 1365 3673 iu
1381 3617 1442 3688 ipsa
1462 3633 1515 3674 sua
1531 3633 1597 3675 mor
1613 3629 1683 3676 sunt

56 3706 250 3764 desiderabilis
264 3705 333 3777 (tob,
347 3719 452 3768 xxxin,
466 3707 541 3758 ιο.»
836 3705 964 3761 novitate
990 3713 1169 3775 consumpta.
1200 3707 1296 3775 anpo
1319 3710 1348 3759 in
1375 3706 1557 3760 tabernacutis
1586 3722 1680 3763 eornm

56 3798 103 3851 ιιι.
117 3824 154 3836 -
182 3817 192 3844 ι
216 3792 289 3860 Quid
304 3793 411 3849 iacietis
433 3792 462 3846 iu
476 3792 522 3847 die
542 3789 671 3858 solemni,
688 3789 718 3845 in
737 3790 783 3846 die
836 3800 902 3858 est,
930 3792 999 3862 quia
1032 3791 1170 3848 nimirum
1199 3792 1254 3848 nisi
1283 3792 1490 3848 desideriorum
1518 3793 1680 3851 carnalium

59 3885 135 3940 itatis
160 3883 293 3939 Domini?
316 3903 327 3930 ι
354 3881 420 3936 Dies
442 3879 577 3936 solemnis
603 3877 715 3934 Domini
729 3885 781 3946 est,
837 3878 1139 3951 impuritatibusqute
1149 3894 1252 3952 graves
1264 3888 1333 3937 suut
1347 3881 1466 3949 stimuli,
1479 3881 1682 3951 subderentur,

56 3972 116 4028 sitis
138 3971 261 4025 inimicis
275 3969 430 4026 scabellum
456 3969 560 4038 pedum
575 3967 638 4037 eius
660 3980 783 4038 regnum
838 3982 989 4039 uunquam
1008 3969 1043 4024 ad
1060 3975 1168 4024 tantam
1192 3982 1293 4024 sensus
1308 3967 1418 4037 reprobi
1435 3967 1633 4039 ignominiam,
1650 3976 1684 4025 ut

56 4059 89 4115 rit
113 4061 216 4114 Decet
242 4057 319 4113 Patri
344 4058 366 4127 (l
387 4057 447 4113 Gor.
470 4070 519 4121 xv,
546 4056 591 4123 ιι,
618 4055 674 4124 25).
702 4055 782 4110 Diem
838 4058 872 4113 de
899 4057 1006 4113 divinis
1027 4057 1102 4112 male
1128 4057 1277 4124 sentirent,
1303 4063 1494 4112 verterentur.
1525 4057 1611 4113 Porro
1640 4065 1684 4113 ta·

56 4146 176 4203 lemnem
200 4146 337 4216 intellige,
361 4160 427 4201 cum
449 4144 528 4215 impii
543 4145 782 4214 submerguntur,
803 4144 997 4210 phernacula
1020 4144 1081 4215 ipsa
1099 4151 1167 4200 sunt
1179 4157 1309 4213 corpora,
1333 4143 1487 4214 inquibus
1510 4145 1570 4201 sive
1584 4153 1685 4202 contra

56 4242 120 4292 ιιοιιι
141 4249 220 4301 vero,
244 4249 311 4290 curn
334 4233 371 4288 ad
387 4232 635 4302 contemplandam
652 4231 700 4288 Dei
717 4245 783 4302 spe·
839 4248 965 4301 carnem,
986 4233 1046 4289 sive
1061 4240 1161 4288 contra
1174 4230 1307 4301 spiritum
1323 4231 1489 4300 militamus,
1505 4234 1565 4291 slve
1580 4233 1631 4291 ubi
1643 4233 1684 4289 in-

56 4323 113 4380 ,ecti
137 4330 353 4393 promoventur.
378 4321 451 4388 Quid
474 4323 561 4390 igitur
583 4322 700 4386 tacetis,
717 4334 784 4377 cnm
839 4321 1056 4394 presentiarum
1074 4320 1302 4390 peregrinamur.

56 4412 160 4469 crimen
176 4411 249 4466 inter
264 4418 402 4481 utrasque
416 4418 505 4466 sortes
519 4409 689 4465 advenerit?
876 4411 961 4467 Vens.
976 4410 1004 4463 7.
1021 4438 1055 4447 -
1071 4428 1081 4455 ‹
1108 4407 1255 4463 Venerunt
1270 4407 1329 4462 dies
1345 4407 1526 4478 visitationis,
1539 4416 1684 4466 venerunt

56 4503 110 4556 ,6.
136 4531 169 4541 -
193 4517 207 4552 ι
235 4499 307 4555 Ecce
329 4500 406 4553 euim
431 4495 547 4568 proiecti
567 4503 635 4551 sunt
661 4496 784 4552 evasti—
842 4498 935 4553 ‚dies
958 4495 1164 4552 retributionis.
1191 4513 1205 4545 ο
1228 4496 1289 4549 Dies
1317 4499 1482 4550 visitationis
1509 4503 1587 4564 sunt,
1617 4511 1684 4554 cum

56 4605 63 4645 :
90 4589 233 4660 AEgyptus
250 4586 436 4658 congregavit
455 4600 512 4652 eos,
538 4576 677 4653 Memphis
701 4598 785 4654 sepe·
840 4587 916 4642 Deus
940 4584 1182 4654 impoenitentibus
1199 4584 1226 4638 iu
1252 4585 1382 4652 praesenti
1408 4582 1521 4654 llagella
1546 4585 1685 4653 immittit,

56 4689 91 4733 os.
111 4698 121 4724 ι
139 4675 221 4732 Redit
235 4675 272 4731 ad
286 4689 385 4732 eorum
401 4673 628 4743 descriptionem.
646 4674 785 4743 Superius
838 4673 887 4731 sed
904 4671 1092 4727 retributionis
1108 4670 1182 4727 illico
1196 4671 1394 4740 subsequitur,
1410 4671 1460 4741 qui
1478 4674 1685 4741 perseveranti·

63 4763 134 4834 quia
146 4767 230 4832 panis
251 4779 342 4817 eorum
359 4766 387 4816 tn
408 4761 516 4815 ιιοιοοοι
539 4763 647 4816 Domini
670 4777 723 4815 ιιοιι
737 4761 785 4816 in-
839 4763 894 4819 bus
910 4762 1032 4830 incoepta
1046 4759 1128 4815 sorde
1142 4766 1194 4815 aut
1214 4758 1334 4829 pertidia
1351 4758 1538 4816 immutabilis
1563 4762 1686 4819 miserie

56 4866 87 4909 nc
107 4851 129 4907 si
155 4852 260 4908 diceret
283 4867 290 4906 ι
314 4850 456 4918 Quoniam
480 4849 562 4905 nulla
584 4849 784 4905 convenientia
839 4857 942 4905 sortem
962 4847 1064 4904 reddit.
1091 4846 1202 4916 Duplici
1226 4846 1303 4902 euim
1322 4846 1492 4903 enutritione
1518 4849 1586 4904 tales
1611 4848 1687 4905 Deus

78 4940 114 4996 ad
136 4940 269 4996 tenebras
292 4940 331 5010 (ll
351 4939 410 4994 Cor.
440 4953 480 5005 vr,
501 4937 553 5008 ιι).
579 4938 721 5008 voluptati
748 4937 784 4993 ad
839 4945 984 4993 conterere
1002 4936 1160 4992 consuevit.
1177 4936 1211 4992 Et
1227 4950 1286 4990 nou
1308 4937 1438 5003 conterit,
1454 4937 1684 5007 tqttosomnium,

56 5029 153 5096 tntias,
171 5029 402 5099 proficiscuntur,
428 5027 512 5083 idest
530 5026 785 5083 arectaconside-
839 5026 907 5083 dnm
934 5019 1089 5092 advivunt,
1120 5026 1303 5082 detestatione
1329 5025 1493 5094 prostituit,
1523 5033 1551 5082 et
1576 5027 1686 5083 exactis

69 5124 241 5188 evagentur,
263 5124 290 5172 et
313 5116 366 5172 hoc
386 5117 428 5170 eis
450 5116 615 5171 evastitate
634 5114 784 5186 contingit,
841 5115 917 5184 ipsis,
936 5113 1062 5184 ipsorum
1086 5113 1251 5169 memoriam
1273 5114 1433 5170 cumomni
1458 5128 1510 5170 suo
1530 5114 1643 5185 opillco,
1659 5123 1687 5172 et

56 5205 129 5262 ilicet
151 5218 168 5260 a
183 5203 241 5260 Deo
260 5203 442 5260 solitudinem
457 5217 537 5259 mens
549 5203 672 5260 incurrit
690 5219 697 5258 ε
713 5204 785 5261 Cum
842 5211 964 5260 tractatu
980 5203 1071 5259 instar
1092 5202 1180 5273 pauni
1195 5202 1380 5260 menstrualis
1395 5203 1515 5260 infumat
1529 5212 1556 5261 et
1570 5204 1689 5274 abjicit?

56 5291 163 5350 lixissct
182 5291 267 5362 quasi
289 5305 338 5348 cos
358 5292 516 5362 corrigens,
539 5290 607 5357 quiet
627 5291 734 5355 facietis
756 5295 786 5345 ic
843 5314 853 5340 ι
876 5291 988 5359 ballote,
1014 5292 1112 5359 lsrael,
1138 5293 1258 5348 stultum
1284 5291 1464 5362 prophetam,
1492 5294 1627 5349 insanum
1643 5294 1687 5350 vi-

56 5383 117 5441 nni,
139 5393 206 5435 mox
222 5393 322 5436 eornm
338 5378 510 5448 proterviam
527 5378 654 5435 subtexit
666 5379 784 5435 dicens:
843 5402 853 5428 ι
877 5393 942 5435 rum
960 5380 1184 5449 spiritualem.0
1204 5380 1302 5450 lsrael,
1319 5380 1424 5451 iuquit,
1449 5390 1545 5438 motus
1558 5381 1691 5444 videlicet
