3818 6008
127 191 178 244 235
553 187 584 244 V.
608 187 773 243 ebteenrt
803 186 949 242 teehrls
977 187 1006 242 S.
1040 185 1163 242 haurd
1193 187 1237 242 DE
1261 185 1458 242 hovleuuto
1536 195 1543 211 ·
1824 189 1875 239 '236

161 323 246 382 Vens.
274 327 318 380 ιδ.
343 354 377 364 -
404 326 519 392 tamque
536 323 618 379 Jacob
648 323 807 379 extenderat
824 326 853 378 in
881 327 969 378 monte
989 321 1134 378 Alormas
1157 322 1214 378 Deo
1229 321 1378 389 attribuat,
1403 320 1597 377 machinatur.
1624 320 1720 392 (Vnus.
1738 321 1795 391 31.)
1823 321 1875 377 Sed

128 414 343 476 tabernaculum,
371 428 430 468 eum
455 413 501 467 itte
529 417 683 467 consecutus
710 428 771 467 eum
792 416 890 480 sitisset
913 428 973 466 curn
1026 412 1118 477 Jacob,
1142 411 1260 481 spiritus
1294 410 1400 467 scilicet
1432 416 1528 467 noster
1555 424 1589 466 ac
1627 409 1651 465 si
1679 411 1873 474 ratiocinans,

127 504 262 570 (ratribus
291 505 359 557 suis.
389 501 602 556 tabernaculum
631 501 713 556 Jacob
740 501 879 564 extendit,
906 515 972 556 cum
1027 499 1113 555 intent
1140 515 1146 554 :
1177 500 1255 566 Quod
1289 501 1373 554 inscia
1408 504 1432 553 te
1465 501 1624 569 profectus,
1658 498 1766 556 scilicet
1798 499 1875 570 quod

126 591 294 648 exercitium
310 589 415 645 divinae
435 588 543 645 militiae
559 588 649 645 fidelis
664 589 785 660 quilibet
805 589 971 659 ampliticat,
1028 589 1188 645 inconsulte
1207 596 1287 645 atua
1309 587 1507 644 conformitate
1522 588 1608 658 paulo
1627 587 1738 659 digredi
1754 597 1876 644 conatus

126 687 154 736 et
166 678 308 750 producit.
332 678 381 732 llle
393 677 583 748 consequitur
597 693 657 732 curn
670 678 807 744 tratribus
822 681 889 746 suis,
905 692 972 733 cum
1026 691 1101 740 sunt,
1127 680 1207 732 timui
1220 694 1254 731 ne
1266 678 1396 731 uiolenter
1415 680 1538 743 auferres
1559 678 1633 744 filios
1648 682 1719 737 tuus,
1737 676 1763 731 id
1783 684 1825 732 est
1840 691 1875 731 ne

126 767 295 839 angelornm
320 779 389 822 sane
403 765 532 822 subsidio
547 779 664 836 precum
679 766 773 822 munit
797 764 924 820 auxiliis.
941 767 973 820 la
1027 765 1158 821 nimietas
1181 766 1308 837 aggressi
1333 764 1472 836 propositi
1493 765 1596 821 laceret
1620 779 1663 820 me
1686 764 1818 820 decidere
1839 765 1875 820 ab

124 855 223 913 eodem
248 859 336 909 monte
367 853 474 910 Galaad
498 855 595 910 haban
626 853 688 911 lixit
709 854 874 921 tentorium,
903 854 973 925 quia
1026 854 1233 924 utraquevita.

126 946 155 999 in
180 943 334 1015 utriusque
355 943 421 998 vitae
444 943 539 999 studio
562 949 590 999 et
604 942 760 1000 eminentia
783 943 882 999 statuit
904 942 971 999 olim
1063 942 1146 998 Vnus.
1172 945 1215 998 ti.
1244 942 1377 1009 -Quod
1401 947 1489 997 autern
1513 942 1650 1008 furtiue
1675 944 1770 1008 arquis
1799 941 1875 1011 apud

124 1034 195 1090 dnm
220 1045 307 1089 carna
330 1031 497 1099 adviveret;
521 1031 589 1087 lelir
608 1030 657 1087 illa
673 1030 785 1099 civitas,
808 1031 973 1088 intentionis
1026 1045 1208 1099 quemcunque
1250 1034 1385 1085 irtnerreris
1419 1034 1485 1086 ileos
1532 1036 1591 1085 tuas
1633 1036 1741 1085 necetur
1783 1047 1873 1086 eoram

125 1120 309 1178 desiderium.
328 1120 451 1176 Intentio
476 1134 577 1190 nempe
588 1127 615 1176 et
639 1120 793 1176 tentorium
809 1134 826 1175 a
842 1119 972 1174 tendendo
1023 1118 1160 1183 tratribus
1175 1122 1231 1173 suis
1255 1117 1316 1191 [al.‚
1333 1117 1459 1191 nastris]
1476 1119 1556 1184 Quod
1571 1128 1614 1175 est
1634 1118 1657 1174 si
1679 1119 1756 1175 salsae
1769 1121 1872 1175 credu-

124 1209 271 1267 dicuntur.
1024 1205 1111 1262 litatis
1133 1223 1174 1262 rne
1188 1211 1283 1275 arguis
1307 1206 1337 1263 in
1357 1222 1534 1279 quocunque
1560 1207 1648 1263 animi
1674 1221 1760 1263 sensu
1785 1207 1873 1279 quid-

161 1300 244 1355 ths,
271 1301 316 1365 26,
345 1299 390 1352 tt.
420 1327 453 1336 -
475 1298 515 1351 Et
538 1297 612 1351 dicit
638 1296 676 1351 ad
702 1297 785 1354 taceo
800 1313 807 1352 :
822 1298 911 1364 Quare
931 1301 970 1352 ita
1024 1294 1099 1364 piam
1120 1295 1256 1364 repereris
1280 1297 1315 1352 de
1340 1296 1396 1352 Deo
1425 1296 1571 1369 lictit'tqm,
1598 1295 1720 1352 aliorum
1744 1296 1873 1367 ejusdem

123 1391 213 1457 egisti,
229 1391 260 1441 ut
274 1387 343 1440 clam
364 1400 405 1438 rne
419 1385 541 1453 abigeres
564 1387 636 1454 {ilias
655 1401 727 1439 rneas
752 1388 833 1455 quusi
846 1387 970 1455 captiuas
1024 1384 1126 1439 mentis
1169 1384 1364 1440 intellectuum
1399 1385 1549 1441 aboleatur
1572 1384 1691 1456 judicio.
1724 1386 1870 1454 Scrutare,

124 1476 237 1546 plodio?
258 1476 311 1531 Cur·
325 1477 467 1540 ignorante
481 1489 522 1527 me
534 1476 629 1541 rupem
651 1475 771 1539 uoluisti,
787 1489 833 1529 nec
848 1475 971 1529 iudicare
1023 1472 1161 1542 quidquid
1183 1478 1290 1527 luorum
1313 1474 1388 1543 apud
1401 1490 1443 1529 nte
1469 1475 1604 1528 inueneris
1623 1476 1712 1540 aufer.
1728 1474 1809 1541 Quod
1831 1482 1873 1531 est

124 1566 192 1620 milti
216 1568 246 1618 ut
280 1577 457 1632 prosequerer
482 1568 506 1616 te
536 1578 596 1616 cura
623 1563 723 1631 gaudio
751 1568 776 1616 et
806 1566 919 1618 conticis
944 1569 970 1618 et
1022 1559 1156 1627 scrutari,
1179 1574 1223 1616 me
1245 1561 1323 1629 doce,
1341 1568 1368 1616 et
1383 1561 1520 1631 quidquid
1543 1567 1660 1626 tuorum,
1677 1562 1705 1617 id
1728 1563 1872 1632 estspirl-

124 1655 263 1726 tympanis
278 1657 303 1707 et
317 1653 444 1706 cithara?
459 1652 499 1707 hc
513 1651 535 1706 si
556 1651 651 1707 dicat:
669 1651 740 1708 Cum
753 1652 814 1722 jam
830 1660 856 1709 te
871 1653 969 1709 videas
988 1622 1147 1704 Btualium
1170 1663 1235 1718 quae
1256 1649 1307 1705 tibi
1323 1651 1415 1721 magis
1430 1657 1597 1719 competunt
1618 1664 1715 1706 rerum
1730 1651 1805 1720 apud
1820 1666 1870 1718 me,

124 1741 310 1797 constitutum
332 1741 362 1795 in
377 1741 527 1796 cacumine
548 1740 708 1808 charitatis,
729 1741 805 1797 unde
829 1741 970 1799 inconsul-
1024 1736 1130 1792 scillcet
1151 1737 1229 1807 apud
1253 1739 1414 1794 sensualem
1441 1738 1674 1809 imaginationem
1696 1752 1788 1794 meam
1813 1753 1872 1795 cor·

123 1828 159 1885 tis
191 1828 330 1898 exemplis
364 1828 442 1895 meis,
476 1842 565 1899 quam
594 1843 715 1899 regnare
746 1843 796 1899 per
826 1830 968 1886 malorum
1025 1823 1118 1893 rumpi
1151 1825 1274 1892 videris,
1309 1827 1439 1896 exemplo
1467 1841 1501 1881 ac
1530 1840 1611 1896 prece
1649 1827 1771 1882 dimove.
1806 1827 1871 1882 llaec

123 1918 272 1974 victoriam
298 1916 411 1986 probae,
437 1916 514 1986 quad
530 1924 572 1972 est
595 1917 668 1973 elam
686 1931 740 1984 me,
758 1918 872 1989 abigere
887 1919 970 1990 elegi·

122 2007 158 2062 sti
181 2020 198 2061 a
225 2014 251 2062 te
280 2005 442 2075 diligentias
476 2005 541 2060 vitae
573 2005 727 2075 utriusque
754 2009 844 2076 quasi,
875 2007 969 2064 idest

122 2108 241 2160 revera,
271 2096 397 2164 captiuae
425 2093 527 2161 gladio,
563 2093 588 2148 id
615 2100 657 2150 est
682 2093 822 2151 abductas
856 2097 968 2152 mortali

121 2179 288 2237 desertionis
320 2188 348 2237 et
380 2181 528 2250 apostasia
566 2189 689 2252 peccato.
729 2185 792 2252 Gur,
827 2185 966 2256 inquam,

121 2277 245 2340 amptum
270 2269 446 2340 propositum
470 2272 612 2336 ignorante
625 2288 676 2336 rne,
695 2272 722 2327 id
740 2280 783 2328 est
798 2272 966 2340 indiscusso,

121 2364 155 2412 ut
177 2358 346 2428 pradictum
368 2366 424 2425 est,
451 2373 508 2425 me,
532 2373 739 2431 expavescere,
765 2361 843 2431 quod
870 2362 967 2419 animo

119 2446 215 2516 rupae
234 2454 286 2513 est,
313 2448 432 2514 notasti,
457 2462 504 2501 aee
524 2447 649 2502 indicare
674 2450 835 2504 retractatis
861 2451 967 2505 trium-

120 2534 244 2604 phorum
267 2549 396 2591 meorum
421 2535 557 2601 consiliis,
574 2544 606 2592 ut
620 2550 688 2591 mox
704 2550 755 2606 per
774 2537 873 2592 eadem
895 2553 967 2593 con-

120 2630 201 2692 cepto
216 2623 314 2692 vigore
334 2621 440 2691 gaudia
455 2624 679 2692 comparationis
700 2638 768 2680 areae
784 2625 835 2681 tibi
859 2626 968 2683 conter-

1023 1927 1059 1968 ex
1081 1913 1320 1983 contemplatione
1341 1915 1480 1971 claritatis
1503 1922 1666 1970 sanctoruni
1689 1914 1871 1971 intellectua-

1023 1999 1087 2057 liter
1106 2009 1133 2057 et
1149 2001 1245 2058 inferri
1260 2011 1288 2058 ct
1313 2004 1412 2059 reterri
1439 2004 1539 2059 solent.
1560 2005 1623 2059 ttae
1644 2003 1735 2058 dicens
1759 2007 1869 2071 ignora-

1024 2089 1070 2142 bat
1092 2090 1165 2160 quod
1188 2092 1288 2145 nactnt
1310 2093 1407 2157 furata
1428 2096 1495 2145 esset
1524 2090 1607 2145 idola.
1630 2089 1703 2146 Sunt
1726 2104 1796 2146 saue
1819 2091 1868 2160 qui

1023 2191 1162 2248 magnum
1179 2179 1249 2248 quid
1273 2193 1333 2234 sese
1356 2179 1562 2249 contemplatos
1577 2187 1688 2249 putant,
1711 2180 1734 2235 si
1757 2179 1869 2250 aliquas

1023 2266 1159 2336 gloriosas
1177 2266 1285 2322 formas
1300 2268 1356 2324 Deo
1371 2268 1525 2324 ascribant.
1546 2268 1685 2338 ignorant
1699 2267 1776 2324 enirn
1792 2267 1868 2339 quod

1022 2353 1127 2410 Rachel
1155 2370 1220 2425 quae
1251 2363 1309 2412 tota
1337 2355 1537 2412 intellectualis
1561 2369 1621 2411 esse
1649 2356 1732 2412 debet
1757 2357 1867 2412 lurtum

1022 2440 1117 2511 iaciat,
1140 2444 1162 2499 si
1179 2443 1385 2515 insagiuarium
1399 2445 1560 2516 quidquam
1576 2445 1611 2500 ad
1629 2444 1742 2500 libitum
1762 2444 1797 2500 de
1814 2445 1868 2500 lieo

1021 2531 1175 2602 confingat.

1056 2618 1143 2675 Vnus.
1168 2622 1212 2675 33.
1238 2651 1272 2660 -
1298 2624 1437 2688 Ingressus
1461 2637 1524 2688 erpo
1546 2622 1640 2676 laban
1666 2622 1868 2677 tabernaculum

1020 2708 1101 2762 Jacob
1132 2713 1157 2762 et
1188 2709 1254 2777 Liae,
1288 2715 1313 2764 et
1342 2712 1484 2778 utriusque
1511 2711 1630 2776 famular,
1662 2726 1716 2765 noa
1754 2713 1865 2765 intuenti.

1020 2795 1100 2850 iacob
1124 2801 1150 2849 et
1170 2797 1226 2851 hia
1254 2798 1466 2863 tabernaculum,
1492 2797 1610 2853 rationis
1630 2805 1673 2854 est
1696 2806 1723 2854 et
1748 2799 1869 2854 actionis

121 2723 192 2777 rem,
217 2709 327 2766 cantico
350 2710 469 2765 internae
491 2710 596 2766 laetitiae
621 2712 766 2767 fastidium
790 2714 965 2772 dimoverem

120 2806 291 2868 tympanum
313 2797 418 2852 divinae
433 2799 635 2867 speculationis
648 2800 726 2855 omni
748 2815 804 2857 aere
821 2804 967 2871 perennio-

119 2887 178 2955 ris;
211 2885 258 2941 hio
285 2886 362 2941 enim
395 2885 543 2956 incipitur,
574 2894 601 2942 et
633 2888 661 2942 in
686 2887 784 2944 lutura
813 2904 965 2961 nunquam
987 2884 1076 2979 Cpiae
1104 2885 1273 2941 exercitium
1284 2902 1293 2956 ;
1326 2895 1450 2958 utraque
1481 2900 1549 2942 vero
1573 2886 1701 2955 lamule,
1732 2888 1867 2959 qnalibet

119 2973 230 3043 linitur,
246 2982 273 3029 et
296 2973 380 3030 dulce
403 2974 508 3029 mirum
533 2973 562 3029 in
579 2975 693 3030 arcanis
714 2976 763 3033 Dei
788 2986 917 3045 resonet,
939 2986 967 3034 ct
1022 2964 1163 3029 virtutum
1181 2988 1286 3044 genera
1299 2975 1492 3046 utriquevilae
1511 2975 1697 3031 subsidentia.
1713 2976 1745 3032 la
1759 2977 1867 3047 quibus

118 3063 269 3129 citharam,
298 3077 356 3133 quo
379 3062 492 3133 magnis
521 3066 608 3134 atque
636 3064 795 3121 minoribus
828 3067 967 3136 proximis
1020 3061 1085 3117 tatis
1108 3062 1205 3117 Labant
1235 3078 1292 3118 non
1318 3063 1428 3120 invenit
1460 3064 1545 3132 idola,
1571 3065 1641 3136 quia
1669 3065 1699 3120 in
1728 3065 1773 3121 his
1801 3081 1866 3138 quae

118 3164 266 3223 congruus
286 3164 368 3206 amor
388 3152 471 3222 quasi
486 3165 576 3207 sonus
599 3153 692 3208 cordis
708 3154 839 3219 insertur,
863 3156 965 3212 admo·
1019 3151 1204 3207 scientialiter
1233 3154 1391 3209 meandum
1428 3153 1574 3209 hominem
1602 3154 1865 3223 administrantur,

117 3254 224 3297 rerem.
251 3240 325 3295 llum
349 3240 425 3295 enim
449 3240 526 3296 ultra
555 3241 672 3297 modum
696 3242 810 3309 ditaris,
836 3243 905 3299 dnm
929 3245 964 3301 dc
1018 3239 1149 3295 consulta
1184 3254 1316 3309 supernae
1342 3241 1481 3298 claritatis
1515 3241 1721 3312 spiritualitas.
1752 3243 1866 3299 divinas

117 3331 361 3386 circumventione
379 3336 406 3384 ct
426 3329 566 3385 mercedis
586 3330 744 3386 imitatione
767 3333 962 3403 conquereris,
1018 3327 1149 3396 quandin
1161 3325 1197 3383 de
1212 3327 1268 3383 [leo
1281 3342 1338 3383 non
1353 3328 1449 3400 agitur
1465 3343 1523 3385 non
1538 3330 1648 3386 invenit
1662 3331 1810 3387 formulas.

117 3417 202 3489 quasi
219 3417 370 3488 ignorante
386 3431 526 3487 meopere
541 3419 668 3488 ceperis.
1054 3415 1139 3471 Vens.
1162 3417 1206 3470 il.
1227 3443 1264 3458 -
1288 3417 1404 3487 Cumque
1429 3420 1558 3474 intrasset
1587 3423 1616 3474 in
1639 3423 1784 3476 tentorium
1807 3424 1865 3477 lia-

153 3507 238 3564 Vnns.
271 3508 316 3560 ts.
343 3535 380 3547 -
406 3508 464 3562 Non
491 3521 517 3560 es
550 3521 649 3576 possus
675 3512 705 3561 ut
731 3509 867 3564 oscularer
890 3512 963 3580 filias
1017 3504 1109 3568 chelis,
1134 3505 1183 3558 illa
1198 3507 1332 3571 festinans
1347 3507 1489 3561 abscondit
1509 3507 1584 3562 idola
1602 3509 1694 3563 subter
1715 3514 1866 3565 stramenta

116 3610 198 3660 meas,
217 3594 317 3662 idest,
342 3602 374 3651 ut
396 3594 806 3664 oreetspirltueonsiliorum
822 3612 960 3666 meorum,
1016 3593 1121 3659 cameli,
1146 3593 1268 3663 teditque
1290 3593 1414 3665 deteret·
1449 3597 1602 3652 Tratorium
1627 3598 1752 3653 bethelis
1777 3599 1866 3655 intrat

115 3690 143 3738 et
166 3682 369 3750 intentionum,
398 3697 463 3752 quae
488 3683 517 3738 in
542 3683 612 3739 mels
636 3685 716 3741 vides
738 3685 859 3754 actibus,
890 3693 963 3742 m
1014 3694 1128 3737 cumea
1142 3695 1207 3752 quae
1228 3681 1257 3737 in
1274 3682 1364 3739 Deum
1391 3698 1484 3754 usque
1500 3684 1629 3741 tenditur
1648 3686 1864 3757 contemplatio-

38 3778 42 3785 ·
115 3770 271 3827 imbuerem
295 3771 369 3826 vitas
393 3778 466 3838 tuas,
498 3772 623 3843 quasab
651 3773 878 3830 conformitatem
906 3777 961 3832 mei
1015 3783 1080 3825 nem
1107 3770 1217 3836 haban,
1245 3771 1270 3826 id
1295 3779 1336 3827 est
1362 3773 1520 3842 spiritualis
1544 3773 1680 3844 splendor
1703 3775 1862 3833 examinat.

114 3870 148 3913 ac
161 3859 185 3914 si
200 3860 311 3925 matris,
336 3872 414 3915 meas
427 3859 490 3916 dico
513 3860 596 3915 illias.
619 3862 709 3917 Stulte
730 3867 856 3931 operatus
882 3879 919 3931 es,
936 3870 962 3920 et
1014 3857 1174 3927 Spirituolis
1194 3860 1508 3926 aratemjudinatomnia
1524 3861 1625 3920 (10⁰l·
1645 3877 1674 3928 ¹¹,
1695 3863 1748 3934 lb).
1770 3863 1861 3933 Unde,

112 3959 184 3999 nurse
221 3946 318 4014 (Vens.
354 3947 400 4015 ab)
430 3947 502 4000 ualet
539 3963 634 4001 manus
670 3964 729 4002 meo
760 3949 873 4004 reddere
910 3953 962 4006 tibi
1014 3947 1118 4016 spiritu
1142 3946 1305 4003 illustrante
1329 3948 1469 4016 animum,
1499 3950 1607 4014 Rachel,
1629 3949 1657 4004 id
1684 3957 1726 4006 est
1748 3950 1862 4006 interna

112 4033 224 4087 malum.
246 4031 325 4099 Quod
347 4040 389 4088 est
405 4048 412 4086 :
429 4034 531 4090 Potens
553 4041 595 4089 cst
619 4037 702 4099 bens.
728 4036 778 4107 qui
800 4051 917 4106 manus,
932 4039 959 4094 id
1013 4034 1145 4090 discretio
1171 4035 1269 4091 lestinc
1292 4037 1442 4105 abscondit,
1468 4037 1611 4108 quidquid
1632 4038 1668 4093 de
1683 4039 1740 4094 lieo
1762 4053 1860 4109 comto·

112 4127 154 4176 est
183 4119 319 4176 tortitudo
345 4134 408 4176 mea
434 4129 485 4185 est,
515 4122 632 4178 reddere
655 4123 705 4179 tibi
733 4123 842 4179 malum
868 4138 956 4193 nunc,
1013 4136 1094 4178 reum
1120 4124 1272 4195 cogitabat,
1295 4140 1492 4196 superponens
1513 4126 1634 4182 virtutes
1659 4127 1767 4198 animi,
1795 4141 1860 4200 quae

111 4208 218 4264 scilicet
242 4208 269 4262 in
284 4209 408 4278 eternis,
425 4210 533 4280 quibus
547 4211 587 4266 nil
603 4211 738 4281 praeterit,
761 4226 812 4267 nec
827 4213 957 4270 tutorum
977 4219 1082 4280 nsunt
1094 4217 1243 4268 stramenta
1258 4216 1363 4276 cameli.
1389 4215 1415 4271 id
1432 4222 1485 4282 est,
1500 4216 1681 4271 munimenta
1698 4225 1726 4274 ct
1739 4227 1861 4276 ornatus

111 4304 162 4364 est,
178 4297 227 4353 sed
240 4311 352 4368 semper
367 4313 503 4369 praesens.
517 4300 555 4355 At
570 4301 644 4354 Deus
657 4304 747 4369 patris
759 4304 853 4365 uestri,
870 4302 956 4371 Deus,
1013 4300 1131 4369 torpidae
1148 4302 1251 4368 earnis,
1269 4303 1297 4358 in
1319 4303 1427 4372 quibus
1445 4303 1640 4373 disquirendis
1664 4304 1755 4362 multo
1777 4305 1861 4363 licen·

110 4385 241 4443 videlicet
271 4387 354 4442 Pater
377 4395 481 4455 vester,
508 4387 569 4443 lteri
592 4388 667 4442 dicit
690 4389 768 4457 mitit,
794 4389 821 4446 id
846 4399 887 4448 est
907 4406 958 4462 per
1011 4387 1070 4446 tius
1093 4396 1184 4459 potest
1217 4390 1341 4461 quisque
1367 4391 1493 4456 versari,
1523 4406 1611 4463 quam
1645 4393 1706 4449 sine
1734 4395 1860 4467 imagine

110 4475 275 4531 memoriam
287 4476 436 4546 praeteritae
452 4491 521 4532 meae
537 4477 957 4549 passionis,quaminhamine
1010 4476 1103 4534 Βιιιιιι
1126 4478 1330 4549 contemplari;
1354 4486 1382 4536 et
1403 4479 1519 4548 desuper
1542 4480 1618 4536 sedet
1642 4482 1712 4537 dum
1737 4482 1860 4540 lundata

108 4563 209 4619 virens
223 4571 358 4634 expertus
374 4579 449 4632 sum,
467 4563 592 4620 innotuit
612 4565 702 4632 mihi,
724 4579 759 4621 ne
790 4565 957 4622 hominibus
1009 4565 1117 4622 virtute
1136 4567 1277 4623 substanti
1300 4567 1396 4624 stultis
1420 4569 1654 4637 phantasmatum
1678 4570 1858 4630 discursibus

107 4652 233 4723 compati
256 4651 438 4723 dedignarer,
463 4653 526 4708 licet
547 4652 608 4724 jam
637 4653 778 4724 ingloria
801 4653 953 4711 detinerer.
1008 4653 1193 4724 deprimendo
1215 4655 1355 4724 praesidet.
1373 4657 1564 4726 Sarutontique
1588 4661 1742 4726 tentorium,
1767 4664 1794 4715 et
1817 4663 1858 4716 nit

34 4752 35 4757 ’
143 4740 227 4799 Vnus.
252 4743 295 4795 30.
314 4772 347 4781 -
371 4744 445 4808 Esto,
470 4741 574 4812 inquit,
599 4743 670 4798 acsi
695 4743 771 4800 dicat
787 4759 793 4797 ;
811 4743 955 4800 Ponamus
1007 4743 1155 4797 invenienti
1191 4743 1286 4811 (Vens.
1318 4745 1360 4813 35)
1389 4745 1429 4798 ait
1455 4761 1461 4798 :
1493 4746 1531 4800 Ne
1561 4748 1698 4801 irascatur
1731 4747 1857 4804 dominus

106 4829 190 4884 modo
224 4836 250 4886 te
281 4829 329 4886 ubi
360 4844 410 4900 pro
442 4837 518 4887 certo
546 4831 584 4885 ad
613 4836 670 4887 tuos
700 4833 794 4902 cives,
823 4832 954 4889 videlicet
1006 4845 1080 4885 meus
1109 4831 1183 4899 quad
1207 4846 1296 4886 corrant
1325 4837 1350 4886 te
1377 4847 1519 4899 assurgere
1538 4848 1648 4902 nequeo,
1678 4837 1745 4905 quio
1769 4835 1856 4907 jueta

105 4916 234 4983 caelicas,
262 4925 290 4974 et
323 4918 441 4975 domum
477 4922 568 4988 patris
599 4921 830 4990 supercaelestem
860 4921 953 4977 redire
1006 4918 1222 4974 consuetudinem
1245 4922 1410 4986 sentinarum
1433 4936 1504 4974 nana
1533 4922 1633 4977 accidit
1656 4925 1736 4979 milri.
1763 4928 1806 4981 tle
1832 4928 1855 4983 si

103 5016 219 5076 cupere,
241 5007 289 5063 sed
311 5006 380 5063 illud
407 5007 549 5078 quomodo
573 5007 723 5065 defendere
746 5010 850 5079 poteris
873 5008 951 5079 quod
1005 5007 1081 5064 dicat
1102 5024 1109 5061 :
1134 5006 1175 5062 Ne
1207 5007 1384 5079 indigneris,
1420 5008 1553 5077 domina,
1582 5011 1629 5067 oui
1664 5012 1706 5069 uti
1733 5014 1855 5071 Domino

102 5095 214 5160 tttratns
237 5110 264 5149 ee
279 5094 341 5150 deos
363 5110 444 5158 meos,
473 5094 501 5149 id
521 5103 564 5152 est
584 5097 662 5167 quod
683 5111 741 5154 non
762 5105 855 5164 recte,
881 5096 951 5152 dum
1004 5095 1111 5163 subest,
1138 5095 1218 5165 quid,
1234 5103 1262 5152 et
1283 5096 1330 5152 cui
1347 5096 1472 5154 voluerit
1493 5098 1570 5165 dare,
1595 5100 1671 5169 quod
1694 5115 1791 5160 coram
1807 5113 1852 5172 te,

102 5179 309 5240 ultramodum
332 5182 383 5239 tibi
403 5183 483 5239 dives
509 5183 622 5253 videris,
637 5194 664 5243 et
685 5186 715 5242 in
732 5185 950 5254 contemplando
1003 5184 1033 5240 in
1051 5183 1176 5240 interiori
1193 5185 1300 5240 scilicet
1323 5184 1438 5242 homine
1460 5199 1613 5258 assurgere
1638 5189 1673 5245 ad
1690 5197 1726 5259 te,
1750 5199 1784 5248 ut
1803 5207 1850 5262 es,

101 5270 224 5339 subtilis,
248 5279 276 5328 ct
300 5273 479 5342 phantastice
510 5273 560 5330 tibi
586 5274 677 5330 Deum
703 5288 753 5344 per
782 5273 949 5330 innumeras
1003 5273 1256 5344 contemplandum
1271 5289 1392 5344 nequeo,
1407 5276 1477 5346 quia
1489 5276 1699 5347 iuxtamorem
1716 5279 1850 5338 humana

100 5357 242 5431 imagines
266 5360 374 5431 lingis?
398 5360 477 5427 Quod
501 5361 578 5418 enim
598 5362 697 5420 lurtlnt
725 5362 764 5428 lit,
790 5376 847 5417 non
873 5368 948 5419 recte
1003 5362 1131 5419 mollitiei
1153 5363 1255 5433 patior.
1280 5364 1324 5418 Sic
1346 5363 1440 5419 deluso
1464 5365 1617 5421 sollicitudo
1642 5373 1847 5437 quarentisert.

99 5444 141 5504 lit.
170 5447 242 5504 Deos
279 5462 347 5518 ergo
380 5449 514 5519 iuratur,
546 5449 595 5521 qui
632 5450 767 5520 privatim
803 5451 947 5522 quomodo
1001 5451 1160 5509 Sollicitudo
1175 5453 1319 5521 quaerentis
1343 5452 1499 5522 deluditur,
1515 5469 1592 5524 cnut,
1607 5455 1784 5529 anticipante
1799 5473 1847 5515 nos
