3794 6008
114 193 166 246 755
555 194 588 247 V.
612 191 779 249 delebitur
798 192 945 250 assatis
962 192 990 249 S.
1011 193 1133 250 MARIAE
1148 196 1194 252 bs
1215 194 1414 253 bollenum
1812 200 1861 258 its

112 334 222 395 serunt,
238 327 371 398 idemque
385 327 518 397 plurimis
542 329 687 385 Romania
703 343 737 385 ac
754 328 843 400 Syrie
857 329 958 385 muni·
976 328 1156 387 horientem
1177 329 1456 401 depopulabuntur?
1478 330 1523 386 his
1544 329 1655 388 viribus
1670 331 1794 389 canem
1808 345 1860 388 ex·

112 418 193 488 cipiis
215 418 397 487 urbibusque
425 416 564 484 fecerum,
588 417 742 475 indubium
769 419 894 489 pmfecto
920 426 962 476 est
1016 425 1106 473 trema
1120 417 1428 489 subdenturieasque
1448 423 1525 473 410
1544 417 1672 475 fortassis
1695 433 1772 489 quas
1790 419 1860 475 anti

112 503 189 577 qued
202 510 230 560 et
243 502 325 560 vohis
338 511 366 558 ct
380 503 444 559 aliis
458 511 563 561 nostras
586 505 753 563 hominibus
768 506 861 576 gentis
875 515 962 576 atque
1016 506 1116 576 quitus
1130 507 1280 564 obtinuere
1302 516 1392 564 terras
1415 509 1580 573 Amazones,
1604 521 1639 564 ac
1658 509 1750 564 nostri
1770 521 1861 579 quou-

112 593 189 658 locis,
219 590 373 647 identidem
401 591 494 648 facere
526 602 749 662 proposuerunt.
783 594 961 651 Excellentia
1015 594 1082 650 dam
1111 596 1166 652 sibi
1195 595 1376 652 vindicavero
1398 602 1541 665 parentes,
1573 603 1707 665 poterunt
1735 595 1863 653 adimere

112 680 210 750 itaque
226 686 286 745 tua,
313 678 435 736 admotis
450 687 550 736 contra
569 688 627 736 tam
642 680 757 737 rabidos
776 696 866 737 ausus
888 682 960 738 riri·
1015 682 1097 738 nobis
1124 683 1228 739 Franci
1257 696 1375 752 prorsus
1403 682 1576 739 inermes‘l»
1604 684 1693 751 Dixit,
1721 691 1749 741 et
1772 684 1863 740 accito

112 773 178 835 hus,
193 772 345 836 excitetur,
373 780 410 839 et,
438 773 535 829 omnia
563 787 704 842 occupare
724 774 887 830 volentibus
909 776 959 831 ho·
1014 771 1162 827 confestim
1178 772 1297 835 notario,
1316 772 1353 825 :rit
1373 787 1378 824 :
1397 794 1407 818 ι
1424 770 1521 828 Scribe
1544 773 1721 842 quantocius
1746 771 1861 829 eosdem
1893 764 1896 791 ²

110 861 222 918 minum
239 861 441 931 pauperrimis,
459 871 551 931 empta
573 862 746 931 possibilitas
760 864 959 921 abscindatur.
1014 860 1109 928 apices
1123 873 1172 928 per
1183 859 1297 915 diversa
1312 860 1425 930 pitacio,
1447 873 1513 929 quae
1534 873 1585 929 per
1607 859 1772 929 provincias
1797 859 1861 916 Pcr-

111 949 179 1006 llihi
195 962 298 1019 nempe
319 949 350 1005 in
371 950 441 1005 meis
464 949 636 1017 infortuniis,
654 958 769 1005 tuorum
783 949 961 1008 auxiliorum
1014 947 1083 1003 sidis
1101 948 1274 1018 dirigantur,
1299 947 1336 1003 ad
1363 961 1466 1018 papam
1493 947 1626 1003 videlicet
1649 956 1793 1014 nostrum,
1827 947 1863 1003 ad

111 1049 175 1105 spes
195 1050 331 1106 suprema
355 1037 507 1093 restiterat.
534 1056 547 1088 s
570 1036 622 1093 cui
646 1037 842 1107 querimonias
868 1054 960 1111 exag-
1014 1035 1162 1091 dominun·
1184 1035 1270 1091 ellam
1297 1044 1429 1092 nostrum
1445 1049 1543 1107 recem
1558 1036 1722 1101 Persarum.
1737 1035 1776 1092 δᾶ
1791 1049 1864 1105 1)ῐὲ-

111 1124 223 1194 geranti
243 1138 287 1180 mc
303 1123 389 1180 refert
405 1139 411 1178 :
425 1144 440 1172 «
452 1125 490 1192 Si,
516 1125 620 1195 inquit,
648 1125 690 1180 vis
719 1133 750 1181 ut
766 1124 809 1181 his
831 1128 889 1183 tuis
913 1128 960 1182 in·
1014 1121 1100 1179 fectos
1111 1137 1228 1194 quoque
1242 1132 1270 1180 et
1281 1124 1490 1180 commilitones
1504 1123 1685 1180 diversarum
1697 1123 1860 1195 regionum.

110 1210 254 1267 stantibus
269 1209 404 1280 periculis
417 1211 526 1267 obstem
544 1211 659 1281 tuisque
680 1211 852 1268 utilitatibus
864 1220 960 1269 atten—
1013 1210 1142 1278 Quorum
1158 1212 1220 1267 haec
1233 1211 1350 1282 quidem
1370 1213 1510 1269 habeatur
1524 1212 1685 1268 sententia:

112 1298 170 1355 tius
188 1312 305 1369 operam
322 1298 397 1365 dem,
413 1299 564 1368 oppidum,
594 1299 671 1368 quod
700 1299 828 1356 defendis
853 1309 881 1358 et
908 1315 960 1373 pro
1053 1299 1136 1371 idq«
1152 1299 1272 1355 Domino
1285 1301 1347 1370 regi
1362 1299 1517 1372 magnifico
1530 1302 1695 1368 Persarum,
1721 1313 1863 1370 papaeque

111 1402 170 1458 quo
191 1386 347 1457 supplicas,
371 1401 440 1442 meuc
461 1386 561 1442 ditioni
590 1389 735 1454 contrade,
764 1396 792 1445 et
807 1397 959 1461 postquam
1013 1387 1187 1455 beatissimo,
1198 1396 1226 1442 et
1240 1388 1375 1444 omnihus
1390 1389 1530 1444 adversus
1543 1387 1721 1445 christianos
1730 1395 1861 1444 sanaem

111 1475 182 1533 meis
195 1475 304 1531 castelli
319 1475 480 1531 custodiam
506 1475 687 1547 delegavero,
710 1484 778 1533 tunc
804 1479 960 1548 experieris
1013 1474 1145 1545 professis
1161 1475 1302 1540 militiam,
1328 1475 1477 1532 curbaran
1497 1490 1557 1532 suae
1584 1474 1693 1532 militiae
1716 1474 1860 1546 princeps,

110 1570 254 1634 quantum
280 1577 331 1633 pro
358 1570 407 1618 tuo
440 1577 576 1619 exercear
605 1564 764 1620 commodo.
792 1587 802 1613 ι
832 1566 872 1621 ud
898 1562 1402 1660 hec-Baalutematquevictoriam.

110 1651 283 1709 sensadolus
300 1665 306 1705 :
325 1673 336 1698 ·
354 1650 381 1706 Si
396 1652 530 1719 Francos,
559 1651 608 1718 ait,
633 1651 703 1708 mihi
726 1667 845 1721 prorsus
871 1654 957 1710 inter·
1049 1649 1221 1706 «Gratulor
1246 1664 1366 1707 summe
1394 1651 1548 1720 divinitati,
1572 1659 1668 1722 patres
1689 1650 1855 1718 acdomiui,

111 1739 194 1806 imas,
221 1738 350 1809 mihique
366 1753 468 1795 uorum
484 1738 597 1795 desecta
615 1739 711 1810 capita
728 1740 833 1808 tradas,
851 1741 958 1798 admit·
1013 1738 1090 1808 quod
1108 1745 1235 1807 tempora
1246 1738 1329 1794 nobis
1341 1739 1456 1809 gaudiis
1478 1753 1590 1809 semper
1607 1746 1776 1809 opportuna
1799 1752 1860 1808 sup

110 1835 170 1884 mm
191 1834 217 1883 te
232 1827 261 1882 in
280 1826 428 1896 oppidum,
446 1826 578 1897 factoque
605 1827 655 1883 tibi
670 1827 808 1896 hominio,
829 1836 878 1885 tuo
897 1830 958 1900 juri
1014 1825 1130 1895 peditat,
1158 1835 1186 1883 et
1209 1828 1345 1883 victorias
1372 1827 1407 1884 ds
1436 1828 1568 1885 hostibus
1589 1827 1729 1899 'gentium
1749 1826 1859 1899 ubique

110 1914 186 1972 idem
227 1914 351 1970 servabo
391 1914 581 1970 castellum.»
604 1915 656 1970 cui
698 1915 848 1973 curbaran
890 1917 956 1974 ait:

114 2024 125 2052 ι
146 2002 209 2059 Νοιι
224 2003 264 2058 ita
278 2017 391 2059 mecum
402 2011 522 2059 acturus
533 2017 563 2058 es
577 2018 583 2057 z
599 2004 649 2060 sed
673 2005 810 2061 continuo
831 2013 959 2062 castrum

111 2091 215 2147 trades.
245 2112 257 2139 ι
289 2091 362 2158 Quid
387 2090 623 2161 pluraterorani
651 2093 789 2163 principis
813 2095 881 2150 vicit
905 2109 960 2150 ex-

111 2178 196 2246 actio,
225 2185 253 2235 et
282 2193 312 2235 se
331 2179 449 2250 iuvenis
473 2193 491 2234 a
518 2179 646 2236 dominio
665 2181 773 2236 castelli
801 2196 958 2252 exponens,

1013 1914 1164 1970 ministrat.
1181 1915 1248 1970 Tria
1271 1915 1332 1972 hec
1346 1916 1428 1971 robis
1442 1929 1524 1972 arana
1540 1915 1777 1982 transmittimus,
1795 1928 1857 1985 qua

1014 2002 1131 2073 quidem
1149 2003 1268 2059 Francis
1282 2003 1412 2070 tulimus,
1437 2011 1470 2060 ut
1484 2004 1604 2061 videatis
1625 2017 1683 2074 quo
1699 2003 1860 2060 munimine

1014 2090 1149 2161 polleant,
1179 2091 1229 2162 qui
1254 2106 1306 2147 nos
1340 2106 1358 2148 a
1390 2091 1485 2161 patria
1506 2093 1663 2148 exturbare
1686 2091 1857 2147 desiderant.

1014 2177 1085 2234 Soiri
1099 2187 1196 2235 aulem
1211 2193 1228 2235 a
1243 2179 1325 2235 vobis
1351 2179 1415 2236 volo
1441 2181 1512 2250 quia
1540 2180 1676 2246 Francos,
1699 2179 1752 2250 qui
1780 2178 1859 2237 nobis

110 2266 258 2337 illumqui
284 2268 486 2338 extorquebat,
519 2282 576 2323 non
601 2267 652 2323 diu
682 2269 748 2325 inde
778 2270 958 2340 gavisurum,
1016 2266 1361 2335 omnibusminabantur
1388 2267 1520 2332 exitium.
1552 2268 1630 2323 intra
1656 2266 1749 2338 ipsam
1773 2280 1859 2338 quam

111 2353 238 2410 induxit.
1013 2362 1158 2423 coeperant
1170 2355 1352 2410 Antiochiam
1370 2354 1498 2412 obsessos
1518 2363 1612 2424 teneo,
1635 2361 1765 2411 castrum
1794 2367 1859 2412 voro

147 2439 223 2514 [ilc]
236 2440 424 2497 sfnfiocbiom
438 2441 546 2497 obsidet
552 2442 715 2500 curbaran.
727 2445 873 2511 -Tertia,
887 2451 960 2513 post-
1014 2443 1091 2513 quod
1116 2443 1265 2513 praemlnet
1288 2444 1354 2500 urbi
1369 2443 1549 2511 altrinsecus,
1564 2443 1709 2514 eregione
1732 2443 1858 2500 obsesso

111 2543 202 2601 quam
219 2530 400 2587 Antiochiam
424 2529 525 2586 Franci
541 2529 716 2600 irruperant,
735 2531 795 2587 dies
809 2533 958 2602 agebatur,
1014 2544 1090 2597 rum,
1103 2530 1240 2600 possideo.
1257 2531 1369 2588 Etcum
1387 2546 1455 2588 meae
1474 2531 1603 2601 adjaceat
1615 2531 1650 2587 ad
1673 2530 1789 2587 libitum
1811 2543 1858 2586 vo

111 2632 178 2674 cum
192 2632 258 2674 ecce
278 2619 439 2675 Turcorum
464 2618 633 2687 praeambuli
664 2626 730 2676 ante
751 2620 832 2676 urbis
854 2620 961 2677 muenia
1015 2618 1119 2674 luntati
1138 2626 1189 2674 aut
1213 2618 1363 2676 conclusos
1377 2619 1531 2685 trucidare,
1558 2626 1609 2675 aut
1623 2626 1760 2675 extremas
1774 2618 1859 2688 capti-

111 2714 327 2776 cucurrerunt3
343 2706 456 2777 reliqua
481 2721 549 2763 vcro
574 2707 718 2764 exercitus
743 2708 903 2779 frequentia
922 2709 959 2765 ad
1013 2706 1095 2762 vitati
1120 2705 1271 2776 addicsrc3
1300 2720 1352 2762 vos
1380 2706 1505 2774 interim,
1533 2706 1603 2762 dum
1626 2706 1749 2768 redeam.
1777 2704 1859 2762 nulla

110 2790 340 2863 Pharpharlcum
366 2794 430 2850 fixit
456 2795 579 2850 tentoria
594 2803 719 2865 pontem.
742 2796 960 2867 aggrediuntur
1013 2794 1079 2849 volo
1106 2795 1195 2850 nostri
1222 2808 1311 2850 causa
1336 2794 1687 2864 sollicitudinecruciari;
1711 2793 1761 2851 sed
1787 2794 1860 2850 scire

111 2892 180 2951 erge
204 2882 423 2952 quamprimum
453 2884 555 2939 turrim
587 2884 665 2954 ponti
694 2884 869 2956 contiguam,
901 2899 961 2955 qua
978 2881 1212 2951 cindubitanter
1235 2894 1288 2937 nos
1313 2895 1413 2938 eorum
1442 2882 1560 2940 omnino
1590 2882 1743 2939 dominari.
1773 2883 1860 2940 Solito

112 2967 407 3040 magnisexpuguata
428 2969 547 3035 nisibus,
578 2984 677 3026 omnes
694 2971 860 3028 interimunt
888 2987 961 3044 quos
1012 2984 1081 3040 ergo
1097 2970 1188 3026 tutius
1201 2978 1301 3026 vacate
1322 2970 1440 3038 deliciis,
1456 2970 1582 3027 lautiora
1604 2971 1759 3041 epularum
1783 2972 1861 3028 obse

111 3067 243 3125 reperere
280 3056 463 3121 intrinsecus,
496 3073 549 3115 nec
579 3060 717 3130 cuiquam
750 3059 865 3117 illorum
899 3062 960 3118 vita
1014 3058 1062 3115 nia
1075 3058 1225 3126 celebrate,
1241 3058 1440 3130 multiplicatis
1464 3059 1622 3130 conjugum
1642 3067 1861 3131 scortorumque

112 3144 228 3204 indulta
238 3152 289 3212 cst,
305 3152 408 3215 praeter
420 3147 472 3203 soli
487 3161 587 3203 eorum
607 3147 733 3215 domino,
751 3163 837 3219 quem
852 3157 959 3218 tamen,

112 3240 213 3290 exacto
230 3233 410 3303 postmodum
439 3234 607 3291 contrahes
632 3235 716 3301 bello,
740 3237 830 3292 nostri
846 3241 962 3294 invene-

114 3321 389 3390 runtcompeditum
412 3321 496 3378 ferro.
523 3321 661 3379 Postridie
686 3324 830 3380 exercitus
858 3339 959 3395 prope-

112 3409 188 3466 ravit
198 3408 235 3465 ad
250 3409 371 3480 urbem3
388 3424 423 3466 ac
437 3410 467 3466 iu
480 3410 573 3467 medio
585 3411 710 3468 duorum
726 3412 892 3477 fluminum,
907 3427 960 3470 ca·

112 3507 238 3556 strorum
252 3498 307 3554 sibi
321 3497 383 3555 loca
398 3499 533 3569 legentes,
556 3499 629 3556 duos
656 3499 761 3556 ibidem
787 3515 871 3572 egere
887 3503 957 3559 dies.

112 3587 201 3657 capto
224 3586 322 3658 itaque
335 3594 438 3656 castro,
453 3588 538 3658 cujus
553 3589 701 3657 presidem
718 3588 748 3645 in
761 3590 879 3647 vincula
891 3606 959 3648 eon-

109 3674 220 3744 jectum
234 3673 432 3745 prediximus,
460 3674 611 3732 curbaran
629 3691 721 3732 unum
735 3677 769 3734 de
782 3682 844 3734 suis
858 3693 959 3749 proce-

112 3761 314 3830 ribusovocat,
330 3776 416 3832 quem
434 3776 564 3834 sagacem
590 3762 703 3833 sibique
724 3765 812 3821 fidum
828 3774 957 3834 noverat,

111 3850 196 3922 eique
223 3849 366 3921 imperat:
390 3873 401 3900 ι
420 3850 508 3916 Vade,
524 3858 552 3907 ct
574 3852 627 3907 hoc
652 3852 721 3907 mihi
748 3853 897 3923 oppidum,
913 3853 959 3924 fea

110 3951 171 4008 qua
196 3937 282 3994 debes
305 3944 333 3992 et
361 3937 396 3993 dc
422 3945 448 3993 te
467 3952 549 4007 spero
565 3938 700 3995 fidelitate
724 3939 853 3996 defendo.
874 3963 888 3990 o
906 3941 959 3999 cui

1013 3147 1155 3217 gynaciis,
1172 3148 1269 3216 generi
1283 3147 1470 3217 propagando
1492 3147 1614 3204 insistite
1631 3155 1659 3204 et
1678 3162 1860 3205 succrescens

1013 3236 1138 3293 liliorum
1154 3248 1305 3302 numerus,
1322 3234 1496 3300 christiano,
1520 3236 1597 3305 quod
1611 3238 1671 3307 jam
1689 3243 1751 3292 turn
1765 3243 1795 3293 et
1809 3251 1856 3293 uo·

1012 3324 1095 3391 mini,
1110 3322 1205 3379 valeat
1217 3322 1343 3379 obviare.
1361 3324 1460 3380 Testor
1480 3330 1677 3379 verumtamen
1701 3337 1857 3390 summum,

1013 3411 1176 3470 beatissimo
1203 3412 1346 3468 blathomo
1366 3411 1575 3481 patrocinante,
1597 3412 1767 3479 Tonantem,
1793 3426 1859 3483 que

1012 3498 1091 3554 niam
1117 3512 1175 3554 non
1203 3504 1269 3553 ante
1295 3506 1397 3554 vestrae
1421 3497 1520 3554 oculos
1543 3498 1700 3569 majestatis
1734 3499 1858 3564 intuear,

1012 3587 1102 3643 donec
1115 3586 1223 3656 regiam
1246 3586 1358 3652 urbem,
1374 3584 1481 3642 scilicet
1503 3585 1696 3653 Antiochiam,
1718 3585 1859 3656 appendi·

1012 3689 1133 3745 cemquo
1156 3674 1277 3745 Syriam,
1299 3673 1412 3730 Graecos
1437 3680 1524 3744 atque
1546 3674 1690 3744 Epirotas,
1713 3688 1790 3745 quos
1818 3673 1858 3730 di-

1012 3771 1083 3819 cunt
1108 3763 1258 3834 bulgaros,
1287 3777 1351 3819 meo
1382 3762 1437 3818 sub
1467 3762 1534 3833 jure
1554 3776 1717 3832 coerceam3
1749 3762 1859 3833 Apulos

1013 3856 1168 3920 quoquest
1184 3850 1320 3907 calabros
1341 3851 1375 3907 ad
1406 3854 1505 3907 vestre
1528 3850 1627 3923 gloria
1648 3851 1858 3909 incrementum

1013 3952 1083 3994 meae
1096 3938 1395 4009 ditionisubjungam.
1412 3939 1521 3996 Valete.
1540 3960 1551 3988 ι

111 4024 167 4080 lle:
183 4045 194 4073 ‹
211 4024 342 4093 Imperio,
360 4025 410 4090 ait,
427 4039 514 4095 super
529 4026 583 4081 hac
596 4040 627 4082 re
644 4039 692 4082 tuo
718 4027 874 4084 difficulter
890 4031 958 4085 obe·
1048 4022 1119 4096 [xit
1133 4026 1232 4079 Mater
1251 4024 1404 4080 corboran
1412 4023 1509 4094 filium
1525 4023 1670 4081 deterres
1682 4029 1810 4081 conatur
1823 4024 1859 4082 ab

112 4111 208 4179 diam;
224 4112 251 4168 id
276 4119 372 4168 tamen
397 4112 461 4182 ejus
486 4113 605 4169 rationis
632 4113 792 4171 conditione
814 4117 958 4186 perficiam
1014 4112 1243 4168 Christianorum
1267 4113 1472 4169 internecione.
1489 4144 1524 4154 -
1540 4118 1574 4170 ht
1592 4121 1684 4169 mater
1706 4113 1860 4172 curbaran

111 4207 155 4268 ut,
179 4201 205 4256 si
234 4200 350 4257 Francis
374 4202 487 4258 cesserit
507 4202 636 4270 victoria,
652 4202 748 4267 idetur
771 4204 841 4260 mihi
868 4206 960 4263 victo-
978 4183 1000 4238 ⁰
1016 4201 1113 4271 ipsius,
1139 4215 1205 4271 quae
1224 4202 1253 4256 in
1283 4200 1372 4270 aleph
1400 4200 1535 4257 manebat
1563 4200 1686 4263 civitate,
1708 4214 1762 4270 per
1786 4202 1860 4259 idem

112 4288 194 4345 ribus
216 4297 343 4346 castrum
373 4289 503 4347 tradendi
525 4290 650 4346 licentia.
669 4291 847 4349 »curbaran
872 4308 957 4350 vcro:
1013 4296 1127 4358 tempus
1140 4288 1257 4345 accessit
1278 4289 1314 4344 ad
1334 4288 1439 4359 ipsum,
1465 4289 1550 4359 cique
1569 4295 1671 4345 moesta
1692 4289 1859 4360 suggessit:

113 4376 228 4448 «Ejus,
255 4378 306 4438 ait,
330 4378 441 4435 consilii
466 4379 695 4451 constantiaeque
716 4388 742 4437 te
762 4381 891 4437 noverim
916 4390 957 4450 ut,
1051 4375 1186 4438 «Velim,
1207 4376 1311 4447 inquit,
1339 4391 1432 4443 nosse,
1462 4377 1486 4432 si
1512 4383 1652 4441 constent,
1685 4383 1718 4432 ut
1743 4376 1861 4441 dicitur,

112 4465 258 4536 quidquid
281 4466 332 4523 tibi
347 4466 452 4524 exinde
475 4481 561 4539 agere
577 4467 704 4537 libuerit,
731 4482 850 4526 securus
868 4484 960 4527 assen-
1012 4462 1133 4533 quade
1161 4471 1189 4519 te
1216 4463 1370 4521 celebravit
1387 4463 1508 4534 opinio?
1528 4484 1539 4512 ι
1561 4463 1613 4520 cui
1634 4463 1738 4519 filius:
1763 4484 1777 4512 κ
1791 4463 1861 4530 Qua

112 4553 221 4610 tiam.»
1012 4550 1084 4607 illa‘l
1119 4581 1150 4590 -
1188 4550 1308 4619 Bellum,
1347 4551 1452 4622 inquit,
1490 4551 1611 4607 Francis
1647 4558 1674 4607 te
1708 4550 1860 4608 illaturum

148 4639 239 4699 Casiri
269 4655 338 4714 ergo
364 4642 442 4699 illius
467 4644 629 4701 munitione
654 4645 801 4716 explicita,
825 4647 958 4717 princeps
1012 4639 1163 4696 estimant.
1205 4668 1241 4678 -
1281 4638 1378 4705 Nihil,
1418 4639 1529 4710 inquit,
1567 4639 1675 4695 Velius·
1712 4669 1750 4679 -
1787 4639 1859 4704 Fili,

112 4728 160 4785 ille
174 4729 307 4787 funestus
321 4731 357 4786 ad
372 4745 426 4788 sua
440 4733 604 4804 regreditur
613 4743 715 4790 eastra.
733 4734 786 4791 Cui
798 4736 957 4792 lurcorum
1011 4726 1061 4794 ait,
1089 4727 1220 4783 limium
1255 4725 1372 4796 optime,
1402 4740 1453 4796 l)ei
1487 4726 1631 4798 ingenim
1667 4724 1717 4782 tibi
1755 4725 1860 4783 libffl·

111 4830 231 4874 suorum
245 4816 347 4887 aliqui,
364 4817 454 4890 raptis
471 4832 570 4876 recem
589 4820 740 4890 cujusdam
762 4823 896 4892 pauperis
910 4836 957 4892 pe·
1012 4815 1136 4871 lissimos
1163 4828 1267 4882 mores,
1295 4829 1404 4886 quaeso,
1434 4815 1587 4871 contestari
1612 4821 1640 4870 te
1666 4814 1859 4880 audeamus

111 4901 178 4959 ditis
191 4902 289 4972 armis,
313 4904 348 4960 ad
363 4913 525 4961 nostrorum
553 4905 713 4963 ludibrium
737 4920 796 4977 prae
817 4907 908 4963 oeulis
923 4920 958 4962 ea
1010 4904 1051 4959 eis
1079 4917 1207 4974 pugnam
1236 4903 1353 4970 inferas,
1382 4917 1418 4959 ne
1446 4911 1503 4960 tuae
1533 4903 1737 4959 detrimentum
1766 4902 1860 4959 laudis

110 4989 303 5062 ingesserunt,
332 5006 429 5049 ensem
455 4992 571 5060 scilicet,
601 4994 715 5051 diutina
743 4994 879 5065 rubigine
899 5008 959 5051 sca-
1012 4992 1154 5048 incurras.
1175 4992 1342 5049 cumcuim
1363 4992 1500 5061 usquein
1520 4990 1685 5048 ulteriorem
1702 4991 1860 5061 superioris

109 5075 204 5141 hrum,
219 5077 337 5148 nigrum
349 5080 385 5134 ad
409 5079 500 5136 instar
514 5079 643 5153 fuliginis
661 5095 772 5150 arcum,
785 5089 814 5138 et
828 5080 957 5138 lanceam
1011 5078 1101 5136 lndiae
1119 5079 1264 5137 Oceanum
1291 5093 1440 5138 armorum
1463 5088 1581 5137 tuorum
1603 5079 1745 5136 claritudo
1775 5077 1860 5136 relul

110 5163 278 5234 impolitam,
295 5165 453 5223 multorum
469 5168 856 5236 annorumlumoinlcctam,
872 5169 958 5239 eique
1010 5176 1086 5238 goat,
1115 5169 1231 5238 tuisque
1262 5169 1413 5238 premetis
1441 5168 1611 5239 respondeat
1643 5166 1746 5224 ultima
1778 5166 1858 5237 Tylo,

110 5251 264 5321 garriendo
286 5253 387 5310 dicunt
400 5269 406 5308 :
419 5275 433 5304 ι
451 5256 522 5312 Ecce
548 5269 639 5322 arma,
667 5256 775 5326 quibus
798 5269 851 5311 nos
870 5256 957 5313 Fran·
1010 5269 1101 5327 quare
1122 5270 1283 5326 pauperum
1302 5257 1451 5312 hominum
1476 5256 1669 5327 sanguinibus
1682 5264 1749 5312 tuos
1769 5256 1860 5312 obdu·

109 5351 209 5395 corum
232 5342 414 5413 expugnabit
434 5344 591 5423 exercitus
620 5364 631 5392 ι
658 5345 691 5399 iit
717 5343 868 5401 curbaran
886 5344 957 5401 arri·
1009 5358 1072 5401 core
1092 5358 1244 5402 mucrones
1273 5343 1399 5412 allectas,
1428 5359 1503 5415 quos
1527 5345 1662 5415 impetere
1687 5344 1784 5400 inanis
1813 5352 1857 5400 est

111 5424 181 5483 dens
194 5426 235 5486 eis
258 5445 265 5483 ε
292 5449 307 5478 «
322 5429 409 5488 liisne
427 5430 531 5490 lucidis
554 5433 624 5489 adeo
647 5446 681 5488 ac
705 5432 827 5489 fortibus
853 5432 954 5499 armis,
1009 5447 1104 5505 pena,
1122 5440 1150 5489 et
1173 5447 1334 5503 superasse,
1349 5432 1429 5491 nulla
1444 5433 1480 5489 sit
1493 5432 1613 5504 gloria?
1636 5434 1751 5491 Etcum
1772 5446 1856 5505 reges
