3794 6008
115 237 165 293 itt
560 202 778 292 vstttttttnttr'l
797 235 943 291 nubatis
961 234 989 291 S.
1010 235 1131 291 MARIAE
1149 236 1196 291 DE
1213 235 1414 292 Novissuto
1808 239 1858 292 tte

114 379 284 440 excesserat,
312 378 339 427 et
367 370 633 440 lerosolymitauam
660 370 882 441 expeditionem,
905 383 962 426 non
980 371 1003 424 Α
1020 390 1034 419 «
1052 377 1118 437 stat,
1134 371 1292 441 praesertim
1306 384 1372 425 eum
1399 368 1430 425 bi
1457 370 1508 441 qni
1526 371 1745 427 commonitores
1769 381 1857 440 erant,

114 463 228 533 pictate,
244 461 292 517 sed
308 460 421 516 levitate
436 467 619 530 provocatus,
642 459 755 529 inierat,
771 475 838 516 cnm
862 459 962 530 aliqua
1016 481 1030 509 «
1049 459 1142 515 eidem
1171 458 1329 515 tolerantie
1355 458 1384 513 in
1413 457 1549 514 omnibus
1572 458 1856 515 communicarant·

114 550 219 607 lemina
235 547 483 618 ibideprebendi3
500 547 593 619 igniti,
609 548 640 604 ni
655 548 748 617 lallor,
765 549 831 605 lerri
851 548 961 619 judicio
1014 546 1088 614 Quid
1103 546 1138 603 de
1161 547 1217 602 illis
1239 545 1275 601 ad
1302 546 1437 601 ultimum
1461 546 1565 612 dicam,
1590 546 1642 616 qui
1670 547 1698 601 in
1724 547 1778 602 bac
1800 546 1861 617 ipsa

114 636 254 703 convinci,
272 650 306 691 ac
324 636 452 704 demum,
470 637 615 693 podiensis
625 636 751 707 episcopi
773 644 962 692 caeterorum-
1013 634 1194 705 cxpeditionc
1221 633 1341 690 dirersis
1374 634 1403 688 in
1433 633 1501 689 locis
1526 633 1657 704 martyrii
1685 633 1860 704 professione

114 740 171 796 que
186 731 338 795 precepto,
355 738 406 794 per
422 739 521 782 omnes
543 732 703 782 castrorum
726 725 805 782 vicos
829 725 962 781 miseram
1014 723 1116 780 sanciti
1131 723 1223 780 suut‘l
1235 722 1319 790 Quid.
1337 722 1414 792 quod
1429 736 1486 778 non
1510 721 1593 778 modo
1608 723 1780 784 sacerdotes.
1804 738 1860 780 non

113 814 192 870 illam
206 827 273 869 curn
286 827 338 869 suo
357 814 468 871 amasio
493 813 683 880 circumduci,
699 820 727 870 et
741 813 841 885 llagris
866 813 962 870 nudos
1015 810 1131 867 litterati
1159 809 1290 881 quilibet,
1317 808 1366 865 scd
1390 807 1442 863 rii-i
1471 807 1618 876 militares,
1632 816 1660 864 et
1675 809 1787 880 quique
1803 809 1859 879 ple-

114 901 151 958 ad
165 908 303 957 terrorem
319 899 495 956 intuentium
514 898 656 956 dirissime
667 899 824 956 verberari.
1015 899 1081 966 beii,
1098 899 1133 955 de
1153 898 1262 970 quibus
1285 897 1368 954 nulia
1389 904 1500 966 poterat
1515 896 1575 953 lore
1588 896 1775 955 confessionis
1787 911 1860 968 spes,
1891 926 1894 935 ·

152 986 251 1060 [livi]
270 987 378 1044 Adhaec
403 988 489 1044 ctiam
509 994 542 1043 ut
564 986 748 1058 patientiores
763 988 798 1042 ad
815 986 960 1057 penurias,
1015 989 1052 1044 ab
1067 987 1157 1058 hujns
1183 994 1286 1043 sortem
1311 984 1407 1058 gloriae
1422 984 1503 1041 asciti
1527 987 1616 1041 suuti
1631 985 1741 1043 dlultos
1754 986 1861 1042 etenim

114 1074 378 1145 circumspectiores
392 1074 430 1131 ad
444 1073 515 1130 vitia
529 1073 639 1141 tierent,
656 1074 794 1144 praelatus
817 1074 962 1129 Podiensis
1015 1083 1113 1146 captos
1125 1089 1161 1131 cx
1178 1075 1223 1130 bis
1237 1088 1254 1129 a
1268 1073 1389 1145 paganis
1407 1072 1582 1138 andivimus,
1608 1073 1669 1142 qui,
1695 1087 1763 1130 cum
1781 1074 1863 1146 jube·

113 1161 267 1234 episcopus
295 1162 484 1219 multitariam
521 1162 716 1219 exhortationi
744 1162 877 1228 vacabat,
910 1176 963 1217 nec
1015 1170 1117 1219 rentur
1143 1162 1208 1218 iidei
1233 1168 1415 1218 sacramenta
1441 1174 1556 1231 negare,
1586 1160 1752 1218 maluerunt
1766 1163 1862 1232 capita

114 1251 194 1309 ullus
214 1250 274 1307 dies
303 1251 480 1318 Dominicus,
508 1257 559 1306 aut
587 1250 658 1306 lesta
673 1250 759 1320 'apud
787 1248 963 1306 Christianos
1015 1250 1119 1323 gladiis
1142 1263 1285 1320 exponere
1314 1262 1402 1319 quam
1430 1248 1525 1316 iidem,
1564 1262 1623 1320 qna
1645 1250 1732 1305 semel
1758 1248 1861 1307 imbuti

116 1337 329 1411 transigebatur
342 1338 500 1405 celebritas,
522 1352 581 1409 qua
593 1352 652 1394 non
678 1352 729 1408 per
755 1352 887 1409 quosque
914 1352 961 1394 ca·
1014 1337 1346 1406 lucrant,Cbristianam
1361 1338 1490 1406 prodere.

115 1434 242 1485 strorum
255 1425 377 1497 angulos
391 1426 558 1483 divinorum
580 1427 736 1483 verborum
758 1426 963 1495 prediceretur
1051 1425 1126 1493 Quid
1139 1424 1254 1488 mortu,
1269 1424 1424 1479 Mattiacas
1436 1424 1563 1491 neruine,
1572 1424 1696 1498 gloriose
1709 1425 1814 1499 egerit.
1829 1454 1860 1468 -

115 1515 279 1572 auctoritas.
297 1514 508 1586 injungebatur
523 1522 618 1571 auem
634 1514 675 1581 id,
696 1514 720 1569 si
744 1513 795 1584 qui
817 1512 890 1569 lorte
914 1513 962 1569 in-
1015 1503 1092 1571 luter
1116 1528 1189 1585 qnos
1216 1513 1376 1582 specialiter
1401 1526 1487 1582 quem
1514 1512 1635 1569 releram
1660 1513 1734 1583 elegi
1757 1527 1859 1578 nuum,

114 1603 288 1670 terruissent,
315 1603 353 1658 ab
369 1603 468 1659 eodem
484 1602 615 1673 praesule,
633 1602 782 1673 episcopis,
809 1605 885 1656 4⁰5
908 1600 963 1656 ab·
1018 1603 1169 1659 militarem
1185 1601 1318 1672 equidem
1331 1601 1438 1667 virum,
1458 1614 1562 1672 genere
1575 1600 1710 1668 nobilem,
1732 1601 1783 1658 sed
1805 1615 1859 1671 pra

116 1689 242 1759 batibus,
258 1698 310 1747 aut
319 1690 586 1761 clericalibus,quae
597 1690 771 1747 ridebantur
779 1688 960 1756 eruditiores,
981 1662 1152 1748 Bomnibus
1163 1703 1223 1746 suae
1239 1689 1417 1760 cognationis
1431 1697 1458 1745 et
1470 1688 1580 1745 ordinis
1608 1689 1775 1745 bominibus
1790 1703 1859 1760 qnos

117 1778 256 1850 personis.
1017 1779 1146 1836 noverim
1175 1777 1304 1835 moribus
1328 1779 1421 1849 magis
1448 1777 1599 1849 insignem.
1629 1777 1723 1846 iluno,
1740 1768 1858 1848 a‘puero

151 1865 264 1938 [xvii]
285 1866 381 1921 Fraus
398 1865 511 1920 abbatii
523 1865 683 1934 cnjitsdcm.
700 1863 754 1936 (iai
767 1867 863 1921 tamea
887 1864 962 1918 mul·
1016 1868 1089 1924 mibi
1104 1866 1262 1938 cognitum,
1286 1864 1456 1921 sanctovidi
1476 1864 1632 1921 adolevisse
1646 1864 1773 1936 ingenio,
1789 1878 1858 1936 pre-

115 1957 175 2011 tam
198 1954 310 2027 profuit
328 1953 514 2011 Christianis.
540 1956 647 2010 Paetus
668 1954 803 2010 cesaree
816 1952 963 2024 archiepi-
1017 1956 1115 2013 sertim
1134 1968 1201 2011 cnm
1215 1968 1250 2010 ex
1267 1953 1366 2009 codem
1391 1967 1449 2023 qno
1468 1961 1495 2009 et
1519 1968 1571 2025 ego
1593 1952 1751 2023 municipio
1763 1952 1860 2010 oriun-

111 2059 224 2115 scopus.
240 2073 274 2083 -
288 2043 414 2114 [iignum
427 2050 524 2099 autem
547 2042 640 2098 relatu
655 2042 726 2098 mibi
740 2042 866 2108 ridetur,
888 2055 963 2113 quo·
1016 2045 1072 2100 dus
1095 2041 1246 2108 exstiterit,
1272 2047 1300 2096 et
1314 2047 1372 2096 tam
1393 2041 1453 2110 ipse
1466 2054 1555 2110 qnam
1572 2047 1704 2108 parentes
1717 2039 1792 2111 ejus,
1817 2053 1860 2111 pa·

115 2133 194 2188 niam
218 2145 249 2188 se
275 2132 355 2201 operi
382 2139 479 2187 nostro
507 2130 645 2187 abbatum
674 2144 778 2187 nomen
812 2129 961 2196 immersit,
1017 2138 1133 2188 rentum
1167 2142 1297 2185 meorum
1320 2127 1458 2184 beneficia
1488 2128 1625 2197 tennerit,
1649 2129 1750 2200 eisquc
1774 2128 1860 2185 botui-

114 2217 269 2290 qnemdam
296 2217 337 2274 ibi
364 2218 505 2275 exstitisse
527 2218 672 2285 abbatem,
700 2218 752 2288 qui
779 2231 846 2274 cum
873 2216 965 2288 liuius
1016 2221 1098 2276 nium
1114 2218 1254 2286 debuerit,
1273 2230 1332 2272 una
1358 2230 1471 2272 mecum
1487 2217 1609 2273 creverit
1622 2217 1754 2287 miliique
1769 2218 1805 2274 ad
1821 2219 1858 2273 in·

114 2307 169 2363 riae
182 2304 366 2362 adbuciuter
387 2320 439 2362 nos
456 2313 628 2362 tractaretur
652 2305 777 2373 initium,
793 2312 820 2361 et
839 2319 869 2360 sc
884 2319 962 2360 com·
1016 2315 1129 2378 tegrnm
1156 2306 1216 2360 vita
1232 2305 1296 2375 ejus
1322 2305 1511 2374 studiumque
1534 2304 1669 2375 patuerit.
1690 2306 1762 2362 cum
1787 2307 1859 2362 enim

114 2400 214 2465 petens
242 2400 322 2451 tauto
347 2392 443 2450 itineri
473 2408 531 2450 uon
554 2394 660 2450 babere
688 2393 870 2463 comperisset
897 2406 961 2463 pre-
1016 2395 1143 2466 equcstri
1154 2394 1215 2464 jam
1232 2392 1558 2463 praeminuissetollieio,
1575 2407 1722 2450 armorum
1738 2393 1861 2451 luitsin-

116 2481 197 2550 tium,
212 2481 284 2538 illud
303 2481 403 2538 Crucis
417 2481 545 2552 signum,
560 2481 639 2552 quod
663 2481 839 2538 vestimentis
854 2495 890 2537 ex
909 2480 962 2537 ali·
1016 2483 1126 2554 gularis
1156 2481 1259 2550 titui03
1288 2481 1336 2536 sed
1365 2480 1458 2535 omnis
1480 2480 1646 2549 petulantia
1674 2481 1814 2538 immunis
1846 2494 1862 2536 a

114 2583 176 2640 qua
207 2569 328 2626 materia
348 2569 455 2625 lactum
477 2570 583 2640 apponi
612 2572 812 2636 consueverat,
836 2571 963 2638 ipsene·
1015 2571 1095 2637 vitio,
1128 2570 1157 2625 in
1182 2569 1488 2640 constantinopolitani
1528 2569 1718 2639 imperatoris,
1758 2568 1862 2627 scilicet

113 2656 170 2713 scio
184 2656 239 2712 sibi
254 2670 312 2726 quo
334 2655 455 2712 artilicio
484 2657 578 2713 media
593 2656 622 2712 in
648 2657 743 2713 ironia
770 2655 960 2726 praesculpsit,
1016 2658 1123 2724 Alexis,
1139 2656 1342 2713 celeberrimus
1357 2655 1471 2725 palatio,
1490 2669 1555 2711 nam
1584 2658 1612 2711 in
1627 2656 1691 2726 ejus
1718 2658 1862 2730 obsequiis

114 2750 220 2799 utnon
235 2742 318 2799 modo
345 2742 464 2812 pictum,
479 2743 527 2799 sed
546 2743 679 2800 militaris
701 2743 844 2814 stigmatis
871 2743 963 2798 instar
1015 2755 1203 2806 consueverat
1218 2746 1395 2818 peregrinari
1410 2745 1518 2802 sedulo.
1535 2745 1588 2813 Qui
1609 2746 1737 2816 quidem,
1765 2763 1861 2819 quan·

107 2829 272 2887 10r1'008801
300 2829 452 2887 inflictum.
470 2831 531 2899 0110
553 2831 637 2894 ῐὸθῐο,
661 2837 693 2887 ui
716 2830 797 2886 fraus
814 2830 962 2886 mendacio
1017 2847 1078 2894 tnm
1092 2836 1128 2893 ad
1141 2850 1226 2892 suum
1240 2833 1386 2904 spectabat
1410 2832 1571 2900 modulum,
1597 2847 1664 2889 cum
1682 2841 1756 2890 esset
1772 2834 1802 2890 in
1815 2849 1862 2892 ex·

114 2918 290 2984 firmaretur.
314 2920 350 2976 ab
367 2920 470 2992 angelo
492 2920 546 2977 sibi
559 2934 611 2991 tier
624 2920 765 2976 visionem
791 2918 862 2975 illud
886 2919 961 2975 ⁰0¹0·
981 2926 1113 3004 cteriori
1129 2926 1201 2981 bene
1227 2924 1391 2980 lortuuatus
1413 2921 1503 2991 copia,
1531 2923 1601 2978 adeo
1617 2921 1716 2994 largus
1733 2924 1861 2981 babeba-

113 3008 400 3078 biaviiimlilfflum·
425 3012 479 3066 Nic
494 3010 553 3079 spei
577 3008 666 3079 huius
680 3008 892 3078 ‘lllilssffllnilssss
906 3007 959 3063 (10-
1012 3024 1062 3075 tur
1077 3013 1107 3069 iu
1124 3012 1314 3080 eleemosyna,
1338 3007 1496 3064 intantum
1517 3007 1652 3078 frequens
1673 3009 1751 3066 circa
1764 3010 1862 3069 diviua

112 3096 300 3164 luitlrnotns,
316 3109 384 3152 uam
404 3096 433 3151 id
455 3111 522 3153 cnm
542 3096 783 3153 subintellexisset
797 3095 918 3152 indocile
929 3103 957 3152 at
1012 3100 1158 3172 mysteria,
1175 3107 1206 3155 ut
1233 3112 1290 3154 non
1318 3097 1452 3152 videatur
1466 3095 1575 3165 militis,
1598 3097 1646 3153 sed
1670 3099 1765 3169 potins
1787 3102 1860 3156 anti·

112 3198 254 3241 novarum
270 3198 366 3241 rerum
382 3184 520 3254 cupidum
535 3184 653 3255 vulgus,
666 3183 799 3253 plurimis
811 3183 958 3239 bominem
1011 3188 1086 3247 stitis
1100 3188 1163 3258 ejus
1177 3187 1247 3241 vita.
1276 3184 1348 3240 Cum
1372 3184 1447 3240 enim
1470 3185 1533 3255 ejus
1547 3185 1640 3241 recolo
1662 3187 1816 3258 jugitatem
1831 3190 1859 3244 iu

110 3271 141 3328 in
156 3286 209 3329 sua
227 3279 255 3328 et
270 3280 353 3329 extra
365 3285 449 3328 suam
469 3271 615 3342 regionem
633 3278 816 3341 prosecutum
830 3278 873 3327 est
895 3285 958 3327 mu·
1012 3277 1152 3341 oratione,
1171 3274 1306 3345 pietatem
1334 3273 1363 3327 in
1391 3271 1489 3339 verbo,
1520 3272 1726 3344 benignitatem
1743 3277 1773 3333 in
1796 3290 1857 3334 mu·

111 3359 237 3415 neribus.
266 3362 320 3414 lieo
345 3365 441 3414 tamen
469 3363 579 3428 poterat
605 3357 751 3427 argutiam
774 3357 894 3414 solerter
913 3357 957 3412 in-

110 3445 293 3517 spicientium
309 3445 373 3502 talis
389 3446 477 3502 latcrc
491 3443 613 3511 fallacia,
638 3457 704 3500 cum
722 3452 852 3515 patenter
874 3446 958 3501 virus

110 3535 255 3591 exstillare
270 3533 418 3590 videretur
445 3533 540 3588 crucis
556 3532 648 3601 ipsius
665 3531 805 3589 violenter
821 3533 957 3603 inscripta

111 3620 224 3680 lineola.
249 3622 275 3676 ls
298 3621 413 3677 tandem
431 3620 582 3690 proiectus,
599 3634 665 3676 cnm
691 3620 877 3676 Antiochense
902 3621 957 3677 ob-

111 3710 213 3766 sidioni
229 3710 385 3774 interesset,
406 3721 471 3778 qnae
488 3708 622 3765 mendose
638 3709 825 3776 confinxerat,
842 3708 905 3764 lieet
920 3708 956 3763 ab

109 3797 175 3854 aliis
185 3798 246 3868 jam
260 3797 370 3853 dudum
388 3796 575 3865 deprebensa,
592 3797 714 3866 aperuit,
730 3803 757 3852 et
775 3794 846 3852 lucri
860 3796 956 3852 inten-

1012 3379 1090 3432 nere,
1119 3369 1225 3418 sancte
1250 3360 1314 3430 ejus
1337 3359 1459 3416 nimium
1490 3361 1660 3432 aggratulor
1687 3361 1857 3428 intentioni;

1011 3452 1132 3509 sednon
1148 3450 1244 3505 minus
1261 3449 1374 3520 ingemo
1389 3462 1469 3503 uieae.
1485 3447 1580 3504 Talem
1597 3448 1674 3505 enim
1690 3449 1782 3519 ipsius
1795 3463 1856 3507 sum

1011 3545 1149 3609 expertus
1167 3535 1400 3605 actionemque
1415 3536 1563 3602 meruerit,
1578 3550 1636 3591 non
1654 3536 1747 3594 alium
1770 3551 1856 3609 quam

1012 3625 1142 3697 martyrii
1167 3611 1262 3678 linem.
1294 3622 1403 3678 Glorior
1430 3630 1515 3690 certe,
1546 3630 1573 3679 ct
1602 3623 1718 3695 gloriari
1740 3633 1858 3695 possunt

1012 3710 1288 3787 quicunqueillius
1316 3711 1451 3780 consequi
1485 3718 1603 3780 potuere
1630 3711 1772 3781 notitiam,
1801 3727 1857 3769 non

1012 3814 1154 3872 praesumo
1173 3799 1267 3855 dicere
1280 3799 1446 3866 amicitiam,
1460 3799 1530 3868 qnia
1544 3800 1679 3870 quisquis
1690 3814 1760 3856 eum
1776 3801 1856 3868 vidit,

112 3885 216 3942 tionem
234 3899 292 3940 uon
315 3884 414 3940 tacuit.
438 3882 492 3950 Qui
512 3884 629 3953 quidem
654 3884 769 3939 honeste
798 3883 903 3939 ibidem
926 3897 956 3938 se
1011 3889 1112 3960 procul
1127 3888 1216 3945 dubio
1229 3894 1384 3956 martyrem
1401 3886 1504 3942 vidisse
1518 3901 1548 3942 se
1562 3889 1683 3944 novarit.

110 3971 223 4039 habuit,
239 3977 266 4026 ct
280 3971 425 4026 liomiuico
443 3971 583 4026 exercitui
599 3970 690 4026 multa
715 3970 954 4028 documentorum
1046 3979 1162 4048 berupto
1185 3974 1281 4046 capite
1307 3974 1423 4029 illustre
1441 3974 1513 4043 fidei
1530 3975 1722 4031 testimonium
1742 3976 1857 4032 Obrielc

110 4059 206 4130 gratia
218 4057 336 4127 profuit.
361 4056 585 4114 AEmulationem
604 4058 712 4129 quippe
737 4058 788 4114 liei
803 4058 954 4125 babuerat,
1009 4063 1098 4121 dedit.
1112 4093 1147 4104 -
1163 4063 1190 4118 ls
1204 4063 1289 4133 plane
1302 4076 1319 4117 a
1334 4061 1455 4132 paganis
1475 4070 1586 4132 captus,
1611 4077 1677 4120 cum
1705 4075 1857 4136 cogeretur

110 4146 159 4204 sed
188 4160 246 4202 non
284 4145 443 4202 seeundum
473 4146 621 4202 seientiam
651 4159 769 4215 prorsus
805 4146 831 4200 id
858 4153 955 4218 egerat
1011 4150 1115 4207 Christi
1143 4162 1249 4220 negare
1275 4148 1369 4215 idem,
1401 4148 1532 4206 inducias
1555 4151 1714 4220 expetiita
1742 4154 1857 4223 pertidia

111 4234 201 4305 (mm.
216 4247 245 4301 x,
264 4235 313 4304 2l3
329 4233 358 4289 in
373 4240 486 4290 unium
497 4241 592 4290 auteur
608 4233 731 4290 eminuit
739 4240 781 4300 ui,
798 4241 880 4303 capu
893 4234 956 4290 ilie·
973 4223 1154 4309 1'usquein
1172 4238 1338 4308 proximum
1354 4245 1443 4293 sexiae
1458 4238 1534 4294 terre
1557 4239 1643 4295 utem.
1659 4240 1711 4298 cut
1728 4255 1797 4298 eom
1814 4242 1855 4298 u-

109 4322 248 4392 russlem,
271 4321 364 4378 Beate
392 4321 486 4378 llariae
511 4321 646 4390 ecclesie,
672 4322 701 4377 iu
730 4319 805 4377 ralle
819 4322 955 4392 iosaphat
1009 4326 1174 4384 beutissime
1201 4327 1381 4393 annuissent,
1411 4327 1585 4383 aestimantes
1614 4342 1679 4384 eunt
1707 4331 1857 4388 morosiori

109 4410 217 4480 posita,
244 4410 334 4467 abbas
352 4410 555 4481 preficeretur,
578 4423 612 4465 ao
633 4418 758 4480 tempore
779 4411 953 4478 succedenti,

108 4501 244 4557 caesaree
272 4498 509 4556 Palestniuorum
537 4499 687 4569 metropoli
721 4499 954 4569 archiepiscopus

108 4595 264 4644 crearetur.

142 4674 278 4747 Martyrit'
302 4675 433 4746 palmam
459 4674 558 4746 plures
583 4673 691 4746 adepti.
706 4705 740 4714 -
756 4675 830 4731 illud
856 4682 952 4731 autem

107 4771 219 4821 constat
233 4777 292 4820 esse
305 4762 459 4819 indubium
478 4762 566 4833 quod,
594 4763 649 4818 nisi
676 4762 767 4818 divini
786 4762 867 4818 verbi
891 4775 954 4816 cre·

107 4852 231 4910 berrima
259 4851 299 4907 eis
318 4851 551 4907 ministrarentur
574 4851 686 4918 solatia,
703 4862 856 4920 nunquam
879 4849 954 4905 inter

107 4947 188 4996 tanta
203 4938 287 4995 lamis
312 4937 511 5009 bellorumque
534 4937 702 4994 discrimina
725 4938 795 4993 adeo
821 4949 954 5007 perseve-

106 5038 175 5082 rans
190 5039 288 5082 eorum
318 5024 471 5081 exstitisset
492 5024 637 5094 patientia.
656 5025 737 5081 Unda
754 5023 898 5095 quoslibet
913 5023 953 5078 ri·

107 5119 136 5168 ta
151 5113 266 5183 probos,
278 5113 398 5169 scientia
411 5111 553 5182 preditos,
570 5126 628 5169 non
648 5112 754 5179 minus,
775 5112 832 5167 imo
848 5111 951 5183 magis,

106 5200 245 5257 intereos
269 5201 393 5257 valuisse
408 5200 542 5267 dicimus,
556 5213 645 5270 quam
660 5214 708 5257 eos
729 5201 780 5271 qui
794 5213 877 5256 arma
891 5200 952 5271 ipsa

105 5288 230 5358 propriis
253 5296 354 5346 contra
383 5289 478 5345 bostes
504 5295 663 5344 tractavere
686 5288 830 5344 manibus.
854 5309 868 5337 «
897 5288 952 5356 Qui

106 5394 121 5425 ι
140 5375 217 5431 euim
259 5376 347 5431 auimi
376 5376 520 5433 delectum
560 5376 753 5433 admonitione
794 5376 951 5433 consolidat

108 5483 120 5511 ι
140 5463 233 5534 major
247 5464 370 5534 prolecto
395 5479 428 5520 eo
448 5472 490 5521 est
504 5464 550 5520 cui
575 5464 652 5521 vires
673 5478 728 5520 suo
752 5464 869 5522 hortatu
885 5478 952 5535 prae

1008 4413 1207 4471 retractatione
1221 4412 1404 4476 mutandum,
1421 4414 1524 4470 accidit
1534 4414 1689 4472 demumut
1703 4416 1765 4474 dies
1782 4432 1856 4489 prae-

1008 4503 1085 4558 lixns
1103 4501 1222 4569 adesset,
1238 4515 1365 4572 eumque
1378 4502 1459 4558 luror
1473 4503 1622 4573 gentilium
1638 4513 1766 4575 urgeret,
1783 4521 1856 4577 qua-

1006 4597 1091 4646 tenus
1104 4603 1204 4646 eorum
1218 4589 1366 4645 sententiaa
1385 4589 1508 4655 cederet,
1533 4591 1639 4648 dixisse
1668 4591 1785 4650 fertur:
1802 4617 1817 4644 ι
1829 4596 1856 4652 Si

1007 4697 1022 4724 ι
1042 4677 1146 4733 idcirco
1167 4675 1297 4747 gladium
1321 4690 1365 4732 mc
1395 4677 1606 4746 impendentem
1632 4678 1779 4738 distulisse
1804 4696 1856 4753 pu·

1008 4785 1020 4814 ι
1043 4764 1119 4832 tatis,
1134 4772 1166 4820 ut
1180 4764 1285 4820 borum
1312 4763 1424 4820 dierum
1440 4765 1510 4822 mibi
1524 4766 1635 4822 lumina
1650 4781 1740 4838 parva
1755 4769 1855 4827 lucra-

1007 4872 1022 4901 «
1041 4864 1097 4917 rer,
1112 4857 1140 4906 et
1154 4864 1213 4906 nou
1230 4851 1324 4921 potins
1354 4860 1387 4907 ut
1404 4865 1438 4907 ea
1464 4852 1525 4923 ipsa
1553 4854 1609 4919 die,
1626 4866 1686 4924 qua
1712 4855 1853 4914 Dominus

1009 4952 1122 4995 «meus
1151 4939 1233 4995 lesus
1257 4939 1367 4996 cristus
1397 4940 1556 4998 cruciilxus
1591 4949 1645 5011 est,
1678 4945 1752 5000 mori
1782 4944 1854 5002 mibi

1008 5049 1019 5076 ι
1040 5027 1228 5099 contingeret,
1245 5028 1366 5099 dignum
1377 5036 1419 5085 est
1435 5035 1467 5084 nt
1482 5029 1600 5086 evidens
1615 5030 1674 5099 ilat,
1690 5031 1762 5103 quid
1773 5047 1854 5090 mens

1008 5137 1019 5164 ι
1041 5114 1203 5171 Christiana
1218 5115 1334 5186 cogitat.
1363 5115 1509 5186 Insurgite
1523 5130 1601 5188 ergo.
1629 5119 1735 5189 inquit,
1750 5128 1780 5176 et
1795 5135 1853 5191 quc

1008 5223 1019 5251 t
1040 5201 1129 5258 vultis
1143 5202 1327 5273 mccxcmplo
1341 5201 1470 5271 occidite,
1485 5211 1598 5261 tautum
1622 5213 1654 5262 ut
1673 5206 1700 5262 ei
1724 5220 1776 5277 pro
1792 5208 1854 5279 ipso

1007 5309 1022 5339 «
1041 5289 1240 5360 interemptus,
1270 5290 1396 5346 animam
1420 5303 1513 5346 meam
1540 5293 1699 5363 restituam,
1722 5297 1777 5365 qni
1803 5310 1853 5367 pro

1006 5377 1167 5449 «generali
1192 5378 1322 5434 omnium
1344 5379 1405 5435 vita
1429 5378 1514 5436 bodie
1536 5379 1705 5451 impenderit
1719 5395 1815 5441 suam.
1839 5405 1850 5432 ι

1004 5464 1055 5521 llis
1083 5465 1175 5532 dictis,
1201 5465 1296 5536 gladio
1329 5468 1489 5526 imminenti
1516 5469 1678 5540 subjectum
1708 5472 1853 5541 protendit
