3818 6008
534 258 579 316 DE
598 257 679 317 vrrs
697 258 766 316 SUA
784 256 879 317 treet
898 260 1003 317 TRES.
1020 291 1054 300 -
1067 258 1134 316 tte.
1155 261 1177 317 Ι.
1673 268 1725 321 eoo

56 389 187 444 tentiulcs
203 388 530 459 psalmossubpretara
548 403 681 447 auuuou
699 389 976 446 videndoastudio
998 389 1132 459 deinceps
1170 389 1338 462 benigniore
1375 393 1517 449 tractavit.
1553 394 1651 451 Testor
1689 404 1725 464 te,

56 478 192 534 audiendo
214 477 362 545 didicerat,
391 493 464 549 quos
495 486 591 534 tamea
616 492 761 550 saporose,
790 487 824 534 ut
878 478 992 545 horum,
1009 478 1055 548 ple
1070 478 1221 550 dispositor
1235 480 1321 546 Deus,
1349 480 1428 550 quia,
1444 496 1481 537 ex
1496 497 1555 553 quo
1577 483 1726 541 Basilicam

56 565 174 634 inerim,
192 566 294 623 diebus
308 580 343 623 ac
363 567 497 624 noctibus
511 567 680 624 ruminabat
695 574 728 623 ιιι
742 581 823 622 nun·
878 567 1042 623 monasterii
1067 568 1156 637 ipsius
1181 567 1298 635 intravi,
1320 575 1348 624 et
1376 569 1534 626 monachus
1546 571 1727 628 considentes

56 669 65 710 ι
79 653 220 725 suspiriis,
233 668 387 725 nunquam
404 654 559 727 gemitibus
572 654 603 711 in
617 653 741 711 auribus
755 655 821 722 tuis,
858 681 861 687 ·
876 655 985 724 pariter
1003 654 1063 711 ridi
1081 663 1109 711 et
1124 669 1160 712 ιιι
1175 669 1275 712 eorum
1286 656 1419 713 contuitu
1434 665 1547 714 tautum
1566 659 1726 715 monachica

56 743 253 810 ,suavissime
276 756 414 800 resonans
434 743 578 799 cantilena
597 742 646 799 illa
660 750 779 799 careret.
794 742 823 799 Si
876 744 1005 814 concepit
1040 743 1215 800 desiderium
1249 751 1281 800 ut
1311 743 1479 802 nullatenus
1511 746 1725 816 deiurvesceret‚

56 831 94 888 do
106 846 174 887 vero
189 839 356 888 exterorum
375 830 526 887 hominum
547 829 740 887 conventiculi
759 830 822 901 ejus
876 831 996 889 necsub
1015 832 1111 902 quiete
1136 832 1253 889 animus
1270 840 1378 904 ageret,
1398 833 1489 890 donec
1501 835 1545 891 sui
1561 835 1620 892 voti
1642 838 1724 894 sorti-

56 920 137 977 tdinis
165 933 254 991 quam
281 919 510 990 amplectebatur
534 919 692 975 admodum
721 918 820 975 turba·
876 927 957 977 retur
981 917 1124 976 ellectum.
1151 920 1222 977 Cum
1239 920 1330 992 igitur
1344 921 1399 978 sub
1415 922 1514 978 eodem
1537 923 1580 980 eis
1600 924 1726 982 claustro

56 1022 94 1078 .r;
109 1023 176 1065 cum
191 1008 254 1079 ipsa
271 1009 470 1074 enimomnes,
489 1007 540 1077 qui
565 1006 655 1077 ipsius
676 1006 821 1063 notionem
875 1007 1054 1075 cohabitans,
1086 1014 1179 1065 totum
1219 1023 1280 1066 esse
1317 1008 1445 1080 ipsorum
1482 1009 1726 1084 habitudinesque

56 1104 140 1165 trani,
166 1096 222 1152 viri
248 1097 405 1167 praesertim
426 1109 461 1152 ac
488 1095 600 1152 lemine
616 1094 822 1165 nobilesque
875 1096 1070 1165 considerans,
1095 1104 1123 1153 et
1154 1097 1229 1154 sicut
1257 1097 1327 1154 solet
1341 1112 1358 1154 a
1372 1105 1457 1155 vento
1481 1099 1725 1160 flammasuucre-

80 1184 153 1241 mire
189 1192 251 1241 erat
275 1183 366 1240 laceta
397 1191 424 1240 et
457 1192 630 1253 temperans,
659 1183 822 1254 gratissime
875 1197 963 1254 suere,
989 1184 1028 1240 ita
1055 1198 1092 1240 ex
1113 1184 1353 1256 contemplatione
1381 1201 1481 1244 eorum
1507 1201 1621 1258 semper
1645 1204 1726 1247 mens

56 1271 179 1337 ibantur,
213 1272 281 1343 ipsis
311 1272 532 1338 discedentibus,
564 1272 588 1328 si
623 1271 694 1343 quid
724 1271 822 1328 minus
875 1287 939 1329 mea
972 1272 1189 1330 uoniormationi
1216 1273 1333 1330 illorum
1374 1275 1499 1342 inhians,
1527 1291 1584 1333 nou
1617 1285 1726 1348 poterat

56 1359 208 1431 u,siquid
228 1359 319 1427 iutile,
337 1361 358 1416 si
381 1361 451 1431 quid
476 1360 600 1417 otiosum
619 1374 649 1416 se
671 1359 821 1430 colloquiis
874 1375 934 1418 non
963 1361 1073 1418 ardere.
1104 1361 1280 1420 Sollicitatur
1319 1363 1445 1434 denique
1475 1365 1511 1422 ab
1538 1365 1642 1424 abbate
1670 1366 1725 1424 loci

56 1449 170 1515 arsisset,
201 1448 272 1505 iilud
302 1448 331 1504 iu
364 1448 442 1505 illius
473 1449 571 1505 auimo
598 1447 653 1504 dici
683 1461 740 1503 nou
769 1460 820 1516 po·
872 1450 1079 1522 congeminatis
1106 1450 1233 1522 quotidie
1255 1451 1386 1522 precibus
1410 1460 1443 1509 ιιι
1471 1454 1645 1510 monachum
1663 1455 1720 1511 ibi·

56 1551 114 1607 luas
131 1537 308 1608 parturiebat
336 1537 496 1608 angustias,
531 1537 621 1592 donec
649 1535 746 1592 solitas
769 1542 820 1591 aut
872 1537 937 1594 dem
965 1552 1011 1596 me
1035 1538 1210 1607 lacerem,et
1234 1553 1301 1596 cum
1331 1539 1445 1596 induite
1468 1540 1504 1595 ad
1523 1541 1551 1596 ld
1566 1550 1721 1600 aestuarem

56 1626 204 1683 iunctionis
222 1640 273 1682 seu
287 1625 473 1682 confessionis
481 1625 634 1696 attingeret
651 1623 754 1679 undas.
875 1626 1023 1694 desiderio,
1044 1628 1079 1683 ad
1105 1627 1273 1700 hujusmodi
1296 1613 1530 1699 pollicitationem
1560 1636 1657 1686 tamen
1675 1645 1725 1702 per

56 1712 342 1785 {quantumcunque
356 1713 496 1780 studium,
521 1720 748 1784 quantacunque
762 1709 821 1767 sol·
841 1690 952 1772 Bullas
977 1717 1143 1787 rogantium
1158 1717 1288 1787 rogarias
1299 1730 1364 1772 mea
1380 1716 1480 1789 lingua
1499 1717 1571 1773 solvi
1596 1733 1653 1775 non
1673 1733 1725 1790 po-

56 1801 93 1858 do
115 1802 179 1873 ejus
202 1802 357 1859 haberetur
381 1803 409 1858 in
430 1802 547 1869 talibus,
570 1800 610 1857 nil
633 1799 755 1866 fiduciae,
779 1796 821 1854 nil
876 1810 960 1872 terat,
974 1810 1003 1860 ιι
1019 1803 1096 1875 quod
1125 1818 1184 1860 non
1198 1805 1282 1861 modo
1307 1805 1368 1876 jam
1392 1806 1572 1876 gravescenti
1587 1805 1725 1864 dildcilli-

56 1888 136 1946 itatis
152 1890 242 1946 menti
264 1890 328 1963 ejus
352 1889 454 1946 aderre
470 1896 590 1960 poterat,
611 1887 683 1959 quin
708 1900 821 1957 semper
875 1904 957 1948 mum
971 1898 1054 1959 esset,
1078 1900 1110 1949 ιιι
1136 1893 1171 1948 de
1196 1900 1277 1948 tauta
1303 1892 1397 1949 cordis
1413 1892 1724 1952 abundantia-omnino

56 1984 95 2046 et,
115 1978 187 2049 quin
210 1992 333 2048 semper,
357 1991 394 2034 au
418 1986 553 2034 reatuum
578 1989 700 2033 suorum
726 1981 821 2045 posset
875 1979 987 2036 silerem
1005 1979 1083 2036 haud
1098 1993 1175 2050 aegre
1189 1979 1331 2049 puerulus
1344 1980 1544 2036 observabam.

56 2069 76 2126 ri
100 2069 226 2136 veniam,
249 2068 424 2125 debilissimo
457 2069 605 2139 rogitaret,
631 2068 667 2123 Ει
695 2074 728 2123 ιιι
754 2068 819 2134 sois,
909 2069 1084 2123 Mouucbum
1113 2067 1207 2123 induit
1239 2066 1379 2123 Fmoiuci.
1419 2097 1454 2109 -
1482 2068 1610 2124 Tandem
1637 2068 1722 2124 matri

56 2199 59 2220 ‚
86 2166 264 2228 quantorum
292 2164 483 2228 peccatorum,
512 2164 540 2213 et
568 2170 620 2212 nos
648 2169 706 2212 non
733 2157 821 2211 nesci·
875 2156 1151 2227 remprodidiquae,
1170 2157 1334 2226 puerariam
1356 2157 1449 2212 verita
1465 2156 1619 2225 levitatem,
1642 2165 1723 2213 tauta

65 2247 156 2312 Quam
171 2258 263 2316 parva
287 2250 339 2308 est,
363 2243 489 2311 Domine,
515 2243 551 2299 ad
578 2241 820 2313 comparationem
875 2245 911 2300 ab
944 2245 1000 2300 hoo
1023 2246 1168 2315 proposito
1195 2258 1239 2301 me
1270 2244 1488 2301 ratiocinatione
1504 2243 1601 2315 rejecit
1625 2251 1656 2301 ut
1676 2259 1723 2301 me

66 2331 121 2406 [Α
132 2333 206 2405 elus]
216 2333 421 2404 quorumdam,
437 2332 489 2403 qui
503 2331 710 2402 monedulam,
726 2342 820 2402 neque
875 2347 932 2388 nun
948 2332 1101 2389 minimum
1116 2333 1265 2403 poeniteret
1278 2332 1355 2403 quod
1374 2332 1401 2388 ei
1418 2332 1544 2404 gerenda
1556 2332 1720 2399 retexerim;
1744 2323 1747 2327 ’

56 2429 130 2488 rant,
164 2434 278 2477 summa
300 2423 418 2476 eoruml
447 2420 491 2476 Tu
519 2419 606 2487 nosti,
638 2418 767 2485 Domine,
789 2418 820 2473 iu
874 2420 1102 2475 cumeteadem
1118 2419 1256 2490 magistro
1274 2419 1422 2485 dixissem,
1448 2418 1539 2476 multo
1562 2418 1676 2490 lougius
1694 2425 1722 2474 et

56 2517 113 2566 tam
142 2509 235 2565 metiri
251 2515 377 2578 poteram
396 2516 503 2564 statum
525 2506 705 2578 cogitationis
719 2506 818 2577 ipsius,
873 2506 934 2576 ipse
962 2520 1007 2564 me
1022 2507 1136 2577 pepulit.
1163 2506 1226 2575 Qua
1244 2507 1397 2577 utriusque
1412 2508 1526 2577 repulsa
1546 2505 1718 2578 gravissime

61 2611 213 2668 nunquam
239 2597 269 2652 in
283 2597 383 2653 timore
397 2595 530 2667 supplicii
544 2604 573 2653 ιι
587 2609 685 2652 eruore
705 2596 745 2652 tui
755 2594 820 2664 ejus
875 2595 1014 2662 irritatus,
1037 2595 1108 2652 alias
1121 2596 1253 2651 animum
1266 2594 1422 2652 deliberari
1445 2595 1597 2667 appellere.
1621 2597 1722 2666 ltaque

57 2686 97 2742 im
110 2685 242 2742 animum
259 2685 394 2755 tepuisse.
874 2684 915 2738 sio
934 2697 979 2739 me
1009 2683 1081 2754 uoepi
1102 2697 1187 2754 agere
1201 2697 1235 2739 ac
1246 2683 1271 2738 si
1286 2683 1358 2739 nihil
1381 2683 1484 2739 horum
1512 2684 1659 2753 cepissem
1673 2697 1722 2753 ap·

296 2773 413 2831 CAPUT
432 2772 495 2830 XV.
875 2780 978 2841 petere.
1006 2772 1042 2828 Et
1069 2787 1136 2829 cum
1165 2771 1202 2828 ab
1224 2771 1334 2828 octavis
1359 2771 1535 2828 Pentecostes
1564 2785 1657 2842 usque
1684 2771 1721 2827 ad

56 2861 160 2919 ἰὸινιιι
172 2861 256 2934 percio
271 2865 300 2917 et
319 2860 513 2932 voluptatibus
534 2858 672 2932 indulget.
696 2890 731 2901 -
745 2859 819 2928 Quid
873 2860 1003 2917 Natalem
1028 2861 1210 2917 Dominicum
1235 2859 1421 2927 distulissem,
1438 2867 1466 2917 et
1480 2860 1555 2916 rutis
1582 2860 1723 2916 ardentis-

56 2953 86 3009 ιι
114 2953 176 3024 ipsa
199 2959 233 3008 ιιι
258 2951 441 3022 prelibatum
465 2954 518 3017 est,
544 2950 649 3006 seculo
665 2950 818 3019 repudium
839 2949 954 3034 Csimis
967 2949 1130 3021 peragendo
1146 2948 1261 3021 negotio
1280 2949 1447 3018 aspirarem,
1472 2948 1572 3004 matris
1589 2962 1721 3006 reveren·

56 3048 125 3110 tute,
141 3056 194 3112 ego
207 3039 287 3096 solus
304 3039 367 3095 sine
383 3047 484 3105 matre,
499 3037 561 3093 siue
582 3037 748 3108 pedagogo,
759 3038 821 3093 sine
875 3036 944 3093 tiam
960 3037 1150 3108 magistrique
1171 3036 1301 3093 timorem
1327 3035 1487 3107 impatiens,
1511 3036 1641 3106 Domine,
1666 3043 1722 3094 tuae

56 3137 114 3187 stro
130 3142 334 3186 remanseram.
351 3127 401 3183 llle
419 3126 496 3183 enim
521 3125 572 3196 qui
596 3139 641 3182 me
665 3126 737 3182 adeo
753 3125 821 3181 ilde·
875 3125 996 3182 internae
1015 3125 1220 3181 stimulationis
1247 3125 1348 3197 abjeci,
1378 3129 1406 3181 et
1433 3125 1469 3180 ad
1498 3125 1641 3192 abbatem,
1670 3125 1722 3196 qui

56 3225 120 3290 post
134 3225 255 3274 matrem
270 3215 444 3273 educaverat
457 3214 700 3284 atquedocnerat,
722 3215 822 3270 matris
875 3221 1023 3285 tantopere
1038 3213 1097 3269 lieri
1115 3213 1168 3270 hou
1195 3213 1326 3282 ardebat,
1354 3220 1382 3270 et
1406 3213 1479 3269 nihil
1508 3213 1669 3284 sponsionis
1692 3214 1722 3269 in

70 3306 214 3377 exemplo,
252 3317 351 3361 amore
377 3317 411 3359 ac
438 3304 548 3360 monitu
585 3301 754 3367 concitatus,
784 3301 821 3358 ad
874 3301 963 3358 tantis
974 3301 1224 3358 sollicitationibus
1237 3301 1276 3379 ab
1290 3315 1340 3357 ore
1361 3316 1424 3358 meo
1443 3301 1563 3358 haurire
1590 3301 1721 3371 potuerit,

56 3397 178 3453 ‚chatum
203 3394 327 3451 flaviaci
350 3407 410 3449 sese
438 3392 608 3449 contulerat.
637 3392 731 3447 Prava
750 3405 819 3462 ergo
874 3409 920 3451 me
946 3393 1104 3461 coniereus,
1127 3396 1191 3465 ejus
1214 3394 1335 3464 pedibus
1361 3408 1407 3451 me
1432 3393 1533 3461 alludi,
1547 3395 1632 3450 ethis
1654 3394 1721 3464 ipsis

56 3493 105 3540 ate
119 3483 237 3553 potitus,
259 3481 331 3553 coepi
348 3479 638 3550 intemperantissime
661 3494 724 3539 ιιιιο
738 3479 819 3535 abuti
873 3482 980 3548 uerbis,
996 3489 1029 3538 ιιι
1045 3482 1175 3537 videlicet
1199 3489 1377 3552 peccatorem
1401 3481 1568 3551 susciperet,
1588 3480 1722 3537 debiliter

56 3571 102 3640 rio,
130 3571 224 3627 ridere
249 3570 391 3637 ecclesias,
425 3567 537 3624 scholas
566 3567 693 3634 horrere,
718 3580 820 3622 conso-
874 3568 1029 3626 admodum
1056 3569 1186 3625 exoravi.
1217 3568 1272 3636 Qui
1292 3568 1386 3639 petitis
1396 3569 1479 3625 letus
1495 3568 1603 3637 lavans,
1630 3576 1721 3625 vestes

56 3661 156 3717 tiorum
196 3673 323 3715 meorum
357 3657 506 3723 laicorum,
547 3656 598 3726 qui
637 3653 821 3724 equestribus
874 3657 1121 3727 quenecessariee
1140 3655 1449 3726 inerantquautocius,
1473 3656 1501 3712 id
1522 3664 1565 3711 est
1586 3656 1721 3726 postridie

56 3748 180 3806 ebantur
199 3746 311 3814 studiis,
339 3745 473 3802 adectare
487 3742 628 3808 sodalitia,
644 3743 820 3799 exsecrando
873 3752 1058 3815 praeparatas,
1075 3743 1222 3815 produxit,
1238 3750 1325 3800 elme
1341 3750 1432 3799 matre
1445 3744 1546 3813 procul
1565 3744 1721 3815 aspiciente

56 3846 127 3895 utus
152 3837 279 3908 siguum,
293 3834 488 3891 remissionom
503 3832 659 3888 criminum
683 3827 818 3900 polliceri,
873 3846 908 3887 ac
921 3831 1008 3889 deute
1031 3831 1136 3899 induit,
1151 3838 1179 3886 ιι
1189 3830 1383 3900 eleemosynas
1406 3829 1527 3901 proinde
1548 3844 1582 3886 eo
1600 3830 1646 3886 die
1658 3831 1720 3888 fleri

58 3926 182 3996 eonius
198 3938 288 3995 parva
304 3923 418 3980 licentia
441 3920 589 3992 quondam
604 3919 674 3975 mihi
701 3919 820 3975 laxaba·
873 3920 1033 3977 mandarit.

57 4014 208 4087 ndulgere,
226 4022 257 4070 ut
269 4028 304 4070 ιι
320 4011 435 4069 insolita
461 4010 609 4067 nimietate
633 4009 818 4065 tabescerem.
909 4008 1074 4065 lutereaille
1103 4021 1184 4065 meus
1199 4006 1345 4077 quondam
1374 4006 1527 4078 magister,
1554 4005 1625 4078 quia
1645 4011 1721 4063 m

56 4118 87 4160 ea
114 4111 231 4160 actuum
255 4115 383 4158 meorum
412 4099 503 4172 gioria
530 4106 675 4155 maternas
692 4096 821 4154 concutit
872 4097 1053 4155 districtioris
1073 4109 1164 4153 causa
1187 4094 1295 4166 regulae
1324 4095 1508 4152 meulterius
1533 4095 1635 4152 docere
1660 4111 1720 4153 uon

56 4208 71 4261 t,
87 4200 116 4250 et
128 4206 165 4250 ex
179 4191 286 4248 auditis
301 4191 411 4246 lustaus
424 4188 545 4245 exitium
562 4202 656 4245 meum
674 4187 735 4258 ipsa
748 4199 820 4242 con-
873 4193 995 4257 poterat,
1011 4186 1112 4242 saltem
1128 4183 1266 4256 instigare
1285 4184 1322 4240 ad
1348 4196 1383 4240 ea
1395 4198 1462 4254 que
1478 4184 1606 4255 legebam
1622 4185 1721 4243 divina

56 4295 75 4339 ιι
90 4295 161 4353 pene
176 4279 341 4337 exanimata
355 4277 465 4334 deiecit.
482 4277 583 4334 Cultus
594 4274 816 4344 enimvestium,
837 4269 1024 4330 bvutumiua
1064 4272 1245 4329 discutienda
1279 4269 1412 4339 curabat,
1454 4272 1550 4327 minus
1591 4273 1721 4345 cognitas

60 4371 135 4427 inter
150 4368 362 4440 procedendum
387 4366 422 4421 ad
451 4364 584 4422 ecclesias
613 4364 719 4420 habere
745 4362 818 4420 sole·
875 4374 1008 4432 quasque
1021 4359 1159 4416 dictiones
1172 4367 1200 4416 et
1216 4358 1392 4416 doctioribus
1407 4360 1574 4430 recogitare,
1596 4357 1642 4430 (ι’)
1659 4372 1721 4429 pre

77 4465 104 4514 et
127 4471 211 4528 quus,
236 4463 267 4512 ut
285 4457 378 4526 magis
405 4453 441 4510 ad
465 4451 633 4510 clericatum
662 4452 818 4521 animarer,
873 4450 962 4518 sulas,
992 4448 1208 4519 versiculosque
1232 4461 1412 4517 componere,
1437 4453 1466 4504 ιι
1494 4460 1553 4517 quo
1568 4447 1719 4503 mihieru-

57 4553 219 4616 paraverat,
250 4544 301 4600 hos
333 4543 370 4600 ad
388 4541 547 4608 lasciviam,
568 4553 656 4611 quam
684 4547 820 4597 necatas
873 4539 977 4596 diendo
998 4538 1093 4595 minor
1113 4537 1151 4594 ab
1177 4537 1241 4594 aliis
1267 4551 1339 4593 cura
1366 4536 1589 4606 impenderetur,
1616 4548 1650 4591 eo
1675 4549 1720 4591 me

56 4641 143 4703 tatur,
167 4633 361 4701 circumlerre,
375 4631 551 4701 majusculos
576 4629 613 4685 ad
631 4629 818 4699 petulantiam
872 4640 1057 4684 commonens
1072 4629 1181 4683 arctius
1206 4625 1364 4683 elaborare.
1382 4625 1425 4691 lit,
1442 4637 1459 4678 o
1474 4622 1603 4690 Domine,
1619 4621 1719 4678 lumen

56 4736 90 4780 ιιι
114 4722 256 4789 emulari,
276 4721 355 4792 pensi
383 4728 412 4777 et
441 4717 580 4775 moderati
605 4717 723 4773 omuino
746 4716 818 4773 nihil
872 4728 985 4776 verum,
1016 4714 1099 4784 plene
1133 4714 1266 4771 recordor
1307 4721 1363 4769 tua
1387 4709 1608 4778 inaestimabilis,
1629 4722 1718 4780 qnam

56 4823 88 4866 e.
873 4803 943 4859 mihi
959 4809 1028 4860 tuuc
1039 4801 1214 4869 extribuisti,
1241 4800 1391 4872 largitatis.
1407 4799 1480 4855 Nam
1501 4813 1569 4855 mox
1598 4798 1721 4857 uthabi-

56 4896 87 4952 tlt
99 4897 139 4953 ad
152 4894 388 4967 bonomfrepem.
406 4924 440 4934 —
457 4892 527 4950 Cum
545 4905 613 4963 ergo
633 4897 713 4948 lanto
729 4890 819 4948 disso-
872 4898 934 4948 tum
962 4897 1046 4948 tuum
1076 4898 1104 4947 te
1118 4890 1257 4946 invitante
1271 4887 1395 4959 suscepi,
1422 4887 1496 4943 illico
1510 4887 1582 4943 mihi
1601 4887 1664 4944 visa
1678 4896 1720 4944 ιιι

56 5001 70 5055 ι,
96 4986 154 5043 imo
169 4984 307 5041 vesanius
323 4998 367 5039 me
384 4982 520 5039 haberem
536 4987 646 5052 quanto
667 4979 776 5037 arctius
790 4986 819 5036 ιι
872 4992 889 5035 a
912 4978 984 5035 iacie
1011 4978 1107 5035 cordis
1125 4977 1218 5034 nubes
1241 4984 1347 5045 amota,
1374 4984 1402 5032 et
1418 4975 1467 5032 iila
1488 4989 1556 5032 mox
1586 4975 1720 5033 introdu-

56 5072 137 5137 :atius
163 5078 248 5128 antea
273 5071 456 5136 victitassem,
486 5077 579 5126 mater
595 5068 748 5138 impatiens
761 5079 819 5123 au·
872 5081 936 5123 uere
950 5073 1111 5138 caeperunt,
1141 5066 1171 5122 iu
1192 5064 1301 5136 quibus
1319 5064 1428 5135 pridem
1461 5064 1610 5136 evagabar
1627 5078 1720 5121 cacus

56 5174 94 5218 rm
125 5161 161 5217 ad
185 5160 318 5216 abbatem
352 5171 383 5214 se
408 5156 539 5221 contulit,
567 5163 596 5212 ιι
623 5162 656 5212 ut
681 5153 819 5225 magister
872 5162 900 5213 et
919 5168 1030 5213 errans.
1058 5156 1198 5213 ureteras
1220 5160 1301 5210 ιιιιιο
1319 5153 1447 5209 discendi
1472 5151 1577 5211 aflectu
1605 5161 1720 5224 repente

76 5248 179 5306 iterum
199 5262 245 5305 me
271 5248 394 5308 doceret,
420 5253 449 5302 ιι
472 5244 509 5301 ab
534 5245 634 5301 eudem
666 5242 771 5299 abbate
789 5249 818 5299 et
872 5258 935 5300 sum
965 5243 1113 5300 animatus
1128 5250 1160 5300 ιιι
1189 5241 1257 5299 huie
1286 5240 1338 5299 soli
1353 5241 1394 5297 rei
1410 5241 1494 5298 unice
1521 5241 1675 5311 inhiarem,
1690 5249 1719 5299 et

56 5337 291 5408 busimpetravit.
305 5332 555 5404 Abbassiqnidem
568 5332 617 5388 avi
631 5331 688 5388 mei
720 5329 818 5388 alum-
872 5332 1018 5390 incassum
1041 5346 1087 5388 me
1110 5332 1208 5388 vivere
1224 5331 1407 5397 aestimarem,
1432 5329 1455 5384 si
1483 5329 1559 5386 diem
1584 5329 1645 5386 sine
1668 5330 1719 5387 tall

56 5432 79 5483 ιι
92 5425 156 5498 ejus
167 5424 256 5482 curiae
274 5438 311 5481 ιι
326 5419 463 5480 benedoio
487 5419 643 5487 obnoxius,
667 5417 750 5475 iacile
764 5416 818 5477 luit
871 5419 1001 5492 quolibet
1018 5426 1086 5477 actu
1103 5419 1304 5490 transigerem.
1318 5416 1342 5474 0
1356 5417 1471 5488 quoties
1484 5417 1614 5475 dormire
1631 5427 1719 5489 puta·

56 5527 83 5572 eo
104 5512 295 5586 aggratulans
316 5509 465 5580 adventui,
492 5506 616 5580 benigne
650 5513 817 5578 snscuptum
870 5505 934 5577 bar,
953 5513 982 5564 et
1004 5517 1110 5577 eorpus
1134 5504 1190 5562 sub
1212 5502 1342 5576 pannulo
1370 5503 1468 5563 iuvere
1487 5503 1668 5577 tenellulum,
1689 5514 1718 5565 et
