3818 6008
1899 36 1901 71 1

1898 74 1901 125 1

102 236 153 290 567
542 230 573 286 V.
595 229 763 286 uolebant
784 229 930 284 nubatis
950 228 979 284 S.
1000 228 1121 285 blARlAE
1140 229 1185 284 bu
1205 228 1398 284 hovtuttblo
1800 230 1850 285 568

101 368 171 425 buic
180 368 326 437 desperata
342 364 516 431 concutitur,
541 378 658 435 quoque
672 363 763 434 magis
777 363 803 420 ei
827 363 942 435 imprae-
962 363 1135 420 Ainauditis
1148 364 1331 435 gratulatura
1343 363 1533 433 provolvitur.
1552 361 1701 419 indicibile
1722 370 1766 419 est
1780 363 1851 434 quid

100 457 260 513 sentiarum
285 454 381 511 omnia
405 453 613 523 praeciduntur,
638 467 672 508 eo
697 452 835 508 universa
859 451 948 507 animi
1004 451 1108 508 ibidem
1124 451 1230 507 luderit
1254 450 1461 521 lacrymarum.
1477 450 1648 506 lucebimus
1668 447 1779 520 jubilos
1801 449 1852 520 qui
1899 518 1901 527 .

101 544 176 601 acies
190 542 277 599 statui
292 542 388 597 laturo
404 540 569 610 exponitur.
1003 539 1244 609 multiplicitatem
1275 538 1456 609 singultuum
1480 537 1673 605 exhalabant,
1696 551 1764 593 cum
1787 551 1853 592 nus

138 626 950 701 0119111111σὶ1111111111111111111.1111111111111111
1004 642 1092 698 quam
1108 626 1240 683 cohibere
1252 641 1312 682 sese
1328 626 1435 682 valeret
1450 626 1535 682 turba
1555 625 1726 692 videntium,
1743 624 1853 696 quibus
1898 584 1901 739 Ι

100 716 286 790 igne-Ab
309 715 522 785 apparitoribus
544 717 640 786 itaque
664 716 788 785 postulat
801 722 832 771 ut
853 715 888 770 ad
900 729 950 770 ca·
1005 714 1253 784 superexcellens,
1283 729 1370 783 sopor
1405 720 1490 770 tantae
1525 712 1653 769 subsidio
1686 712 1853 782 peccatricis

101 804 261 861 tbedralem
277 802 550 859 misericordissimae
568 811 671 858 nostrae
687 803 784 858 blatris
803 801 950 859 ecclesiam
1005 802 1175 875 generaliter
1192 801 1373 871 praebebatur
1388 800 1565 870 ixcmplum.

101 894 142 950 ire
164 893 256 960 liceat,
271 900 298 948 et
315 891 382 963 quis
402 891 429 947 id
452 890 590 961 prolanus
605 891 765 947 abnueret?
789 891 879 947 multo
904 905 951 946 oo·
1039 890 1196 945 Tunceam
1224 887 1421 944 vicedominus
1445 887 1504 943 sola
1534 887 1663 943 indutam
1689 886 1767 942 linea
1787 900 1855 943 cum

103 981 207 1038 mitatu
223 981 273 1051 qui
288 995 340 1050 pro
360 978 514 1050 puniendae
535 978 623 1035 exitio
641 979 795 1048 spectando
811 993 952 1035 convene·
1004 977 1168 1046 pavimento
1181 976 1311 1042 haereret,
1338 974 1452 1030 sublata
1468 975 1504 1031 ab
1526 975 1647 1031 humero
1664 972 1781 1030 lacerna
1795 987 1858 1044 ope

101 1077 177 1135 rant,
203 1069 403 1124 miserabiliter
440 1068 656 1123 succenturiata
698 1067 887 1138 progreditur,
923 1075 952 1123 et
1005 1065 1075 1131 ruit,
1104 1071 1219 1134 etpost
1249 1063 1435 1133 inexplebiles
1462 1062 1605 1119 orationes
1636 1070 1662 1119 et
1690 1062 1810 1133 gratias,
1839 1076 1857 1117 a

102 1157 196 1213 media
212 1157 330 1212 basilica
345 1155 380 1211 ad
392 1169 452 1211 suae
468 1155 647 1225 purgationis
662 1156 822 1222 cumulum,
840 1162 952 1210 reatum
1007 1161 1082 1209 terra
1095 1159 1259 1222 exemptam
1273 1151 1390 1207 domum
1406 1151 1495 1208 ducit.
1515 1151 1605 1219 Quam
1621 1151 1692 1221 quia
1707 1151 1857 1206 hastarum

103 1245 254 1317 proprium
275 1244 330 1299 sub
358 1243 483 1314 generali
505 1242 652 1298 audientia
675 1243 837 1298 comitetur.
863 1242 952 1298 Dein·
1007 1240 1179 1310 impulsibus
1194 1239 1261 1295 laesa
1276 1246 1347 1307 erat,
1359 1246 1385 1295 et
1394 1239 1506 1310 ignium
1520 1238 1730 1295 commaculata
1739 1237 1856 1306 favillis,

103 1331 347 1403 cepscommuuis
375 1329 548 1387 saeculorum
570 1329 698 1386 Dominae
723 1330 855 1399 pietatem
871 1329 951 1385 humi
1007 1328 1126 1396 balneis,
1140 1335 1168 1383 et
1200 1328 1309 1399 quibus
1333 1327 1425 1397 potuit
1445 1327 1587 1395 lomentis,
1604 1341 1729 1383 necnon
1745 1333 1773 1382 et
1790 1333 1859 1381 stra·

103 1420 295 1490 imploratura
317 1418 522 1475 consternitur.
538 1417 659 1485 Quantis
681 1418 804 1485 adeam,
822 1432 887 1488 quae
906 1432 953 1473 ne·
1007 1423 1090 1472 tuum
1123 1415 1241 1471 mollitie
1270 1415 1409 1480 mulcens,
1439 1413 1509 1470 dnm
1542 1428 1572 1470 se
1598 1421 1679 1483 putat
1706 1413 1858 1470 restituere

104 1508 222 1572 minem,
240 1507 377 1563 miserum
394 1513 546 1561 aversatur
560 1505 699 1574 suspiriis,
717 1512 827 1576 quanto
846 1519 953 1577 angore
1007 1503 1145 1574 sospitati,
1164 1512 1224 1573 pust
1240 1503 1371 1559 triduum
1386 1501 1532 1558 consuluit
1546 1503 1619 1557 Deus
1634 1501 1724 1571 ipsius
1748 1501 1858 1572 sempi-

106 1595 234 1666 rugierit,
259 1593 321 1664 ipsa
344 1592 529 1663 exsequenti
558 1591 728 1649 testificatur
751 1599 867 1648 eventu.
885 1593 953 1648 lude
974 1600 1096 1699 Bternae
1110 1591 1216 1660 saluti;
1233 1592 1315 1648 tertio
1329 1591 1406 1648 enim
1420 1590 1465 1647 die
1479 1589 1638 1646 salvatricis
1648 1604 1709 1646 sure
1723 1589 1860 1646 manibus

105 1698 192 1739 asuo
218 1689 387 1739 exsecutore
403 1682 498 1749 citata,
520 1680 599 1751 petiit
626 1681 662 1736 ab
685 1680 813 1737 oratione
839 1680 954 1751 suppli·
1008 1681 1143 1751 spiritum
1163 1695 1265 1737 secura
1284 1680 1464 1750 deposcite
1485 1693 1544 1750 qua
1567 1679 1652 1748 plane
1672 1678 1765 1749 potuit
1794 1692 1859 1734 cor-

106 1770 192 1825 cium.
211 1769 337 1826 Ecclesia
353 1768 431 1824 Beati
448 1768 532 1832 lusti,
553 1767 704 1837 paululum
727 1767 831 1823 montis
845 1767 954 1823 devexo
1008 1769 1105 1839 porale
1132 1768 1254 1824 exitium
1282 1768 1440 1838 deprecari,
1479 1767 1630 1822 inanima
1658 1765 1766 1823 meruit
1795 1766 1859 1823 lusa

108 1859 208 1928 posita,
239 1858 411 1913 circumsitis
437 1856 493 1911 illic
514 1855 677 1911 britonibus
705 1855 862 1911 oratorium
879 1869 954 1925 prae·
1009 1857 1139 1913 libertate
1154 1856 1232 1912 beari
1243 1871 1253 1926 ;
1271 1871 1308 1912 ex
1330 1871 1388 1927 quo
1412 1855 1499 1911 etiam
1518 1854 1672 1911 benedictae
1693 1853 1787 1925 ipsius
1801 1854 1858 1910 cla·

105 1953 170 2002 stat.
199 1945 259 2000 lllic
283 1944 407 2000 ministri
422 1943 594 2000 vicedomini
615 1943 645 1998 iu
669 1951 805 2013 promptu
828 1943 956 1999 habuere
1009 1943 1068 2001 ruit
1091 1942 1388 1999 misericordissimum
1412 1950 1530 2014 pectus;
1554 1942 1720 2013 quodcum
1746 1940 1859 1998 lemine

105 2033 267 2105 tugurium,
297 2032 333 2088 ad
359 2032 445 2102 cuius
470 2029 583 2087 iuream
615 2031 736 2100 pedibus
765 2045 799 2087 ac
831 2031 956 2088 brachiis
1010 2031 1146 2088 illitanta
1166 2031 1276 2088 viscera
1301 2031 1328 2087 in
1344 2032 1479 2088 exteriori
1499 2030 1627 2102 periculo
1650 2030 1858 2101 praetendisset,

106 2120 242 2177 iemiuam
267 2119 326 2175 sola
348 2127 450 2176 tectam
476 2118 621 2175 subucula
642 2118 809 2190 colligantes
833 2120 956 2190 sumptis
1011 2127 1073 2189 post
1092 2120 1192 2191 gratiae
1206 2133 1266 2175 suae
1286 2118 1494 2188 experientiam
1515 2117 1608 2174 noluit
1623 2131 1686 2173 eam
1710 2117 1861 2173 mundana

105 2222 143 2265 ex
171 2208 254 2263 vinea
284 2207 415 2277 proxima
442 2206 637 2263 arundinibus
664 2213 691 2262 et
715 2205 847 2277 spinulis.
876 2207 957 2264 lilius
1011 2207 1105 2263 denuo
1142 2207 1357 2263 conversatione
1383 2205 1494 2274 loedari,
1524 2206 1573 2262 sed
1594 2220 1661 2260 nrox
1689 2218 1782 2275 quam
1805 2219 1862 2261 cre·

107 2303 192 2352 antra
220 2294 320 2366 tegetis
355 2303 433 2351 strue
469 2295 560 2351 multa
588 2293 776 2360 conlerciunt,
800 2294 957 2367 ignemque
1011 2295 1117 2351 mando
1132 2294 1487 2366 imaginariesinelaesura
1500 2300 1686 2364 purgaverat,
1702 2293 1739 2349 ad
1751 2292 1861 2364 apicem

107 2383 274 2454 subiiciunt.
291 2382 352 2450 Quo
375 2396 461 2438 exesa
483 2382 610 2438 materiei
625 2382 757 2453 congerie
783 2383 812 2438 in
829 2383 956 2439 lavillam
1011 2396 1153 2453 suprema
1172 2383 1348 2439 liberationis
1371 2382 1482 2439 eduxit.
1509 2382 1670 2439 Vocabatur
1685 2388 1784 2439 autent
1803 2396 1862 2438 mu·

109 2485 278 2541 prunasque
297 2470 432 2541 deposito,
452 2469 556 2526 mulier
570 2471 746 2540 consumptis
767 2471 859 2528 libera
874 2472 958 2528 nexi·
1012 2469 1066 2527 lier
1079 2471 1179 2527 eadem
1194 2471 1367 2527 teodeberta
1384 2470 1450 2541 (27).

108 2559 164 2615 bus
178 2565 254 2614 stare
274 2557 389 2613 videtur
405 2557 434 2612 in
450 2557 550 2613 medio.
1342 2557 1458 2614 staur
1478 2557 1526 2612 xi.

144 2647 180 2702 111
197 2653 330 2715 parentes
353 2645 461 2715 generi,
488 2659 575 2715 quem
592 2644 639 2701 illa
658 2653 826 2715 peremerat,
843 2646 959 2718 1111111-
1048 2644 1224 2700 Miroculom
1243 2645 1279 2700 de
1293 2644 1354 2700 ciro
1368 2643 1417 2716 qui
1435 2645 1511 2716 quod
1525 2643 1608 2699 arcii
1624 2643 1860 2717 praecepissetis.

109 2733 241 2790 videntes
263 2731 349 2789 saluti
362 2738 390 2788 et
415 2733 589 2802 ereptionem
609 2733 673 2803 ejus
696 2733 770 2804 ignis
789 2734 959 2804 deputantes
1012 2732 1115 2788 Maria
1129 2733 1309 2805 1119111111
1322 2733 1404 2804 sesto
1418 2732 1464 2787 die
1476 2732 1582 2804 plexus
1602 2733 1711 2801 suerat,
1725 2730 1864 2803 sospitati

110 2820 229 2888 inertiae,
253 2819 432 2876 animositate
456 2820 597 2891 sacrilega
620 2834 723 2876 rursus
745 2821 781 2876 ad
803 2831 957 2893 sarmenta,
1012 2820 1152 2876 redditor.
1174 2851 1203 2860 -
1229 2822 1260 2877 ln
1289 2820 1553 2891 Gratianopolitano
1576 2821 1716 2877 territorio
1737 2820 1785 2876 vir
1798 2820 1863 2890 qni-

111 2907 287 2978 fruticesque
302 2914 489 2974 concurrunt,
512 2907 588 2962 locos
602 2907 678 2963 circa
694 2907 771 2964 illam
788 2924 959 2981 usquequa·
980 2909 1079 2987 edam
1094 2924 1131 2965 ex
1146 2909 1244 2976 vidua,
1261 2922 1326 2979 qnae
1340 2909 1394 2965 sibi
1410 2912 1556 2979 nupserat,
1569 2910 1738 2980 privignum
1753 2908 1863 2965 babue

111 3007 168 3065 que
198 2993 341 3062 reficiunt,
371 2995 422 3064 qui
450 2994 536 3051 etiam
559 2995 703 3065 impietate
730 3012 819 3068 quam
846 2999 958 3069 rabida,
991 2997 1229 3068 .rat,quir1urn
1259 2996 1360 3053 vitrico
1386 2996 1504 3053 bubulci
1534 2997 1620 3054 lcrret
1644 2995 1785 3065 cilicium,
1805 2995 1866 3052 dies

111 3095 178 3153 que
192 3082 282 3138 solius
297 3081 369 3138 inuri
382 3083 538 3152 vaporibus
551 3091 660 3153 poterat
670 3083 795 3153 odorari,
809 3084 960 3146 liberatam
1014 3086 1103 3142 beatae
1125 3086 1218 3142 llariae
1247 3085 1423 3157 blagdalenae
1447 3084 1550 3141 natalis
1578 3084 1745 3150 obvenerat,
1775 3098 1865 3155 quam

112 3169 252 3226 miraculo
270 3184 326 3225 non
343 3170 499 3239 credentes,
525 3170 662 3240 porrectis
679 3187 728 3242 per
744 3173 817 3245 ignis
834 3176 960 3233 medium
1015 3174 1089 3231 idern
1102 3175 1219 3245 iuvenis
1236 3174 1389 3230 indictione
1410 3172 1578 3230 sacerdotali
1591 3188 1659 3229 cum
1683 3172 1813 3230 audisset
1828 3172 1865 3230 ab

112 3257 266 3314 hastilibus
280 3257 457 3314 atrocissime
470 3258 658 3329 instigabant.
675 3258 755 3326 Quod
770 3261 863 3317 solum
879 3264 961 3320 valde
1015 3275 1101 3333 opere
1126 3261 1230 3318 lorensi
1259 3261 1422 3327 inhibitam,
1452 3261 1553 3318 vitrico
1576 3260 1753 3331 agricultum
1777 3259 1865 3331 impe-

112 3358 175 3402 eam
203 3345 273 3402 locis
303 3345 506 3402 innocentibus
535 3346 705 3417 laesit3nam
727 3362 793 3403 cum
821 3357 880 3406 tota
901 3353 961 3409 1111
1015 3351 1091 3406 11111
1115 3349 1303 3405 reverentiam
1328 3350 1422 3406 vetitae
1447 3349 1633 3405 solemnitatis
1656 3347 1771 3420 objecit.
1805 3347 1866 3405 Vo-

113 3432 265 3505 prodigata
288 3433 386 3491 luisset
400 3435 553 3502 ambustio,
579 3443 755 3491 remanserat
778 3437 846 3494 item
861 3438 961 3497 discri-
1015 3439 1136 3495 cabatur
1154 3445 1251 3494 antem
1276 3438 1351 3493 idem
1373 3438 1484 3494 Petrus.
1511 3437 1582 3495 Vicit
1602 3436 1696 3493 vitrici
1718 3437 1865 3509 jurgantis

114 3521 200 3578 minis
214 3535 331 3593 expers.
349 3522 387 3579 At
404 3521 603 3579 vicedominus
619 3529 705 3578 tantae
730 3523 892 3593 spectaculo
907 3539 961 3580 no·
1015 3527 1178 3597 imperium,
1201 3526 1345 3596 bovesque
1369 3533 1465 3581 aratro
1486 3526 1669 3599 subjungens
1688 3539 1757 3581 cum
1774 3525 1865 3597 ipsius

101 3608 212 3667 ,vitatis
243 3609 392 3676 attonitus,
435 3608 570 3665 omnibus
603 3610 773 3666 nostratium
810 3610 961 3682 regionum
1015 3613 1351 3685 operis,aoanimalinm
1366 3612 1560 3670 exsecratione
1580 3612 1778 3683 prosequitur.
1793 3613 1865 3670 llum

114 3697 244 3766 personis
267 3704 295 3753 11
318 3697 450 3767 partibus
474 3697 614 3767 inaudito,
645 3697 809 3755 barbariem
831 3699 963 3769 protinus
1014 3702 1215 3775 ergojugibns
1238 3710 1329 3772 crepta
1354 3700 1511 3758 maledictis
1526 3701 1666 3771 illapidat,
1682 3700 1787 3757 inutile
1810 3699 1863 3757 sibi

114 3784 265 3841 exhorruit
297 3785 486 3853 rusticanam,
515 3799 621 3856 eosque
646 3800 664 3841 a
689 3786 885 3857 propulsanda
901 3787 961 3859 jam
1015 3788 1172 3846 exauditur
1195 3788 1231 3844 ad
1251 3796 1361 3845 votum.
1385 3786 1458 3844 Nam
1473 3787 1560 3844 boves
1576 3801 1611 3843 ac
1633 3786 1771 3843 utensilia
1783 3786 1867 3844 motis

114 3880 215 3928 sancta
228 3872 335 3928 lemina
350 3874 474 3941 heroica,
492 3881 524 3929 ut
539 3887 590 3943 par
603 3883 673 3942 erat,
697 3877 846 3931 severitate
864 3876 961 3946 dispe·
1016 3877 1165 3933 subitaneo
1194 3876 1303 3933 tonitru
1326 3875 1481 3940 elementis,
1509 3874 1630 3931 lulmine
1656 3874 1864 3943 absumuntur,

116 3960 185 4029 cuit,
201 3968 229 4017 et
243 3975 294 4030 per
316 3960 452 4016 oldciales
472 3964 616 4032 extemplo
631 3964 748 4034 direptis
773 3964 888 4035 ignibus
908 3963 962 4021 sibi
1015 3971 1043 4020 et
1064 3965 1123 4035 ipse
1145 3963 1196 4035 qui
1211 3964 1240 4020 id
1256 3964 1317 4020 lieri
1344 3970 1490 4035 exegerat,
1513 3962 1705 4033 imprecando,
1724 3961 1865 4034 supplicio

116 4048 200 4105 asciri
216 4050 359 4118 praecepit.
374 4050 436 4113 Oua
449 4048 503 4105 sibi
517 4050 646 4106 exhibita
661 4092 668 4116 ,
681 4050 752 4107 dum
771 4065 834 4108 eam
853 4052 961 4108 circum
1016 4052 1148 4108 atrociori
1164 4051 1233 4122 quia
1248 4051 1424 4107 diuturniori
1439 4050 1592 4106 addicitur.
1608 4049 1676 4117 Quae
1686 4049 1764 4105 enim
1780 4050 1864 4106 bruta

116 4134 192 4191 circa
206 4149 242 4192 ex
257 4135 483 4194 circumstantiis
500 4145 636 4195 eventum
652 4139 826 4210 aucupando
838 4139 962 4209 dispicit,
1017 4154 1051 4196 ac
1073 4140 1167 4211 lignea
1194 4139 1314 4196 coelestis
1338 4136 1455 4195 damma
1481 4144 1642 4204 voraverat,
1673 4136 1777 4192 eadem
1805 4136 1866 4207 ejus

116 4236 174 4279 non
198 4223 262 4279 dico
291 4224 457 4293 interulam,
481 4226 529 4281 sed
557 4240 593 4282 ne
621 4227 746 4284 crinium
763 4225 809 4284 vel
832 4227 963 4284 ciliorum
983 4222 1082 4298 Dpedi
1097 4228 1239 4298 externplo
1252 4227 1407 4297 subripuit,
1426 4240 1512 4297 quem
1534 4225 1564 4281 in
1585 4208 1863 4281 1111111111111111-

116 4310 286 4381 particulam
311 4326 348 4368 ne
382 4312 500 4369 minime
529 4314 645 4384 quidem
686 4315 830 4372 addictam
857 4315 964 4371 laesioni
1018 4316 1106 4373 disset
1131 4330 1261 4383 exesum,
1294 4315 1393 4373 tibiam
1430 4328 1548 4385 quoque
1578 4311 1741 4383 pervadens
1774 4312 1866 4369 cruris

116 4398 263 4470 comperit,
292 4399 321 4456 in
343 4414 401 4470 quo
425 4400 606 4471 potissimum
630 4403 691 4459 sola
705 4401 822 4459 vincula
845 4410 965 4473 experta
1018 4403 1126 4474 pariter
1140 4418 1277 4475 suprema
1292 4403 1451 4474 corripuit3
1476 4416 1578 4458 carnes
1600 4414 1728 4471 namque
1750 4414 1864 4468 vorans,

22 4522 24 4527 ν
119 4484 199 4556 ignes
211 4486 370 4558 obstupuit.
1018 4504 1174 4547 nervorum
1194 4491 1301 4547 duritia
1322 4490 1428 4546 tabidis
1452 4488 1593 4546 duoribus
1616 4488 1782 4557 latescente,
1805 4501 1867 4546 ossa

154 4579 227 4629 ³04
255 4579 408 4646 assumpta
436 4576 535 4647 itaque
560 4577 606 4635 1111
623 4577 799 4634 Laudunum
813 4577 874 4648 ipse
893 4592 963 4635 con·
1018 4586 1171 4642 retexerat,
1196 4579 1353 4649 eademque
1374 4592 1442 4634 casu
1466 4577 1634 4648 quotidiano
1650 4590 1746 4646 usque
1768 4577 1805 4634 ad
1820 4590 1865 4649 ge·

117 4661 217 4730 tendit,
237 4670 265 4719 11
280 4664 349 4719 satis
378 4665 530 4735 copiosiori
560 4666 662 4722 urbem
685 4665 848 4736 frequentia
868 4665 963 4738 ingre·
1018 4667 1149 4723 niculum
1184 4666 1238 4722 hac
1270 4666 1376 4737 illaque
1403 4666 1594 4735 disperserat;
1621 4664 1658 4720 ad
1685 4664 1749 4720 baec
1775 4665 1866 4721 cruris

117 4748 195 4805 ditur
209 4751 244 4806 ad
261 4751 391 4822 gloriam,
408 4754 624 4825 quampridem
646 4754 778 4811 habuerit
792 4768 859 4811 cum
875 4753 964 4824 prou-
1019 4755 1108 4825 pulpa
1122 4753 1256 4810 delicians
1270 4768 1363 4824 usque
1382 4753 1418 4809 ad
1435 4754 1497 4823 ipsa
1512 4752 1628 4808 narium
1651 4752 1865 4824 inguinumque

117 4835 272 4893 cisceretur
281 4839 317 4893 ad
324 4852 448 4908 poenam.
461 4839 553 4907 Quam
561 4841 760 4897 vicedominus
770 4856 836 4898 cum
846 4842 964 4898 domum
1018 4842 1154 4914 contigua
1164 4843 1242 4899 nudo
1252 4856 1313 4899 osse
1329 4842 1389 4913 jam
1402 4841 1476 4898 male
1488 4840 1624 4913 pendulo,
1634 4841 1696 4910 pari
1721 4841 1865 4898 sententia

117 4925 261 4995 propriam
283 4925 425 4983 divertere
440 4928 587 4998 potuisset,
605 4936 633 4986 et
651 4943 753 4985 curam
779 4929 895 4985 indictis
917 4930 965 4986 do-
1018 4930 1234 4987 succumbebat.

116 5010 226 5070 loribus
249 5012 395 5083 adbibere,
419 5015 502 5073 beata
529 5015 578 5072 illa
597 5017 705 5086 renuit,
734 5017 783 5074 sed
811 5031 869 5073 non
893 5017 964 5074 alias
1054 5021 1125 5075 Cum
1141 5017 1231 5090 igitur
1251 5031 1302 5087 pro
1318 5016 1422 5074 misera
1436 5030 1490 5073 sua
1511 5014 1693 5082 habitudine,
1716 5022 1745 5073 et
1761 5015 1864 5088 putori,

116 5097 202 5168 plane
215 5100 468 5172 ituramquamad
482 5117 557 5171 eam,
572 5119 675 5177 quaese
690 5105 867 5173 salvaverat,
878 5105 961 5163 dixit.
1018 5112 1045 5162 et
1060 5104 1163 5174 pudori
1183 5102 1244 5159 suis
1257 5102 1387 5173 cupisset
1401 5117 1461 5158 esse
1479 5101 1658 5172 parentibus,
1683 5107 1778 5159 totum
1804 5102 1866 5160 sub

117 5185 275 5257 vestigium
313 5188 402 5260 igitur
431 5190 467 5246 ad
497 5191 646 5249 ecclesiam
682 5200 841 5264 retorquet,
869 5195 963 5250 media
1018 5191 1090 5246 sidio
1102 5189 1244 5247 divinose
1262 5188 1393 5257 contulit,
1417 5196 1444 5246 et
1466 5189 1502 5244 ad
1531 5185 1691 5259 quamdam
1718 5187 1863 5245 ecclesiam

117 5272 235 5331 basilica
252 5274 450 5334 dominaesuae
473 5293 523 5349 pro
548 5280 692 5338 beneficiis
713 5290 810 5338 nostro
837 5288 963 5351 tempore
1018 5278 1108 5334 beatu
1133 5276 1230 5334 llariae
1257 5276 1431 5348 blagdalenae
1454 5275 1562 5332 nomini
1586 5275 1748 5331 dedicatam
1774 5271 1864 5332 ederri

152 5446 358 5515 (1111111111.
376 5450 423 5507 lib.
446 5467 487 5519 111,
506 5468 531 5510 1.
546 5455 591 5522 27,
608 5454 638 5509 in
662 5454 806 5526 append„
830 5467 893 5510 eam
909 5453 1038 5526 appellat
1052 5450 1233 5523 Soibarpam.
