3818 6008
89 170 119 229 tl
525 167 555 224 V.
574 163 774 223 delusurus
790 163 900 221 ABRAS
918 163 946 219 S.
968 162 1087 226 MARIAE
1102 164 1151 221 DE
1170 164 1376 223 llovlcuttlo.
1806 172 1835 226 lt

87 303 191 362 amabo
206 299 394 359 strenuiorem
410 305 437 356 te
451 297 710 370 sapientioremque
734 293 874 351 desideret
898 293 1101 351 solertissimus
1128 294 1241 352 abbas?
1269 296 1369 367 Neque
1383 309 1467 366 porro
1482 295 1511 352 in
1531 296 1586 353 bac
1600 297 1834 370 gravissimorum

87 399 247 463 temporum
275 389 408 461 procella,
425 390 475 446 ubi
491 388 637 445 anxiferas
662 384 869 457 amplitudinis
895 384 964 440 'luae
992 396 1077 439 curas
1106 384 1239 449 advertit,
1266 386 1374 456 quibus
1392 399 1449 441 nou
1465 386 1548 442 medo
1575 387 1744 459 reciprocati
1765 390 1836 460 iuris

86 481 296 537 controversias
311 479 507 549 clientumque
523 490 567 533 res
581 475 668 546 geris,
682 475 730 530 sed
748 473 874 530 universi
888 485 1005 543 quoque
1020 472 1102 541 regni
1125 474 1263 545 prospieis
1276 474 1373 541 saluti,
1389 489 1547 544 suspensus
1564 476 1654 533 haeret
1669 477 1725 533 tuis
1740 478 1836 537 sistere

87 582 116 622 so
133 567 281 624 liminibus
294 583 302 636 ;
315 581 410 637 neque
425 567 498 623 lasse
518 564 663 636 negotium
686 562 823 619 lacessere
839 568 974 629 voretur3
991 560 1012 616 si
1030 561 1146 632 quidem
1169 578 1227 633 quo
1246 563 1330 633 pollet
1346 562 1452 635 ingenii
1483 563 1592 621 lumine
1615 572 1641 621 te
1664 566 1744 622 nevit
1760 567 1834 624 omni

86 665 114 713 et
129 656 217 712 animi
230 655 370 713 etvirium
391 653 572 712 contentione
588 651 764 724 superiorem
792 650 935 706 evasisse:
961 648 1046 707 coivit
1072 657 1217 707 tantorum
1240 651 1421 722 negotiorum
1438 651 1512 707 mole
1527 653 1662 721 recreari,
1684 669 1835 726 nunquan

86 757 154 800 vero
169 742 287 814 deprimi
306 741 527 799 invictissimum
541 741 629 798 illuns¹
1248 794 1251 800 ,

120 833 228 890 Nactus
243 832 333 904 igitur
347 831 460 888 licreem
483 830 687 897 clarissimum,
702 828 798 885 virum
814 825 960 884 Themidis
975 825 1003 881 iu
1019 827 1122 884 throno
1135 826 1319 894 residentem,
1337 834 1425 898 atque
1447 829 1518 885 adeo
1532 828 1752 903 presidentem
1770 847 1834 890 cunr

86 921 193 993 ingenii
207 921 253 978 sui
271 921 329 978 letu
343 919 495 990 multiplici
511 918 630 976 liberius
643 918 715 975 redit
729 917 765 974 ad
782 917 871 973 vitam
887 923 938 972 tua
953 916 1044 975 tutela
1065 915 1119 973 sibi
1135 923 1280 987 superstes
1303 916 1476 989 Guibentus3
1492 926 1520 974 et
1544 917 1598 975 sibi
1613 918 1733 991 suisque
1747 923 1836 992 operi·
1869 906 1873 985 ἶ

84 1008 149 1077 bus,
166 1017 192 1066 te
206 1023 341 1080 supremo
354 1008 454 1066 iudice
476 1007 567 1064 lucem
593 1007 704 1063 reddita
730 1019 901 1077 magnopere
922 1004 1096 1075 gratuletur.
1121 1004 1184 1072 Qua
1207 1003 1236 1060 iu
1251 1018 1281 1061 re
1302 1005 1427 1074 proiecto
1451 1006 1529 1064 baud
1553 1016 1595 1063 est
1615 1010 1761 1065 deibertus
1775 1010 1836 1068 vul·

85 1098 147 1168 gari
164 1096 317 1167 prudentia
331 1095 480 1167 preditus,
494 1094 546 1165 qui
560 1095 615 1150 sub
631 1093 719 1166 lruJus
730 1093 887 1164 aequissimi
904 1093 1031 1164 presidis
1050 1093 1149 1150 inlulis
1170 1093 1350 1149 solummodo
1364 1108 1394 1149 se
1417 1102 1511 1151 tutum
1531 1095 1685 1165 existimat,
1703 1097 1733 1153 in
1750 1099 1833 1169 cujus

83 1183 253 1254 patrocinio,
267 1184 291 1241 si
307 1184 426 1253 viveret,
442 1191 627 1254 versaretur;
644 1182 700 1239 imo
715 1182 854 1254 singulari
873 1182 1012 1253 sapientia
1034 1181 1205 1248 illustratus,
1221 1181 1272 1253 qui
1287 1182 1323 1238 ob
1344 1184 1539 1252 quorumdam
1560 1184 1682 1242 livorem
1695 1186 1730 1242 de
1746 1199 1832 1243 eausa

84 1287 153 1330 nam
1184 1275 1191 1292 ·

386 1384 461 1435 siunt
480 1379 544 1435 beili
558 1394 646 1434 causac
661 1376 709 1453 [ajl

83 1484 214 1542 nonnihil
228 1484 435 1557 deprecaturus
450 1486 529 1557 apud
544 1485 677 1542 bloleum
691 1499 808 1542 causam
823 1484 944 1542 collocat
959 1497 994 1540 ne
1010 1483 1104 1541 eadat.
1121 1483 1189 1552 Quis
1202 1482 1277 1540 enim
1297 1482 1389 1554 ludici
1403 1496 1548 1553 supremo,
1568 1481 1719 1555 eidemque
1732 1483 1834 1555 justis-

83 1573 156 1629 simo
171 1574 276 1631 audeat
290 1574 430 1647 reiragari
444 1575 458 1629 l
474 1575 500 1632 Sl
517 1575 678 1630 Greibertum
694 1573 803 1632 nullius
817 1587 898 1631 reum
922 1572 1080 1641 arbitreris,
1106 1572 1202 1629 insons
1225 1572 1296 1644 enit3
1310 1572 1333 1628 si
1348 1579 1405 1628 tuae
1428 1578 1563 1642 acceptus
1586 1570 1673 1628 luerit
1690 1573 1832 1643 aequitati,

83 1661 189 1718 {emula
202 1661 317 1719 virtutis
333 1662 442 1719 invidia
458 1663 499 1720 vcl
520 1663 645 1734 proderit
661 1663 706 1720 vel
731 1662 842 1720 nocebit
868 1661 951 1729 nibil,
972 1661 1080 1733 quippe
1095 1661 1123 1717 id
1147 1668 1242 1717 ratum
1271 1660 1390 1731 suisque
1418 1660 1581 1717 absolutum
1611 1661 1739 1718 numeris
1752 1661 1834 1718 lacile

82 1748 189 1821 euique
205 1749 359 1820 videbitur,
375 1750 423 1807 ubi
437 1751 568 1809 acerrimi
584 1765 690 1822 praeses
703 1750 805 1822 jndieii
821 1764 873 1807 suu
884 1750 1004 1822 dignum
1019 1763 1136 1806 assensu
1152 1758 1179 1806 et
1194 1750 1310 1806 nomine
1323 1749 1525 1821 comprobarit.
1542 1747 1622 1805 Felix
1637 1748 1739 1820 utique
1755 1750 1834 1821 quod

83 1836 167 1895 talem
184 1846 339 1909 patronum
358 1841 537 1911 compererit,
558 1840 609 1911 qui
623 1848 699 1897 lotus
718 1838 803 1912 regiis
818 1838 1000 1910 publicisque
1019 1837 1107 1894 rebus
1128 1838 1260 1894 addictus
1284 1839 1441 1894 niaxirnam
1461 1844 1595 1894 autumat
1617 1836 1788 1906 felicitatem,
1810 1838 1833 1894 si

84 1932 175 1981 tolum
190 1940 219 1983 se
233 1926 260 1983 in
277 1927 392 1984 tuendis
404 1928 525 1985 eruditis
540 1928 618 1996 viris,
634 1936 661 1984 et
676 1929 801 1985 maxime
826 1927 977 1984 arctiorem
999 1927 1088 1984 vitam
1112 1927 1321 1997 profitentibus,
1340 1926 1525 1984 libentissime
1546 1925 1657 1994 oderat,
1677 1927 1833 1998 impendat.

83 2011 128 2070 Sic
144 2021 290 2071 mortuum
306 2015 444 2072 laudibus
457 2014 543 2072 ellero
558 2015 724 2086 antistitem,
739 2015 788 2088 qui
810 2030 840 2073 se
854 2028 967 2087 suaque
980 2023 1045 2072 avet
1070 2015 1171 2073 oderre
1186 2015 1258 2073 bene
1273 2016 1413 2087 beateque
1428 2015 1546 2083 viventi,
1562 2015 1752 2087 omniumque
1763 2016 1833 2087 jura

83 2100 201 2170 videnti,
217 2103 314 2174 legum
329 2104 457 2161 antistiti.

117 2189 203 2245 Vides
217 2191 317 2261 igilur,
334 2192 465 2264 princeps
480 2199 596 2248 serimus
620 2192 822 2261 cordatissime,
838 2207 892 2250 eur
907 2193 937 2250 in
951 2200 1046 2257 tuum,
1063 2193 1134 2265 quin
1154 2202 1181 2250 ct
1193 2194 1311 2265 justitie
1326 2195 1432 2263 sinum,
1458 2209 1489 2252 se
1504 2192 1620 2264 recipiat
1640 2192 1731 2249 abbas
1748 2193 1832 2250 Novi-

82 2277 225 2350 gentinus.
240 2278 312 2335 Vide
335 2293 431 2336 curse
457 2279 508 2336 tibi
533 2279 627 2343 unice,
654 2295 708 2336 cur
723 2279 753 2335 in
780 2293 911 2350 purpura
936 2289 988 2338 tua
1011 2282 1098 2337 decus
1125 2282 1243 2349 ambiet,
1269 2296 1324 2338 cur
1350 2282 1549 2338 auctoritatem
1574 2281 1603 2334 in
1625 2288 1675 2336 tua
1690 2281 1832 2351 sapientia

82 2373 203 2437 queerat,
218 2380 272 2423 cur
285 2373 368 2424 tuum
385 2381 488 2425 nemen
513 2367 543 2424 in
565 2381 685 2438 operum
709 2380 828 2422 suorum
857 2365 949 2424 lrente
976 2368 1119 2439 deposcet.
1139 2371 1243 2424 Rrrrsus
1271 2385 1320 2424 eur
1345 2385 1392 2424 suo
1420 2370 1494 2423 cuitu
1515 2368 1576 2422 orbi
1592 2369 1717 2422 univero
1731 2370 1831 2422 reeici-

81 2471 154 2510 scere
167 2460 291 2522 conetur,
307 2461 333 2511 et
346 2456 498 2513 rescindere
511 2458 679 2527 sepulturum
693 2469 780 2523 suero,
805 2455 927 2510 tenebras
941 2456 989 2528 (5).
1012 2456 1118 2523 Quidni
1133 2471 1162 2512 se
1186 2457 1222 2512 ad
1245 2457 1333 2513 solem
1360 2457 1438 2513 orbis
1455 2455 1553 2512 Gallici
1571 2454 1646 2510 illico
1660 2455 1830 2511 convenisti

81 2542 172 2599 Solem
188 2543 299 2612 dixero,
315 2543 365 2615 qui
390 2551 430 2600 tot
443 2552 575 2616 auguste
590 2551 756 2600 senatorum
780 2557 891 2600 coronae
906 2544 998 2599 sidero
1024 2545 1114 2600 eculei
1136 2544 1193 2617 (6);
1215 2559 1300 2616 quem
1328 2552 1367 2601 tot
1389 2544 1474 2601 etiam
1499 2541 1653 2613 purpurati
1670 2543 1766 2600 Patres
1780 2543 1832 2598 de-

81 2629 241 2687 mirantur:

345 2736 485 2806 Solemque
499 2751 588 2803 sunm,
604 2750 654 2790 suu
664 2735 755 2790 sideru
769 2739 868 2789 nerunt
884 2735 941 2808 (7);

79 2839 179 2912 sieque
192 2850 218 2899 te
228 2840 387 2914 iudicante,
401 2841 563 2914 tejubente,
577 2842 671 2898 oritur
685 2848 717 2899 ut
732 2841 845 2897 Luciler
859 2856 1010 2915 nunquam
1027 2858 1167 2915 passurus
1176 2843 1313 2915 eclipsim,
1330 2843 1437 2899 nedum
1449 2855 1594 2898 oceasum.

115 2929 163 2986 Sin
179 2944 247 2988 vero
259 2929 405 3003 (quamvis
428 2932 510 3002 plene
532 2931 594 2988 suis
609 2931 637 2987 in
652 2929 764 3000 seriptis
787 2944 904 2987 causam
932 2933 1107 3004 peroraverit
1121 2935 1216 3003 suam)
1246 2933 1400 2989 seiolorum
1419 2945 1570 2987 censuram
1595 2929 1784 3001 pertimescat,
1800 2931 1830 2986 in

79 3018 188 3090 quibus
200 3018 350 3091 plurimum
364 3021 486 3088 malitiae,
501 3022 642 3090 sapientire
662 3036 762 3089 perum
777 3020 828 3091 (8);
844 3021 948 3092 ecquid
967 3022 1075 3079 mirum
1094 3021 1117 3078 si
1138 3030 1163 3078 te
1184 3021 1308 3092 appellat
1329 3020 1513 3077 scientiarum
1529 3019 1658 3074 omnium
1673 3017 1829 3084 officinam,

78 3107 228 3162 intellectus
242 3109 356 3162 lumeni
374 3107 468 3175 finem,
486 3110 680 3178 perfectionem
702 3114 728 3163 cl
753 3110 897 3163 terminum
913 3109 959 3181 (9),
975 3117 1003 3166 et
1024 3110 1102 3182 quod
1122 3124 1167 3167 res
1194 3108 1329 3181 postulat,
1343 3108 1470 3181 judicem
1496 3121 1559 3164 reus
1581 3105 1758 3163 severissime
1775 3120 1831 3176 pu-

79 3193 227 3251 nientemi

115 3282 181 3339 llaec
199 3283 235 3339 ad
251 3284 380 3341 votivum
396 3299 503 3341 munus
516 3283 653 3341 Guiberto
681 3283 746 3354 plus
762 3284 831 3341 satis
844 3298 905 3342 esse
933 3283 1117 3355 videbantur,
1140 3292 1328 3357 protopraeses
1346 3283 1532 3355 amplissime,
1547 3284 1611 3341 licet
1633 3282 1713 3339 illum
1735 3295 1831 3337 cause

31 3390 35 3398 ·
77 3372 227 3443 permultae
242 3374 383 3430 moverint
398 3387 481 3445 aeque
502 3387 612 3445 graves.
634 3373 721 3430 Movit
746 3373 887 3445 imprimis
914 3382 965 3432 tua
991 3374 1021 3430 in
1049 3375 1141 3432 Deum
1160 3374 1260 3446 religio
1286 3373 1454 3446 singularis,
1471 3375 1544 3430 mira
1567 3372 1689 3443 justitia,
1711 3369 1832 3428 coelestis

77 3462 276 3532 temperantia.
292 3461 411 3534 Religio,
424 3476 483 3533 qua
500 3463 557 3518 Deo
570 3462 733 3530 obstrictus,
764 3462 911 3535 religatus,
931 3462 1025 3534 ipsum
1053 3462 1154 3519 intima
1181 3470 1276 3519 mente
1305 3462 1462 3531 veneraris,
1492 3459 1619 3531 sequeris
1629 3474 1638 3529 ;
1653 3463 1681 3514 et
1697 3472 1767 3528 qua,
1783 3466 1829 3515 ut·

78 3554 143 3618 pole
159 3547 269 3620 primus
284 3563 426 3621 supremae
441 3550 529 3606 curiae
546 3565 660 3622 presses,
677 3551 731 3622 ipsi
745 3551 856 3609 cultum
870 3559 1009 3623 tanquam
1032 3552 1124 3623 primo
1148 3566 1246 3609 rerum
1269 3552 1400 3609 omnium
1415 3550 1563 3622 principio,
1592 3548 1704 3605 excelso
1732 3548 1829 3603 animo

77 3634 307 3709 haudquaquam
330 3638 436 3695 desinis
451 3639 597 3696 exhibere.
625 3640 748 3706 lustitia,
761 3654 821 3712 qua
844 3653 991 3697 summum
1003 3639 1053 3711 ius
1067 3640 1096 3696 in
1121 3642 1244 3712 teipsum
1264 3654 1411 3709 exercens,
1427 3652 1541 3697 summo
1555 3636 1648 3694 ludici
1672 3643 1699 3694 te
1718 3642 1829 3705 tuaque

76 3724 173 3781 omnia
187 3724 285 3781 relers.
302 3725 512 3797 Temperantia,
529 3742 588 3800 qua
602 3742 717 3785 summo
731 3742 829 3786 rerum
857 3726 987 3800 Domino,
1010 3729 1182 3800 dominium,
1203 3745 1263 3803 quo
1285 3730 1341 3787 sub
1356 3743 1422 3800 rege
1447 3727 1545 3799 pollet.
1572 3725 1707 3792 demittis,
1722 3735 1826 3793 lasum

75 3819 128 3882 est,
148 3813 303 3870 submittis.

111 3899 302 3968 Quamobrem
315 3916 373 3959 non
386 3902 468 3973 milri,
488 3917 547 3960 non
567 3903 714 3974 Guiberto,
730 3905 779 3962 sed
796 3904 955 3962 virtutibus
982 3904 1039 3961 tuis
1059 3904 1146 3962 debes
1174 3902 1249 3974 quod
1265 3901 1356 3958 abbas
1376 3914 1406 3956 se
1421 3899 1473 3956 tibi
1495 3898 1645 3968 devoveat,
1660 3899 1711 3971 qui
1728 3906 1755 3956 te
1769 3899 1828 3956 lico

74 3995 166 4046 totum
183 3989 339 4062 devovisli3
351 3991 436 4048 debes
450 3991 526 4063 quod
541 3993 664 4064 supplex
692 3993 894 4067 Nongentlnus
919 3992 955 4049 ad
978 3992 1172 4064 justitiaetuae
1193 3988 1310 4048 oracula
1331 3995 1473 4056 recurrat,
1498 3988 1549 4059 qui
1561 3988 1633 4060 justi
1647 3988 1756 4045 iudicis
1774 4002 1828 4045 au-

75 4077 199 4135 ctoritati
224 4079 321 4135 omnia
343 4079 453 4145 debere,
481 4082 616 4153 vicesque
643 4097 742 4155 gerere
767 4080 927 4154 profiteris:
951 4080 1037 4138 debes
1064 4079 1142 4151 quod
1170 4086 1304 4136 mortuus
1325 4077 1430 4134 iterum
1458 4090 1510 4149 per
1525 4084 1552 4134 te
1579 4076 1746 4147 reviviscat,
1775 4077 1827 4147 qui

74 4165 205 4223 animum
220 4174 304 4223 tuum
318 4168 384 4222 vitm
398 4176 426 4225 et
442 4169 520 4226 necis
533 4170 643 4228 auctori
659 4171 716 4229 beo
728 4170 900 4243 jampridem
912 4169 1094 4226 consecrasti.

110 4254 197 4312 licvit
210 4261 260 4310 tua
276 4253 306 4309 in
321 4267 417 4326 rogem
430 4263 458 4311 et
472 4256 597 4326 patriam
622 4257 713 4328 pietas
735 4258 853 4326 eximia,
878 4272 967 4330 quarn
996 4258 1154 4326 religionem
1179 4255 1303 4312 secunde
1325 4255 1480 4324 maiestatis
1506 4253 1660 4326 appellavit
1676 4252 1828 4311 Tertullia-

74 4356 131 4399 nus
146 4342 219 4413 (10):
237 4349 269 4399 ut
298 4357 399 4400 verum
423 4344 460 4400 sit
480 4345 558 4416 quod
585 4345 656 4402 nibil
686 4347 772 4404 baeee
799 4355 850 4404 tua
878 4351 983 4420 pietate
1010 4345 1220 4416 praecellentius
1248 4344 1305 4401 dici
1330 4351 1381 4401 aut
1404 4343 1561 4415 excogitari
1587 4350 1694 4413 queat;
1711 4342 1828 4412 ipsaest

72 4430 149 4487 enim
163 4443 222 4503 qua
237 4444 333 4488 rerum
350 4431 494 4489 labantem
508 4440 615 4490 statum
645 4433 720 4492 inter
740 4442 781 4491 tot
806 4436 885 4492 necis
910 4434 1077 4493 discrimina
1106 4433 1233 4502 erexisti,
1260 4432 1422 4500 succolasti,
1438 4430 1601 4501 reborasti3
1624 4430 1684 4501 ipsa
1709 4438 1750 4486 cst
1767 4443 1828 4500 qua

73 4516 223 4575 inflexibili
239 4518 483 4579 humerotantam
498 4534 596 4578 rerum
622 4523 767 4579 sustinens
787 4522 900 4592 molem,
929 4524 1082 4581 immotum
1103 4522 1201 4580 Gallia
1230 4536 1352 4593 regnum
1382 4520 1539 4587 reddidisti,
1567 4527 1665 4590 utpote
1688 4522 1827 4573 constan-

74 4604 179 4663 tissime
191 4605 343 4664 suliultum
354 4608 445 4680 hujus
460 4616 516 4666 tuae
533 4610 646 4680 pietatis
664 4616 749 4680 partu
774 4610 890 4682 triplici,
916 4611 971 4670 lide
985 4610 1135 4676 nimirum,
1150 4611 1310 4667 mustantia
1325 4609 1539 4680 prudentiaque
1553 4605 1632 4664 velut
1647 4603 1827 4661 solidissimis

70 4694 222 4752 columnis.
238 4696 308 4753 lnde
324 4697 356 4753 llt
370 4704 403 4754 ut
427 4712 486 4755 non
500 4705 581 4755 tuam
601 4699 753 4765 duntaxat,
771 4701 819 4756 sed
840 4701 1011 4760 immertalis
1024 4702 1170 4760 memorie
1196 4700 1332 4758 Ludovici
1352 4700 1426 4757 lusti
1449 4698 1630 4771 prudentiam
1646 4696 1823 4754 demiretur:

71 4782 275 4854 lanqueum
290 4799 437 4843 summum
460 4795 579 4844 senalus
602 4785 759 4858 principem
787 4788 927 4860 elegerit;
954 4791 1043 4859 illam,
1060 4802 1126 4847 enm
1152 4797 1258 4847 cuncta
1282 4788 1400 4845 solerter
1413 4787 1516 4858 egeris.
1530 4786 1568 4843 'lc
1582 4799 1634 4843 rex
1650 4784 1680 4840 in
1700 4783 1825 4840 dicundo

107 5014 141 5085 (dl
161 5015 273 5073 AEneid.
291 5031 340 5074 vu.

153 5085 260 5142 Tertrrl.
278 5088 318 5144 lle
332 5092 488 5144 resurrect.
501 5097 599 5163 caro,
613 5096 638 5140 c.
654 5083 699 5140 ti.

116 5158 134 5213 6
157 5156 267 5240 Trebel.
284 5157 315 5214 in
328 5155 429 5215 claud.
442 5172 450 5224 ;
465 5156 538 5212 le.
556 5153 605 5210 lib.
622 5168 710 5213 nxxrr

114 5227 377 5370 iliatam.
421 5363 427 5376 ,
616 5367 623 5380 .

114 5370 140 5433 9)
157 5368 308 5435 averroes,
325 5367 364 5423 [te
378 5365 465 5423 Anst.
481 5381 510 5422 ru
545 5380 561 5423 e
576 5380 682 5424 amma.

114 5440 158 5508 ld)
173 5438 335 5509 apologet..
352 5451 377 5492 e.
392 5435 437 5489 35.
