3818 6008
471 245 583 303 Gustu
600 246 662 303 but
682 246 747 302 PER
769 247 939 303 FRANCOS.
961 276 993 289 ·-
1010 247 1077 304 tte.
1097 247 1147 303 lll.
1637 252 1690 304 714

56 377 119 438 tur,
148 378 257 440 quanto
282 372 420 428 minorem
442 389 560 444 operum
585 391 705 433 suorum
729 391 785 433 no·
803 381 826 434 Α
841 377 915 434 tione
936 393 1072 449 prospera
1094 379 1246 434 devehitur
1270 377 1472 447 Dyrrachium.
1498 376 1688 434 Consideran-

56 459 139 515 nobis
160 460 333 530 praebuerat,
362 469 440 517 tanto
462 464 550 534 hujus
573 465 674 522 scriem
699 466 785 522 bisto·
841 465 911 522 dum
926 480 1053 536 namque
1068 466 1121 522 sibi
1138 465 1241 528 luerat,
1263 465 1334 535 quia
1352 465 1388 520 ad
1412 471 1559 522 tantarum
1584 480 1689 536 exspe-

76 546 225 619 principiis
255 550 407 618 usquead
435 549 532 620 finem,
561 553 696 611 maximae
726 568 787 611 suae
841 554 993 611 clationem
1024 566 1222 625 personarum,
1259 552 1295 608 ad
1329 559 1424 608 tantas
1453 552 1585 622 equitum
1610 553 1690 624 pedi-

90 642 118 691 et
145 636 312 692 constantiae
348 638 525 696 monimento
557 639 699 698 nobilitat.
733 640 786 709 Qui
840 648 962 713 tumque
994 641 1101 712 copias,
1139 641 1226 697 totius
1259 639 1384 706 orecte,
1416 646 1447 696 ut
1485 640 1525 697 ita
1553 641 1688 710 dixerim,

82 723 209 779 naturali
238 723 352 780 cuidam
383 739 437 781 suo
460 724 519 782 lilio
540 729 678 785 comitatu
700 743 787 800 quem
841 729 1029 786 fundamenta
1043 735 1229 786 tremuerant.
1245 728 1281 784 Et
1306 726 1370 784 licet
1389 727 1512 785 aliorum
1538 742 1689 798 procerum

75 810 182 878 relicto,
196 813 340 881 propriam
357 813 520 886 conjugem,
536 829 603 872 cum
620 816 678 872 lilio
700 831 787 888 quem
841 816 933 874 multo
959 816 1059 888 major,
1081 832 1168 888 quam
1197 815 1297 886 ipsius,
1326 816 1404 886 apud
1429 831 1481 873 nos
1508 824 1693 887 reputaretur

60 905 198 970 exagerat
225 900 322 967 unico,
349 915 445 957 secum
476 901 570 959 duxit.
593 904 662 960 Erat
691 912 787 962 autem
841 904 1007 971 auctoritas,
1039 904 1117 976 apud
1147 911 1261 960 exteros
1291 911 1396 972 tamen,
1428 904 1584 973 praesertim
1614 905 1692 975 apud

56 1000 66 1042 s
101 985 205 1070 uostris
239 987 420 1057 principibus
454 996 536 1046 aetate
569 992 720 1062 maturior,
759 1001 788 1051 et
841 992 1029 1048 inertissimos
1047 993 1198 1048 bominum
1214 991 1336 1060 Graecos,
1359 992 1394 1048 de
1415 992 1490 1064 regis
1514 993 1693 1049 Francorum

56 1088 79 1136 t,
93 1073 148 1129 nisi
170 1082 313 1145 quantum
334 1076 370 1130 ad
395 1078 528 1148 garrulos
550 1079 702 1137 bominum
720 1081 787 1138 Pro·
841 1079 928 1136 lratte
945 1078 1116 1150 praevolarat
1131 1079 1244 1135 infinita
1266 1079 1425 1135 celebritas.
1442 1078 1513 1135 Cum
1538 1093 1606 1151 ergo
1630 1081 1693 1136 dux

57 1175 107 1217 um
123 1175 216 1218 mores
238 1170 354 1232 spectat,
376 1165 450 1221 nulli
472 1166 600 1223 inferior.
625 1171 696 1225 Cum
719 1183 788 1240 ergo
842 1167 1030 1239 imperatorie,
1052 1168 1102 1238 qui
1116 1166 1219 1223 ibidem
1236 1168 1444 1234 commanebat,
1466 1181 1632 1238 nonnvagna
1645 1168 1694 1224 bo-

56 1250 134 1306 vsima
149 1250 369 1307 fortissimorum
385 1253 508 1310 militum
535 1269 649 1324 manus,
671 1271 706 1313 ea
729 1271 789 1328 qua
842 1256 949 1312 minem
961 1254 1142 1326 spectabilem
1156 1254 1322 1310 attendisset
1336 1255 1462 1311 cinctum
1479 1269 1579 1323 manu,
1596 1256 1692 1312 subri-

56 1355 60 1392 v
81 1336 221 1407 proficisci
244 1337 368 1395 solemus
392 1339 448 1407 via,
472 1356 565 1412 usqne
592 1342 621 1398 in
636 1343 788 1414 Appuliam
843 1342 1208 1416 puit[l.subrepsit.E.P.]
1222 1342 1403 1398 illiusanimo
1416 1343 1692 1400 extantaesolitudi·

56 1433 132 1492 sent,
150 1440 187 1481 ex
202 1426 296 1482 calore
309 1429 432 1493 insolito,
449 1442 516 1498 quae
532 1438 601 1486 tuuc
622 1439 683 1487 erat
704 1439 790 1487 aesta·
843 1431 1111 1501 nisopportunitate
1127 1430 1265 1501 nequitia,
1284 1430 1426 1500 illumque
1437 1431 1693 1500 comprehendens,

78 1514 263 1584 corruptione
285 1516 368 1583 aeris,
399 1516 434 1572 de
463 1532 593 1573 escarum
628 1519 788 1588 insolentia,
843 1519 978 1589 precepit
1013 1517 1289 1587 Constantinopolim
1318 1517 1354 1573 ad
1389 1517 1592 1586 imperatorem
1626 1533 1693 1574 cum

56 1600 86 1656 vri
101 1602 256 1671 perniciem
274 1603 369 1660 nimiae
385 1612 593 1662 contraxerunt
613 1607 789 1663 infirmitatis
843 1606 935 1662 multa
953 1606 1114 1677 provisione
1128 1620 1163 1662 ao
1178 1606 1339 1662 reverentia
1355 1605 1441 1674 duri3
1465 1606 1501 1661 ob
1526 1606 1579 1661 boc
1601 1605 1694 1662 solum

56 1689 114 1755 rtis.
144 1690 189 1746 tld
223 1691 351 1748 diversos
380 1692 478 1764 itaque
504 1708 572 1760 sese,
591 1694 786 1764 contuleruut,
807 1671 875 1751 But
890 1694 974 1749 sidem
990 1693 1088 1750 timido
1103 1693 1226 1763 principi
1250 1693 1331 1748 daret
1354 1692 1432 1763 quod
1460 1706 1509 1762 per
1532 1707 1599 1749 oum
1624 1693 1692 1749 vitae

56 1776 195 1846 trimme,
210 1788 320 1848 portus.
842 1797 902 1838 suae
917 1789 944 1837 et
957 1781 1074 1838 bonoris
1099 1795 1216 1851 prorsus
1239 1780 1382 1836 indemnis
1406 1780 1548 1837 existeret.
1574 1781 1601 1836 ls
1622 1794 1690 1852 ergo

56 1865 165 1923 ‚disium
182 1865 288 1936 plures,
307 1868 358 1923 bos
377 1868 497 1939 suscipit
511 1869 595 1926 avius
609 1869 731 1939 Ydrous,
844 1869 964 1926 illustris
980 1869 1035 1924 viri
1049 1883 1143 1936 casus,
1161 1869 1316 1924 maximam
1332 1868 1516 1938 sequentium
1538 1883 1691 1939 procerum

56 1954 152 2024 piscosi
169 1963 326 2024 patuerunt
341 1970 458 2026 aequora
472 1957 548 2012 Bari.
844 1956 1003 2013 tortitudini
1041 1957 1255 2012 enervationem
1297 1955 1403 2011 intulit.
1445 1956 1523 2012 Idem
1565 1970 1693 2027 namque

56 2039 80 2113 .]
95 2047 130 2098 at
144 2042 227 2113 llugo
249 2042 383 2114 Magnus,
409 2058 466 2100 non
490 2052 651 2116 exspectata
669 2060 789 2102 suorum
844 2045 936 2100 lacere
952 2044 1029 2115 quod
1049 2045 1085 2100 ab
1102 2045 1154 2100 isto
1168 2044 1311 2115 exigebat,
1332 2058 1383 2100 seu
1402 2043 1441 2111 vi,
1463 2057 1515 2100 seu
1536 2044 1621 2112 clam,
1643 2058 1696 2100 seu

59 2144 108 2185 um
123 2131 411 2202 comprincipumque
434 2133 558 2200 comitia,
580 2133 666 2189 nimis
687 2134 790 2189 iucou-
844 2132 974 2203 precario
998 2141 1113 2189 caeteros
1141 2133 1232 2203 coegit
1261 2131 1398 2201 principis
1420 2129 1598 2187 iraudulenti
1619 2137 1696 2186 astu-

56 2216 136 2273 uimis
163 2231 342 2289 praepropere
366 2220 442 2275 adito
467 2220 531 2276 Bari
546 2229 640 2290 portu,
667 2221 791 2291 naviga·
846 2222 894 2277 tia.
909 2220 961 2277 Sed
974 2221 1035 2293 jam
1054 2221 1120 2276 linis
1133 2220 1202 2276 buio
1216 2219 1311 2276 libello
1322 2219 1445 2276 accedat.

589 2462 761 2548 LIBER
788 2461 1041 2549 TERTIUS.

228 2749 343 2806 CAPUT
360 2748 509 2806 Putlltltl.
811 2745 966 2815 Cmutato,
984 2744 1089 2816 ipsum,
1114 2745 1192 2816 quod
1218 2760 1289 2802 suus
1313 2745 1440 2816 ipsorum
1463 2745 1614 2815 Dominus,
1644 2746 1698 2804 iter

71 2837 116 2909 [1.]
141 2841 181 2893 lle
195 2837 355 2894 boemundo
369 2835 487 2892 Roberti
508 2851 559 2890 eeu
587 2833 732 2892 Wieccrdi
750 2835 792 2904 fi·
847 2834 1100 2907 aggrediebantur.
1116 2835 1208 2890 Tanta
1223 2842 1320 2890 autem
1334 2834 1370 2891 ad
1394 2834 1421 2890 id
1446 2835 1506 2891 voti
1526 2843 1597 2891 tunc
1620 2835 1695 2891 mili·

64 2927 109 2983 Ex
125 2926 235 2982 cunctis
251 2926 308 2981 lere
323 2924 541 2981 occidentalium
557 2924 682 2994 partium
698 2923 792 2995 regio·
847 2929 909 2978 tum
946 2921 1103 2980 multitudo
1136 2922 1279 2979 conlluxit
1314 2929 1345 2980 ut
1376 2922 1464 2980 irater
1494 2924 1567 2994 elue,
1595 2922 1697 2981 stcvttae

61 3028 129 3071 cum
154 3014 374 3070 innumerabilis
395 3013 537 3069 exercitus
558 3011 713 3083 appulisset
734 3016 792 3082 ap·
846 3024 949 3078 comes,
989 3010 1139 3081 llcgerius,
1178 3011 1334 3067 admodum
1372 3011 1479 3067 doleret
1507 3013 1577 3082 quia
1605 3012 1634 3066 iu
1661 3026 1695 3068 ea

57 3145 65 3171 ,
98 3103 134 3158 ad
163 3101 363 3158 Boemundum
390 3101 528 3168 lietberti,
554 3100 604 3170 qui
623 3099 792 3156 wiscardus
846 3099 991 3156 obsidione
1003 3097 1084 3155 ‘omni
1104 3113 1176 3169 pene
1199 3113 1319 3156 suorum
1340 3098 1467 3155 bdelium
1484 3099 1585 3156 solatio
1613 3099 1696 3156 irau-

56 3196 111 3259 tur,
131 3189 232 3255 lilium,
253 3189 410 3261 singularis
438 3187 657 3260 magnificentiae
682 3188 790 3256 virum,
845 3188 974 3244 daretur.

56 3277 127 3334 tntis
141 3277 336 3333 multitudinis
356 3276 483 3347 pervenit
506 3277 627 3332 verbum
638 3291 647 3346 3
673 3275 696 3331 is
721 3283 791 3332 tunc
881 3274 938 3345 [ll]
958 3272 1116 3329 Boerncndi
1129 3273 1320 3330 Nortbmnnoi
1333 3290 1380 3328 ree
1391 3277 1485 3346 geete.
1503 3306 1536 3314 —
1552 3273 1604 3330 Sed
1625 3287 1696 3345 pau-

56 3364 289 3422 isamalivtanos
311 3365 458 3421 obsidione
481 3370 697 3434 compresserat.
737 3363 790 3420 Cui
845 3362 885 3418 cis
898 3362 1109 3432 expediendum
1124 3369 1175 3429 est,
1203 3376 1262 3432 quo
1286 3361 1430 3433 sanguine
1448 3370 1563 3430 cretus;
1587 3362 1696 3432 quibus

55 3454 145 3511 tutius
161 3453 196 3510 de
211 3467 244 3508 ea
268 3467 334 3524 quae
356 3452 521 3508 confluebat
544 3459 628 3523 gente
650 3465 791 3521 superve-
845 3450 919 3506 idem
951 3450 1132 3505 boemundus
1168 3450 1203 3506 ad
1240 3451 1293 3506 boc
1324 3450 1439 3506 bonoris
1471 3451 1508 3506 sit
1542 3461 1692 3521 promotus

76 3540 238 3599 sciscitatus
280 3541 392 3597 itineris
435 3553 548 3607 causas,
588 3539 669 3595 audit
720 3539 790 3610 quia
845 3538 1013 3594 accessibus.
1035 3537 1177 3594 liobertus
1201 3553 1286 3608 quem
1312 3538 1492 3610 agnominari
1512 3539 1691 3595 wiscardum

56 3644 98 3687 em
118 3629 293 3701 agentibus,
310 3628 366 3685 imo
382 3628 562 3684 Dominicum
578 3626 742 3697 sepulcrum
762 3634 790 3683 et
844 3626 972 3683 diximus
986 3639 1022 3681 cx
1034 3625 1244 3681 Nortbmannia
1264 3625 1371 3681 exstitit
1393 3624 1544 3692 oriundus,
1566 3632 1594 3680 et
1613 3622 1691 3679 tenui

56 3717 160 3776 ibidem
189 3718 250 3774 loca
277 3717 464 3789 ignominiose
490 3717 598 3784 habita,
625 3716 660 3771 ab
689 3729 787 3771 corum
844 3714 912 3771 satis
945 3713 1005 3769 loco
1036 3722 1131 3769 natus.
1166 3713 1192 3768 ls
1220 3727 1237 3769 a
1261 3713 1359 3769 nativa
1383 3725 1472 3783 quam
1501 3711 1694 3783 praemisimus

56 3807 213 3863 oeximere
233 3813 428 3877 properarent.
452 3805 510 3861 Nec
532 3804 558 3859 ei
580 3803 695 3860 demum
719 3803 788 3858 taci-
844 3801 959 3874 regione
975 3804 1073 3858 utrum
1096 3809 1198 3870 sponte
1222 3814 1354 3872 egressus
1380 3801 1487 3868 nescio,
1517 3813 1554 3855 au
1581 3799 1690 3870 pulsus,

56 3903 62 3952 t
81 3901 152 3966 quot
179 3894 323 3965 cujusque
352 3893 474 3965 generis,
493 3895 668 3962 quantaeque
691 3889 788 3946 excel·
843 3891 928 3963 pcdes
942 3891 971 3946 in
985 3889 1121 3960 Apuliam
1138 3890 1227 3960 abiit;
1248 3889 1286 3945 ibi
1309 3903 1399 3960 equos
1424 3896 1452 3945 ct
1475 3902 1565 3951 arma,
1589 3887 1695 3959 quibus

56 3982 122 4051 viri,
137 3983 250 4049 relictis,
268 3989 300 4038 ut
313 3981 353 4037 sic
368 3981 472 4048 dicam,
491 3981 636 4036 bonorum
655 3977 788 4050 majesta·
843 3994 931 4051 eques
971 3978 1058 4045 lieret,
1095 3991 1155 4048 qua
1186 3978 1279 4048 potuit
1315 3984 1385 4044 arte,
1415 3975 1595 4032 commeruit.
1624 3974 1694 4031 lude

56 4070 86 4127 vd
104 4071 164 4127 baec
190 4070 353 4141 peragenda
377 4083 465 4139 quam
496 4067 626 4124 inaudita
653 4067 788 4123 aviditate
807 4068 957 4126 neastella
987 4067 1131 4137 quedam,
1157 4064 1311 4122 contractis
1331 4065 1392 4137 jam
1426 4066 1620 4135 undecunque
1642 4077 1694 4135 quq

56 4159 155 4216 lerent.
176 4162 209 4215 llt
228 4159 273 4214 ille
302 4159 458 4228 interrogat
481 4170 518 4212 an
542 4170 623 4213 arma
646 4156 786 4222 delerant,
841 4156 895 4215 sibi
915 4155 1128 4212 auxiliarentur
1158 4154 1352 4224 praedonibus,
1383 4167 1440 4208 non
1474 4152 1584 4223 absque
1613 4165 1696 4208 naevo

60 4261 153 4318 peras,
170 4261 207 4303 an
224 4247 322 4318 aliqua
344 4246 430 4316 hujus
453 4260 535 4302 novae
554 4245 790 4316 peregrinationis
844 4254 939 4302 tamen
953 4243 1121 4314 proditionis
1138 4255 1292 4311 usurpans,
1313 4241 1428 4311 aliaque
1452 4240 1570 4310 perinde
1588 4238 1697 4297 crebris

56 4337 249 4408 apraelerant,
264 4351 329 4407 quae
354 4335 389 4391 ad
406 4334 539 4390 ultimum
556 4335 584 4388 iu
608 4333 688 4390 bellis
708 4335 792 4406 signa
845 4331 1060 4390 incursionibus
1085 4331 1203 4402 fatigata
1227 4344 1381 4400 occupans,
1405 4327 1492 4386 etiam
1514 4330 1600 4386 urbes
1622 4342 1695 4399 prse-

56 4434 133 4482 nent.
162 4424 377 4495 uesponuemr:
412 4424 500 4479 Arma
523 4422 618 4494 iplane
641 4423 791 4481 Francisco
846 4422 920 4478 ditas
938 4420 1057 4482 obsedit,
1074 4420 1152 4476 etad
1176 4418 1370 4474 necessitatem
1395 4415 1547 4474 deditionis
1571 4415 1694 4486 impulit.

56 4521 137 4571 stant.
153 4514 252 4572 Crucis
267 4521 364 4569 autem
378 4512 513 4584 liguram,
531 4511 627 4567 autin
650 4512 790 4580 humeris,
847 4511 892 4573 Et,
911 4516 942 4565 ut
958 4508 1059 4579 paucis
1071 4508 1230 4575 absolvam,
1247 4514 1396 4577 tantopere
1410 4519 1505 4561 novus
1528 4506 1612 4560 bomo
1636 4515 1696 4559 suae

56 4602 153 4671 silibet,
190 4617 226 4659 ex
253 4615 312 4672 qua
337 4601 439 4657 volunt
469 4600 589 4656 materia
619 4600 663 4656 vel
695 4614 792 4671 panno
847 4599 908 4655 loca
932 4596 1137 4653 dominationis
1159 4594 1299 4663 extendit,
1329 4595 1358 4650 in
1383 4600 1496 4650 tautum
1517 4605 1583 4662 quae
1605 4589 1698 4647 voluit

56 4699 123 4750 tum
139 4698 180 4749 est
196 4697 228 4748 ut
250 4690 378 4747 vestibus
402 4695 530 4745 assuant.
558 4689 676 4745 liemota
696 4696 793 4745 autem
847 4700 974 4759 quaeque
1001 4683 1173 4755 perdomuit,
1208 4690 1241 4739 ut
1270 4688 1345 4739 slcut
1377 4680 1407 4736 in
1440 4677 1609 4750 epitaphicis
1635 4677 1699 4749 ejus

56 4779 106 4849 uti,
136 4780 273 4836 varietate
299 4780 459 4851 signorum,
490 4776 637 4834 humiliter
661 4777 690 4833 in
714 4775 795 4833 bellis
847 4775 980 4833 versibus
994 4772 1122 4829 dicitur:

56 4881 127 4940 rque
152 4868 385 4925 conclamabunt.
408 4868 483 4924 Deus
507 4882 535 4922 m
562 4880 643 4922 vuar.
667 4865 711 4922 tld
734 4866 795 4922 baec
1113 4860 1188 4915 Urbe
1204 4855 1433 4931 expuleriteum,

58 4955 104 5014 dis
117 4957 261 5014 excitatus
280 4971 297 5012 a
320 4956 420 5024 lundo,
448 4956 504 5012 Deo
529 4953 698 5024 inspirante,
722 4968 797 5010 com·
885 4954 974 5019 Quem
989 4949 1106 5023 Ligures
1117 4964 1221 5022 regem,
1238 4948 1331 5004 Βοηια
1346 4946 1507 5000 mannus
1521 4941 1605 4998 babet
1620 4956 1627 4997 :

56 5060 99 5115 ur,
129 5053 156 5102 ct
179 5045 299 5116 pallium
322 5043 559 5115 pretiosissimum
580 5043 665 5114 jussit
688 5041 794 5098 allerri.
886 5039 1042 5097 llenricum
1056 5038 1188 5094 videlicet
1206 5038 1382 5108 Augustum,
1405 5032 1502 5089 virum
1527 5031 1629 5102 utique
1651 5030 1700 5086 in-

56 5147 93 5204 re,
127 5148 179 5205 per
208 5133 370 5191 cruciculas
391 5133 456 5188 lecit
485 5131 580 5194 incidi,
607 5143 718 5200 suaque
744 5128 797 5186 sibi
851 5126 990 5195 numeris,
1004 5125 1060 5182 imo
1077 5126 1133 5182 lere
1146 5124 1267 5196 jugibus
1281 5121 1409 5178 victoriis
1425 5119 1615 5176 fortunatum.
1660 5170 1666 5185 ,

56 5229 92 5291 ta,
118 5222 188 5289 suis,
218 5222 270 5292 qui
293 5221 415 5291 idipsum
436 5219 513 5291 quod
538 5224 656 5274 voverat
681 5215 799 5272 allecta-
853 5218 990 5284 Perlbet,
1015 5213 1124 5284 Arabe,
1149 5211 1356 5282 Mccedumque
1380 5207 1511 5282 phalanx
1537 5223 1595 5263 aon
1630 5207 1703 5265 texit

56 5323 148 5367 truces
161 5310 347 5381 apponendas
359 5307 512 5379 expendtt;
528 5321 597 5365 nam
621 5304 725 5362 milites
748 5303 799 5375 qui
877 5312 881 5317 ·
1503 5293 1633 5366 [Atesim

61 5396 111 5456 illa
128 5397 280 5463 obsidione
303 5395 539 5468 obsequebantur
564 5393 660 5451 auimo
682 5399 800 5465 repente
891 5394 1067 5460 Graeoruem
1083 5387 1133 5464 qui
1145 5387 1293 5446 nobiscum
1305 5401 1377 5459 saepe
1392 5385 1464 5458 cpit,
1478 5382 1650 5458 principun.

130 5496 269 5563 Parnoi..
295 5496 398 5564 ubvl.
1485 5484 1527 5549 23
