3818 6008
110 270 162 326 363

583 268 614 321 V.
635 265 802 324 curbeltat
821 267 966 323 austris
984 267 1012 321 S.
1035 264 1153 321 etthim
1172 265 1217 321 DE
1236 261 1434 320 NOVIGENIO

1805 259 1855 312 att-t

109 409 178 458 sunt
192 399 279 458 menti
302 399 387 457 etiam
404 399 490 455 invite
513 397 642 455 crebrius
663 399 856 469 ingeruntur3
877 397 954 453 unde
972 396 1121 454 Adudum
1134 394 1287 462 voluerint,
1305 394 1433 463 quidque
1452 393 1502 448 diu
1519 390 1678 447 allectando
1693 388 1856 454 nutrierint,

111 489 253 560 sequitur.

146 579 232 635 Vnus.
248 580 273 632 3.
292 608 318 616 -
353 598 362 624 ι
387 576 444 646 Ego
472 574 530 631 scio
559 574 707 644 Ephraim,
734 582 761 629 ot
785 573 874 629 lsrael
899 587 957 627 non

112 671 182 720 »est
197 662 380 718 absconditus
404 676 491 716 ame.
511 660 596 716 »Scit
619 660 694 715 Deus
718 659 867 729 Ephraim,
891 672 957 714 cum

110 759 236 807 nostram
262 750 449 816 voluntatem,
479 747 700 819 quaelrugilera
728 756 868 818 tanquam
894 746 958 802 vltis

111 839 264 895 abundans
287 852 346 894 esse
362 838 508 903 debuerat,
536 837 647 893 ratione
666 836 862 907 instinguente
887 834 959 890 scire

110 942 162 983 nos
184 927 259 983 lacit.
291 928 375 981 lsrael
403 939 419 979 a
443 926 500 981 Ileo
523 941 576 978 aea
600 929 640 980 cst
673 924 858 990 absconditus,
892 937 958 978 cum

110 1023 206 1071 noster
230 1015 349 1071 allectus
362 1028 399 1069 ex
424 1012 505 1069 radio
522 1013 672 1068 illustrate
692 1012 810 1068 rationis
831 1025 894 1068 esse
909 1024 958 1066 no-

109 1101 225 1158 hisnon
248 1101 322 1157 valet
348 1101 496 1167 occultus;
525 1099 596 1156 ratio
621 1099 707 1167 enim,
733 1113 798 1169 quae
816 1098 958 1169 principa-

110 1189 174 1246 liter
188 1190 279 1246 Deum
303 1188 408 1245 habere
427 1188 606 1258 dignoscitur
627 1187 805 1254 insessorem,
830 1200 880 1256 pro
902 1186 960 1241 Deo

1012 499 1049 541 er
1078 498 1163 540 casus
1190 483 1367 553 ignobilitate
1397 481 1558 551 conjicient.
1593 477 1693 534 Eheu!
1721 485 1749 534 et
1775 476 1860 533 iudos

1012 589 1072 626 corn
1092 575 1130 626 eis
1146 572 1213 638 ruit,
1231 572 1301 641 quia
1322 572 1409 641 juxta
1431 570 1539 624 dictum
1558 567 1613 623 viri
1629 567 1788 636 sapientis:
1809 587 1819 612 ‹
1839 568 1861 619 Α

1012 669 1126 717 mortuo
1167 659 1305 716 confessio
1342 659 1413 728 perit
1449 658 1545 726 (Eroti.
1579 671 1646 718 xtvtt,
1678 656 1732 725 ii).
1763 676 1773 701 r
1810 653 1860 710 Cui

1011 751 1087 805 enim
1104 762 1221 819 peccare
1242 747 1365 804 vertitur
1388 747 1416 801 in
1435 745 1652 815 impudentiam,
1678 741 1792 799 dilticile
1812 748 1861 795 aut

1012 850 1077 892 raro
1093 835 1232 906 resipiscit
1245 835 1279 890 ad
1291 832 1445 890 conlitendi
1460 832 1594 903 gratiam.

1048 925 1132 980 Vens
1150 927 1176 978 o.
1190 955 1224 963 -
1243 945 1253 972 t
1272 923 1304 977 ln
1319 921 1457 992 gregibus
1472 920 1542 986 sula,
1559 927 1586 975 et
1609 919 1636 974 in
1652 917 1790 974 armentis
1803 917 1863 972 suis

1013 1034 1028 1064 »
1043 1014 1149 1069 vadent
1163 1013 1199 1068 ad
1213 1011 1404 1083 quaerendum
1421 1009 1575 1065 Dominum
1588 1016 1615 1064 et
1629 1023 1687 1063 non
1702 1008 1859 1073 invenient,

1016 1103 1158 1159 nablatus
1183 1109 1225 1158 est
1249 1101 1285 1156 ab
1313 1101 1364 1156 eis.
1392 1120 1403 1147 ι
1431 1100 1465 1152 la
1494 1097 1621 1165 gregibus
1647 1099 1705 1151 suis
1730 1095 1860 1159 vadunt,

1013 1207 1079 1250 cum
1104 1192 1263 1247 incorrecta
1282 1188 1412 1244 fatuitate
1425 1187 1549 1251 interna,
1565 1185 1601 1241 ad
1615 1185 1705 1240 Deum
1720 1198 1750 1239 se
1766 1197 1862 1239 recur-

110 1277 262 1349 ²IIEU01505
292 1277 417 1348 ponitur,
446 1280 478 1332 Ul
505 1283 546 1332 0⁵¹
574 1275 644 1330 illud
671 1275 705 1330 de
733 1275 878 1330 &inservis
907 1272 959 1343 (tui
1014 1280 1163 1338 rerevelle
1184 1279 1338 1350 aliquoties
1355 1275 1531 1344 ostendunt;
1556 1274 1714 1329 ovesenim
1738 1285 1790 1342 pro
1816 1273 1862 1326 in-

111 1366 181 1436 regi,
197 1365 276 1421 naun
302 1365 424 1421 dubium
440 1364 512 1435 quin
541 1364 608 1430 oco,
632 1363 667 1419 ue
682 1377 765 1419 servo
790 1363 837 1419 cui
862 1362 959 1418 decem
1014 1369 1078 1426 urtu
1106 1368 1262 1438 aliquando
1292 1363 1474 1437 stmpttcuare
1502 1369 1660 1434 ponuntur.
1686 1360 1768 1417 Unde
1796 1368 1860 1416 esi:

110 1455 201 1510 millia
225 1454 331 1510 talenta
353 1454 518 1521 donaverat,
535 1461 562 1509 et
581 1466 753 1509 conservum
768 1466 820 1522 pro
844 1460 960 1507 centum
1018 1479 1029 1506 ι
1046 1456 1124 1511 Sicut
1138 1469 1205 1511 oves
1221 1455 1248 1511 in
1265 1454 1375 1509 interno
1389 1452 1468 1521 positi
1485 1459 1552 1506 sunt
1565 1452 1654 1516 (Psoi.
1672 1447 1862 1518 recitabile

110 1543 236 1600 denariis
266 1541 430 1603 suffocarat,
473 1542 611 1597 nuntiant
639 1541 749 1611 (licitis.
785 1555 866 1608 xvru,
900 1539 958 1610 ti).
1015 1545 1051 1601 Et
1070 1545 1161 1599 David
1177 1544 1211 1598 de
1227 1542 1364 1614 gregibus
1377 1540 1476 1596 estium
1493 1539 1625 1595 sublatus
1639 1545 1690 1606 est,
1711 1546 1738 1594 et
1753 1537 1788 1593 de
1804 1544 1865 1606 post

110 1630 183 1697 Quid
198 1630 274 1686 essim
296 1637 338 1686 est
352 1629 430 1686 aliud
451 1643 540 1699 quam
566 1629 644 1700 quod
667 1630 743 1684 visas
768 1628 960 1699 malignitates
1016 1634 1146 1690 laetantes
1160 1639 1293 1701 acceptus
1315 1629 1400 1701 (Psoi.
1416 1642 1522 1694 cxxvii,
1541 1630 1595 1694 70).
1614 1627 1649 1682 tit
1666 1633 1736 1681 sunt
1756 1633 1861 1690 motus,

111 1719 168 1775 Deo
194 1733 254 1774 suae
273 1718 377 1774 rationi
406 1717 572 1787 presidente
595 1718 772 1773 retractant?
801 1715 957 1786 Sequitur:
1015 1721 1066 1791 qui
1090 1719 1169 1776 omni
1191 1727 1276 1775 vento
1306 1716 1469 1774 tentationis
1491 1715 1713 1772 cherenthaio
1736 1715 1864 1768 armentis

114 1805 218 1872 «Quia
232 1821 311 1862 nunc
335 1805 492 1862 lornicatus
514 1813 556 1861 est
577 1805 725 1874 Ephraim.
749 1805 962 1861 contaminatus
1016 1821 1133 1879 qunque
1157 1807 1277 1873 vadunt,
1300 1819 1367 1862 cum
1393 1805 1505 1861 solitam
1527 1802 1629 1859 mentis
1650 1802 1862 1868 hebetudinem,

115 1904 186 1950 »est
210 1894 306 1951 lsrael.
326 1915 337 1944 ι
360 1896 401 1950 Ac
426 1894 450 1949 si
474 1894 602 1950 diceret:
626 1893 756 1950 Statuam
771 1893 909 1963 Ephraim
934 1898 962 1947 et
1016 1907 1043 1952 et
1059 1897 1095 1952 ad
1110 1908 1211 1951 curam
1237 1894 1333 1950 studia
1357 1893 1518 1962 ponderosa
1539 1891 1621 1947 nulla
1646 1890 1787 1961 spirituali
1805 1889 1864 1945 ala·

112 1983 197 2039 lsrael
210 1991 311 2039 ⁴3⁰¹1lla
326 1983 425 2038 faciem
444 1996 539 2049 Silam,
561 1992 589 2038 ⁰1
604 1983 677 2037 scire
692 1996 759 2037 eum
774 1982 877 2037 lactem
892 1981 963 2051 quia
1020 1983 1120 2040 oritate
1142 1983 1299 2039 recutiunt.
1327 1981 1362 2037 Et
1377 1981 1440 2036 ideo
1456 1983 1596 2036 hominum
1622 1995 1678 2035 non
1703 1979 1863 2045 inveniunt,

111 2087 182 2126 nunc
195 2074 348 2139 fornicatus
371 2076 411 2126 est
425 2071 569 2142 Ephraim,
595 2077 623 2126 ct
642 2071 727 2125 lsrael
750 2072 960 2133 contaminatus,
1017 2075 1088 2144 quia
1103 2073 1180 2145 quod
1197 2071 1388 2128 intellectuale
1403 2079 1455 2137 est,
1471 2069 1640 2139 corpulenta
1663 2083 1721 2124 non
1736 2067 1863 2137 capiunt,

111 2159 140 2215 Id
161 2168 203 2216 esi
223 2160 356 2216 volunlas
380 2159 409 2215 in
430 2173 527 2214 amm
554 2159 749 2229 timentium,
775 2157 853 2228 duod
879 2156 964 2227 sitini·
1017 2163 1115 2218 necin
1135 2175 1253 2232 corpore
1277 2159 1399 2230 peccatis
1421 2158 1534 2214 subdito
1561 2157 1681 2224 habitat,
1704 2156 1776 2226 quia
1798 2170 1865 2211 aco.

112 2246 188 2315 licat,
202 2262 291 2315 nunc,
313 2247 421 2304 alinea
436 2248 488 2317 piae
511 2246 676 2302 intentionis
699 2259 817 2316 prorsus
831 2244 961 2311 excessit,
1018 2250 1217 2323 gitationibus,
1243 2263 1309 2319 quae
1336 2253 1404 2303 sunt
1428 2248 1490 2302 sine
1516 2246 1671 2312 intellectu,
1699 2259 1729 2301 se
1756 2257 1865 2313 semper
1906 2282 1908 2295 .

112 2335 161 2407 qui
178 2334 296 2391 allectus
312 2336 390 2405 pejor
405 2348 434 2390 se
453 2335 482 2389 in
499 2335 601 2391 latores
620 2334 761 2391 scelerum
786 2333 964 2390 devolvendo
1018 2339 1158 2394 absentat.
1176 2336 1221 2390 Ab
1237 2339 1275 2391 eis
1294 2336 1370 2391 Deus
1385 2334 1527 2401 aufertur,
1542 2347 1608 2388 cum
1630 2333 1678 2388 illa
1697 2332 1864 2403 qualiscun-

113 2437 182 2479 mox
196 2423 378 2493 impudenter
393 2423 518 2479 incessit.
1018 2439 1075 2494 que
1091 2425 1225 2480 voluntas
1248 2437 1313 2493 quae
1331 2423 1397 2478 honi
1419 2421 1529 2491 aliquid
1546 2421 1689 2491 parturire
1702 2408 1864 2484 videb'atur,

148 2511 235 2567 Vens.
251 2511 278 2564 4.
306 2540 340 2551 -
365 2533 375 2559 ι
403 2510 464 2566 Non
492 2510 604 2566 dabunt
633 2510 819 2581 cogitationes
844 2525 912 2567 suas
932 2519 965 2567 ut
1017 2513 1168 2569 amittitur.
1186 2511 1289 2582 (Vnus.
1301 2511 1337 2581 7.)
1355 2532 1367 2558 ι
1386 2511 1418 2564 ln
1434 2510 1587 2565 Dominum
1604 2507 1782 2577 prevaricati
1800 2514 1865 2563 sunt

116 2605 352 2654 »convertantur
373 2598 408 2652 ad
425 2598 516 2654 Deum
531 2611 628 2665 suum,
654 2598 724 2667 quia
738 2599 856 2667 spiritus
872 2597 963 2654 lurni·
1020 2626 1033 2647 ιι
1050 2601 1101 2672 qui
1124 2599 1200 2656 filios
1220 2601 1329 2655 alienos
1352 2607 1526 2669 genuerunt.
1546 2619 1556 2645 ι
1584 2600 1624 2653 ilc
1643 2597 1667 2651 si
1689 2596 1795 2652 diceret
1811 2611 1818 2649 :
1835 2595 1866 2649 ln

117 2687 290 2742 »cationum
305 2686 334 2740 in
359 2685 452 2741 medio
475 2699 586 2748 eorum,
609 2691 636 2739 et
659 2685 814 2741 [lentinum
839 2701 896 2742 non
914 2702 964 2742 co·
1018 2689 1072 2745 hoc
1095 2688 1153 2759 ipso
1169 2689 1245 2759 quod
1262 2689 1325 2744 licet
1344 2687 1503 2742 indiscretae
1522 2684 1717 2742 conversionis
1740 2683 1867 2754 auspicia

117 2781 320 2845 »gnorerunt
340 2795 350 2820 ›
370 2775 403 2827 Ut
417 2774 454 2827 od
472 2776 556 2828 heom
577 2777 768 2828 convertentur
789 2777 964 2841 cogitationes
1019 2779 1096 2834 bona
1120 2784 1295 2847 proponunt,
1323 2783 1393 2831 etse
1410 2789 1427 2830 a
1443 2774 1598 2844 proposito,
1624 2773 1759 2829 facilitate
1783 2773 1866 2828 desti·

114 2877 178 2918 suos
201 2876 258 2918 non
285 2861 364 2929 dant,
392 2861 463 2931 quia
490 2876 543 2931 pro
569 2861 618 2917 Dei
644 2875 780 2917 amorea
807 2862 966 2919 delectatio
1018 2873 1116 2934 tuunt,
1151 2879 1235 2936 penes
1265 2864 1357 2920 Deum
1386 2861 1621 2932 prevaricatores
1658 2860 1756 2916 haberi
1788 2858 1865 2930 digni

115 2950 202 3007 nibus
221 2949 460 3021 imaginationum
485 2962 604 3005 suarum
621 2949 764 3005 abstinere
780 2950 887 3006 durum
911 2965 964 3021 pu·
985 2962 1105 3031 esunt;
1132 2962 1160 3010 et
1183 2953 1237 3009 hoc
1257 2952 1320 3008 ideo
1336 2951 1377 3020 tit,
1401 2952 1471 3020 quia
1486 2949 1558 3018 filios
1581 2951 1681 3004 alienos
1705 2951 1864 3017 placabat.

116 3045 187 3106 tant,
209 3051 260 3093 nec
291 3037 363 3092 tanti
385 3037 467 3108 pretii
493 3037 584 3092 Deum
613 3037 766 3105 aestimant,
796 3048 827 3094 ut
857 3053 909 3109 pro
933 3055 966 3097 eo

117 3125 281 3196 impendere
303 3124 388 3180 velint
404 3125 483 3194 quod
505 3125 627 3182 interius
645 3125 816 3196 voluptuose
831 3133 964 3184 tractant.

1020 3042 1048 3096 Si
1072 3041 1169 3106 alieni,
1196 3041 1340 3111 quomodo
1372 3037 1446 3093 lilii?
1470 3039 1518 3094 sed
1545 3037 1594 3092 srlii
1617 3045 1644 3094 et
1671 3037 1767 3124 alieni.
1795 3035 1866 3101 Filii,

1021 3144 1108 3199 opera
1133 3137 1211 3196 sunt,
1233 3128 1310 3184 undc
1325 3135 1367 3184 est
1384 3143 1420 3182 :e
1445 3127 1550 3183 Videas
1574 3126 1646 3182 filios
1669 3126 1795 3182 filiorum
1813 3133 1869 3180 tuo

117 3213 178 3270 'lali
204 3213 329 3282 cuipiam
355 3212 483 3268 dicitur:
504 3231 519 3264 α
544 3211 688 3282 Prejccisti
714 3227 758 3269 me
775 3221 836 3283 post
861 3229 967 3284 corpus

118 3309 201 3358 tuum
226 3304 279 3372 (lll
300 3303 364 3367 hep.
389 3315 447 3367 xiv,
472 3303 521 3369 9);
547 3320 560 3351 i
586 3308 614 3356 et
637 3302 690 3357 hoc
705 3303 745 3368 iit,
763 3305 829 3371 quio
851 3305 966 3372 spiritus

117 3393 328 3459 fornicationum
354 3392 384 3444 ia
402 3389 489 3444 medio
516 3405 607 3444 cortem
630 3395 679 3455 est,
704 3390 730 3445 td
755 3399 806 3459 est,
833 3391 967 3460 superbia

118 3493 184 3549 quae
206 3479 398 3549 specialitera
416 3481 471 3535 lieo
495 3493 547 3534 nos
568 3479 750 3546 exterminat,
766 3494 824 3536 non
846 3480 968 3536 latenter

118 3568 147 3623 in
168 3568 275 3639 angulo
306 3567 390 3638 quasi
418 3567 593 3636 subripiens,
617 3566 665 3622 sed
687 3570 717 3620 ia
740 3567 837 3635 medio,
861 3567 968 3625 scilicet

117 3656 200 3726 quasi
244 3669 293 3711 rex
326 3655 473 3711 evidenter
508 3656 652 3723 imperans
689 3656 740 3710 toti
774 3655 968 3727 intelligentiae

117 3751 227 3814 praeest.
254 3747 288 3799 Et
313 3743 376 3800 ideo
406 3745 545 3798 hominum
570 3757 629 3798 non
644 3750 831 3814 cognoscunt,
863 3744 890 3799 id
914 3751 966 3824 est,

119 3847 220 3903 sapore
243 3833 356 3888 intorno
385 3832 562 3901 concipiunt,
588 3831 659 3901 quia
679 3831 763 3901 cujus
785 3832 913 3901 palatum
932 3845 969 3888 ex

119 3921 245 3978 lebribus
283 3919 442 3985 amarescit,
487 3932 619 3989 nunqam
663 3918 692 3974 in
729 3933 763 3974 eo
796 3919 966 3991 quidpiam,

118 4010 230 4067 etiamsi
244 4008 280 4063 sit
294 4008 465 4064 naturaliter
477 4006 572 4071 dulce,
588 4006 736 4062 dulcescit.

155 4096 240 4153 Vens.
258 4098 284 4149 5.
297 4125 331 4133 -
349 4116 359 4142 ι
379 4096 414 4150 Et
438 4094 620 4165 respondebit
645 4094 813 4165 arrogantia
836 4095 922 4153 lsrael
939 4097 967 4153 in

123 4184 223 4240 »lacie
245 4183 327 4253 eius3
352 4190 379 4238 et
394 4183 480 4238 lsrael
505 4190 533 4238 et
547 4182 686 4252 Ephraim
709 4191 794 4240 ruent
818 4184 847 4239 in
864 4185 970 4256 iniqui·

1021 3230 1087 3273 rum
1103 3217 1187 3285 (Psoi.
1216 3229 1322 3280 cuxt'n,
1347 3213 1384 3285 6).
1411 3213 1523 3269 »idest
1547 3212 1706 3282 experiaris
1727 3211 1868 3268 mercedes

1020 3318 1139 3375 operum
1151 3319 1159 3370 ;
1173 3312 1200 3359 et
1216 3304 1276 3359 haec
1290 3316 1377 3373 opera
1394 3308 1461 3357 sunt
1475 3301 1578 3368 aliena,
1596 3300 1624 3355 id
1641 3308 1683 3356 cst
1696 3298 1866 3364 adulterina,

1021 3408 1079 3449 non
1103 3408 1135 3449 eo
1151 3393 1257 3449 scilicet
1271 3407 1329 3463 quo
1344 3391 1448 3448 debent
1468 3391 1584 3458 semine,
1605 3391 1632 3445 id
1656 3381 1699 3446 est
1715 3389 1869 3446 intentione

1021 3490 1180 3552 procreata,
1195 3489 1246 3537 aut
1261 3488 1339 3537 metu
1360 3480 1467 3536 scilicet
1488 3480 1594 3536 terreni
1618 3479 1743 3550 alicujus
1768 3479 1870 3533 incom-

1021 3569 1109 3638 modi,
1129 3569 1206 3640 quod
1229 3569 1260 3624 llt
1275 3568 1438 3638 sepissime,
1455 3577 1556 3638 coepta,
1573 3575 1623 3624 aut
1638 3568 1700 3623 sine
1723 3566 1871 3622 voluntate

1022 3657 1224 3728 perseverandi
1239 3657 1432 3728 perlunctorie
1447 3665 1497 3712 aut
1510 3657 1603 3726 tepide
1614 3655 1748 3726 appetita.
1767 3653 1872 3711 «Nunc

1025 3746 1202 3802 »devorabit
1229 3760 1278 3802 eos
1305 3746 1411 3801 mensis
1441 3760 1508 3801 cunt
1540 3744 1729 3815 participibus
1755 3743 1827 3799 suis.
1859 3763 1869 3789 ι

1021 3833 1115 3901 Nunc,
1139 3849 1204 3890 cum
1232 3847 1356 3904 presens
1373 3842 1487 3903 tempus
1502 3833 1652 3903 signiilcet,
1677 3832 1724 3887 hic
1744 3843 1870 3887 momen-

1023 3930 1140 3979 taneum
1159 3923 1297 3993 quiddam
1324 3921 1444 3992 intelligi
1468 3930 1571 3976 monet.
1592 3921 1676 3976 Nunc
1690 3935 1769 3991 ergo,
1788 3919 1872 3974 idest

1022 4010 1059 4066 ad
1074 4011 1202 4067 subitum
1225 4010 1332 4066 mensis
1355 4023 1403 4065 eos
1427 4011 1554 4077 devorat,
1580 4022 1648 4065 cum
1669 4017 1818 4065 menstrua
1832 4019 1872 4062 re

1022 4098 1100 4170 ligio,
1126 4113 1191 4168 quae
1222 4098 1347 4153 multum
1375 4110 1392 4152 a
1418 4096 1468 4152 Dei
1493 4097 1676 4169 benignitatis
1703 4110 1781 4152 anno
1802 4101 1871 4152 we

1022 4185 1184 4249 discordat,
1220 4186 1248 4239 in
1277 4186 1359 4256 pejus
1396 4185 1596 4242 recrudescere
1631 4192 1756 4240 mentem
1785 4185 1870 4250 lacit,

121 4291 136 4325 s
152 4279 209 4327 tate
231 4284 303 4336 sua;
330 4279 393 4327 ruet
408 4273 493 4327 etiam
512 4272 601 4327 ludas
614 4286 681 4328 cum
700 4271 750 4328 eis.
771 4293 781 4318 ›
799 4272 969 4340 Arrogantic
989 4277 1111 4345 nquam
1127 4272 1240 4339 luerat3
1266 4288 1318 4329 nec
1333 4272 1459 4329 absurde
1475 4272 1582 4329 dictum
1598 4280 1640 4329 est
1658 4272 1787 4340 devorat,
1803 4275 1871 4344 quia

120 4360 206 4416 lsrael
220 4361 248 4412 in
262 4362 334 4426 tocie
353 4360 412 4427 eius
427 4360 589 4430 respondet,
615 4361 685 4430 quia
709 4359 828 4415 allectus
853 4360 969 4415 interior
1022 4361 1096 4418 nihil
1111 4369 1153 4417 est
1177 4362 1254 4432 quod
1270 4368 1419 4432 tantopere
1440 4361 1554 4432 siquod
1571 4362 1608 4416 sit
1625 4360 1655 4416 in
1676 4360 1793 4418 homine
1808 4363 1872 4419 resi·

121 4462 173 4519 per
193 4447 292 4504 illicita
313 4461 449 4518 evagans,
475 4448 510 4503 ad
533 4450 662 4504 exterius
685 4448 889 4504 inconveniens
908 4455 969 4503 tur·
1023 4449 1114 4505 duum
1135 4448 1202 4504 boni
1227 4456 1387 4504 consumat.
1404 4448 1444 4504 Ile
1467 4447 1587 4504 erimine
1600 4448 1676 4503 enim
1691 4447 1815 4503 andacia
1830 4461 1872 4502 su-

16 4534 20 4542 '
122 4535 235 4606 pissime
259 4550 445 4606 prorumpere
467 4536 548 4593 solet.
573 4536 734 4606 Respondet
757 4538 879 4603 trifarie
900 4535 970 4591 dum
1022 4537 1121 4603 mitur,
1151 4537 1267 4606 quando
1297 4544 1393 4605 aperte
1424 4537 1499 4592 bona
1526 4535 1608 4590 initia
1635 4542 1871 4591 contemnuntur.

123 4639 184 4682 sero
212 4625 355 4681 erubescit
378 4626 515 4692 exterius,
534 4639 617 4681 exeo
636 4624 780 4695 quoddiu
800 4631 971 4694 arroganter
1024 4624 1179 4695 Participes
1217 4625 1262 4681 sui
1295 4623 1403 4695 pariter
1430 4625 1610 4681 devorantur
1636 4637 1703 4678 cum
1728 4622 1873 4679 naturalia

123 4713 194 4770 lovit
208 4714 236 4768 in
261 4721 365 4770 mente.
382 4715 422 4768 Et
445 4715 530 4768 lsrael
551 4718 577 4768 et
598 4713 736 4782 Ephraim
752 4712 847 4782 quiin
871 4711 971 4782 magni
1025 4715 1109 4781 bona,
1126 4715 1149 4769 si
1166 4728 1232 4783 quae
1250 4722 1328 4780 sunt,
1350 4713 1532 4784 rejiciuntur,
1557 4726 1623 4783 quae
1638 4711 1678 4767 illi
1703 4710 1872 4768 transitorie

122 4801 273 4872 supercilio
304 4802 402 4869 tostus,
428 4801 482 4858 sihi
508 4808 584 4857 stare
607 4801 763 4856 introrsum
786 4799 970 4865 videbantur,
1024 4801 1204 4860 conversioni
1220 4803 1403 4873 participium
1418 4801 1491 4857 lerre
1506 4800 1690 4857 videbantur.

123 4905 160 4947 ex
178 4889 278 4946 merito
302 4904 362 4946 suae
385 4889 546 4960 iniquitatis
566 4894 655 4956 moni,
678 4897 705 4944 et
724 4897 795 4944 tunc
809 4887 880 4958 quid
892 4889 971 4959 jam·

795 5065 937 5111 EXPLICIT
960 5066 1049 5111 tisun
1073 5067 1198 5113 ruimus,
