3818 6008
80 186 132 238 259
1777 177 1829 227 illl

81 319 202 378 bitatore
231 318 339 390 patitur
362 315 563 381 solitudinem,
593 312 790 369 tantummodo
824 310 927 366 anime
946 311 1017 365 llfit
1040 311 1265 380 pretereuntibus
1286 310 1450 365 madianitis
1476 312 1710 378 nepotiatoribus,
1733 316 1830 364 catra-

82 415 223 466 sectantes
238 407 371 464 inertiam
397 404 538 468 deducite,
556 417 612 458 non
633 403 668 457 ad
688 401 803 470 culpam
828 408 930 455 actua·
984 399 1074 453 lentes
1089 415 1148 454 eum
1168 400 1200 454 de
1222 401 1351 466 cisterno,
1377 399 1555 454 uendiderunt
1570 400 1671 466 oiqinti
1685 402 1830 465 arqeateis.

81 497 137 554 lem
153 497 218 555 foedi
236 495 397 567 cujuspiam
419 492 547 548 criminis
561 490 711 546 devolvite.
731 488 854 545 Facilius
863 501 930 544 sane
984 487 1181 556 aequiescunt
1194 490 1307 555 fratres,
1319 502 1386 544 curn
1402 486 1591 554 verecundiae,
1608 487 1654 542 sed
1671 495 1766 543 tamen
1781 487 1832 542 bu-

82 587 234 657 asegnltie
248 585 350 640 arentis
363 581 533 652 exsurgitur
549 593 636 650 quam
653 578 744 647 culpae
762 584 930 646 perpetrata
984 591 1077 632 manee
1097 575 1161 633 licet
1190 577 1264 645 utili,
1291 577 1398 633 cedunt
1425 585 1519 632 motus
1548 577 1686 632 carnales.
1713 577 1833 647 Eligant

81 676 169 731 ruina
191 673 358 743 emergitur.
389 670 434 726 Sic
460 684 562 740 nempe
589 674 706 724 versuta
731 665 930 734 discretioper
983 665 1060 721 enim
1076 664 1180 735 subjici
1200 665 1293 736 magis
1314 664 1515 735 spiritualibus
1537 680 1602 735 qnae
1619 665 1715 721 minus
1734 672 1833 735 patent

81 763 178 818 miuus
202 762 310 831 majore
332 759 395 815 vult
412 772 510 813 carere
532 756 628 824 exitio,
645 756 735 811 donec
756 754 830 824 patri
844 756 929 809 resti·
984 767 1073 823 quam
1095 753 1304 825 corporalibus.
1328 753 1495 809 Extrabnnt
1516 754 1549 807 dc
1572 757 1699 820 cisterno,
1716 769 1784 810 cum
1799 754 1833 809 de

80 858 191 916 tuatnr,
208 849 301 916 idest,
320 847 476 904 intellectui
492 845 619 916 plenarie
635 859 695 900 suo.
983 841 1114 898 saeculari
1137 857 1231 898 mores
1253 857 1321 898 suos
1344 842 1478 898 adimunt
1500 843 1568 908 vita,
1596 849 1622 898 et
1640 842 1694 902 bis,
1716 843 1766 912 qni
1782 857 1833 913 pro

115 938 205 996 Vnns.
222 937 267 1002 23,
281 937 325 990 ιι.
344 967 377 975 -
390 936 537 1002 σοιιιεειιιη
549 936 636 1001 ipitur
649 939 677 986 ut
690 933 814 1002 pervenit
827 932 862 984 ad
871 932 931 997 lra·
984 931 1097 1001 negotio
1114 930 1244 987 favorum
1270 931 1342 987 bene
1357 931 1486 987 victitare
1502 931 1655 997 videntur;
1670 931 1721 1002 qui
1737 939 1832 987 tamen

80 1032 143 1094 tres,
167 1026 341 1081 nudaverunt
355 1040 414 1078 eum
434 1025 526 1078 tunica
545 1024 631 1076 talari
652 1026 677 1075 et
690 1021 833 1090 polymita,
849 1021 929 1074 mise·
983 1019 1156 1087 madianitae,
1182 1020 1208 1076 id
1235 1029 1277 1076 est
1297 1021 1372 1089 iuste
1401 1019 1550 1089 judicandi
1574 1022 1637 1073 sunt
1658 1016 1832 1082 distrahunt,

79 1119 197 1183 euntque
224 1116 254 1167 in
280 1114 434 1179 cistemram,
451 1127 511 1180 qua
533 1127 584 1165 aron
613 1110 729 1164 babebat
753 1125 862 1178 aquam.
883 1108 930 1163 Ad
983 1108 1052 1164 dum
1068 1109 1103 1164 ad
1123 1123 1223 1165 norum
1238 1108 1370 1179 exempla
1385 1123 1414 1164 se
1438 1114 1564 1164 vertunt.
1583 1107 1697 1164 lladian
1719 1117 1831 1173 nempe,

78 1204 180 1270 fratres
194 1205 327 1272 peruenit,
344 1215 409 1256 cum
425 1200 460 1256 ad
474 1198 598 1256 carnalis
615 1196 784 1254 titillationis
795 1194 929 1252 ellectum
982 1198 1015 1253 de
1024 1197 1132 1268 judicio
1146 1198 1262 1253 dicitur.
1283 1197 1419 1254 Vendunt
1435 1199 1538 1264 viqinti
1556 1199 1700 1265 carpentas,
1718 1194 1788 1249 dum
1804 1207 1833 1247 se

79 1303 109 1344 se
137 1290 247 1346 inserit.
282 1291 384 1346 Tunica
412 1290 498 1342 latori
525 1293 550 1341 et
571 1289 704 1357 polymita
723 1286 845 1351 nudant,
861 1299 926 1341 cum
982 1287 1022 1342 eis
1044 1286 1182 1342 imitando
1209 1286 1284 1356 ipsos
1311 1285 1479 1355 subiiciunt,
1505 1284 1698 1355 dispertiendo
1725 1296 1754 1338 se
1782 1295 1834 1351 per

78 1378 221 1434 virtutum
251 1376 389 1432 varietate
418 1376 447 1431 in
473 1390 531 1445 qua
560 1387 740 1444 perseverare
764 1374 928 1429 decreverat
983 1388 1119 1430 numeros
1138 1374 1323 1445 duplicitatis.
1346 1375 1516 1432 vicenarius
1539 1373 1616 1428 eninr
1635 1371 1831 1442 duplicitatem

80 1466 237 1535 (bocenim
260 1464 323 1521 talis
348 1463 501 1535 significat)
525 1463 695 1533 exspoliant.
724 1464 760 1516 la
783 1464 928 1516 cisternam
982 1462 1087 1533 signat,
1117 1463 1204 1533 juxta
1231 1463 1300 1518 illud
1329 1478 1335 1517 z
1362 1464 1393 1517 Si
1405 1465 1493 1533 possit
1516 1478 1575 1516 cum
1601 1461 1688 1514 decem
1712 1460 1833 1513 millibus

78 1553 140 1608 sine
159 1566 237 1623 aqua
261 1553 389 1618 mittunt,
415 1566 481 1607 cnm
499 1552 527 1606 in
554 1551 704 1620 pristinam
721 1550 809 1605 vitam
824 1549 851 1603 in
868 1563 928 1620 qua
982 1567 1119 1606 occurrere
1133 1554 1168 1616 ei,
1185 1554 1234 1621 qui
1250 1568 1309 1605 curn
1328 1556 1399 1606 tas
1414 1554 1515 1620 eiqinti
1526 1550 1645 1604 millibus
1664 1551 1736 1603 uenit
1753 1548 1833 1602 adse

78 1640 160 1696 nulla
183 1639 396 1709 spiritualitatis
417 1639 536 1695 scientia
558 1646 609 1706 est,
635 1638 799 1695 retrudunt.
831 1636 925 1707 (Vens.
948 1605 1056 1711 clauc.
1073 1655 1128 1708 xiv,
1145 1639 1199 1710 31).
1217 1640 1350 1711 argentei
1365 1653 1431 1695 vero
1447 1640 1516 1710 quia
1531 1652 1667 1695 sonorum
1682 1637 1830 1693 metallum

77 1727 136 1798 25.)
151 1731 186 1784 nt
211 1729 331 1783 sedentes
346 1733 376 1782 ut
400 1728 564 1782 comederent
586 1742 694 1797 panem,
717 1726 845 1781 uiderunt
866 1728 927 1780 uia·
982 1736 1033 1797 est,
1050 1728 1128 1785 illius
1143 1728 1260 1784 tantillae
1272 1727 1355 1785 lamae
1371 1727 1505 1784 tinnitum
1520 1727 1694 1798 significant,
1706 1734 1733 1782 ct
1745 1726 1832 1781 verba

78 1821 147 1872 tores
170 1818 324 1872 ismaelitas
346 1819 436 1871 uenire
457 1817 490 1870 de
514 1816 634 1881 Gaiana,
659 1814 925 1883 etcomeloseorum,
982 1816 1163 1874 laudantium
1193 1817 1278 1888 quasi
1306 1817 1438 1888 quaedam
1468 1829 1655 1871 nummorum
1682 1812 1831 1883 particula

77 1912 218 1975 portantes
240 1911 375 1973 aromata,
399 1908 578 1972 strennum,
605 1909 630 1958 et
654 1909 756 1959 stacten
784 1906 813 1957 iu
842 1906 926 1974 AEqy·
981 1912 1122 1960 constant.
1144 1906 1198 1970 Qui
1213 1904 1424 1959 ducerunteum
1444 1908 1473 1959 ia
1493 1906 1638 1973 AEqpptam
1656 1917 1662 1957 :
1679 1900 1830 1972 qulaiml-

76 2000 166 2065 ptum.
192 1995 296 2050 Sedent
318 1999 348 2048 ut
362 2009 460 2063 panem
475 1993 635 2061 comedant,
652 1993 722 2063 quia
748 1999 824 2048 statu
847 1993 927 2048 recti·
980 1994 1095 2050 tationis
1109 2007 1169 2049 suae
1185 1993 1324 2050 illecebris
1344 2001 1455 2061 actum,
1477 1994 1513 2049 ad
1530 1993 1617 2048 solius
1630 1989 1830 2047 secularitatis

77 2083 186 2140 tudinis
211 2084 325 2150 antisse,
351 2083 469 2138 remisse
492 2089 594 2152 agunt,
621 2088 652 2137 ut
675 2095 704 2137 se
721 2079 867 2150 temporali
878 2080 926 2151 jo·
980 2082 1153 2152 pertrahunt
1170 2082 1321 2139 ambitum.

79 2170 226 2228 canditate
241 2170 380 2226 reficiant.
396 2169 483 2225 Panis
497 2170 572 2225 enim
587 2169 641 2224 hoc
653 2169 806 2239 significat,
820 2171 850 2224 ut
864 2174 923 2223 est:
1015 2170 1102 2227 Vens.
1121 2174 1166 2237 itt,
1193 2172 1236 2226 30.
1260 2202 1294 2210 -
1310 2172 1497 2240 Reuersusque
1512 2169 1605 2225 lluden
1631 2168 1668 2222 ad
1683 2171 1828 2223 cisternam

77 2260 277 2314 abominabilis
292 2258 326 2329 fit
340 2260 365 2311 ei
380 2261 463 2328 panis
482 2261 512 2312 in
527 2260 584 2313 cita
598 2273 649 2312 saa
672 2257 732 2327 (lob
753 2272 852 2323 xxxrrr,
869 2256 924 2326 io).
978 2275 1032 2315 nan
1046 2261 1149 2313 invenit
1166 2274 1280 2328 primum
1298 2264 1324 2313 et
1341 2262 1434 2314 scissis
1447 2259 1566 2313 aestibus
1583 2272 1697 2328 perqens
1715 2256 1752 2310 ad
1764 2258 1829 2323 fra-

79 2347 237 2404 lsmaelitas
254 2347 403 2401 obedientes
422 2347 476 2401 sibi
497 2347 720 2416 interpretamus
738 2347 860 2401 Viatores
873 2360 925 2402 au·
980 2352 1043 2416 tres,
1060 2351 1099 2402 ait
1125 2364 1132 2402 ι
1158 2350 1229 2402 Puer
1241 2364 1295 2403 non
1311 2353 1457 2418 comparet,
1480 2354 1505 2403 et
1525 2363 1571 2415 epo
1587 2362 1638 2416 quo
1653 2348 1717 2401 ibo?
1732 2345 1828 2399 Roben

76 2443 132 2493 tem
148 2437 286 2492 dicuntur
300 2436 350 2506 qui
379 2449 429 2505 per
450 2435 618 2505 viamque
638 2434 769 2491 cbristus
790 2441 841 2502 est,
861 2448 925 2490 am·
979 2437 1016 2491 aa
1031 2439 1174 2492 cisternam
1196 2437 1359 2504 revertitur,
1385 2442 1409 2491 et
1423 2453 1539 2507 puerum
1554 2452 1608 2491 non
1621 2438 1735 2502 incenit,
1760 2448 1827 2490 cum

76 2523 177 2580 balare
193 2523 338 2591 videntur,
356 2522 404 2578 sed
430 2530 525 2579 tamen
544 2522 761 2590 sibiobcdiunt,
781 2523 924 2593 quianon
978 2524 1111 2581 discretio
1137 2533 1234 2581 nostra
1256 2525 1291 2580 ad
1318 2526 1420 2582 veteris
1440 2526 1506 2582 vitae
1529 2531 1636 2581 statum
1660 2521 1828 2578 considera-

75 2611 145 2680 bei,
170 2610 219 2667 sed
241 2624 323 2666 suam
348 2610 377 2665 in
402 2611 446 2666 bis
460 2610 687 2667 exhibitionibus
707 2611 820 2667 landem
844 2626 923 2682 qua·
978 2613 1055 2670 tione
1070 2614 1196 2681 ducitur,
1211 2614 1259 2669 sed
1272 2615 1332 2683 jam
1349 2613 1477 2682 allectus,
1492 2621 1524 2670 ut
1538 2613 1599 2669 freri
1614 2611 1694 2680 solet,
1710 2610 1746 2666 ad
1762 2623 1829 2665 car-

75 2707 154 2760 runt.
173 2701 230 2756 llos
250 2702 341 2753 uenire
366 2698 399 2752 de
422 2699 530 2755 Gatcrad
555 2699 662 2767 vident,
679 2701 749 2769 quia
772 2700 807 2755 de
821 2713 924 2756 acervo
978 2701 1057 2757 nalia
1070 2717 1217 2773 quemque
1234 2701 1324 2758 relabi
1341 2701 1379 2759 ibi
1396 2717 1452 2758 uon
1470 2702 1617 2758 iuvenitur
1631 2702 1702 2772 quia
1716 2698 1829 2770 laqueis

76 2788 241 2854 testimonii,
267 2786 295 2842 id
314 2794 356 2843 est
380 2785 414 2842 de
434 2787 596 2858 frequentia
615 2795 790 2854 sanctorum,
818 2789 869 2857 qui
893 2802 923 2844 se
977 2791 1160 2858 cenodoxiae,
1187 2805 1253 2861 quae
1280 2791 1329 2846 vix
1354 2791 1390 2846 ad
1417 2790 1625 2861 simplicitatem
1654 2795 1827 2855 revocatur,

75 2875 212 2947 operibus
232 2875 268 2931 ad
284 2875 386 2931 electos
406 2877 548 2945 pertinere
565 2884 714 2945 testantur,
736 2891 786 2947 per
799 2877 922 2947 exempli
942 2876 1115 2976 Cirretitur,
1142 2878 1233 2936 multo
1254 2893 1323 2936 sane
1344 2879 1476 2935 deterius.
1499 2879 1598 2935 Vestes
1620 2877 1733 2943 scindit,
1748 2884 1776 2932 et
1790 2876 1828 2930 nd

73 2965 284 3022 uaduotionem
309 2965 479 3021 descendere
498 2966 591 3035 specie
611 2973 695 3022 tenus
719 2972 845 3022 censent.
866 2966 923 3021 Ca·
976 2969 1079 3034 fratres
1104 2968 1214 3039 pergit,
1241 2982 1306 3024 cum
1330 2974 1430 3023 sancta
1451 2981 1550 3038 opera,
1578 2981 1643 3038 qnae
1667 2967 1724 3022 lleo
1747 2965 1826 3021 uniri

73 3053 139 3110 meli
155 3068 255 3110 eorum
271 3060 387 3124 portant
403 3052 430 3108 in
453 3053 620 3124 AEgyptum,
640 3068 707 3109 cum
723 3067 842 3124 corpora
857 3068 923 3124 quae
977 3055 1091 3125 debent,
1112 3071 1163 3127 per
1185 3069 1236 3112 ora
1251 3064 1277 3112 et
1292 3056 1389 3112 oculos
1404 3056 1553 3112 bominum
1571 3054 1698 3125 dispersa
1714 3054 1828 3109 favora-

73 3142 110 3198 ob
125 3142 169 3199 sui
185 3143 300 3212 pondus
314 3141 415 3197 cameli
430 3150 582 3209 vocantur,
596 3142 666 3213 quia
679 3150 842 3213 aggravant
855 3143 922 3198 ani·
976 3143 1041 3200 liter
1054 3144 1186 3212 ostendit,
1202 3152 1230 3201 et
1251 3145 1285 3200 ad
1307 3144 1450 3200 interioris
1472 3144 1595 3199 hominis
1615 3157 1717 3213 pravos
1731 3149 1828 3198 motus

73 3243 150 3286 mam
172 3230 249 3301 (Sap.
271 3245 310 3298 rx,
337 3232 392 3300 li),
418 3229 493 3286 bona
516 3231 651 3300 qualibet
675 3232 782 3302 quibus
805 3245 863 3287 non
886 3231 920 3286 ad
976 3233 1145 3304 corrigendo
1161 3233 1208 3304 agi
1224 3233 1277 3288 ista
1292 3233 1433 3304 ingemit:
1455 3231 1762 3300 Vaeeniminqredienti
1777 3236 1827 3285 ter-

73 3319 122 3374 bei
142 3319 289 3385 bonorem,
314 3318 362 3375 sed
380 3319 416 3374 ad
431 3318 528 3374 saculi
551 3320 768 3376 ostentationem
794 3319 922 3376 redolent
974 3337 1035 3376 ram
1050 3321 1155 3376 duabus
1171 3325 1224 3376 uiis
1236 3322 1331 3392 (flecti.
1344 3337 1373 3389 n,
1388 3320 1441 3391 14.)
1453 3320 1588 3388 Allectus,
1602 3320 1706 3390 inquit,
1718 3319 1827 3375 irrecu-

72 3406 251 3464 aolummodo
273 3407 453 3464 extrinsecus
479 3407 646 3477 praeterunt.
672 3409 815 3479 AEgvptus
844 3408 922 3464 enim
976 3408 1140 3480 perabiliter
1163 3424 1214 3480 per
1238 3411 1337 3466 inanes
1359 3410 1465 3482 glorias
1485 3410 1601 3480 elapsus
1625 3415 1687 3475 est,
1712 3408 1741 3463 in
1767 3422 1827 3479 quo

71 3494 211 3551 seculum
231 3494 335 3566 signat,
361 3495 439 3550 unde
454 3501 496 3550 est
521 3509 528 3548 :
545 3495 610 3550 Non
634 3495 832 3550 abominaberis
849 3498 922 3565 qu·
975 3513 1039 3554 mea
1051 3499 1111 3569 jam
1127 3499 1252 3570 perficiet
1267 3499 1410 3569 discretio,
1428 3498 1588 3557 ubinullus
1602 3497 1827 3567 pietatisscnsus

69 3586 160 3655 ptium
184 3586 273 3651 (licut.
296 3598 376 3651 xxrn,
401 3583 445 3653 7);
470 3582 657 3640 odoramenta
678 3597 747 3640 vero
766 3584 922 3640 lorinsecus
975 3590 1023 3643 est.

71 3672 193 3730 virtutes
209 3672 370 3729 insinuant.
1010 3674 1095 3732 Vens.
1120 3678 1164 3743 31,
1183 3679 1225 3732 di.
1249 3707 1284 3716 -
1310 3677 1439 3732 Tulerunt
1464 3680 1552 3731 autern
1576 3677 1696 3730 tunicam
1715 3676 1785 3745 ejus,
1801 3680 1827 3730 et

108 3761 193 3818 Vena.
210 3763 255 3828 tn,
273 3765 317 3815 ιι.
336 3791 370 3800 -
387 3763 465 3817 llicit
488 3777 551 3829 erqo
570 3760 657 3816 ludas
681 3762 818 3828 fratribus
837 3763 919 3816 suis:
975 3767 1005 3819 in
1024 3766 1157 3831 saraquine
1170 3763 1252 3830 bardi,
1274 3779 1352 3833 quem
1367 3763 1529 3830 occiderant,
1545 3767 1696 3830 liberarunt,
1713 3765 1826 3817 mitten-

72 3848 144 3916 aeta
165 3851 242 3904 nobis
268 3849 391 3918 prodest,
413 3851 439 3903 si
459 3850 634 3904 occiderimus
655 3852 771 3916 fratrem
798 3855 922 3905 nostram
975 3856 1014 3908 tes
1033 3853 1082 3920 qai
1103 3855 1208 3919 ferrent
1226 3852 1263 3906 ad
1277 3856 1383 3921 patrem
1402 3856 1428 3906 et
1443 3851 1562 3906 dicerent
1583 3867 1589 3905 :
1614 3851 1699 3905 Hanc
1714 3852 1825 3904 inueni-

71 3941 96 3992 et
111 3939 286 3993 celaverimus
306 3940 466 4003 sanquinem
481 3940 589 4008 ipsius?
614 3940 709 3993 Melius
724 3944 763 3993 est
775 3943 805 3992 ut
819 3938 921 3993 aenda-
974 3955 1049 4008 mus,
1066 3940 1128 3995 uide
1142 3946 1234 3995 utrum
1258 3945 1350 3995 cartica
1368 3942 1422 4010 filii
1443 3942 1485 3995 tui
1498 3944 1544 4004 sit,
1568 3956 1604 3995 an
1626 3955 1689 3994 raon.
1714 3937 1825 3994 Tunica

72 4031 118 4080 tur
131 4027 292 4092 ismaelitis,
309 4030 335 4079 et
350 4041 446 4081 manus
465 4032 564 4083 nostra
577 4043 631 4082 non
644 4028 820 4098 polluantur;
833 4029 922 4094 frater
974 4028 1047 4099 ejus,
1065 4027 1155 4099 ipsius
1175 4041 1217 4085 est
1238 4029 1354 4085 interior
1369 4027 1581 4085 affectualitatis
1603 4027 1728 4083 babitus.
1746 4028 1825 4083 lianc

71 4116 143 4170 enim
161 4118 187 4168 et
209 4129 272 4169 caro
297 4116 566 4173 restructiones
589 4115 919 4183 diciturcanlessio.So-
974 4117 1005 4171 in
1030 4118 1164 4185 sanquine
1187 4117 1268 4184 tecti,
1297 4133 1375 4185 quem
1402 4117 1564 4182 occiderant,
1595 4115 1726 4186 tingunt.
1757 4129 1822 4171 cum

73 4202 110 4260 let
139 4210 235 4258 autem
261 4203 373 4260 obstare
401 4204 560 4274 plurimum
589 4218 706 4274 peccaro
730 4204 917 4276 volentibus,
973 4204 1113 4261 desiderio
1136 4205 1243 4275 peceati
1268 4206 1401 4272 carnalis,
1424 4205 1501 4276 quod
1523 4206 1551 4260 in
1575 4205 1692 4261 modum
1711 4204 1823 4261 cruoris

73 4291 135 4362 ipsa
164 4299 224 4362 post
250 4301 398 4362 peccatum
425 4294 578 4350 necessitas
608 4293 800 4349 confessionis.
828 4294 918 4350 Pudet
972 4293 1108 4360 decurrit,
1134 4293 1313 4350 conscientiae
1336 4301 1444 4350 statum
1459 4293 1601 4364 polluunt.
1623 4293 1823 4349 llaedusnam·

72 4381 148 4436 enim
170 4389 343 4450 perpetrare,
369 4382 447 4452 quod
468 4382 558 4438 multo
578 4382 670 4452 magis
685 4381 813 4438 confiteri
827 4383 921 4451 pudor
975 4397 1042 4453 que,
1061 4398 1138 4452 quem
1156 4383 1320 4450 occiderant,
1344 4382 1486 4454 flagitium
1510 4390 1561 4449 est,
1584 4382 1660 4453 quod
1677 4382 1823 4437 commise

539 181 569 236 V.
589 178 754 235 aaronem
773 175 918 233 ABBdTIS
937 177 965 231 S.
985 176 1102 231 MARlAE
1121 172 1166 231 DE
1184 173 1380 230 NOlllGENTO
1447 262 1453 269 1

72 4475 123 4524 cst.
154 4469 275 4536 Qualem,
304 4469 409 4540 inquit,
438 4471 559 4537 fructum
587 4470 735 4536 labantia
765 4472 794 4524 iu
821 4471 920 4539 quibus

71 4573 142 4613 nunc
156 4559 333 4613 madescitis?
352 4560 436 4627 (llam.
452 4573 491 4626 vr,
507 4558 564 4630 ιι.)
579 4559 748 4615 treverensis
763 4572 832 4630 ergo
851 4574 918 4615 con-

73 4644 203 4702 fessionis
225 4645 310 4702 infert
334 4647 459 4703 motibus
483 4647 589 4716 pravis.
610 4647 692 4713 Quid,
716 4647 765 4715 ait,
793 4648 920 4717 proderit

71 4747 89 4790 a
112 4733 188 4790 bona
209 4732 358 4791 voluntate
379 4733 509 4802 deicere,
532 4742 559 4790 et
574 4733 678 4791 lethale
698 4735 806 4792 crimen
822 4736 919 4793 anima

72 4823 211 4890 incutere,
230 4823 307 4892 quod
324 4835 392 4890 non,
408 4837 475 4879 cum
493 4830 687 4894 perpetratam
705 4824 801 4892 fuerit,
818 4825 919 4894 poterit

70 4925 152 4967 mens
173 4909 236 4981 ipsa
250 4910 351 4980 celare,
368 4912 390 4966 si
413 4912 536 4983 propriae
559 4912 627 4969 velit
651 4912 737 4969 saluti
752 4912 920 4969 consulere?

73 4997 216 5055 vendatur
240 4998 403 5063 Ismaelitis,
425 4997 641 5069 hypocritarum
662 4998 768 5056 scilicet
789 4997 920 5055 tradatur

70 5085 220 5156 exemplis,
232 5093 260 5143 et
276 5086 400 5143 exterior
415 5088 488 5142 actio
498 5096 597 5144 nostra
606 5101 664 5143 non
677 5085 825 5158 polluatur
837 5101 920 5144 naevo

70 5174 163 5245 culpae
179 5175 322 5244 notabilis,
335 5175 405 5246 quia
417 5176 475 5246 ipse
486 5175 614 5244 affectus,
624 5176 647 5232 sl
663 5189 712 5246 per
727 5176 823 5245 turpia
832 5189 919 5246 opera

71 5262 237 5330 infametur,
259 5269 336 5318 tanta
354 5264 569 5336 propinquitate
594 5264 675 5320 nobis
691 5262 871 5334 adjungitur.
887 5271 919 5321 nt

71 5364 122 5422 per
145 5351 225 5408 bunc
251 5367 313 5407 caro
338 5359 446 5420 nostra,
476 5353 503 5408 id
528 5359 570 5409 est
593 5359 651 5408 tota
674 5351 856 5409 exterioritas
878 5353 920 5408 vi-

71 5440 169 5497 tietur.

106 5527 193 5586 Vens.
210 5532 256 5585 ιιι.
271 5558 307 5572 -
327 5531 527 5599 acquieverunt
540 5533 643 5599 fratres
660 5529 827 5586 sermonibus
848 5530 917 5602 ejus

975 4477 1055 4539 rant;
1089 4468 1160 4526 solet
1182 4470 1258 4526 enim
1290 4479 1376 4540 typus
1403 4470 1498 4527 inanis
1523 4469 1621 4542 gloriae
1648 4468 1744 4525 rellari
1775 4483 1823 4541 per

974 4558 1106 4615 eflectum
1122 4558 1246 4615 carnalis
1269 4559 1371 4629 culpae.
1396 4559 1514 4616 Mittunt
1538 4562 1586 4628 qui
1610 4558 1706 4614 ferunt
1721 4557 1760 4613 ad
1773 4575 1822 4628 pa-

975 4651 1052 4707 trem,
1076 4660 1141 4703 curn
1166 4647 1372 4717 cogitationum
1396 4647 1531 4704 versutiis
1545 4647 1758 4719 aggrediuntur
1782 4660 1822 4702 ra-

974 4736 1091 4792 tionem.
1109 4736 1239 4804 attende,
1262 4736 1354 4806 aiunt,
1379 4736 1408 4792 in
1430 4750 1515 4808 quem
1540 4734 1670 4792 habitum
1693 4733 1820 4800 aflectus,

975 4824 1148 4896 quambene
1168 4825 1223 4880 [leo
1248 4826 1391 4895 peperisse
1413 4825 1568 4891 videbaris,
1592 4823 1757 4891 defluxerit,
1774 4830 1823 4880 aut

974 4912 1045 4969 forta
1065 4912 1088 4968 si
1112 4912 1197 4968 talem
1222 4912 1272 4969 tibi
1296 4928 1351 4969 non
1376 4915 1557 4984 ascripseris,
1583 4913 1645 4968 cide
1674 4913 1751 4969 unde
1776 4910 1822 4969 tali

974 5000 1149 5057 conscientia
1172 5002 1331 5070 emerseris,
1356 5010 1384 5059 et
1409 5010 1486 5059 certe
1506 5001 1534 5057 in
1560 5016 1618 5072 qno
1641 5014 1823 5071 perseverare

974 5103 1032 5145 non
1055 5097 1183 5160 poteras,
1208 5105 1361 5162 nunquam
1391 5090 1506 5148 virtutis
1533 5090 1661 5146 studium
1692 5087 1823 5146 affectare

974 5178 1117 5235 debueris.

1010 5266 1094 5323 Vens.
1124 5271 1224 5323 33.,-
1250 5270 1354 5323 Tunica
1376 5268 1432 5326 itii
1459 5269 1513 5322 mei
1541 5272 1589 5333 est,
1618 5267 1680 5333 fera
1706 5269 1823 5337 pessima

974 5355 1097 5423 comedit,
1128 5355 1214 5412 bestia
1243 5355 1384 5411 decorarit
1406 5357 1517 5426 Joseplr.
1545 5354 1684 5423 Habitus,
1715 5354 1820 5426 inquit,

974 5442 1133 5501 allectionis
1150 5458 1217 5500 merc
1240 5458 1340 5501 revera
1355 5443 1445 5512 isset,
1466 5444 1514 5500 sed
1534 5443 1704 5500 crudelitate
1719 5442 1823 5500 diaboli

972 5538 1001 5588 et
1014 5530 1173 5589 carnalium
1192 5531 1273 5589 ferali
1289 5532 1398 5603 impetu
1413 5532 1597 5604 voluptatum
1610 5539 1768 5603 corruptus
1781 5536 1821 5588 est
