3794 6008
86 198 136 252 eet
534 194 563 247 l.
586 192 753 250 obterebat
774 193 920 250 tuearis
939 193 967 248 S.
990 192 1110 248 MARIAE
1129 191 1175 247 DE
1196 190 1393 248 hollebhro
1791 195 1841 248 888
1883 244 1888 285 t

85 333 251 403 angeretur.
280 330 317 387 Et
337 328 460 386 subinde
486 335 662 385 commotum
692 328 872 399 respectabat
899 327 936 385 ad
955 329 1059 385 hctus
1088 326 1202 384 horruit
1225 325 1363 397 seipsum,
1391 325 1441 383 sed
1462 295 1620 398 antequam
1649 328 1841 398 confiteretur,
1885 329 1891 465 Ι

86 434 191 487 aerem,
214 433 251 475 ex
266 431 324 489 qno
343 426 370 475 et
395 431 462 473 mox
476 416 623 473 occubuit.
643 418 714 473 Ecce
734 423 799 473 ante
821 416 938 473 ruinam
991 416 1070 473 subit
1095 415 1263 487 hujusmodi
1291 429 1359 474 cnm
1382 415 1492 472 eaeteris
1513 415 1650 473 omnibus
1668 416 1840 488 pericnlum,

86 522 137 565 cnr
158 507 273 564 illorum
297 506 425 562 duorum
449 505 645 575 exaltabatur,
668 518 804 575 qnorum,
825 510 857 561 ut
877 518 937 561 ere·
992 506 1044 576 qui
1064 504 1210 562 consessus
1230 504 1302 576 jnsti
1322 504 1424 577 judieii
1440 518 1580 577 magnum
1601 504 1678 562 dedit
1692 505 1842 563 indicium.
1887 492 1891 561 Ι

86 594 192 663 dimus,
223 595 252 650 in
279 592 328 651 liei
356 592 466 665 judicio
501 593 629 650 severior
656 607 725 651 mox
750 599 812 649 erat
839 593 939 649 lutura
993 595 1046 652 Pro
1068 609 1126 665 quo
1146 595 1208 665 jam
1229 601 1411 650 consternato
1428 592 1605 661 discrimine,
1628 593 1674 651 die
1698 608 1757 664 quo
1782 594 1845 651 bac
1889 637 1891 661 ,

86 683 242 754 sententia3
267 682 388 754 gloriam
410 696 479 739 rero
504 683 533 738 in
558 683 610 739 isto
635 681 815 752 praecedebat
840 681 938 737 bumi-
994 683 1121 754 primum
1146 682 1284 751 accidere,
1301 682 1440 753 perennia
1454 683 1610 754 quotannis
1623 689 1692 739 sunt
1711 682 1845 740 instituta
1889 686 1891 696 '

87 772 162 841 litas,
187 771 235 828 cui
259 779 287 829 et
310 770 386 828 illieo
409 771 483 828 nulli
501 770 625 828 dubium
647 771 719 842 quin
743 770 842 827 divina
868 769 939 826 ioret
990 771 1113 843 jejunia,
1131 771 1438 842 eleemosynarumque
1462 771 1609 828 beneficia.
1636 769 1682 843 (⁶¹)
1708 772 1794 829 hissa
1808 772 1844 827 ad
1888 836 1891 855 .

87 874 239 918 accessura
261 859 434 918 sublimitas.
458 859 531 917 llam
551 858 667 917 cuidam
692 873 759 915 mon
779 859 939 915 revelatum
993 859 1107 917 beatam
1139 859 1259 917 llariam
1295 866 1323 916 et
1357 860 1393 916 de
1425 860 1488 930 ipsa
1521 861 1702 931 quotidiana,
1742 867 1849 932 praeter
1889 858 1891 886 ¹

86 957 128 1006 est
151 949 221 1020 qnia
243 949 274 1005 bi
292 956 349 1006 tres
364 949 486 1006 Romam
510 948 547 1004 ad
563 948 701 1005 Sanctum
717 948 834 1005 Petrum
858 947 940 1018 pari·
994 949 1069 1005 bane
1081 963 1200 1021 qnoque
1221 947 1309 1005 missa
1321 948 1356 1005 de
1370 947 1465 1005 Natali
1481 949 1596 1006 Domini
1616 949 1652 1006 ad
1665 948 1757 1007 altare
1772 950 1848 1006 San·
1889 962 1891 971 ¹

88 1046 131 1096 ter
152 1038 386 1110 commigrarent,
409 1038 459 1095 sed
484 1037 543 1094 duo
566 1037 745 1105 umbratiles,
771 1035 868 1107 etqui
889 1036 940 1092 vin
995 1037 1033 1094 cti
1060 1037 1207 1094 Michaelis
1224 1035 1301 1093 omni
1323 1036 1483 1094 Dominica.
1508 1036 1562 1095 Sed
1580 1036 1642 1109 jam
1659 1051 1848 1109 properemus

88 1127 180 1184 rideri
203 1133 328 1197 possent,
344 1125 446 1183 tertius
470 1125 517 1183 ille
536 1124 661 1194 albatus,
684 1133 712 1182 et
726 1124 809 1182 solita
830 1124 941 1196 sagaci·
994 1123 1118 1180 adalia.

89 1223 147 1274 tate
161 1215 261 1282 vivax,
278 1227 313 1271 ae
326 1214 439 1271 mobilis
454 1213 637 1284 properabat.
1299 1245 1416 1303 CAPUT
1434 1245 1542 1303 XXIV·

124 1305 250 1361 Accessit
287 1311 350 1375 post
378 1304 489 1374 aliquot
512 1317 605 1360 annos
624 1303 686 1375 jam
705 1303 811 1360 borum
834 1301 941 1370 oblitis,

88 1401 116 1452 et
142 1392 294 1450 securitate
324 1391 514 1462 torpentibus,
541 1390 625 1448 tertia
648 1391 796 1449 correctio.
816 1392 881 1448 lam
904 1391 941 1447 ab
1033 1392 1171 1446 Daemones
1199 1394 1299 1445 terrent
1326 1390 1487 1446 monachum
1508 1392 1592 1446 morti
1609 1394 1782 1460 proaimom,
1804 1408 1852 1462 qe,-

88 1481 208 1540 ecelesia
235 1483 336 1538 eadem
361 1481 473 1537 lucram
502 1479 661 1551 digressus.
690 1480 775 1537 blane
803 1479 940 1551 quodam,
995 1481 1066 1536 moto
1101 1482 1154 1549 tine
1180 1481 1274 1550 petet.
1299 1509 1334 1519 —
1357 1479 1398 1535 Eo
1426 1493 1514 1548 anno,
1543 1481 1601 1537 imo
1627 1486 1692 1550 post
1721 1487 1851 1550 quatuor

91 1585 149 1643 quo
173 1569 252 1628 tieret
274 1577 465 1640 tempestuosa
487 1569 651 1635 commotio,
676 1568 713 1624 ad
732 1567 828 1640 majus
851 1568 941 1625 altare
996 1567 1081 1639 primi
1095 1582 1180 1624 casus
1203 1581 1327 1634 menses,
1346 1567 1468 1639 quidam
1490 1567 1652 1625 monachus
1666 1566 1771 1624 ordine
1786 1581 1848 1638 pre-

90 1659 207 1716 litanias
229 1657 373 1714 cantaturi
397 1663 605 1728 processerant.
626 1659 658 1712 ln
686 1657 773 1713 choro
797 1656 884 1726 enim,
910 1656 941 1714 in
960 1631 1101 1728 Bsbyter,
1117 1656 1219 1713 matris
1239 1669 1309 1712 meae
1326 1655 1474 1727 quondam
1497 1655 1527 1712 in
1543 1655 1648 1714 saecnlo
1668 1655 1847 1726 capellanus,

91 1763 150 1819 quo
178 1747 305 1819 primum
333 1745 484 1814 ceciderat,
513 1744 668 1801 subsistere
696 1759 755 1800 non
784 1745 940 1812 audebant,
995 1744 1041 1802 vir
1063 1745 1100 1801 ad
1122 1744 1240 1801 oculum
1266 1752 1338 1802 tune
1358 1743 1521 1816 religiosus,
1546 1744 1596 1801 sed
1618 1751 1689 1800 tunc
1717 1750 1745 1800 et
1771 1752 1849 1814 post·

93 1849 161 1892 cum
183 1835 278 1892 subito
297 1833 415 1891 damma
437 1846 563 1903 superna
586 1831 655 1899 ruit,
675 1839 713 1900 et,
737 1832 823 1889 sicuti
847 1833 867 1888 ii
891 1833 942 1903 qui
995 1833 1115 1890 modum
1135 1832 1213 1890 vitiis
1221 1832 1398 1900 enormibus,
1416 1845 1433 1888 a
1451 1831 1560 1903 quibus
1572 1832 1704 1889 custodia
1720 1830 1850 1888 bumana

93 1924 191 1981 videre
219 1922 314 1980 testati
347 1928 425 1991 sunt,
462 1935 556 1992 usque
579 1920 616 1977 ad
639 1920 739 1978 altaris
768 1921 941 1992 crepidinem
996 1921 1134 1979 abstineri
1160 1936 1219 1978 non
1247 1927 1366 1991 poterat,
1396 1920 1642 1978 irretractabiliter
1660 1921 1789 1989 deditus,
1814 1921 1850 1977 ia·

93 2011 300 2080 descendendo,
320 2010 476 2067 circuitum
495 2009 559 2081 eius
575 2016 649 2067 tetra
669 2010 707 2066 ad
730 2008 880 2081 sulphuris
899 2010 943 2067 in·
996 2011 1050 2068 eile
1078 2017 1202 2081 coeperat
1229 2008 1380 2066 infirmari.
1410 2010 1464 2075 oui
1496 2009 1673 2080 insperatam
1702 2009 1732 2065 in
1765 2009 1850 2066 biduo

93 2104 164 2155 star·
183 2097 321 2169 implevit.
351 2098 473 2155 cuidam
496 2099 636 2155 monacho
659 2099 822 2170 presbytero
847 2099 945 2156 oeulos
996 2099 1155 2169 perductus
1179 2098 1216 2154 ad
1240 2104 1373 2160 mortem,
1393 2096 1477 2167 erepit
1497 2096 1631 2155 atrociter
1654 2098 1710 2154 hac
1729 2097 1851 2168 illacque

96 2186 136 2243 ibi
163 2187 295 2256 obduxit,
320 2186 435 2244 duobus
462 2187 560 2258 pueris
590 2187 625 2243 ad
654 2186 753 2244 altaris
784 2187 945 2258 pedaneum
997 2192 1074 2243 485
1098 2186 1252 2257 despicere.
1281 2189 1415 2257 cumque
1442 2186 1479 2243 ab
1502 2186 1537 2242 iis
1558 2185 1689 2257 quiesse
1709 2186 1776 2257 ejus
1798 2201 1851 2244 no-

98 2275 193 2346 capita
214 2273 396 2344 habentibus,
426 2288 460 2331 ac
485 2274 643 2345 prostratis,
669 2289 795 2346 quorum
816 2277 889 2333 alter
908 2289 946 2331 ex
999 2283 1101 2333 verant
1115 2283 1270 2347 rogaretur
1291 2275 1361 2346 quid
1377 2281 1517 2341 cerneret,
1535 2274 1705 2345 respondit:
1729 2276 1853 2332 Domum

99 2365 198 2421 ludaeo
213 2378 380 2432 conversus,
404 2363 453 2420 sed
470 2362 692 2434 praecordialiter
706 2363 797 2419 fidelis
813 2370 884 2432 erat,
910 2363 946 2420 ab
998 2364 1114 2436 plenam
1134 2364 1267 2422 barbaris
1289 2364 1467 2421 hominibus.
1493 2365 1624 2434 Cumque
1644 2363 1683 2420 illi
1708 2363 1852 2436 intellige·

100 2453 184 2510 altari
219 2452 350 2521 sublatis,
378 2451 536 2522 proculque
566 2451 729 2520 transactis,
754 2452 839 2523 pedes
866 2466 946 2509 aram
1001 2461 1065 2509 rent
1087 2453 1142 2509 sibi
1168 2467 1216 2509 eos
1240 2454 1291 2523 qui
1313 2452 1488 2510 videbantur
1506 2467 1564 2509 non
1590 2452 1661 2509 alios
1684 2466 1775 2522 quam
1800 2453 1853 2509 de

102 2555 212 2609 versus,
237 2548 324 2611 capnt
344 2540 381 2596 ab
394 2540 493 2596 abside
517 2541 653 2611 parietem
670 2539 739 2610 ipsis
753 2540 948 2598 nescientibus
1001 2555 1099 2598 mones
1136 2540 1296 2608 imminere,
1333 2548 1484 2611 coeperunt
1516 2540 1542 2597 ei
1569 2555 1725 2613 suggerere
1757 2548 1790 2597 ut
1823 2555 1853 2597 se

99 2636 195 2686 motus
214 2629 261 2686 ille
282 2627 431 2685 convertit.
455 2628 570 2696 Arcam,
594 2643 660 2699 quae
676 2634 739 2699 post
762 2628 853 2685 altare
875 2637 947 2698 erat,
1002 2631 1139 2702 signaret,
1157 2637 1185 2686 et
1205 2629 1317 2687 beatam
1330 2629 1381 2686 Dei
1399 2629 1574 2687 Genitricem
1596 2630 1731 2686 invocare
1749 2643 1852 2700 spera-

101 2731 153 2787 per
176 2717 238 2773 loca
266 2715 419 2773 debilitans
441 2715 550 2772 tulmen
574 2715 693 2784 introiit,
713 2716 857 2787 planetam
883 2730 949 2788 quaa
1002 2726 1064 2775 ret:
1093 2717 1215 2788 «spem,
1239 2717 1345 2788 inquit,
1365 2725 1393 2774 et
1414 2717 1551 2774 fiduciam
1576 2717 1606 2773 in
1628 2717 1691 2788 ipsa
1714 2716 1853 2773 haberem

100 2804 250 2876 pretiosior
270 2804 438 2875 putabatur,
459 2817 526 2860 eum
540 2817 606 2874 pars
622 2804 748 2874 plurima
762 2805 801 2861 ibi
821 2804 950 2862 thesauri
1002 2806 1058 2863 nisi
1071 2807 1193 2864 barones
1208 2805 1254 2862 isti
1269 2805 1443 2863 insisterent.
1461 2826 1472 2854 »
1490 2805 1596 2862 blirnm
1610 2804 1689 2862 dictu
1704 2805 1782 2874 qnod
1799 2805 1853 2862 ba-

100 2898 174 2949 esset
192 2892 327 2961 eeclesiae,
354 2890 444 2949 sciam
468 2891 523 2948 lide
541 2892 679 2963 eorrupit.
704 2893 794 2965 Cujus
815 2892 877 2950 bae
896 2893 950 2950 mi·
969 2910 1088 2991 Crones
1115 2909 1162 2951 eos
1192 2895 1348 2961 vocaverit,
1378 2894 1457 2965 qnod
1484 2908 1522 2952 ex
1556 2894 1655 2951 Graeea
1680 2892 1854 2964 etymologia

100 2981 193 3038 randa
207 2981 280 3038 ratio
294 2988 347 3038 est.
1004 2997 1107 3055 graves
1132 2982 1285 3054 signiiieat
1314 2983 1359 3050 Et,
1384 2996 1512 3053 equam
1535 2982 1610 3039 male
1634 2995 1740 3052 graves
1759 2987 1852 3048 erant,

135 3074 160 3126 A
183 3085 250 3143 rege
263 3070 435 3142 Anglorum,
453 3070 515 3127 viro
536 3085 654 3141 prorsus
669 3071 824 3144 illegitimo,
847 3080 875 3130 et
893 3074 950 3129 lie-
1003 3072 1055 3143 qui
1088 3085 1147 3128 non
1173 3072 1233 3143 jam
1267 3069 1436 3141 poenitentia
1468 3078 1520 3127 aut
1548 3070 1728 3127 invocatione
1753 3069 1853 3140 aliqna

101 3159 194 3217 elesiis
217 3159 338 3229 intenso,
355 3158 406 3230 qui
421 3158 525 3228 huius,
541 3159 619 3230 quod
634 3167 662 3215 et
680 3167 751 3228 erat,
767 3163 951 3233 cognomina·
1004 3159 1116 3217 amoliri
1153 3159 1321 3217 valuerantl
1356 3160 1541 3231 interrogant
1572 3158 1696 3229 denique
1730 3156 1760 3213 in
1796 3172 1853 3229 quo

102 3249 189 3307 batur
216 3248 282 3320 (40),
310 3262 399 3319 quem
421 3249 497 3306 Deus
523 3247 683 3318 suiipsius
708 3250 809 3305 amasii
834 3250 949 3321 sagitta,
1004 3248 1184 3320 potissimum
1199 3256 1365 3320 angeretur.
1383 3247 1543 3318 Respondet
1563 3246 1665 3304 illesic
1683 3261 1712 3304 se
1737 3247 1851 3314 sentire,

101 3340 173 3395 dum
203 3345 367 3407 venaretur,
393 3337 507 3406 occidit,
539 3336 652 3407 planeta
683 3337 745 3408 ipsa
772 3352 809 3394 ex
835 3338 951 3396 nomine
1004 3353 1038 3394 ac
1064 3338 1087 3394 si
1110 3337 1213 3409 ingens
1229 3336 1388 3406 productile
1414 3337 1524 3393 lerrum
1545 3343 1647 3408 guttur
1659 3335 1724 3406 ejus
1735 3342 1762 3392 et
1779 3349 1853 3405 prae·

101 3426 189 3496 petita
206 3432 258 3483 est.
284 3425 337 3492 Qui
363 3425 492 3497 proprios
515 3438 582 3481 cnm
597 3425 685 3482 nollet
703 3425 860 3482 exhaurire
885 3425 951 3483 the·
1004 3426 1112 3496 cordia,
1128 3427 1246 3482 llamma
1268 3425 1503 3493 excandescente,
1528 3431 1685 3494 perureret.
1714 3424 1788 3480 Cum
1807 3437 1854 3479 an-

103 3529 216 3582 sauros,
240 3514 415 3572 monachum
440 3513 530 3585 hujus
560 3514 601 3570 rei
621 3520 806 3571 executorem
825 3514 951 3571 destina·
1005 3524 1062 3572 tem
1076 3522 1149 3572 esset
1163 3529 1222 3571 nox
1242 3513 1430 3585 quietissima,
1447 3520 1480 3570 ut
1494 3527 1530 3568 ne
1547 3511 1712 3569 venticulus
1735 3511 1854 3568 andire·

103 3604 144 3662 vit
166 3604 203 3660 ad
219 3603 351 3660 abbatem
376 3601 543 3660 monasterii
565 3601 616 3674 (⁶⁰)
635 3601 713 3673 quod
735 3603 894 3659 vocabatur
917 3604 952 3661 de
1005 3609 1064 3672 tur,
1091 3610 1240 3673 coepernnt
1262 3601 1393 3658 fenestrae
1421 3600 1525 3657 domus
1553 3598 1712 3670 parietibus
1739 3598 1852 3670 appelli,

103 3692 190 3760 Bello,
222 3692 364 3748 mandans
389 3690 415 3746 el
445 3697 478 3747 ut
506 3690 671 3761 quindecim
700 3705 812 3748 marcas
840 3693 951 3764 argenti
1004 3700 1032 3748 et
1047 3690 1131 3762 quasi
1145 3705 1182 3747 ex
1200 3690 1299 3760 aliqua
1314 3689 1486 3746 intrantium
1507 3687 1670 3759 frequentia
1684 3687 1787 3744 crebro
1810 3700 1855 3743 re·

103 3780 158 3852 ipsi
189 3780 332 3837 monacho
362 3778 450 3836 daret.
483 3779 592 3836 hbbate
622 3793 690 3836 vero
718 3787 867 3847 renuente,
902 3795 952 3852 per
1006 3779 1127 3851 percuti.
1153 3780 1217 3835 lino
1235 3793 1303 3835 eum
1324 3777 1468 3843 monaehi,
1489 3777 1598 3833 caeteris
1629 3777 1659 3832 in
1675 3777 1760 3833 domo
1786 3775 1856 3833 dor-

104 3869 180 3942 regis
200 3868 365 3925 violentiam
386 3868 551 3925 monasterii
574 3868 670 3938 praeda
684 3868 818 3937 abducta,
839 3877 866 3925 et
885 3883 952 3925 mox
1005 3868 1172 3934 mientibus,
1202 3868 1399 3935 asservabant,
1419 3874 1457 3934 et,
1482 3865 1588 3922 conscii
1607 3864 1685 3937 quod
1701 3863 1772 3921 talia
1796 3879 1855 3920 non

103 3955 209 4014 marcis
224 3954 399 4027 quindecim,
418 3954 505 4012 vellet
518 3954 615 4023 nollet,
629 3956 777 4015 abeodem
794 3957 896 4013 abbate
910 3963 953 4013 est
1005 3970 1041 4012 ex
1066 3956 1141 4013 bono
1163 3955 1273 4023 fierent,
1299 3954 1470 4012 aestuabant.
1487 3955 1565 4010 lnter
1578 3953 1627 4009 illa
1640 3967 1709 4024 ergo
1724 3967 1792 4024 quaa
1815 3952 1855 4009 di-

104 4044 260 4114 redempta.
288 4043 358 4099 Inde
384 4042 533 4114 sacrilega,
563 4044 620 4100 imo
639 4058 689 4114 per
711 4045 864 4117 sacrilegos
888 4044 952 4115 pla·
1004 4045 1102 4101 ximus
1119 4045 1209 4102 rerba
1223 4044 1342 4101 eillavit.
1358 4045 1427 4100 Erat
1442 4049 1539 4101 autern
1563 4042 1647 4098 bomo
1661 4040 1762 4098 multis
1776 4041 1857 4097 indi-

105 4140 172 4189 neta
195 4140 274 4188 tanta
301 4138 343 4188 est
372 4130 458 4188 etiam
487 4131 589 4189 ircude
609 4140 749 4204 coempta,
772 4147 825 4190 nec
849 4131 951 4190 minori
1005 4134 1166 4206 gnitatibus
1187 4134 1327 4201 addictus,
1344 4132 1422 4189 unde
1441 4141 1469 4189 et
1485 4132 1570 4187 talem
1594 4129 1683 4188 vitam
1707 4129 1773 4186 talis
1793 4143 1858 4186 con-

106 4219 208 4276 iraude
230 4217 397 4289 composita,
418 4219 492 4276 utin
508 4221 701 4290 procurando,
723 4221 752 4276 in
767 4221 898 4289 emendo,
921 4228 953 4277 ut
972 4229 1124 4293 pseentns
1135 4226 1178 4279 est
1192 4221 1298 4279 exitus.

105 4306 303 4378 componendo
326 4313 385 4363 tota
407 4314 517 4364 constet
540 4307 570 4364 in
593 4307 790 4365 maledictione
815 4309 952 4378 conllata;
1044 4314 1077 4368 ln
1101 4311 1262 4368 coemeterio
1284 4309 1410 4366 ecelesiae
1440 4309 1517 4366 illius
1540 4307 1706 4379 sepulcrum
1736 4305 1858 4363 cuidam

105 4410 158 4453 nee
178 4394 255 4452 enim
271 4394 398 4452 medium
413 4396 505 4467 pretii,
523 4403 678 4467 postquam
693 4398 846 4468 posthunc
866 4411 952 4454 even·
1007 4398 1142 4457 deluneto
1163 4399 1304 4455 monacho
1320 4397 1496 4468 parabatur;
1511 4386 1566 4453 nec'
1581 4396 1639 4465 ille,
1660 4394 1707 4451 cui
1721 4394 1751 4450 id
1770 4393 1859 4451 oificii

107 4493 168 4543 tum
184 4485 214 4541 in
228 4492 323 4555 partes
340 4485 429 4541 missa
442 4484 622 4542 considerata
637 4484 702 4556 luit,
717 4493 760 4542 est
774 4486 870 4543 valere
888 4500 954 4557 pro·
1007 4487 1157 4556 attinebat,
1173 4487 1337 4544 meminisse
1354 4501 1412 4543 non
1436 4492 1556 4558 poterat,
1572 4500 1605 4542 eo
1619 4498 1649 4541 ιι
1670 4484 1699 4540 in
1721 4482 1783 4540 loeo
1808 4490 1859 4540 tn-

105 4576 183 4632 bata.
200 4575 233 4630 ln
253 4572 315 4644 ipsa
336 4574 421 4645 plane
441 4573 505 4644 ejus
520 4573 723 4644 compositione
737 4574 828 4631 multa
840 4582 954 4645 empto·
1008 4575 1267 4633 mulnmeliecisse.
1293 4575 1375 4632 Fodit
1394 4574 1495 4646 igitur,
1514 4581 1543 4631 et
1561 4588 1627 4631 eum
1643 4572 1746 4629 altiora
1767 4572 1857 4642 petis-

105 4663 145 4721 ris
178 4662 259 4720 iraus
288 4662 398 4720 detecta
431 4669 502 4719 tunc
530 4668 583 4718 est.
616 4662 683 4718 ilaec
715 4661 805 4735 igitur
835 4663 954 4735 integris
1008 4673 1059 4732 set,
1075 4664 1286 4735 tabulamque
1305 4663 1426 4735 supponi
1449 4663 1519 4720 solet
1538 4661 1716 4733 sarcophago
1741 4661 1856 4730 reperit,

105 4752 216 4810 caeteris
238 4750 415 4808 ornamentis
432 4750 473 4806 sic
495 4757 538 4807 est
556 4750 622 4821 jure
643 4750 789 4820 damnata,
817 4751 882 4808 licet
900 4765 954 4809 suo
1008 4767 1068 4825 qua
1086 4753 1202 4821 dimota,
1228 4766 1356 4809 vacuum
1380 4766 1453 4822 pene
1466 4749 1631 4820 sepulerum
1659 4747 1781 4814 invenit,
1803 4747 1859 4802 nisi

106 4839 258 4898 mercatori
272 4838 359 4896 simili
374 4852 494 4910 parsum
507 4837 667 4895 videatura
681 4852 775 4909 poena.
1008 4841 1086 4914 quod
1101 4841 1248 4899 cucullum
1262 4840 1319 4913 (θ’),
1336 4854 1423 4911 quem
1446 4852 1615 4910 caperonem
1631 4836 1719 4907 vulgo
1744 4837 1859 4907 (elope-

140 4927 262 4986 Cuidam
286 4932 383 4982 autem
399 4924 540 4982 monacho
564 4925 726 4982 mordacem
750 4924 862 4996 gerenti
881 4938 953 4980 con-
1007 4947 1066 4997 ron,
1082 4938 1109 4987 et
1128 4928 1277 5000 capuchon)
1300 4935 1417 4994 vocant,
1433 4942 1501 4985 cum
1521 4927 1613 4997 eapite
1635 4925 1796 4982 introrsum
1814 4937 1857 4979 re

104 5016 255 5076 seientiam
270 5021 337 5071 ante
349 5014 403 5072 boo
413 5012 522 5071 iactum
538 5012 593 5071 tale
605 5014 675 5085 quid
689 5013 842 5085 apparuit:
855 5013 954 5086 lmaga
1007 5017 1109 5087 posito,
1129 5025 1157 5074 ιι
1173 5017 1302 5087 crepides
1317 5016 1380 5075 leno
1395 5015 1567 5086 semiplenas
1585 5012 1676 5084 (quod
1690 5011 1760 5068 olim
1785 5018 1857 5068 tem-

105 5105 220 5163 Domini
245 5102 375 5162 crucifixi
390 5102 426 5161 de
444 5116 529 5161 cruce
543 5103 712 5161 descendere
730 5102 894 5169 ridebatur,
918 5102 953 5158 dc
1009 5118 1076 5174 pore
1098 5104 1256 5176 sepulture
1275 5105 1448 5172 factumest,
1466 5111 1499 5160 ut
1513 5102 1607 5172 magis
1622 5102 1751 5158 haereant
1775 5100 1858 5170 pedi·

106 5194 252 5264 manibus,
277 5193 374 5257 latere,
406 5205 440 5247 ac
463 5191 583 5262 pedibus
612 5189 755 5263 sanguine
777 5189 950 5247 exstillante.
1008 5193 1071 5257 bus)
1091 5193 1128 5249 ad
1155 5192 1239 5263 pedes
1267 5193 1441 5264 sarcophagi
1468 5191 1582 5262 reperit,
1609 5191 1637 5247 in
1669 5196 1727 5246 toto
1760 5196 1859 5245 autem

106 5282 160 5339 Per
192 5283 271 5339 chori
304 5280 432 5338 medium
462 5280 596 5338 incedens
622 5279 716 5337 dicere
745 5277 950 5336 audiebatur:
1008 5281 1101 5338 medio
1124 5281 1209 5338 nihil.
1231 5281 1311 5349 Quod
1333 5296 1400 5338 eum
1425 5280 1516 5351 aliqui
1537 5279 1685 5346 vidissent,
1711 5276 1856 5348 nobisque

110 5371 204 5427 «Nisi
232 5370 351 5427 conlcsst
368 5369 489 5438 fueritis,
508 5369 680 5427 moriemini.
704 5388 719 5417 u
743 5366 798 5434 Qui
820 5380 953 5437 experre
1007 5371 1179 5438 retulissent,
1200 5369 1250 5427 Dei
1271 5367 1557 5440 incomprehensibile
1585 5366 1729 5438 judicium
1757 5365 1854 5423 mirati

144 5457 197 5529 (⁴0)
213 5457 382 5516 Guillelmus
397 5457 433 5514 ll.
