3794 6008
77 283 132 336 253
666 278 849 336 llountltnl
873 281 907 334 lii
933 279 1081 337 canusia
1108 280 1171 334 LlB.
1187 277 1257 334 vill.
1777 280 1829 334 att

78 417 204 486 firmius,
226 417 255 473 in
271 425 377 483 mente,
397 417 444 471 cui
465 417 540 472 Deus
558 430 592 471 ac
611 415 634 471 si
656 415 772 487 speciali
791 414 853 472 loco
871 429 923 471 suo
943 416 1012 470 aut
1035 413 1171 482 soliditas,
1200 413 1381 482 durabilitas,
1406 413 1595 484 ejusdemque
1615 415 1728 484 pondus
1747 421 1828 470 note·

77 503 222 576 infulgere
244 504 406 570 consuevit,
429 503 578 561 solidatur.
605 504 755 561 Libamina
779 512 808 560 et
831 503 925 561 oleum
980 509 1036 559 tur.
1052 503 1147 574 (Vnus.
1166 502 1830 573 21.)Ερνεεειιεῐηάεῄτῑεῑαὸειηιαοιιὶωηιναηε

76 593 125 648 nio
149 593 316 660 tundimus,
346 608 412 648 cum
441 592 488 648 tali
520 592 706 649 fundamento
729 601 757 649 et
783 591 926 649 orationes
981 595 1079 646 turrim
1102 595 1200 660 gregis.
1214 591 1315 647 Turris
1338 596 1430 660 gregis
1444 591 1613 647 excellentia
1632 600 1683 658 est,
1701 591 1831 648 indivisas

76 680 268 751 imponimus,
291 688 318 736 et
338 680 432 736 oleum
456 679 562 737 divinae
583 680 683 751 gratiae
707 681 790 738 uoltis
812 679 924 736 infundi
979 688 1007 735 et
1031 680 1177 736 unanimis
1201 680 1335 735 inlisum
1358 679 1548 750 cogitationis.
1570 678 1744 749 Egredimur
1761 693 1830 736 vero

76 768 250 825 humilitatis
270 769 360 838 ipsius
384 768 483 825 marito
505 767 676 825 obtinemus.
696 775 769 824 ltu
786 768 866 827 Unde
885 768 926 825 sic
980 769 1052 830 inde,
1068 784 1135 825 eum
1159 768 1252 825 evicta
1278 768 1443 838 passionum
1472 766 1597 836 corporis
1620 766 1705 838 quasi
1729 775 1831 836 partus

74 856 194 924 vivere,
220 857 327 913 donum
350 857 474 927 proiecto
495 857 545 913 Dei
568 871 627 914 esse
652 872 811 914 censemus.
829 857 923 929 (Vnus.
980 857 1157 924 difficultate,
1167 857 1368 928 progredimur
1384 861 1460 911 trous
1476 861 1583 918 turrim,
1600 860 1690 924 gregis
1706 856 1832 911 interm·

77 947 134 1011 ts.)
160 949 292 1014 Egressus
313 951 414 1007 utitem,
435 950 508 999 verrit
529 963 610 1001 oerrto
633 951 750 1016 tempore
765 948 803 1001 od
825 952 925 1001 terrum
980 947 1070 999 caium
1093 945 1189 1014 sigere,
1217 945 1305 1000 idest
1331 944 1408 1000 ultra
1429 958 1542 1000 omnem
1567 943 1777 1014 imaginariam,
1803 952 1830 1001 ei

76 1051 138 1100 qua
154 1035 230 1089 ducit
250 1035 412 1104 spiratum.
431 1035 604 1105 Egredimur
617 1051 698 1090 uerno
715 1041 841 1106 tempore,
858 1050 924 1091 cum
981 1033 1064 1105 quasi
1078 1033 1240 1104 gregariam
1255 1032 1324 1100 vim,
1341 1032 1370 1088 in
1386 1032 1479 1103 ipsum
1494 1034 1583 1088 ileum
1594 1032 1683 1089 aciem
1694 1032 1829 1103 spiritua·

75 1123 150 1180 lines
163 1123 368 1180 desideriorum
391 1122 488 1178 carnis
505 1123 679 1192 exaudimus
700 1124 791 1179 divini
808 1124 926 1194 spiritus
980 1120 1015 1177 lis
1031 1122 1120 1178 animi
1135 1122 1289 1192 porrigere.

76 1212 163 1268 nobis
188 1211 280 1268 inluso
295 1211 398 1267 calore.
416 1212 463 1266 Ad
487 1216 587 1266 terrum
611 1229 671 1278 qua
683 1213 759 1267 ducit
773 1213 926 1284 Epicratem
1017 1210 1101 1267 Vnus
1119 1212 1163 1264 Ὦ.
1180 1239 1215 1250 -
1232 1209 1351 1275 Cumque
1366 1209 1504 1264 dubitaret
1520 1214 1549 1264 in
1567 1210 1617 1264 iilo
1629 1213 1748 1278 regione,
1761 1209 1830 1264 obiit

76 1301 222 1368 venimus,
247 1301 316 1358 dum
331 1301 367 1356 ad
389 1300 558 1357 soliditatem
583 1302 683 1371 animi,
702 1315 761 1372 qua
775 1303 811 1358 ad
834 1301 925 1373 frugi·
979 1300 1084 1360 doben,
1099 1301 1135 1353 'et
1158 1299 1286 1353 dormivit
1309 1315 1370 1353 eum
1389 1299 1458 1353 liolo
1481 1299 1630 1353 concubino
1652 1302 1744 1368 patris
1767 1301 1829 1362 sui;

78 1385 170 1444 teram
191 1387 296 1444 divinae
316 1389 432 1445 venitur
446 1388 628 1460 cognitionis,
654 1390 800 1461 regionem
816 1391 926 1461 pertin·
981 1387 1055 1453 quod
1073 1389 1151 1442 illum
1176 1391 1286 1442 minime
1310 1388 1401 1441 mittit.
1428 1386 1531 1442 uuoen
1555 1385 1660 1443 dicitnr
1683 1387 1830 1441 eidemin

77 1477 185 1546 gimus.
207 1479 239 1532 ln
263 1494 318 1544 quo
333 1494 393 1532 cum
413 1482 568 1547 parturiret
591 1479 691 1534 Rachel
713 1480 811 1547 (Vnus.
830 1482 872 1551 li)
894 1482 926 1535 ob
980 1477 1086 1538 modim
1115 1476 1200 1542 Bala,
1230 1479 1360 1530 inoetero.
1391 1475 1462 1532 cum
1492 1475 1521 1530 5¹¹
1549 1489 1683 1544 Sillii?inae
1712 1474 1831 1532 Vi⁸i⁰ilis

78 1566 269 1636 difficultatem
281 1571 382 1636 portus
393 1567 547 1636 periclitari
561 1571 648 1636 cepit.
667 1568 771 1625 liachel
791 1569 926 1638 parturit,
982 1564 1070 1620 noloili
1094 1564 1143 1620 iila
1168 1565 1284 1637 regione
1305 1578 1463 1632 moramur,
1481 1563 1620 1620 rectitudo
1637 1562 1830 1635 intelligentiae

76 1667 144 1709 cum
165 1652 329 1720 advenam,
354 1668 421 1723 quae
435 1653 510 1709 lleus
533 1659 585 1720 est,
603 1654 714 1726 frugem
738 1654 831 1712 virtus
854 1670 925 1711 eon·
945 1662 1095 1752 Bnostrae,
1124 1667 1190 1725 quae
1218 1667 1269 1710 nec
1293 1653 1330 1708 ad
1356 1653 1515 1720 dexteram,
1545 1667 1598 1708 nec
1619 1652 1655 1708 ad
1683 1651 1830 1708 sinistram

76 1741 273 1812 temptationis
303 1742 437 1810 inhians,
463 1756 530 1798 eum
554 1743 722 1800 difficultate
748 1758 873 1816 magna,
898 1755 926 1804 et
981 1742 1101 1799 devians
1126 1742 1220 1798 media
1242 1749 1318 1798 tenet
1343 1749 1370 1798 et
1399 1741 1538 1812 providet,
1567 1755 1633 1812 qua
1658 1754 1708 1811 per
1728 1740 1830 1797 liuben

74 1829 237 1897 periculosa
265 1829 351 1886 etiam
386 1830 543 1901 aliquando
579 1831 781 1904 defatigatione
815 1834 925 1904 aniani,
981 1830 1224 1902 signatur,apio
1240 1829 1371 1887 contuitu
1390 1830 1458 1898 abit,
1474 1838 1500 1886 et
1521 1829 1550 1884 in
1570 1828 1668 1900 aliqua
1688 1836 1828 1897 veterum,

74 1914 196 1970 visionis
216 1915 336 1972 internae
357 1915 489 1974 elevatum
511 1919 627 1989 assequi
647 1919 735 1989 cupit.
760 1919 812 1977 Sed
829 1921 925 1978 obste-
981 1918 1066 1975 idest
1087 1918 1288 1989 temporalium
1314 1933 1410 1975 rerum
1432 1917 1580 1988 voluptate
1601 1916 1744 1987 torpescit.
1761 1919 1830 1982 Ques

77 2003 133 2058 trix
173 2018 239 2074 quae
263 2005 370 2061 nostris
399 2007 468 2062 solet
497 2006 611 2064 obstare
636 2009 790 2078 periculis,
820 2011 925 2066 seilicet
981 2009 1235 2078 concubinepotris
1254 2008 1370 2076 dieitur,
1395 2008 1465 2078 quia
1484 2006 1761 2076 ipsiusinlelleotus,
1778 2006 1828 2077 qui

74 2091 160 2158 ratio,
178 2098 303 2148 mentem
323 2106 358 2148 ne
383 2095 480 2150 timeat
495 2095 637 2162 hortatur,
653 2097 722 2168 quia
737 2112 774 2154 ne
799 2113 816 2155 a
834 2107 925 2169 coapto
980 2110 1030 2152 rex
1052 2104 1080 2152 et
1103 2103 1182 2167 pater
1198 2096 1280 2153 nobis
1298 2103 1350 2164 est,
1368 2095 1526 2152 auctoritas
1542 2108 1612 2166 erga
1627 2095 1703 2151 lianc
1717 2093 1829 2151 adulte-

75 2179 212 2251 refugiat,
231 2180 265 2236 de
280 2182 378 2238 aeterni
399 2182 514 2240 tructus
530 2185 614 2255 quasi
629 2185 664 2242 de
682 2186 733 2242 frlii
749 2187 848 2243 lutura
863 2187 925 2244 ani·
980 2184 1042 2242 rine
1057 2185 1144 2241 nimis
1158 2183 1283 2241 aftioitur
1298 2200 1304 2239 :
1321 2185 1371 2256 qui
1384 2192 1480 2241 tamen
1497 2184 1631 2240 incursus
1644 2183 1756 2239 Patrem
1772 2181 1828 2238 rni-

75 2282 157 2325 mnm
173 2268 196 2324 si
212 2272 436 2338 perseveraverit
451 2274 626 2341 possessione
639 2275 757 2331 solatur.
980 2273 1057 2330 nime
1073 2273 1154 2342 latet,
1170 2274 1241 2344 quia
1256 2272 1355 2329 dusiis
1375 2273 1420 2330 sui
1438 2272 1548 2329 loeditas
1562 2270 1674 2341 spiritui
1693 2270 1756 2327 lure
1769 2269 1828 2327 cla·

111 2357 204 2413 i'nns.
229 2360 272 2411 te.
298 2389 332 2398 -
347 2360 509 2427 Egrediente
531 2366 623 2416 antem
643 2368 737 2417 enimc
748 2381 808 2434 pra
822 2365 922 2429 dolore,
980 2363 1042 2418 rius
1054 2369 1138 2433 patet,
1149 2369 1176 2418 et
1186 2368 1282 2417 tamen
1293 2376 1309 2416 a
1321 2361 1417 2432 dignae
1428 2360 1647 2417 ultionisanima
1661 2357 1829 2415 adversione

74 2450 99 2500 at
117 2450 277 2501 imminente
293 2448 353 2516 jem
373 2454 467 2511 morte,
492 2456 598 2505 oooooit
620 2469 716 2506 nornen
739 2454 792 2522 filii
810 2457 853 2507 sui
873 2454 924 2507 Be·
980 2452 1054 2508 silet.
1071 2452 1168 2520 (Vnus.
1190 2450 1246 2519 it.)
1270 2452 1349 2506 Venit
1373 2452 1454 2504 etiem
1476 2449 1557 2503 Jacob
1582 2449 1619 2502 od
1632 2449 1827 2517 isooepotrem

74 2538 149 2596 noni,
176 2534 261 2589 idest
282 2537 356 2605 fitius
375 2537 476 2591 dolorm
495 2542 556 2592 mci.
578 2537 649 2595 Cum
664 2554 718 2596 nos
740 2540 831 2596 Deum
855 2554 924 2596 eou-
979 2555 1059 2595 soum
1082 2545 1111 2594 in
1135 2540 1264 2600 Mambre,
1285 2542 1421 2593 civitatem
1440 2537 1546 2599 Ardeae,
1568 2536 1622 2591 lieo
1648 2539 1688 2590 est
1708 2535 1826 2598 Hebron,

74 2621 234 2692 temptandi
255 2623 367 2681 devotio
391 2632 484 2695 urget,
512 2639 571 2694 prae
595 2626 698 2692 dolore,
730 2628 800 2697 quia
821 2642 924 2697 panem
980 2634 1008 2683 in
1031 2645 1086 2695 orto
1106 2633 1300 2698 peregrinatus
1315 2632 1363 2689 est,
1380 2626 1522 2681 Atrectum
1546 2630 1571 2679 et
1591 2626 1678 2679 leone.
1704 2623 1828 2694 Spiritus

73 2711 140 2767 vitre
156 2725 239 2768 mens
259 2712 399 2785 attingere
414 2727 472 2769 non
487 2714 633 2784 prevalet,
651 2717 923 2787 animaegreditur3
980 2727 1076 2774 noster
1101 2719 1138 2773 nd
1164 2718 1285 2772 nemore
1311 2720 1446 2770 notiorem
1473 2716 1571 2770 Ardea
1599 2718 1682 2775 venit,
1699 2727 1766 2769 cum
1792 2713 1827 2769 ad

73 2813 189 2856 necesse
210 2807 252 2856 est
273 2800 350 2857 enim
366 2809 398 2858 ut
417 2802 550 2859 animalis
573 2818 707 2860 sensusa
726 2805 810 2861 corde
830 2819 924 2861 enua-
980 2806 1160 2874 divisionem,
1185 2807 1211 2862 id
1231 2814 1274 2862 est
1285 2806 1484 2862 discretionem
1498 2802 1714 2873 temporalitatis
1727 2803 1826 2874 liujus,

74 2894 132 2951 tur,
148 2895 178 2943 et
199 2887 295 2944 saeculi
318 2888 476 2957 desideriis,
494 2891 681 2962 inquantum
704 2893 850 2963 praevalet,
867 2908 924 2950 mo·
980 2910 1046 2965 quae
1060 2895 1253 2965 quaternitate
1274 2895 1416 2966 signatur,
1442 2908 1508 2965 quae
1528 2906 1628 2949 revera
1651 2891 1772 2948 maximi
1787 2891 1828 2948 ci·

72 2976 179 3031 riatur.
196 2976 277 3033 Unde
292 2977 328 3033 ab
353 2978 415 3048 ipsa
439 2986 541 3046 matre,
558 2980 665 3037 scilicet
688 2982 837 3048 charitate,
859 2997 925 3052 tinae
944 2975 1053 3039 Cvitas
1072 2984 1241 3039 munimenti
1261 2990 1313 3048 est,
1337 2981 1461 3048 accedit;
1486 2988 1513 3037 et
1531 2979 1673 3052 quidquid
1690 2979 1828 3036 transito-

73 3064 148 3120 inter
169 3064 323 3134 virtutum,
356 3066 465 3136 quibus
491 3068 607 3124 insudat
635 3069 709 3126 fetus
735 3071 925 3141 ingemiscens
979 3072 1054 3128 rium
1085 3079 1126 3128 est
1150 3085 1265 3137 amare,
1291 3079 1399 3127 certam
1425 3070 1568 3126 miseriam
1592 3082 1653 3125 esse
1678 3067 1825 3139 intelligit;

72 3153 200 3223 parturit
223 3168 316 3225 usque
338 3155 435 3212 adhuc
449 3155 535 3224 (Rem.
560 3157 924 3230 v111,aa),tamaegravi-
978 3160 1106 3217 llambre
1134 3159 1211 3216 enim
1239 3160 1384 3214 divisiones
1392 3177 1402 3221 ,·
1431 3159 1552 3226 arbee,
1582 3162 1702 3223 quotuor
1728 3163 1825 3225 sonat;

73 3239 186 3297 tudinis
208 3240 336 3310 effeetus,
360 3251 482 3299 vocatur
506 3245 607 3300 doloris
630 3248 714 3316 nitas,
739 3247 788 3302 sed
808 3247 925 3305 divinus
979 3250 1094 3305 liebron
1110 3262 1178 3304 vero
1188 3251 1368 3318 participatio
1388 3251 1507 3302 tristitia
1526 3246 1642 3302 dieitur.
1664 3248 1697 3301 ln
1713 3245 1824 3301 liebrou

73 3329 246 3396 intellectus,
273 3332 358 3401 cujus
381 3338 521 3403 tanquam
547 3334 607 3390 veri
631 3335 720 3406 patris
743 3335 855 3392 sincero
878 3350 925 3392 se·
977 3351 1046 3408 ergo
1073 3337 1274 3407 peregrinatur
1298 3336 1445 3392 abranam
1464 3342 1491 3391 et
1513 3335 1603 3400 isaac,
1622 3334 1692 3402 quia
1706 3333 1765 3403 ipse
1780 3332 1827 3389 in-

74 3417 151 3473 mine
173 3418 299 3474 charitas
323 3418 543 3490 impraegnatur,
572 3422 663 3479 filium
693 3423 818 3479 dexterae
847 3424 925 3480 hunc
979 3425 1107 3482 tellectus
1125 3432 1152 3480 et
1167 3439 1231 3495 spos
1247 3425 1352 3480 interni
1370 3423 1468 3494 gaudii
1485 3437 1572 3494 onam
1590 3423 1738 3488 habemns,
1755 3422 1825 3478 dum

72 3505 209 3575 appellat,
225 3506 295 3576 quia
309 3508 452 3579 quidquid
473 3510 528 3566 sul)
544 3509 606 3581 ipso
621 3526 673 3582 per
690 3512 858 3569 charitatem
873 3527 925 3584 ge·
978 3514 1085 3585 proprii
1119 3514 1218 3570 recolit
1250 3513 1391 3569 incolatus
1418 3526 1602 3578 aerumnam,
1637 3511 1768 3581 quandiu
1797 3509 1825 3567 in

73 3593 159 3659 ntur,
176 3593 301 3651 dexterae
316 3597 415 3652 aeterni
432 3599 511 3668 regui
528 3598 640 3656 militat.
656 3601 752 3666 (Vnus.
779 3602 834 3670 to.)
852 3604 923 3657 litor·
977 3617 1095 3673 corpore
1117 3602 1225 3672 agitur,
1241 3615 1394 3672 nunquam
1418 3616 1475 3656 nou
1492 3601 1601 3656 habitat
1617 3600 1737 3656 tristitie
1757 3612 1826 3670 par-

74 3684 123 3734 tae
144 3685 186 3735 est
206 3680 306 3736 Rachel
319 3687 345 3735 et
359 3686 468 3753 sepulto
486 3689 515 3738 in
536 3689 582 3740 uic
596 3702 656 3752 qaae
670 3687 746 3742 ducit
759 3687 922 3757 spiratum.
977 3690 1182 3760 ticipationetu.

72 3766 148 3834 Quia
162 3782 237 3838 opus
251 3777 303 3837 est,
321 3778 464 3840 quantum
480 3774 515 3829 ad
532 3774 628 3830 saeouli
643 3775 785 3831 ambitum
805 3784 923 3845 spectat,
1013 3778 1099 3836 Vnus.
1112 3781 1157 3846 28,
1174 3780 1218 3832 aa.
1244 3808 1279 3817 -
1293 3781 1328 3832 Et
1352 3779 1477 3847 completi
1499 3779 1564 3831 seret
1589 3777 1646 3830 dies
1662 3778 1739 3829 lsooe
1763 3790 1824 3829 cen·

72 3857 146 3912 mori
165 3856 303 3925 animam,
323 3859 426 3915 visioni
445 3860 608 3918 conditoris
625 3863 773 3932 intentam,
796 3872 824 3920 et
841 3878 924 3934 sepe·
978 3872 1035 3922 tum
1061 3870 1197 3936 octoginta
1219 3883 1364 3922 annorum.
1396 3867 1575 3936 consumptos
1596 3868 1676 3919 etate
1700 3868 1824 3918 mortuus

73 3943 131 4010 liri,
158 3944 251 4002 idest
272 3946 409 4003 abscondi
430 3963 447 4002 a
468 3950 572 4005 lorensi
596 3952 728 4021 strepitu,
750 3952 778 4008 in
800 3953 922 4020 Christo,
977 3961 1026 4019 est,
1043 3961 1068 4011 et
1091 3961 1232 4026 oppositus
1251 3957 1354 4025 populo
1377 3972 1425 4010 sito
1442 3971 1525 4009 senen
1546 3960 1571 4008 et
1591 3955 1691 4023 pierius
1706 3953 1824 4010 dieram.

73 4033 125 4103 qui
155 4041 199 4090 est
224 4034 284 4103 via;
312 4037 487 4107 consepultis
513 4039 589 4095 enim
613 4039 638 4096 ei
664 4040 752 4097 datur
779 4041 923 4112 frugifero
978 4047 1265 4101 Peroentumannos
1284 4044 1431 4114 plenitudo
1446 4043 1562 4099 virtutis
1583 4041 1757 4112 exprimitur
1776 4054 1827 4111 per

74 4121 212 4201 regionis,
239 4122 303 4192 ejus
325 4123 456 4180 videlicet
480 4126 649 4196 divinitatis,
673 4143 789 4199 pascua.
808 4130 924 4185 Ducunt
977 4133 1203 4205 octogenarium,
1222 4133 1271 4204 qui
1292 4132 1494 4203 quaternarios
1519 4132 1642 4202 prefert,
1659 4129 1826 4200 temporali-

73 4218 172 4266 autem
200 4210 235 4266 ad
259 4211 334 4267 hanc
362 4214 570 4270 conformitatis
598 4217 689 4288 ipsius
714 4219 844 4290 vestigia,
874 4218 922 4274 ubi
977 4229 1021 4278 tas
1036 4222 1186 4292 accipitur,
1211 4237 1276 4292 quae
1292 4221 1381 4277 iuliis
1400 4222 1451 4291 oui
1471 4220 1577 4276 celesti
1593 4219 1697 4276 taetitia
1714 4218 1826 4274 initian-

74 4298 190 4369 pmprie
212 4299 306 4357 Bothel
321 4308 373 4365 est,
398 4302 501 4359 domus
516 4304 640 4374 profecto
660 4306 710 4362 Dei
728 4320 806 4362 vera.
823 4308 920 4374 (Vnus.
978 4319 1019 4368 tes
1033 4318 1110 4367 sunt.
1129 4311 1209 4367 isaac
1223 4311 1379 4367 centenarii
1394 4310 1477 4381 quasi
1493 4308 1638 4365 luminum
1654 4307 1826 4378 perfectione

74 4387 133 4455 ²0·l
148 4388 299 4453 arentique
311 4391 393 4445 locet
408 4392 664 4462 titulamiopidevm
674 4410 756 4464 saper
770 4398 923 4464 sepulerum
977 4399 1199 4456 transcenditur.
1224 4399 1317 4454 AEtate
1341 4399 1421 4454 Isaac
1435 4398 1625 4462 consumitur,
1650 4405 1678 4453 et
1692 4396 1824 4465 moritur,

74 4475 135 4543 eius
153 4492 163 4529 :
178 4476 229 4529 Hie
244 4480 284 4530 est
299 4479 397 4532 titulus
411 4485 577 4535 mortimenti
591 4482 691 4537 nemaei
706 4500 792 4550 usone
809 4489 837 4538 in
851 4502 923 4554 prae-
977 4502 1042 4544 oum
1067 4485 1162 4542 carnis
1185 4485 1291 4556 gaudio
1315 4485 1351 4540 ad
1368 4485 1511 4555 integrum
1529 4483 1672 4550 demolito,
1687 4497 1751 4553 spes
1764 4496 1824 4538 om-

74 4568 178 4618 sentem
192 4564 272 4619 dion.
290 4567 372 4621 Joeob
392 4569 503 4623 titutum
525 4586 607 4640 super
621 4573 776 4641 sepulcrum
793 4573 924 4629 liaclrelis
975 4575 1022 4629 nis
1038 4582 1134 4630 nostra
1151 4580 1295 4644 quantum
1315 4574 1350 4628 ad
1372 4573 1510 4628 saeculum
1527 4571 1709 4627 interimitur.
1726 4572 1826 4626 Plenas

73 4651 244 4723 erigitoum
258 4653 333 4710 inter
343 4658 523 4715 moriendum
535 4659 639 4717 saeculo
651 4659 712 4730 ipsa
722 4660 924 4731 speculationis
976 4664 1082 4718 dinam
1093 4664 1195 4732 popolo
1221 4677 1270 4716 suo
1291 4662 1456 4732 apponitur,
1478 4675 1543 4716 oum
1560 4659 1643 4730 plena
1668 4673 1750 4714 mens
1770 4659 1826 4715 vir-

73 4740 177 4808 virtns‚
198 4756 288 4811 quam
305 4744 389 4800 nabet
405 4744 570 4816 introrsum,
587 4749 671 4805 etiarn
693 4750 821 4806 exterius
836 4751 923 4806 ciari-
977 4758 1071 4808 tutum
1101 4750 1270 4818 luminibus,
1300 4749 1405 4806 coelestt
1433 4749 1557 4819 populo,
1584 4747 1745 4817 specialiter
1773 4761 1825 4803 suo

73 4835 161 4885 talant
188 4829 360 4888 humilitatis
378 4834 510 4891 ostendit.
538 4836 651 4893 Titulus
671 4846 801 4894 autema
826 4838 923 4894 Graeco
976 4839 1182 4896 conformatur.
1207 4841 1241 4893 Ei
1264 4840 1430 4909 sepelierunt
1452 4854 1511 4891 errrn
1534 4840 1606 4891 Esou
1631 4841 1657 4889 et
1679 4835 1760 4890 Jtteob
1774 4835 1825 4904 filii

72 4916 190 4974 nomine
205 4918 321 4986 dieitur,
343 4922 420 4993 qnod
440 4931 482 4979 est
501 4923 583 4995 titan,
606 4926 633 4981 id
655 4927 804 4984 ostentis
826 4929 923 4982 titulus
975 4933 1029 4991 eui,
1047 4927 1207 4985 intellectos
1226 4928 1357 4984 videlicet
1372 4935 1399 4983 et
1422 4926 1553 4995 allectus,
1577 4940 1643 4996 que
1664 4924 1827 4997 gignuntur

71 5011 241 5062 vuoramnenti
266 5009 403 5080 pertingit
419 5027 505 5078 osque
525 5016 554 5067 iu
575 5019 735 5084 presentem
756 5015 836 5078 diem,
854 5017 923 5086 quia
976 5031 1011 5073 ex
1042 5024 1134 5072 mento
1165 5016 1298 5087 tripudiis
1326 5016 1435 5072 intenta
1462 5015 1640 5083 celestinus,
1672 5021 1823 5084 postquam

70 5095 222 5153 humilitas
239 5097 291 5153 ista
305 5099 508 5169 sempiternam
525 5110 651 5160 meretur
667 5102 843 5171 memoriam,
857 5119 922 5174 quae
977 5113 1080 5175 praeter
1096 5106 1187 5162 Deum
1203 5105 1243 5160 nil
1263 5119 1373 5175 sapere,
1390 5118 1448 5160 non
1465 5103 1582 5160 aliunde
1597 5103 1672 5159 attici
1688 5102 1824 5174 gaudent,

71 5182 99 5238 in
113 5182 166 5239 illa
188 5183 360 5242 indefectiva
375 5187 429 5251 die,
448 5203 514 5258 oure
537 5190 613 5246 Deus
626 5196 679 5258 est,
697 5198 818 5256 constat,
838 5191 923 5263 cujus
976 5201 1100 5250 mentem
1116 5193 1217 5265 ipsam,
1236 5193 1271 5249 de
1287 5207 1346 5262 qua
1372 5192 1522 5263 prodeunt,
1539 5204 1555 5246 a
1570 5190 1669 5247 sacculi
1691 5187 1827 5246 molestiis

68 5270 187 5343 dittugit
201 5287 286 5329 nemo
309 5276 501 5344 presentiam.
519 5277 662 5348 lapideus
683 5287 777 5335 autern
802 5278 918 5349 dieitur,
974 5289 1126 5338 contutant
1141 5282 1298 5338 intrasset
1314 5280 1503 5337 abscondunt.

715 5483 867 5526 EXPLICIT
890 5485 987 5527 risun
1008 5485 1171 5530 OCTAVUS.
