3818 6008
484 321 595 378 cesta
612 322 671 378 hel
693 322 761 378 velt
783 321 950 378 thaneos.
972 352 1006 361 —
1019 323 1083 378 ΗΒ.
1104 323 1148 379 vt.
1340 279 1343 283 ὓ
1633 327 1685 378 782

56 450 178 507 xstiterit
201 457 232 508 ut
257 449 392 506 omnibus
417 456 515 507 utrum
532 450 605 507 idem
637 450 695 508 fieri
721 451 779 509 ullo
799 453 912 512 dcirca
926 453 1002 524 quod
1020 454 1068 510 ubi
1092 454 1259 523 disposuere
1283 453 1416 519 tentoria,
1440 453 1575 511 dominus
1589 454 1686 525 oppidi

56 540 171 596 ptuisset
185 552 256 609 pene
271 538 391 595 dubium
406 538 452 594 sit.
558 554 566 571 ·
842 541 959 598 obviam
972 545 1116 613 processit,
1134 557 1200 600 eum
1216 542 1319 599 comite
1336 542 1409 599 facta
1424 543 1589 599 concordia.
1650 551 1652 555 ·

266 627 380 684 CAPUT
401 627 462 683 vll.
878 629 1147 686 PluresCftrt'ett‘ent'
1159 645 1258 702 cepere
1280 631 1373 685 urbes.
1390 630 1569 700 -Denique
1585 645 1689 702 prope-

56 713 76 788 .]
93 713 253 769 Boemuedi
266 718 294 769 et
309 711 787 786 Raymundisimultaerecalceeet.
842 727 905 776 rata
926 719 1059 790 deinceps
1093 719 1218 776 motione
1247 726 1418 785 castrorum,
1448 718 1606 788 quamdam
1633 721 1691 790 pul·

56 815 101 859 rea
113 803 298 859 Boemnndus
311 817 385 871 eam,
400 815 465 872 quae
485 802 600 858 interse
620 811 647 858 et
657 802 788 859 comitem
842 807 1015 864 cherrimam
1031 808 1186 875 civitatem,
1203 809 1343 866 vocabulo
1356 808 1536 880 Kephaliam,
1556 809 1692 868 omnibus

56 890 151 962 Egidii
182 890 276 947 fuerat
298 891 400 947 oborta
426 891 568 960 simultas,
595 891 710 961 penitus
731 906 789 948 non
842 894 1007 965 opulentam
1031 894 1113 951 bonis
1134 895 1291 967 attingunt,
1319 896 1347 950 in
1369 896 1496 966 quadam
1517 894 1593 951 valle
1616 897 1690 966 posi·

58 992 81 1047 s,
102 979 173 1036 dum
189 979 242 1035 sibi
264 993 358 1036 eomes
378 979 544 1035 nullatenus
569 978 667 1047 credit,
697 979 789 1036 iratus
842 989 911 1038 tam.
929 988 963 1040 llt
987 984 1172 1050 habitatores,
1196 984 1321 1040 Francos
1337 983 1386 1040 ubi
1408 983 1556 1040 advenisse
1575 998 1691 1055 compe-

56 1066 286 1124 iiamredit.Nee
306 1081 396 1127 mora,
417 1080 512 1122 comes
528 1065 644 1123 directis
663 1067 789 1138 adpre·
842 1071 932 1138 rium,
964 1071 1067 1129 urbem
1103 1072 1248 1139 deserunt,
1284 1071 1489 1128 alimentorum
1513 1072 1692 1143 plenitudine

56 1155 152 1211 urbem
177 1155 288 1227 legatis,
313 1156 379 1212 duci
402 1155 565 1224 Godefrido,
592 1156 687 1212 comiti
704 1156 789 1212 Flan·
843 1160 952 1216 refertis
976 1160 1120 1228 domibus,
1144 1174 1211 1216 cum
1229 1167 1257 1216 et
1278 1160 1353 1216 horti
1377 1161 1481 1230 passim
1497 1160 1692 1217 exuberarent

58 1256 95 1311 m,
115 1243 211 1299 itidem
227 1251 255 1300 et
269 1244 547 1315 Nortbmannorum,
564 1246 689 1316 denique
717 1246 789 1300 Boe·
843 1248 995 1316 frnetibns,
1028 1249 1103 1304 solas
1128 1248 1182 1304 sibi
1204 1248 1311 1305 salutes
1335 1248 1516 1321 subterfugio
1539 1249 1614 1305 tueri
1643 1249 1691 1305 eli-

56 1332 179 1403 ‚Rugiae
203 1333 318 1402 (civitas
341 1341 437 1390 autem
460 1343 502 1391 est
525 1342 683 1391 memorata
707 1348 790 1404 supe·
843 1343 924 1407 gunt.
953 1336 1046 1392 Tertio
1073 1350 1090 1392 a
1110 1336 1229 1407 praetata
1252 1336 1444 1393 discesserunt
1465 1337 1537 1394 urbe
1560 1336 1616 1403 die,
1648 1351 1692 1392 ar-

56 1419 202 1490 lloquium
216 1422 327 1476 indicit.
341 1421 454 1485 Quibus
466 1437 551 1479 snum
561 1422 789 1478 accelerantibus
842 1425 960 1495 duaque
979 1424 1075 1492 nimis,
1100 1433 1128 1480 et
1144 1438 1267 1495 scrupea
1288 1432 1427 1481 montana
1441 1425 1648 1492 conscendunt,
1664 1431 1692 1483 ct

56 1521 97 1565 snt
124 1509 242 1565 consilio
263 1511 392 1580 generali
413 1518 563 1579 tractatur,
589 1521 734 1582 quatenus
749 1511 790 1566 sic
843 1516 879 1571 ad
896 1515 981 1570 aliam
1010 1515 1143 1585 deinceps
1166 1515 1280 1581 vallem,
1309 1529 1366 1570 nou
1387 1515 1501 1583 minori,
1526 1528 1615 1585 quam
1640 1516 1691 1571 uhi

56 1597 201 1653 reordibus
227 1598 332 1653 animis
363 1599 528 1665 unirentur,
555 1608 586 1654 ut
602 1611 789 1668 nequaquam
844 1601 984 1673 Kephalia
1008 1611 1079 1671 erat,
1102 1602 1245 1659 fertilitate
1270 1602 1409 1672 vividam,
1446 1603 1547 1659 iterato
1571 1602 1691 1657 descen-

56 1686 485 1756 sexpeditiohierosolymitana
508 1695 680 1744 moraretur.
696 1687 789 1758 ltepe-
843 1689 927 1758 dunt,
957 1690 1055 1761 ibique
1082 1692 1247 1762 quindecim
1275 1690 1363 1747 ferme
1390 1691 1502 1758 diebus,
1531 1690 1692 1747 substantia

56 1774 202 1830 unimodis
217 1776 374 1832 concordiae
390 1776 574 1832 Boemnndus
586 1777 705 1847 agendae
724 1789 790 1832 acer
810 1754 994 1848 Bjucundati
1010 1779 1151 1844 uberiore,
1169 1793 1229 1835 sese
1259 1777 1402 1836 reficiunt.
1421 1779 1471 1835 llis
1486 1792 1603 1848 quoque
1618 1793 1690 1834 con-

56 1860 131 1929 ·lens,
159 1862 213 1917 nisi
233 1876 293 1918 suae
316 1862 411 1918 faveat
440 1862 582 1919 voluntati
602 1877 706 1930 comes,
728 1865 790 1917 An·
842 1865 956 1936 tignum
978 1864 1047 1921 locis
1069 1865 1216 1934 quoddam
1240 1865 1357 1921 Francis
1376 1864 1531 1921 nuntietur
1557 1864 1616 1920 lore
1641 1878 1690 1920 ca-

56 1949 148 2019 ¹parti
177 1950 224 2005 eni
253 1949 459 2005 dominabatur
485 1949 607 2018 cedens;
643 1949 791 2005 invenitur
844 1951 973 2019 steiium;
990 1952 1025 2008 ad
1051 1952 1078 2008 id
1098 1951 1279 2008 confluxerat
1301 1952 1393 2008 multa
1415 1952 1502 2008 nimis
1530 1949 1691 2021 frequentia

56 2037 88 2093 ad
117 2038 168 2094 ista
194 2037 321 2108 rigidior,
342 2038 500 2094 obtendens
525 2037 603 2107 quod
627 2036 790 2105 imperatori
845 2051 1034 2109 paganorum.
1052 2039 1134 2104 Quod
1149 2039 1238 2095 nostri
1258 2054 1325 2095 oum
1345 2039 1524 2109 rapidissima
1543 2039 1691 2096 obsidione

56 2133 105 2183 rat
120 2134 343 2182 sacramentum.
362 2127 421 2182 llac
436 2139 504 2196 ergo
518 2125 659 2180 mentium
680 2124 707 2178 in
731 2138 791 2179 sese
845 2125 1011 2194 cinxissent,
1039 2134 1144 2197 praesto
1179 2134 1242 2182 erat
1269 2134 1301 2182 ut
1326 2127 1504 2197 subigerent,
1537 2141 1603 2185 cum
1627 2141 1692 2184 eece

56 2220 97 2268 ate
118 2212 211 2279 divisi,
236 2211 331 2268 Sancti
352 2211 512 2283 Egidiensis
538 2211 584 2267 ille
608 2211 792 2267 Boemnndus
845 2210 979 2280 oppidani
1000 2225 1056 2267 non
1072 2225 1179 2281 paucas
1200 2222 1397 2270 armentorum
1413 2214 1509 2285 copias
1534 2215 1590 2271 illis
1617 2214 1693 2286 obji-

56 2312 62 2354 ;
94 2301 209 2369 pariter,
248 2300 430 2356 Antiochiam
459 2307 529 2355 sunt
558 2300 674 2355 reversi.
701 2299 790 2355 lsdem
845 2299 936 2362 ciunt,
966 2299 1075 2370 talique
1102 2299 1245 2357 lenocinio
1274 2308 1305 2358 ut
1326 2302 1363 2358 ab
1391 2302 1538 2359 obsidione
1555 2304 1694 2360 desistant

57 2387 92 2443 de
112 2388 209 2458 palatii
231 2388 386 2456 etoasteiii,
404 2388 479 2459 quod
496 2395 584 2458 portae
599 2388 695 2457 pontis
716 2392 791 2442 ⁴211
845 2402 893 2444 eos
908 2388 943 2444 ad
970 2395 1084 2458 tempus
1114 2388 1246 2445 illiciunt.
1272 2389 1309 2445 At
1328 2390 1580 2449 summodiluculo
1594 2391 1692 2447 admo-

56 2477 245 2544 raeeminebat,
261 2476 400 2544 custodia,
415 2477 554 2533 militibus
566 2478 626 2532 suis
639 2477 790 2542 mandans,
847 2484 945 2533 ventes
965 2477 1056 2533 nostri
1083 2477 1205 2533 tentoria
1233 2486 1338 2542 castro,
1353 2478 1423 2535 illud
1436 2479 1565 2536 obsidere
1592 2493 1694 2550 propo·
1776 2457 1785 2480 ⁰

56 2577 130 2632 nm,
147 2579 236 2634 quam
264 2565 374 2635 pridem
398 2573 513 2635 ceperat
536 2565 683 2620 remeavit.
708 2566 792 2619 Atta·
847 2573 929 2620 nunt.
944 2564 1033 2640 Quem
1049 2579 1149 2622 eorum
1166 2574 1301 2623 conatum
1331 2567 1380 2623 ubi
1397 2581 1467 2638 gens
1482 2581 1596 2639 pagana
1626 2581 1694 2637 per-

56 2668 108 2711 nen
123 2654 237 2726 penitus
257 2654 377 2710 rationis
399 2668 511 2724 expers,
540 2661 567 2710 et
586 2653 615 2710 in
628 2666 681 2709 sua
698 2652 792 2723 pervi-
846 2653 943 2716 sensit,
963 2653 1047 2709 celeri
1078 2654 1147 2725 fuga
1171 2654 1318 2723 recedunt,
1341 2669 1526 2725 vacuumque
1555 2654 1718 2733 oppidum-

56 2743 203 2800 ommunia
218 2743 324 2799 damna
336 2743 523 2813 perpendens,
540 2742 609 2798 dum
630 2741 793 2812 pertinaeiae
847 2740 1063 2811 derelinquunt.
1081 2742 1246 2812 Ingreditur
1261 2742 1426 2799 Christiana
1447 2743 1561 2810 militia,
1584 2741 1696 2814 proflua

56 2844 112 2888 ,usa
127 2831 269 2888 Dominici
280 2831 402 2900 sepulcri
418 2831 530 2903 cogitur
541 2829 650 2887 differri
665 2830 791 2896 libertas,
847 2829 918 2885 inibi
934 2828 1081 2897 frumenti,
1102 2830 1173 2897 vini,
1191 2830 1290 2888 farinae
1301 2845 1335 2887 ac
1349 2831 1401 2887 olei
1426 2831 1518 2888 inesse
1533 2831 1695 2902 deprehen-

57 2917 165 2975 decimo
189 2918 265 2975 infra
285 2919 458 2975 ianuarium
486 2917 541 2985 die,
568 2917 614 2973 vir
646 2917 791 2989 egregius,
847 2917 926 2974 ditur
939 2916 1140 2984 exuberantia,
1157 2925 1184 2974 et
1199 2919 1222 2973 si
1238 2933 1297 2989 qna
1310 2917 1430 2976 inissent
1442 2919 1611 2976 necessaria.

56 3020 78 3075 e,
96 3019 113 3062 a
127 3007 223 3064 Merra
249 3008 365 3065 civitate
391 3007 583 3078 progreditur,
605 3005 793 3076 pervenitque
883 3004 957 3079 Regi
969 3005 1147 3078 Tripolitano
1158 3024 1261 3078 pacem
1275 3010 1383 3079 negant
1397 3007 1560 3065 Christiani
1567 3007 1600 3062 ni
1614 3006 1698 3061 Chri·

56 3093 139 3161 darn,
149 3094 248 3165 ibique
264 3094 359 3152 triduo
373 3095 487 3152 mansit.
506 3095 566 3150 lllie
578 3092 794 3150 Northmanniae
847 3094 891 3146 rto
904 3093 952 3148 det
964 3109 1077 3148 nonme.
1098 3124 1132 3134 -
1149 3094 1210 3150 lllic
1233 3102 1293 3151 tota
1307 3094 1464 3162 allectione,
1482 3094 1694 3151 Purifreationis

67 3182 213 3240 simultate
231 3183 353 3246 deserta.
370 3182 411 3240 illi
433 3183 630 3255 conjungitur.
848 3181 936 3238 beatae
963 3182 1060 3239 itariae
1086 3182 1155 3239 festa
1184 3183 1345 3239 coluerunt.
1370 3184 1431 3240 lllio
1459 3184 1546 3240 etiam
1574 3182 1695 3239 camelae

56 3268 74 3345 .]
96 3269 313 3328 eaesaneneam
340 3287 467 3328 raecum
481 3271 588 3326 nostrie
612 3268 685 3326 iniri
700 3269 795 3334 foedue
848 3270 971 3327 civitatis
995 3271 1070 3342 regis
1091 3271 1198 3343 legatos
1218 3281 1404 3342 exceperunt.
1434 3273 1494 3329 Rex
1512 3272 1597 3342 plane
1621 3271 1697 3328 idem

68 3389 104 3400 -
126 3360 267 3417 Praeterea
291 3373 343 3416 rex
366 3360 585 3417 Caesariensium
610 3358 707 3415 Sancti
723 3357 794 3429 Egi·
847 3359 942 3415 comiti
957 3374 1058 3431 equos,
1082 3374 1200 3429 aurum,
1223 3369 1435 3431 argentumque
1451 3369 1599 3431 sequestra
1618 3360 1696 3432 lega-

55 3446 111 3504 illie
129 3447 224 3505 comiti
240 3447 383 3519 frequenti
408 3447 549 3519 legatione
564 3454 704 3512 suaserat,
721 3458 794 3516 qua·
847 3449 924 3504 tione
939 3448 1102 3518 paciscitur,
1121 3449 1264 3519 pollicitus
1279 3449 1357 3519 quod
1376 3448 1553 3505 Christianos
1573 3450 1600 3502 in
1617 3448 1697 3504 nullo

56 3549 139 3593 scum
153 3536 251 3592 solidae
265 3537 425 3607 pactionem
441 3535 518 3606 pacis
539 3536 634 3603 iniret,
651 3535 795 3606 spondeus
847 3535 1012 3604 offenderet,
1033 3537 1081 3593 sed
1101 3537 1226 3594 debitam
1255 3536 1296 3591 eis
1323 3536 1513 3593 reverentiam
1536 3535 1696 3592 exhiberet.

56 3624 148 3696 ibique
166 3624 279 3696 imperii
294 3626 339 3681 sui
354 3625 525 3682 Christianis
540 3623 708 3695 adJumenta
725 3635 795 3693 prae·
847 3625 908 3681 Rex
938 3624 1023 3680 etiam
1036 3624 1233 3694 'tripolitanus
1256 3623 1352 3680 comiti
1375 3624 1502 3689 mandat,
1528 3623 1606 3694 quod
1630 3637 1696 3694 gra-

62 3713 176 3784 negotia
198 3714 340 3779 ciborum,
368 3713 492 3769 vestium
510 3721 539 3769 et
557 3726 711 3783 equorum,
734 3726 795 3767 om·
848 3719 951 3778 taeter,
981 3711 1003 3767 si
1019 3712 1097 3779 velit,
1114 3726 1181 3768 curn
1205 3727 1238 3768 eo
1259 3719 1374 3781 paetum
1403 3711 1489 3779 ineat,
1520 3710 1636 3767 directis
1656 3712 1696 3767 ci·

56 3816 90 3858 ue
105 3800 171 3858 usui
183 3801 390 3872 pertinentium
406 3816 463 3857 non
489 3808 616 3872 negaret.
634 3801 693 3856 flac
706 3800 794 3855 nostri
848 3802 912 3857 dem
928 3799 1024 3856 decem
1044 3801 1137 3871 equis,
1156 3807 1282 3870 quatuor
1307 3799 1402 3867 mulis,
1418 3806 1446 3856 et
1469 3813 1542 3856 auro
1561 3813 1618 3856 non
1634 3814 1697 3855 mo-

56 3890 151 3948 atioue
163 3890 265 3962 gavisi,
288 3890 375 3961 iuxta
401 3890 503 3946 urbem
526 3889 638 3960 eligunt
659 3889 795 3944 taberna·
849 3890 922 3946 dico.
938 3890 1038 3946 Comes
1054 3903 1120 3944 vero
1135 3888 1183 3957 ait,
1206 3887 1374 3944 nullatenus
1387 3902 1417 3944 se
1430 3903 1496 3946 cum
1525 3903 1560 3945 eo
1581 3888 1697 3959 pacifice

56 3993 83 4037 nr
103 3978 165 4036 loca
192 3979 299 4045 sortiri,
325 3979 477 4050 Pharphar
502 3992 629 4048 namque
650 3977 757 4033 fluvius
779 3990 796 4031 a
849 3984 994 4042 acturum,
1011 3975 1066 4031 nisi
1081 3975 1145 4032 fidei
1160 3983 1264 4032 nostrae
1279 3983 1461 4033 sacramenta
1477 3976 1641 4047 susciperet.

55 4067 77 4124 is
100 4067 246 4124 moenibus
273 4067 351 4125 haud
380 4067 463 4139 longe
491 4065 674 4138 praeterfluit;
701 4072 796 4121 atrex
886 4064 1229 4136 Egrediunturdevalle,
1260 4077 1348 4135 quam
1368 4066 1504 4135 superius
1530 4065 1696 4132 ntenroravi,

60 4156 450 4227 prospectotantoexercitn,
466 4170 523 4211 non
540 4154 664 4212 multum
684 4154 719 4210 de
733 4153 798 4210 talis
850 4154 1017 4224 uberrima;
1041 4161 1069 4210 et
1095 4153 1131 4209 ad
1156 4153 1321 4224 presidium
1351 4161 1458 4210 natura
1472 4154 1697 4211 munitissimum

56 4245 133 4302 ernii
157 4245 368 4316 propinquitate
396 4243 518 4308 laetatus,
554 4257 630 4315 aegre
661 4243 738 4307 tulit,
771 4249 799 4299 et
851 4242 881 4298 in
910 4242 992 4313 rupis
1015 4256 1149 4313 supremo
1172 4242 1308 4313 positum,
1336 4242 1414 4313 quod
1440 4243 1547 4300 dieitur
1579 4245 1697 4311 archas,

56 4332 117 4389 rius
137 4327 210 4389 'rude
243 4334 417 4401 recederent,
453 4339 611 4389 mercatum
639 4331 740 4386 vetuit.
766 4331 797 4386 ln
817 4330 1017 4390 DFebruariis
1033 4331 1142 4398 idibus,
1158 4345 1226 4388 cum
1246 4339 1319 4388 esset
1346 4331 1473 4388 mennda
1488 4332 1559 4388 feria
1573 4331 1698 4390 devene·

56 4435 122 4491 ium,
141 4421 214 4479 duos
236 4420 550 4478 cumnostrisexsuis
576 4419 663 4486 misit,
680 4419 732 4492 qui
757 4419 798 4475 eis
853 4428 931 4488 runt,
957 4419 1111 4490 vicinaque
1140 4419 1290 4490 municipii
1324 4420 1413 4476 tensis
1437 4420 1619 4490 papilonibus
1651 4434 1697 4476 oc-

56 4526 61 4565 ι
78 4508 207 4566 huminis
221 4509 460 4575 demonstrarent,
478 4522 583 4578 eosque
609 4508 799 4578 perducerent
852 4514 1041 4579 cupaverunt.
1057 4507 1137 4575 Quod
1153 4507 1269 4578 quidem
1295 4506 1515 4566 innumerabilis
1537 4507 1699 4565 infercierat

56 4597 144 4654 rtedae
163 4596 273 4668 aliquid
301 4597 425 4667 diripere
470 4604 594 4666 possent.
618 4597 720 4666 ltaque
762 4597 798 4652 ab
853 4595 1008 4653 multitudo
1032 4608 1223 4666 paganorum,
1253 4596 1412 4652 'lurcorum
1437 4595 1576 4663 videlicet,
1599 4594 1699 4653 Sarra·

56 4708 70 4755 l,
87 4685 221 4756 quedem
244 4686 344 4743 subter
359 4685 504 4754 quoddam
533 4684 637 4742 nostris
659 4685 798 4755 oppidum
853 4698 989 4741 cenorum
1014 4692 1039 4739 et
1064 4683 1204 4751 Arabum,
1228 4685 1277 4754 qui
1312 4691 1415 4753 praeter
1446 4682 1567 4754 originis
1598 4681 1699 4739 muni-

63 4773 232 4839 ostenditur,
262 4773 312 4831 uhi
331 4773 502 4830 animalium
530 4773 737 4830 numerositate
755 4787 798 4830 re·
854 4781 995 4838 mentum,
1018 4771 1120 4828 lortius
1153 4770 1225 4828 illud
1247 4771 1418 4828 omnimodis
1444 4785 1498 4828 sua
1537 4770 1701 4841 pluralitate

66 4864 198 4934 quinque
229 4862 318 4918 ferme
340 4863 431 4918 millia
463 4863 626 4933 rapiuntur,
650 4861 798 4933 frumenti,
854 4861 1047 4919 reddiderant.
1064 4859 1188 4931 Contigit
1201 4859 1316 4926 ibidem,
1334 4859 1552 4930 quatuordecim
1571 4873 1605 4916 ex
1623 4859 1704 4916 Chri-

56 4965 179 5022 rumque
208 4951 322 5008 utilium
353 4951 479 5022 plurima
502 4951 582 5022 eopia
609 4951 759 5022 reperitur,
785 4967 800 5009 e
854 4950 947 5007 stiano
957 4949 1088 5006 exercitu
1100 4948 1173 5005 viros
1187 4948 1299 5019 equites
1321 4955 1421 5004 contra
1438 4947 1573 5018 'tripolim
1594 4947 1699 5004 urbem

56 5054 61 5095 t
76 5039 111 5096 ad
128 5039 272 5112 integrum
289 5040 437 5112 equitatus
452 5040 498 5096 ille
517 5037 654 5095 reficitur.
668 5039 800 5096 Castrum
854 5054 920 5111 quae
931 5038 1026 5095 fuerat
1050 5037 1090 5093 illi
1105 5037 1270 5108 propinqua
1297 5035 1412 5093 castello
1428 5035 1577 5106 procedere
1595 5050 1651 5092 non
1664 5037 1700 5093 ob

55 5127 160 5185 eidem
194 5127 223 5183 in
251 5128 436 5200 juseomitis,
456 5140 510 5183 sua
534 5126 624 5197 ipsius
646 5126 799 5196 deditione,
855 5127 944 5195 atiud,
960 5125 984 5182 si
1003 5140 1060 5182 non
1082 5125 1174 5192 fallor,
1198 5123 1252 5180 nisi
1268 5131 1300 5180 ut
1320 5122 1449 5180 valerent
1472 5122 1621 5194 quidpiam
1640 5125 1702 5182 esui

56 5224 113 5286 tur;
140 5229 245 5272 aurum
262 5231 299 5273 ex
324 5231 358 5274 eo
384 5231 443 5274 non
470 5215 615 5272 modicum
631 5229 697 5271 cum
718 5214 802 5285 equis
854 5213 1035 5271 commodum
1060 5214 1112 5269 sibi
1137 5213 1312 5269 contrahere.
1331 5210 1375 5278 lli,
1403 5210 1534 5280 inquam,
1560 5217 1703 5281 quatuor-

56 5312 115 5375 tur;
144 5304 307 5373 nostrisque
335 5317 383 5373 per
415 5305 523 5370 omnia,
550 5303 620 5373 quia
647 5317 801 5373 nunquam
856 5303 947 5359 decim
974 5316 1041 5359 eum
1064 5309 1168 5368 essent,
1198 5300 1349 5371 sexaginta
1375 5297 1488 5355 circiter
1507 5297 1624 5365 l'urcos,
1640 5298 1704 5357 aliis

56 5391 165 5459 dereut,
187 5391 326 5449 securitas
347 5399 426 5449 certa
446 5391 631 5463 promittitur.
662 5391 802 5449 Sederunt
855 5391 941 5450 etiam
965 5389 1169 5448 comitantibus
1195 5401 1335 5458 reperere.
1356 5385 1410 5453 Qui
1439 5400 1497 5458 prce
1519 5402 1549 5445 so
1576 5388 1705 5446 homines

56 5494 88 5539 ne
109 5479 213 5538 diebus
234 5480 347 5539 ibidem.
377 5479 445 5536 lnde
459 5480 588 5552 digressi,
604 5479 640 5536 ad
656 5479 734 5537 aliud
754 5479 802 5537 de·
856 5478 1052 5544 aoanimalia‚
1069 5475 1263 5549 quepredsti
1292 5475 1417 5541 fuerant,
1446 5475 1602 5549 plusquam
1628 5475 1706 5535 mille

56 5568 224 5640 roppidum,
242 5568 320 5640 quod
334 5581 351 5624 a
365 5573 449 5639 gente
468 5565 645 5625 incolebatur
661 5566 801 5635 Arabum,
858 5565 1074 5638 quinquaginta
1103 5564 1288 5621 deducerent.
1315 5560 1380 5631 Qui,
1410 5564 1571 5634 sponsionis
1607 5564 1707 5620 Domi-
