3818 6008
124 271 173 323 ltu

573 266 602 318 V.
624 265 789 322 uulussu't't
810 243 955 320 austris
974 266 1002 319 S.
1024 263 1142 319 ltaltlAE
1161 263 1206 318 DE
1226 263 1421 319 nollounro

1820 267 1869 318 {b'li

121 399 210 455 tilitas
234 396 494 470 dignoscendorum
517 395 671 465 spirituum
688 396 724 451 ad
743 393 963 464 contemplatio·
982 399 1156 471 hcorporis,
1181 401 1321 457 diuturna
1337 400 1398 471 jarn
1422 408 1524 457 contra
1551 402 1697 471 passiones
1716 403 1870 473 vigilantia

120 503 186 544 nem
204 502 296 559 usque
309 487 357 542 Dei
374 484 493 555 prolicit,
510 499 575 555 quae
594 485 711 555 quidem
725 484 772 539 hic
788 484 896 553 incipit,
916 483 966 539 sed

121 577 321 648 abrcnigmate
335 582 362 630 et
379 573 494 644 speculo
509 574 545 628 ad
562 572 797 643 sempiternitatis
823 586 967 643 augmen-

121 676 194 732 tum,
211 665 287 736 quod
304 662 501 733 complebitur,
518 677 585 718 curn
601 663 672 718 lacie
702 662 737 718 ad
757 661 857 717 taciem
873 661 969 717 videro

120 755 291 825 coeperitnus
307 754 336 823 (I
353 754 413 809 Gor.
438 767 497 821 xrrr,
520 755 571 818 ta),
595 752 697 821 surgit.
715 753 751 806 Et
771 751 824 807 huc
845 754 874 804 in
895 757 969 805 terro

120 843 254 899 Cbuncon
277 841 317 908 lu,
339 839 389 896 ubi
420 855 489 896 vera
510 841 632 896 mutatio
655 848 769 896 aeternae
792 840 966 908 stabilitatis,

122 930 345 988 terreridelicet
359 929 519 986 viventium
535 930 574 985 nil
586 930 647 1001 jam
663 931 755 985 inesse
769 930 851 985 nobis
870 937 968 985 muta-

121 1019 264 1076 bilesinit.

157 1108 243 1164 Vens.
273 1109 317 1161 20.
343 1137 377 1145 —
406 1108 440 1162 Et
463 1108 638 1178 confirmatus
674 1113 723 1173 est,
760 1107 864 1178 inquit,
904 1123 969 1177 eger

1021 490 1075 546 sub
1102 490 1231 546 dominio
1267 490 1401 557 Abrahae,
1431 490 1538 546 scilicet
1563 491 1683 546 rationis
1705 496 1732 546 ct
1760 497 1871 545 antrum

1022 579 1202 635 conscientiae
1233 588 1333 634 contra
1370 579 1522 647 imperium
1550 579 1671 649 iustitiae
1704 580 1872 635 nullatenus

1023 667 1244 734 murmurantis
1271 676 1301 723 ut
1327 667 1504 736 [insideatur
1538 667 1605 738 jure
1630 669 1822 732 monumenti,
1842 676 1874 724 ut

1020 757 1130 827 jugiter
1145 757 1252 812 scilicet
1271 758 1374 812 mentis
1400 757 1566 812 meritoriam
1595 765 1731 813 moneant
1763 757 1873 827 proles-

1023 845 1120 913 sionis,
1138 859 1226 915 quam
1240 845 1273 900 de
1289 846 1411 915 propriae
1426 846 1750 902 ieceritmortilicatione
1765 847 1872 912 carnis,

1023 942 1051 988 et
1092 942 1346 989 recommemorent
1382 932 1519 1002 propositi
1556 935 1623 990 sui:
1651 942 1873 991 monumentum

1023 1035 1127 1089 nempe
1149 1028 1176 1077 et
1200 1028 1346 1076 mortuum
1371 1021 1450 1091 tegit,
1477 1028 1505 1077 et
1523 1021 1873 1077 amoneadovocabulum

1024 1109 1156 1178 sumpsit.

783 1287 933 1329 EXPLICIT
955 1287 1054 1330 LIBER
1075 1289 1213 1333 SEXTUS.

689 1573 867 1647 rucrrrr
898 1573 1040 1647 crena
1069 1574 1317 1650 sarcines

497 1783 920 1955 MORALtUM
990 1773 1085 1887 IN'
1141 1784 1502 1889 GENESIM.

159 2204 209 2251 tn
225 2196 382 2267 Septimum
393 2195 423 2251 in
433 2195 533 2252 Genesi
548 2195 729 2267 aggrediens,
739 2195 802 2266 {lieu
817 2193 973 2265 aspirante,
995 2194 1136 2263 BinhiaS,
1153 2196 1207 2251 sub
1224 2195 1413 2267 intelligentia
1437 2195 1544 2268 ingenii
1574 2196 1630 2252 mei
1642 2195 1787 2265 deprime,
1811 2195 1880 2266 quia

124 2293 290 2352 tractatum,
318 2285 408 2341 sancti
439 2284 561 2353 Spiritus
596 2283 666 2339 mihi
705 2283 843 2352 deprecor
876 2283 975 2338 adesse

123 2375 315 2444 praesentiam,
335 2374 388 2429 hoc
411 2373 514 2428 deinde
538 2372 688 2427 humiliter
710 2385 807 2427 meum
837 2379 974 2441 expostu-

124 2464 210 2519 lando
236 2464 369 2519 lectorem
395 2470 436 2525 ut,
457 2461 479 2516 si
509 2474 568 2532 qua
595 2461 694 2515 minus
720 2473 809 2529 quam
839 2459 975 2528 competit

123 2551 247 2607 dilucide
272 2551 374 2621 posita,
392 2558 443 2605 ant
470 2549 688 2624 scripturarum
714 2547 852 2616 exemplis
877 2549 975 2603 minus

123 2654 212 2710 (quam
235 2639 317 2694 vellet
346 2639 456 2703 lulcita,
481 2644 531 2692 ant
552 2636 642 2691 nimia
668 2636 808 2691 brevitate
827 2643 975 2691 contracta

126 2727 288 2796 perviderit,
315 2726 463 2797 indulgeat
492 2739 562 2780 meae
597 2723 819 2780 misericorditer
842 2725 975 2793 novitati,

124 2815 175 2885 qui
202 2816 297 2884 potius
321 2815 349 2869 in
374 2815 428 2869 hoc
448 2827 511 2869 meo
543 2813 635 2882 primo
664 2811 802 2881 opusculo
836 2811 976 2882 quidnam

124 2916 209 2973 agere
221 2917 329 2972 possem
341 2902 466 2972 experiri
481 2900 571 2966 volui,
593 2908 621 2955 et
636 2914 704 2955 mere
734 2899 824 2956 solius
845 2899 976 2956 utilitatis

124 2991 325 3047 causacudere
351 2990 404 3045 ista
418 2990 565 3060 proposui,
589 2990 644 3043 imo
659 3002 717 3043 non
734 2987 848 3055 cudere,
866 2987 915 3043 sed
940 2988 976 3043 ad

124 3081 269 3135 memoriae
305 3079 374 3134 mihi
400 3078 630 3148 reparationem,
661 3091 728 3132 cum
766 3090 801 3132 ea
837 3076 975 3147 relegero,

124 3167 289 3224 summatim
314 3174 432 3236 tangere
458 3164 544 3234 cupii.
574 3164 661 3221 Plane
684 3164 777 3219 multa
808 3163 977 3220 testimoniis

1030 2282 1089 2338 vim
1113 2291 1169 2339 tuae
1201 2283 1375 2354 operationis
1405 2284 1441 2339 ab
1470 2284 1581 2354 origine
1615 2284 1700 2339 debes
1730 2283 1880 2339 rationalis

1029 2381 1194 2442 exspectare
1207 2373 1341 2445 scientiae,
1368 2381 1399 2428 ut
1415 2373 1495 2429 nulla
1510 2373 1561 2429 tihi
1576 2374 1719 2444 subripiat
1733 2387 1877 2443 praesum-

1030 2461 1088 2530 ptio
1104 2461 1259 2517 alacritatis
1274 2476 1358 2517 vanae
1367 2477 1375 2531 ;
1394 2462 1488 2517 lemur
1503 2476 1572 2517 sane
1588 2462 1651 2518 lons
1665 2461 1878 2533 quodammodo

1031 2549 1197 2619 propaginis
1208 2564 1268 2605 esse
1283 2549 1472 2619 dignoscitur,
1491 2564 1541 2620 per
1554 2551 1632 2621 quod
1648 2551 1711 2620 ipsa
1721 2550 1879 2622 intelligen-

1031 2638 1076 2692 tiae
1092 2637 1171 2692 sedes
1186 2651 1242 2691 non
1261 2636 1378 2708 indigne
1397 2640 1502 2693 rentes
1517 2652 1533 2692 a
1548 2639 1631 2695 nobis
1644 2639 1796 2709 accipitur,
1813 2639 1878 2696 inde

1030 2741 1097 2796 ergo
1121 2727 1274 2797 adjuratur
1300 2725 1444 2794 appetitus
1471 2736 1567 2782 noster
1590 2743 1640 2797 per
1664 2728 1751 2782 Deum
1771 2729 1831 2782 celi
1854 2733 1878 2782 et

1031 2819 1119 2879 terrae,
1131 2814 1200 2884 quia
1214 2827 1264 2882 por
1284 2813 1423 2868 humilem
1439 2827 1498 2884 qua
1524 2814 1637 2871 veritati
1652 2830 1775 2871 summae
1794 2815 1878 2872 inlle-

1030 2899 1117 2955 ctitur
1139 2898 1352 2969 depressionem
1378 2899 1474 2967 adjus
1490 2899 1749 2969 rectitudinemque
1766 2901 1877 2966 statuit,

1030 3000 1080 3055 per
1094 2987 1158 3056 ejus
1190 2987 1392 3058 cognitionem,
1421 2987 1472 3056 qui
1489 2985 1665 3043 intellectum
1682 2987 1731 3043 dat
1747 2987 1879 3058 parvulis

1031 3075 1119 3145 (Prot.
1136 3090 1233 3144 exten,
1260 3077 1333 3145 lto),
1355 3075 1405 3145 qui
1420 3082 1463 3130 est
1483 3075 1560 3130 Deus
1583 3075 1657 3141 creli,
1676 3075 1878 3132 intellectuali-

1031 3164 1097 3219 tatis
1112 3171 1226 3227 nostrre,
1243 3177 1296 3218 sua
1311 3162 1418 3218 scilicet
1436 3176 1500 3217 eam
1517 3162 1705 3219 illustratione
1721 3163 1876 3229 clarifians

127 3257 261 3311 roborare
273 3255 361 3323 potui,
376 3253 425 3309 sed
440 3267 527 3309 morae
549 3253 701 3321 impatiens
716 3251 807 3307 nolui.
836 3250 975 3321 Septilor-
1029 3257 1057 3306 et
1067 3264 1119 3320 per
1133 3250 1227 3320 ipsum
1246 3250 1350 3307 ciclum
1367 3249 1480 3320 pluvias
1495 3249 1675 3306 voluntarias
1691 3264 1782 3307 sacrae
1792 3251 1874 3307 insti-

126 3343 165 3398 mi
183 3344 270 3414 igitur
285 3342 392 3412 Spiritu
408 3342 597 3411 accingamur
611 3341 647 3395 ad
663 3347 774 3395 caetera.
1029 3338 1149 3394 tutionis
1172 3345 1264 3406 terrae,
1295 3338 1347 3409 ipsi
1372 3339 1417 3407 pio
1440 3338 1572 3394 videlicet
1587 3339 1728 3408 appetitui
1753 3339 1875 3395 admini-
1903 3341 1905 3344 ⁴

427 3427 542 3485 CAPUT
562 3427 669 3483 xxlv.
1029 3435 1134 3493 straus,
1167 3426 1283 3498 adjurat
1309 3441 1345 3482 ne
1374 3427 1496 3497 accipiat
1530 3443 1640 3482 acorem
1668 3430 1725 3498 filio
1767 3442 1819 3484 suo
1845 3429 1876 3483 de

162 3518 249 3575 Vnus.
272 3520 295 3585 l,
312 3517 338 3585 ἰ),
354 3519 381 3582 3,
398 3517 424 3570 4.
447 3545 484 3556 -
506 3518 575 3570 Erat
596 3520 686 3569 eutem
712 3514 856 3568 Abrohom
883 3529 974 3581 selec,
994 3489 1140 3584 Cfiliabus
1156 3516 1377 3581 chananeorum,
1402 3518 1474 3571 inter
1494 3531 1561 3584 quos
1577 3516 1698 3581 habitat,
1715 3517 1770 3573 hoc
1783 3525 1826 3573 est
1840 3531 1874 3573 ne

128 3607 286 3676 dierumque
317 3606 472 3670 asellorum,
508 3610 533 3658 ct
557 3605 688 3658 Dominus
711 3605 740 3656 in
767 3604 868 3658 cunctis
895 3603 976 3656 bene·
1032 3592 1209 3660 voluntatem
1233 3604 1344 3660 fluxam
1359 3605 1519 3660 secundum
1534 3604 1676 3660 desideria
1691 3605 1875 3662 saeoularium

129 3696 238 3749 diceret
257 3697 291 3748 el·
312 3696 443 3762 Dicitque
465 3693 502 3746 ud
524 3707 630 3745 serrium
651 3691 890 3745 senrioremdomcs
908 3706 973 3756 suae,
1030 3699 1144 3747 aeternae
1171 3692 1364 3748 damnationis
1401 3692 1555 3748 humilitati
1584 3693 1792 3762 parandorum,
1820 3695 1874 3764 spei

128 3788 177 3854 qui
193 3789 310 3854 praeerat
327 3783 449 3837 omnibns
465 3797 524 3850 quae
537 3781 671 3834 habehat:
690 3781 759 3834 Perre
773 3794 882 3833 menum
899 3790 974 3833 tuom
1030 3779 1116 3836 semel
1141 3781 1170 3835 iu
1185 3780 1288 3836 caelesti
1310 3780 1417 3851 gaudio
1432 3781 1507 3848 fixae,
1525 3781 1597 3836 acsi
1620 3780 1676 3837 hlio
1693 3782 1774 3838 Isaac
1790 3782 1875 3838 admi·

127 3874 325 3940 subterscmur
348 3870 633 3937 accumulatione
659 3871 851 3937 tqpermun
877 3869 975 3922 colret
1029 3876 1116 3936 secat,
1139 3875 1171 3924 ut
1201 3869 1235 3924 de
1264 3868 1378 3924 filiabus
1398 3869 1575 3925 Hierusalem
1613 3870 1649 3925 ad
1670 3870 1875 3926 chananitidas

128 3967 262 4028 terreant
284 3978 338 4015 non
356 3963 474 4029 occipias
501 3975 613 4012 ‘tenorem
639 3959 696 4026 filio
716 3973 772 4011 atreo
803 3957 836 4009 de
864 3957 974 4025 filiabus
1029 3957 1128 4013 oculos
1157 3957 1291 4013 reflectat.
1314 3957 1403 4012 Habet
1428 3957 1505 4012 silius
1526 3971 1657 4026 uxorem,
1683 3959 1875 4029 quandospcs

128 4053 355 4117 chananaeorum,
384 4051 454 4102 inter
482 4063 547 4117 quos
573 4045 752 4123 ltulitoqsed
769 4045 806 4098 ud
823 4050 975 4112 remanet
1029 4045 1185 4101 creleslium
1208 4058 1226 4099 a
1254 4045 1375 4100 terrenis
1400 4045 1493 4101 elevat
1517 4046 1705 4114 voluntatem,
1736 4054 1770 4102 ut
1799 4046 1874 4117 quod

128 4140 165 4194 ud
186 4141 369 4207 cognationem
391 4152 477 4191 meum
504 4137 697 4205 proficisceris,
724 4138 750 4187 et
772 4134 835 4187 inde
855 4136 973 4202 occipias

128 4244 238 4283 acorem
267 4226 327 4298 filio
350 4242 405 4280 meo
425 4225 513 4280 Isaac.
540 4223 656 4292 Sepulta
684 4238 716 4278 eo
742 4237 800 4291 quo
820 4222 973 4277 adnotavi-

128 4331 193 4373 mus
206 4316 288 4370 modo
313 4314 393 4378 Sara,
411 4310 610 4367 intellectualis
626 4318 722 4366 noster
747 4310 892 4366 Abrabam
912 4325 973 4367 rno-

128 4419 192 4461 rum
204 4403 345 4474 gravitate
355 4401 485 4469 senescit,
500 4398 864 4468 multarurnquevirtutum
873 4399 974 4455 diebus

127 4491 253 4559 albescit,
271 4498 298 4546 et
319 4490 344 4545 ei
368 4503 481 4544 omnem
511 4487 746 4554 benedictionem,
777 4487 972 4556 spiritualium

126 4580 258 4636 videlicet
279 4578 486 4634 charismatum
519 4576 740 4646 provectionem,
767 4575 906 4631 Dominus
933 4576 974 4631 in-

127 4669 231 4726 lundit.
261 4668 289 4724 Si
319 4681 387 4738 ergo
412 4680 463 4736 per
484 4664 630 4720 Abraham
656 4664 779 4734 exejus
807 4664 973 4735 conjectura

1028 4141 1122 4205 sperat
1136 4149 1194 4189 non
1204 4133 1314 4204 §verbo
1333 4135 1382 4189 sed
1402 4148 1488 4203 opere
1501 4135 1597 4214 'relit3
1616 4134 1704 4189 liliam
1719 4148 1788 4190 vero
1803 4134 1874 4191 Cha-

1029 4223 1186 4279 nanitidem
1210 4223 1261 4279 sibi
1286 4223 1420 4290 adnectit,
1447 4238 1512 4278 curn
1543 4223 1579 4278 ad
1605 4222 1763 4289 mollitiem,
1791 4223 1874 4278 lasci-

1030 4312 1165 4383 viamque
1192 4311 1292 4368 mnndi
1315 4325 1442 4381 superna
1467 4311 1601 4368 alacritas
1625 4324 1655 4366 se
1687 4312 1819 4368 demittit.
1838 4312 1874 4368 tte

1028 4402 1198 4472 cognatione
1223 4401 1347 4457 Abrahae
1372 4415 1491 4456 uxorem
1526 4400 1671 4471 accepturi
1698 4400 1735 4455 ad
1769 4409 1873 4458 terram

1029 4491 1247 4560 proficiscimur,
1269 4504 1335 4545 cum
1364 4490 1399 4545 ad
1415 4489 1670 4559 impassibilitatem
1685 4489 1714 4544 in
1730 4497 1872 4560 quantum

1028 4577 1161 4649 possibile
1189 4586 1231 4634 est
1255 4578 1354 4642 animi,
1381 4592 1446 4648 quae
1474 4590 1543 4633 vera
1565 4577 1706 4633 stabilitas
1734 4586 1777 4634 est
1813 4579 1873 4649 (hoc

1027 4667 1102 4723 enim
1119 4674 1194 4722 terra
1209 4665 1373 4737 significat),
1401 4665 1613 4733 contendentes,
1633 4666 1823 4736 spiritualiter
1839 4665 1873 4720 ad

127 4757 252 4814 nominis
279 4755 440 4811 intellectus
469 4754 617 4823 accipitur,
658 4753 726 4824 qnid
762 4767 812 4822 per
843 4755 972 4806 seniorem
993 4753 1257 4830 „conformitatem
1277 4753 1376 4809 matris
1397 4760 1501 4808 nostrae
1529 4753 1707 4809 llierusalem
1730 4767 1872 4825 supercec-

126 4848 229 4911 domus,
248 4845 297 4915 qui
320 4849 422 4914 praeest
441 4843 501 4897 suis
516 4841 660 4909 omnibns,
680 4840 783 4896 melius
798 4854 887 4910 quarn
904 4840 974 4895 hene

127 4934 229 5006 agendi
251 4932 394 5003 appetitus
414 4930 597 5000 exprimitur,
616 4930 667 5000 qui
684 4936 835 4999 postquam
848 4927 975 4997 ¹rationis

127 5023 284 5080 maturitati
301 5021 400 5077 sedula
415 5020 553 5076 servitute
581 5019 772 5084 connectitur,
800 5016 884 5087 quasi
901 5031 973 5084 prae-

127 5113 201 5180 vius,
217 5119 245 5166 el
256 5110 392 5181 magister
401 5123 512 5175 eorum,
532 5123 597 5179 qua
614 5108 658 5177 pie
676 5103 971 5177 gerimusinvenitur.

127 5200 180 5256 Per
205 5201 296 5266 femur
328 5197 468 5264 abraba,
514 5196 747 5266 propagationem
786 5192 974 5263 intelligimus

125 5286 285 5358 spiritualis
306 5283 508 5357 intelligentiae,
530 5299 595 5355 quae
610 5282 724 5359 divinisr
736 5280 915 5348 lectionibus,
946 5289 974 5337 el

124 5375 238 5432 diutina
253 5375 477 5431 conversationis
490 5371 668 5442 experientia
682 5369 820 5426 dilatatur
831 5370 970 5426 inurente.

125 5467 245 5529 lienum,
271 5463 367 5532 inquit
387 5468 463 5517 tuom
496 5460 594 5516 lemori
626 5474 690 5515 meo
713 5472 851 5528 suppone,
877 5458 972 5515 idest

125 5554 260 5610 virtutem
284 5550 365 5608 bonae
386 5557 443 5606 ture
468 5548 624 5618 aviditatis,
652 5561 712 5621 qua
731 5548 837 5605 sanctis
858 5547 971 5605 actibus

1029 4843 1114 4910 lestis,
1144 4857 1209 4897 cum
1234 4857 1292 4913 qua
1321 4842 1467 4912 quondam
1493 4842 1577 4896 homo
1600 4849 1697 4898 noster
1738 4844 1871 4911 exterior,
1904 4867 1905 4888 t

1029 4933 1097 4987 dum
1122 4938 1197 4987 recte
1221 4931 1302 4997 vivit,
1333 4931 1549 5001 germanitatem
1577 4929 1674 4998 habet,
1711 4931 1872 4988 conversari

1029 5021 1184 5091 gestitans,
1210 5021 1285 5076 unde
1299 5019 1373 5075 sieut
1402 5019 1429 5073 in
1453 5019 1533 5083 cralo,
1555 5019 1595 5073 ita
1618 5026 1646 5074 et
1664 5018 1692 5073 in
1713 5025 1791 5075 terra
1815 5019 1873 5076 lieri

1029 5110 1078 5165 Dei
1107 5111 1284 5165 voluntatem
1306 5122 1423 5164 oramus
1441 5109 1550 5175 (Muttt.
1584 5123 1625 5175 rr,
1653 5110 1705 5174 lh),
1721 5122 1808 5164 exea
1827 5123 1872 5165 co-

1028 5198 1163 5269 gnatione
1192 5211 1313 5253 uxorem
1342 5197 1507 5266 accipimus,
1538 5211 1605 5274 curn
1635 5197 1703 5252 moti
1734 5197 1872 5254 desiderio

1027 5285 1108 5342 beate
1123 5285 1263 5354 qvirendi,
1290 5285 1343 5355 piae
1373 5285 1530 5341 voluntatis
1558 5285 1680 5356 gratiam
1705 5286 1798 5358 magis
1810 5300 1873 5342 atn-

1028 5375 1189 5446 plectimus.

1063 5462 1148 5518 Vnus.
1163 5462 1190 5528 5,
1217 5465 1242 5517 (l.
1259 5491 1294 5504 -
1320 5461 1474 5531 Respondit
1489 5477 1582 5517 seruus
1599 5478 1606 5516 :
1633 5463 1665 5519 Si
1679 5463 1797 5518 noluerit
1810 5480 1871 5518 nru-

1026 5551 1076 5605 lt'er
1104 5553 1195 5605 uenire
1230 5565 1332 5605 mecum
1354 5552 1383 5604 in
1410 5555 1511 5604 terrem
1541 5550 1620 5619 harre,
1658 5567 1725 5606 rrum
1746 5551 1871 5607 reducere
