3818 6008
76 203 128 256 699
544 194 576 248 V.
598 192 759 249 obluctati
778 191 923 247 annalis
941 188 971 243 S.
992 187 1111 244 MARIAE
1131 188 1176 243 DE
1195 185 1393 244 hovldnhlo
1775 189 1825 242 700
1871 187 1872 192 ’

76 327 246 384 morabatur
258 323 362 380 limites
381 336 437 377 non
452 321 627 377 extimuerit.
645 321 678 376 ln
693 323 747 378 hoc
770 321 831 391 ipso
853 334 922 376 con·
940 320 1043 389 Aquae
1058 318 1087 374 in
1103 324 1178 374 terra
1193 325 1261 374 sunt
1279 316 1466 387 vestigiorum
1476 316 1540 388 ejus
1555 315 1639 387 signa
1653 316 1785 388 diligitis,
1803 319 1827 374 si

78 417 153 484 cilio,
168 414 253 471 sicuti
271 421 426 482 antequam
447 411 483 465 ab
503 410 574 466 urbe
599 410 798 480 digrederetur
820 423 928 479 propo-
979 407 1120 476 expetitis,
1136 407 1192 462 Deo
1204 420 1255 461 vos
1267 413 1423 474 praeeunte,
1435 407 1491 461 Deo
1507 420 1557 474 pto
1569 405 1653 461 vobis
1669 405 1826 475 praeliante,

77 511 185 562 suerat.
202 503 314 572 hacque
328 499 362 555 de
376 512 465 554 cansa
481 499 605 553 Francos
619 498 806 569 expetiverat,
829 496 926 552 maxi·
980 495 1147 550 mundetur.

77 606 154 649 mam
170 591 204 645 ad
216 590 270 646 sibi
295 587 458 644 assistentes
480 587 644 642 concionem
667 586 777 651 hahuit,
804 593 832 641 et
853 586 927 640 inter
1015 586 1151 639 Rationes
1164 583 1266 655 quibos
1280 581 1510 636 Chiislionoood
1524 581 1735 653 expeditionem
1746 584 1830 636 lero·

77 687 188 739 caetera.
214 691 280 745 quas
306 689 453 731 excessere
487 674 640 730 memorias
669 674 845 738 auditorum,
872 673 926 727 hac
975 672 1182 742 solymitonom
1204 688 1288 726 ormo
1302 671 1425 728 indicere
1447 671 1619 725 adhortator
1633 671 1776 743 pontifex.
1795 701 1829 710 -

78 764 232 821 intentione
247 764 390 819 disseruit.
407 762 478 832 Ejus
497 762 572 817 onim
589 762 713 816 scientiae
733 760 844 816 litterali
865 759 926 815 elo·
981 761 1039 816 «Si
1061 761 1232 817 blacbabtcis
1251 761 1319 816 olim
1346 761 1381 815 ad
1406 760 1562 815 maximam
1588 760 1694 829 proluit
1719 758 1832 826 pietatis
1866 778 1869 825 ι

77 853 203 923 quentiae
232 851 439 919 cooperabatur
458 849 581 920 agilitas
603 863 660 903 non
683 848 757 903 enirn
784 847 878 903 minor
901 846 925 901 ei
978 849 1103 911 laudern,
1119 850 1188 920 quia
1210 864 1259 918 pro
1279 848 1457 905 ceremoniis
1472 858 1500 903 et
1518 848 1621 917 templo
1648 854 1831 918 pugnarunt,
1866 858 1869 883 ⁵

76 940 230 996 videbatur
246 939 273 994 in
292 939 399 993 Latina
418 937 616 1006 prosecutione
636 936 786 993 locutionis
810 936 927 992 ubertas
978 945 1007 993 et
1020 939 1138 1006 vobis,o
1155 937 1258 993 milites
1277 937 1440 1003 Christiani,
1466 936 1591 1006 legitime
1614 935 1786 991 conceditur
1801 941 1833 990 ut
1864 926 1869 985 l

77 1042 165 1101 quam
191 1027 294 1082 lorensi
321 1026 438 1081 cuilibet
459 1033 628 1095 potestesse
650 1025 680 1080 in
711 1033 839 1079 nraterno
865 1036 927 1078 ser·
980 1040 1127 1082 armorum
1147 1026 1241 1082 studio
1264 1026 1425 1082 libertatem
1441 1025 1540 1094 pntrlae
1556 1024 1727 1080 delendatis.
1745 1023 1773 1078 st
1800 1022 1832 1076 li-

77 1130 160 1173 mone
187 1116 350 1185 pernicitas.
385 1114 442 1170 Nec
473 1113 675 1168 altercantium
702 1112 857 1168 multitudo
878 1113 927 1169 ob·
979 1115 1058 1170 mina
1086 1114 1170 1169 etiam
1196 1114 1400 1183 apostolorum,
1432 1112 1475 1168 vel
1500 1120 1665 1168 sanctorum
1694 1125 1833 1182 quorum·

76 1204 216 1260 tundebat
237 1203 433 1257 concionantis
449 1203 609 1271 ingenium,
634 1201 682 1255 sed
705 1200 769 1256 licet
793 1201 928 1270 praedioa-
978 1200 1055 1265 libet,
1083 1209 1161 1258 tanto
1189 1202 1293 1257 sudore
1319 1201 1440 1271 petenda
1466 1200 1582 1269 putatis,
1607 1201 1678 1270 (quid
1702 1213 1829 1264 crucem,

76 1291 178 1347 billum
196 1289 450 1361 grammaticorum
466 1288 605 1358 elegantis
623 1288 791 1354 ambiretur,
808 1297 836 1343 et
854 1303 927 1344 cau·
980 1292 1051 1361 quid
1076 1291 1259 1361 sanguinem,
1283 1291 1352 1360 qnid
1379 1297 1599 1345 monumentum
1625 1303 1739 1353 eruere,
1762 1287 1832 1358 quid

76 1392 174 1435 sarum
198 1376 406 1447 emergentium
432 1377 545 1432 nebulis
566 1376 678 1432 ollundi
706 1378 861 1445 videretur,
899 1385 927 1433 et
979 1380 1106 1443 visitare,
1133 1379 1202 1449 quid
1233 1393 1283 1448 pro
1307 1379 1351 1434 his
1375 1379 1510 1433 eruendis
1546 1377 1712 1432 animarum
1745 1375 1833 1446 pretia
1867 1406 1872 1495 ¹

76 1475 222 1523 oratorum
236 1465 471 1533 superexundare
486 1463 591 1534 copias,
613 1478 645 1520 ao
668 1478 834 1520 sermonum
858 1479 928 1535 quo
981 1466 1144 1536 impendere
1159 1466 1345 1522 detrectatis?
1359 1466 1487 1521 indebita
1506 1465 1647 1520 hactenns
1668 1463 1744 1519 bella
1769 1476 1832 1533 ges-

76 1567 261 1623 rumounquc
277 1552 390 1608 facetias
403 1554 619 1622 superequitare
636 1552 747 1607 litterali
769 1553 925 1622 luculentia
980 1556 1066 1620 sistis,
1084 1556 1111 1609 in
1129 1563 1245 1610 mittnas
1259 1555 1358 1615 cades,
1376 1568 1481 1609 vesana
1497 1553 1651 1623 aliqnotics
1672 1553 1731 1607 tela
1746 1550 1833 1607 solius
1869 1560 1872 1659 Ι

76 1641 243 1712 putabatur.
263 1640 311 1695 His
324 1653 402 1709 crgo,
423 1641 475 1696 etsi
498 1653 555 1695 non
572 1639 676 1706 verbis,
698 1646 793 1696 tamen
829 1640 925 1696 inten—
945 1610 966 1665 B
981 1640 1145 1714 cupiditatis
1158 1650 1208 1698 aut
1223 1643 1367 1713 superbiae
1382 1656 1470 1697 causa
1486 1642 1625 1709 torsistis;
1645 1655 1683 1697 ex
1699 1654 1758 1711 quo
1773 1651 1831 1710 per·

78 1729 205 1786 tionibus
220 1743 291 1784 usus
310 1735 361 1784 est.
697 1722 700 1727 ’
981 1739 1080 1801 petum
1107 1732 1249 1796 interitus,
1275 1738 1302 1787 et
1323 1739 1401 1786 corta
1433 1730 1629 1786 damnationis
1656 1728 1748 1786 exitia
1776 1743 1828 1784 ine
1870 1770 1872 1799 ,

116 1817 226 1873 Urbani
238 1814 385 1890 pontilicis
399 1814 492 1870 orolio
507 1815 607 1870 bobilo
620 1814 652 1868 in
666 1815 798 1871 concilio.
815 1847 848 1857 —
870 1837 883 1868 n
898 1817 925 1873 Si
982 1821 1092 1876 ruistis,
1107 1820 1191 1876 Nunc
1206 1820 1287 1876 vobis
1303 1819 1377 1875 bella
1390 1819 1577 1890 proponimus
1591 1833 1657 1888 quae
1681 1819 1710 1873 in
1733 1831 1764 1873 sc
1780 1817 1829 1872 ha·

76 1906 152 1962 inter
165 1906 306 1961 Ecclesiae
323 1912 381 1960 toto
400 1904 468 1960 orbe
481 1903 600 1959 dillnsas
615 1903 678 1959 aliae
692 1918 751 1974 prae
769 1905 833 1960 aliis
849 1918 927 1962 reve-
980 1908 1049 1963 bent
1064 1908 1221 1979 gloriosum
1240 1908 1369 1977 martyrii
1386 1921 1504 1973 munus,
1526 1907 1634 1977 qulbus
1650 1910 1738 1961 restat
1758 1917 1830 1975 prae-

75 1996 196 2051 rentiam
214 2008 265 2064 pro
282 1993 408 2064 personis
425 1993 550 2062 locisque
566 2001 732 2048 merentur:
752 2007 802 2062 pro
827 2008 925 2063 perso·
980 1997 1068 2052 sentis
1089 2004 1117 2051 et
1140 2005 1255 2052 aeternae
1279 1995 1372 2051 laudis
1394 1995 1505 2050 titulus.
1526 1994 1672 2049 Ponamus
1696 1993 1781 2048 niodo
1803 1993 1829 2047 in

74 2083 129 2148 nis,
153 2097 282 2153 inquam,
303 2082 372 2137 dum
389 2080 550 2151 apostolicis
563 2080 678 2136 sedibus
691 2081 842 2152 privilegia
861 2097 926 2138 ma·
978 2084 1134 2140 Jerusalem
1150 2083 1295 2139 Christum
1311 2098 1405 2152 neque
1421 2092 1578 2146 mortuum,
1598 2096 1649 2137 nec
1673 2081 1828 2151 sepultum,

72 2169 327 2241 jnratraduntur;
344 2184 395 2239 pro
417 2168 485 2224 locis
501 2183 580 2233 vero,
605 2168 674 2224 dum
699 2170 785 2239 regiis
803 2170 926 2227 urbibus
978 2186 1031 2228 noc
1047 2172 1151 2228 ibidem
1179 2171 1285 2227 vixisse
1305 2171 1472 2240 aliquando.
1499 2170 1589 2238 Certe,
1615 2171 1637 2226 si
1665 2171 1727 2226 ιιι
1752 2168 1827 2225 dees

73 2258 173 2314 eadem
188 2273 253 2329 quae
269 2258 398 2329 personis
409 2258 544 2328 dignitas,
562 2257 602 2312 uti
618 2265 659 2312 est
674 2258 776 2313 civitas
790 2258 926 2316 Constan-
978 2265 1042 2314 sent
1057 2259 1164 2326 omnia,
1180 2258 1272 2314 solum
1289 2259 1369 2326 illud,
1390 2259 1425 2314 ad
1447 2258 1677 2314 subveniendum
1700 2265 1786 2314 terrae
1804 2264 1829 2313 et

74 2346 269 2415 tinopolitana,
287 2347 455 2416 praebetur:
474 2345 535 2418 [lv]
558 2344 598 2400 illi
624 2345 802 2414 potissimum
825 2346 924 2403 Ecclc-
978 2346 1086 2403 civitati
1099 2361 1150 2402 vos
1170 2348 1295 2403 excitare
1318 2348 1465 2414 debuerat,
1489 2349 1558 2418 quia
1581 2347 1615 2402 de
1635 2346 1703 2402 Sion
1728 2345 1828 2402 exierit

73 2432 123 2489 siae
144 2434 325 2500 deberemus,
350 2449 386 2490 ex
421 2448 480 2504 ιιι
510 2435 634 2502 gratiam
663 2434 874 2505 redemptionis,
897 2443 924 2490 et
978 2435 1035 2503 lex,
1052 2443 1080 2492 et
1095 2436 1216 2492 verbum
1234 2436 1345 2491 Domini
1361 2436 1396 2492 de
1409 2437 1565 2492 ierusalem
1586 2435 1657 2505 (Iso.
1687 2448 1716 2502 u,
1740 2437 1778 2502 3).
1803 2433 1827 2489 Si

73 2521 160 2577 totius
183 2523 323 2593 originem
346 2523 569 2578 Christianitatis
598 2525 769 2593 accepimus.
796 2523 823 2580 Si
848 2525 924 2580 enim
977 2525 1052 2581 enim
1068 2539 1104 2580 ex
1119 2524 1367 2594 ierosolymitana,
1392 2525 1535 2595 quidquid
1558 2524 1731 2580 Christianae
1754 2535 1826 2593 pra-

71 2623 175 2665 cerum
190 2617 301 2666 constat
315 2612 391 2680 quod
408 2624 424 2665 a
445 2612 564 2666 Domino
579 2611 695 2679 dicitur,
711 2613 781 2682 quia
794 2611 924 2668 videlicet
977 2611 1127 2668 dicationis
1140 2622 1181 2668 est
1206 2612 1282 2669 lonte
1304 2613 1442 2679 manavit,
1468 2612 1566 2677 rivuli,
1588 2624 1827 2682 quaquaversum

71 2698 153 2752 nolae
166 2714 201 2753 ec
221 2699 333 2754 Judaeie
347 2704 388 2752 eet
402 2700 500 2765 (Joon.
528 2714 566 2763 iv,
588 2700 643 2770 aa),
661 2708 688 2755 et
704 2701 856 2756 Dominum
874 2699 923 2755 Sa·
977 2703 1035 2756 toto
1059 2710 1200 2756 terrarum
1219 2701 1288 2756 orbe
1309 2700 1437 2770 dispersi,
1463 2700 1608 2756 catholica
1633 2698 1829 2755 multitudinis

72 2785 159 2840 baoth
175 2791 249 2841 aas
272 2800 368 2842 semen
390 2786 471 2841 nohis
487 2785 637 2856 reliquisse
652 2795 772 2854 constat,
794 2801 830 2842 ne
847 2789 923 2844 sicut
977 2791 1064 2845 corda
1079 2797 1275 2858 retorqueant,
1299 2797 1330 2844 ut
1354 2791 1472 2845 solerter
1495 2789 1644 2845 attendant
1665 2787 1737 2858 quid
1760 2785 1829 2843 lonti

72 2872 196 2929 Sodoma
210 2874 300 2930 simus
326 2883 354 2930 et
373 2876 537 2931 Gomorrhae
561 2876 668 2931 similes
692 2875 797 2931 llamus
821 2877 917 2943 (Rom.
941 2883 1035 2944 ctam
1062 2877 1173 2948 irriguo
1195 2877 1326 2932 debeant.
1351 2877 1430 2932 Siod
1447 2877 1541 2931 locum
1555 2875 1630 2930 ιιάι
1645 2878 1761 2944 emant,
1777 2874 1829 2930 nc-

73 2976 111 3029 ur,
129 2964 183 3029 ab),
199 2971 227 3018 et
239 2977 335 3018 semen
356 2971 488 3019 nostrum
504 2963 634 3020 Christus
649 2972 700 3031 est,
718 2964 746 3019 in
767 2978 825 3034 quo
844 2964 924 3020 salus
975 2963 1058 3018 mino
1072 2967 1262 3032 revertuntur,
1278 2967 1309 3018 nt
1323 2963 1427 3020 iterun
1430 2964 1544 3036 sinant,
1558 2964 1645 3033 Juxta
1657 2962 1768 3023 dictum
1784 2961 1830 3017 Sa·

71 3057 99 3106 et
127 3051 257 3106 omnium
281 3051 409 3122 gentium
437 3051 594 3108 benedictio
620 3060 684 3108 est:
708 3053 770 3122 ipsa
798 3061 873 3108 terra
895 3058 923 3107 et
976 3051 1098 3107 lomonis
1112 3052 1222 3119 (Eccle.
1237 3067 1256 3117 r,
1274 3056 1313 3122 7),
1330 3053 1487 3124 gloriosum
1509 3052 1592 3107 vobis
1615 3051 1708 3106 videri
1735 3050 1827 3116 debet,

72 3139 175 3195 civitas
191 3139 220 3194 in
241 3153 300 3209 qua
315 3139 456 3196 habitarit
469 3148 496 3196 et
512 3154 615 3209 passus
631 3148 682 3208 est,
705 3141 921 3211 Scripturarum
975 3140 997 3195 si
1014 3142 1037 3195 ei
1051 3140 1111 3195 loco
1125 3141 1293 3210 repurgium
1309 3141 1423 3211 possitis
1438 3140 1613 3210 impendere,
1631 3139 1708 3194 unde
1734 3137 1829 3208 Rapti-

71 3227 234 3284 testimonio
256 3237 355 3283 sancta
380 3236 510 3285 vocatur.
533 3229 560 3284 Si
580 3229 656 3286 enim
678 3230 738 3285 baeo
765 3238 850 3297 terra,
875 3228 922 3284 Dei
975 3229 1075 3283 auratis
1094 3235 1329 3297 purgamentum,
1342 3235 1370 3285 et
1385 3227 1448 3284 hdei
1466 3228 1673 3283 documentum
1689 3239 1743 3282 vos
1764 3239 1829 3282 oon·

71 3315 225 3372 hareditas
238 3323 265 3371 et
280 3315 417 3386 templum
434 3325 576 3385 sanctum,
593 3325 750 3387 antequam
775 3317 812 3372 ibi
826 3317 924 3372 oham·
974 3316 1044 3373 stitit
1056 3316 1206 3387 accepisse.

72 3401 184 3460 bularet
204 3417 237 3460 ac
251 3413 396 3474 pateretur
411 3405 560 3472 Dominus,
577 3407 605 3460 in
622 3407 712 3461 sacris
724 3413 751 3461 et
776 3407 921 3475 propheti·
1011 3426 1021 3453 ι
1040 3405 1075 3460 Et
1089 3412 1131 3460 est
1144 3405 1223 3460 vobis
1238 3411 1375 3474 praeterea
1391 3418 1506 3460 summa
1519 3403 1727 3460 deliberatione
1754 3417 1825 3474 pen-

71 3493 112 3550 cis
126 3494 239 3565 paginis
252 3494 368 3565 legitur,
385 3495 453 3565 quid
472 3496 640 3558 sanctitatis,
657 3494 728 3565 qnid
753 3494 921 3551 reverentiae
975 3494 1109 3560 sardum,
1137 3493 1159 3547 si
1189 3493 1278 3563 ipsam
1304 3502 1425 3548 matrem
1449 3492 1635 3548 ecclesiarum
1658 3491 1827 3557 Ecclesiam,

71 3582 229 3639 obtinuisse
241 3590 310 3640 tunc
323 3583 460 3649 creditur,
475 3598 541 3640 cum
557 3585 633 3640 Deus
646 3583 802 3655 majestatis
818 3583 921 3639 ibidem
975 3582 1056 3638 vobis
1083 3581 1308 3647 elaborantibus,
1333 3580 1368 3636 ad
1391 3580 1616 3638 Christianitatis
1646 3577 1761 3637 cultum
1786 3593 1828 3636 re

70 3671 284 3740 incorporatur,
301 3672 440 3738 nutritur,
462 3672 607 3739 adolescit,
624 3680 651 3727 et
676 3671 816 3742 corporali
838 3686 921 3742 rege·
975 3670 1087 3734 llorere,
1104 3670 1160 3725 Deo
1177 3684 1226 3740 per
1241 3684 1293 3725 vos
1307 3677 1419 3741 agente,
1434 3670 1595 3741 contigerit,
1613 3684 1648 3724 ne
1666 3669 1740 3724 lorte
1762 3683 1828 3726 con-

70 3760 176 3817 latione
191 3761 245 3816 bac
260 3760 383 3830 illacque
400 3760 581 3829 perambulat
596 3767 646 3815 aut
671 3759 819 3830 gestatur?
834 3768 871 3826 et,
889 3767 922 3816 nt
976 3765 1020 3815 tra
1035 3759 1198 3828 propinqua
1220 3757 1387 3814 antichristi
1413 3766 1541 3828 tempora
1564 3757 1601 3813 ad
1623 3756 1709 3812 iidem
1735 3764 1831 3826 partes

71 3855 175 3904 cuncta
191 3862 257 3918 quae
274 3848 359 3919 longo
381 3848 534 3904 verborum
560 3861 631 3918 gyro
655 3848 769 3903 narrari
792 3855 920 3918 possunt,
974 3845 1097 3904 Orientis
1120 3847 1234 3918 aliquas
1262 3847 1373 3903 restitui
1400 3846 1477 3903 velit.
1494 3845 1679 3916 Perspicuum
1699 3858 1833 3916 namque

71 3935 160 4007 digna
177 3935 315 3992 brevitate
337 3936 543 4007 constringam,
561 3936 609 3992 ubi
632 3936 694 3991 Filii
719 3935 768 3991 Dei
790 3936 920 4006 sanguis,
974 3942 1016 3991 est
1046 3935 1255 3991 Antichristum
1281 3949 1338 3990 non
1365 3942 1464 3991 contra
1486 3934 1609 4002 ludaeos,
1638 3948 1696 3989 non
1729 3941 1833 3990 contra

71 4024 142 4080 caelo
160 4031 296 4093 terraque
310 4028 444 4091 sanctior,
461 4023 569 4081 ebusus
584 4032 635 4087 est,
655 4025 703 4080 uhi
729 4037 842 4093 corpus,
866 4037 921 4093 pa·
975 4023 1094 4094 gentiles
1110 4024 1183 4080 bella
1202 4024 1355 4090 iacturum,
1372 4023 1432 4089 sed,
1451 4024 1537 4095 Juxta
1560 4022 1768 4093 etymologiam
1784 4022 1831 4079 sui

70 4111 207 4170 ventibus
230 4111 387 4179 elementis,
416 4120 561 4169 mortuum
590 4114 618 4167 in
642 4111 773 4181 sepulcro
797 4111 918 4181 quierit,
975 4112 1110 4178 nominis,
1126 4112 1303 4168 Christianos
1315 4125 1516 4182 pervasurum,
1532 4112 1575 4175 Et,
1594 4113 1616 4166 si
1630 4111 1831 4168 Antichristus

72 4200 143 4271 quid
164 4209 300 4270 putamus
318 4199 665 4257 venerationisemeruit‘l
677 4199 715 4265 Si,
729 4199 788 4269 ipso
802 4199 922 4255 Domino
976 4199 1079 4256 ibidem
1096 4200 1293 4258 Christianum
1309 4201 1450 4256 neminem
1462 4199 1545 4256 sicuti
1558 4199 1642 4255 hodie
1657 4199 1709 4255 rix
1721 4200 1831 4270 aliquis

71 4296 171 4344 nostro
188 4302 286 4344 recens
302 4289 459 4356 interiecto,
473 4297 533 4345 eta
555 4289 661 4345 ludaeis
688 4287 784 4343 adhuc
807 4288 922 4343 civitate
974 4289 1108 4355 habetur,
1125 4289 1263 4355 inveniat,
1280 4289 1406 4344 nouerit
1426 4290 1476 4358 qui
1496 4288 1550 4344 sihi
1571 4288 1751 4357 refragetur,
1776 4295 1830 4345 aut

71 4390 209 4447 possessa,
225 4384 324 4432 sancta
339 4377 441 4432 civitas
457 4378 493 4433 ali
508 4377 685 4448 evangelista
700 4383 829 4443 vocator,
854 4390 921 4432 cum
975 4391 1062 4449 quem
1075 4378 1141 4448 jure
1158 4378 1301 4447 pervadat.
1317 4379 1405 4432 iuxta
1420 4377 1498 4433 enim
1523 4376 1679 4442 Danielem,
1706 4385 1736 4434 et
1760 4378 1830 4434 Hie-

71 4465 178 4521 dicitur
195 4479 201 4518 :
217 4465 313 4520 Mallo
326 4480 450 4537 corpora
467 4468 631 4521 sanctornm
660 4464 710 4537 qni
731 4464 919 4532 diffinierant,
974 4479 1129 4535 ronymum
1153 4467 1277 4522 Danielis
1296 4467 1490 4536 interpretem,
1516 4465 1631 4521 fixurus
1653 4473 1696 4521 est
1723 4466 1754 4522 in
1769 4465 1828 4523 Oli-

70 4557 264 4621 surrexerant,
280 4556 308 4608 et
318 4560 456 4609 veneant
469 4558 500 4609 in
513 4557 646 4609 eaiwtom
660 4552 815 4620 civilatem,
831 4556 859 4607 et
874 4569 923 4623 op
975 4554 1032 4611 reti
1050 4563 1145 4611 monte
1160 4555 1291 4621 tentoria,
1305 4563 1333 4611 et
1352 4555 1543 4625 ierosolymis,
1570 4556 1606 4608 ln
1626 4553 1681 4608 Dei
1706 4556 1826 4627 templo,

68 4640 343 4713 pariternntmnllie
360 4641 477 4710 (Metili.
498 4655 588 4707 xxvii,
605 4642 668 4711 53);
693 4647 720 4695 et
744 4655 761 4695 a
784 4640 921 4711 propheta
975 4646 1115 4716 tunquam
1143 4647 1181 4697 sil
1206 4645 1294 4709 Dens,
1325 4652 1435 4700 certum
1461 4651 1512 4706 est,
1542 4642 1676 4714 apostolo
1703 4644 1825 4711 dicente,

70 4730 146 4784 lsaia
160 4728 266 4784 dicitur
280 4744 286 4784 :
300 4729 366 4784 Erit
380 4730 544 4801 sepulcrum
555 4729 617 4800 ejus
623 4728 780 4800 glaciosum
792 4729 864 4797 (Iso.
880 4743 920 4796 xi,
975 4733 1053 4804 quod
1066 4733 1162 4788 sedeat
1176 4734 1224 4798 (11
1240 4732 1320 4787 Thea.
1339 4747 1369 4798 u,
1392 4734 1430 4799 t),
1452 4739 1479 4788 et
1493 4734 1580 4803 juxta
1601 4730 1739 4788 eumdem
1762 4746 1827 4803 pro

73 4817 136 4887 l0);
157 4831 224 4872 oum
242 4817 303 4887 ipsa
317 4818 467 4886 sanctitas,
484 4818 591 4875 civitati
607 4817 693 4874 semel
711 4818 767 4874 Deo
784 4818 843 4887 ipse
859 4831 923 4873 sau·
974 4819 1102 4889 phetam,
1121 4828 1178 4876 tres
1192 4835 1275 4892 reges
1289 4822 1374 4891 (Dan.
1391 4834 1439 4881 vu,
1461 4822 1517 4890 all,
1540 4819 1658 4891 AEgypti
1682 4819 1825 4881 videlicet,

70 4905 224 4962 cillicatore
238 4918 289 4974 per
303 4907 429 4975 seipsum
453 4907 552 4974 indita,
579 4906 658 4963 nullo
687 4906 762 4961 malo
779 4918 920 4974 superte·
974 4907 1078 4964 Alaina
1093 4910 1301 4978 acAEthiopiae,
1330 4909 1408 4965 haud
1431 4909 1552 4964 dubium
1575 4908 1647 4978 quin
1672 4921 1726 4977 pro
1748 4906 1828 4964 Chri-

71 4993 167 5049 niente
181 4993 327 5049 exinaniri
341 4994 445 5063 valeat,
466 5002 494 5051 et
512 4995 610 5052 eodem
626 4995 711 5051 modo
734 4991 921 5048 indivisibili·
973 4997 1067 5052 stiana
1083 4997 1136 5052 fide
1149 4997 1257 5066 primos
1277 4998 1442 5053 interliciat.
1458 4997 1538 5064 Quod
1561 4996 1678 5067 quidem
1707 4995 1828 5052 nullate

71 5089 114 5137 ter
127 5081 248 5150 sepulcri
265 5080 357 5152 gloria
378 5090 511 5139 constet:
536 5085 657 5139 summis
678 5082 791 5148 studiis,
819 5081 921 5136 iratres
973 5098 1031 5140 nus
1057 5084 1117 5140 heri
1144 5084 1256 5154 poterit,
1283 5085 1348 5151 nisi,
1374 5085 1422 5141 ubl
1453 5099 1531 5141 nuno
1556 5083 1749 5154 paganismus
1773 5090 1826 5147 est,

71 5168 243 5236 charissimi,
268 5170 348 5226 vobis
371 5171 577 5228 elaborandum
598 5179 649 5236 est,
673 5178 704 5227 ut
725 5170 862 5225 sanctitas
884 5167 922 5223 ci·
973 5173 1173 5231 Christianitas
1187 5173 1244 5229 ssat.
1263 5172 1289 5228 Si
1306 5188 1374 5244 ergo
1392 5174 1504 5244 piorum
1531 5173 1698 5242 praeliorum
1721 5173 1827 5230 exerci-

70 5257 177 5323 xitatis
192 5272 225 5313 ao
236 5259 360 5329 sepulcri
374 5260 475 5330 gloria,
491 5277 557 5332 quae
579 5259 729 5332 gentillum
753 5257 919 5329 frequenta·
972 5261 1010 5316 tio
1037 5261 1184 5324 studeatis,
1211 5269 1243 5317 ut
1272 5262 1346 5316 sicut
1370 5262 1407 5316 ab
1429 5261 1610 5329 ierosolymis
1637 5260 1686 5315 Dei
1718 5262 1825 5317 notitiae

71 5345 147 5402 tione
174 5353 318 5415 quantum
344 5348 372 5403 in
397 5349 464 5418 ipsis
486 5358 527 5405 est
543 5349 644 5405 crebro
659 5345 857 5417 polluitur;si
882 5346 919 5402 ad
971 5351 1159 5406 seminarium
1175 5349 1333 5419 accepistis,
1357 5350 1397 5406 ita
1413 5349 1469 5405 illic
1496 5355 1637 5405 mutuata
1658 5350 1824 5407 redhibitio

70 5434 226 5491 Auctorem
241 5434 319 5492 illius
333 5439 493 5495 sanctitatis
503 5447 532 5495 et
549 5438 648 5510 glorias
669 5435 811 5507 aspiratis,
836 5433 859 5490 si
884 5450 918 5492 ca
973 5450 1038 5492 nem
1056 5436 1155 5506 gratiae
1171 5435 1338 5503 restituatis,
1351 5444 1384 5493 ut
1399 5449 1450 5520 per
1463 5450 1513 5492 ros
1527 5426 1631 5492 nomen
1643 5436 1820 5494 catholicum
