3818 6008
84 107 150 160 lotio

489 108 670 164 nuntiatum
689 110 879 204 DEdssRAC.
901 111 929 166 S.
952 111 1289 169 manimundulus·
1312 114 1377 170 [AB.
1398 114 1444 169 tlt.

1732 109 1736 121 ’
1766 120 1834 175 {010

79 239 184 308 locum,
203 241 403 299 determinavit
430 244 504 300 diem
529 252 556 301 et
580 245 690 313 boram,
716 261 773 317 qno
797 246 928 303 videlicet
947 247 1044 304 Arius
1067 249 1097 304 in
1117 249 1252 306 unctione
1267 249 1359 307 sancti
1379 249 1502 321 Spiritus
1526 251 1676 309 irroratus.
1699 252 1751 310 llic
1765 269 1834 327 ergo

79 330 114 386 de
137 330 240 388 abditis
269 331 389 387 latenter
417 342 616 402 exsurgentes,
642 334 801 390 innocentis
834 335 929 390 subito

80 427 182 490 guttur
196 420 404 477 invaderentet
431 420 614 478 subiicerent.
640 422 692 479 Sed
711 425 770 495 jam
799 425 930 481 lutiestus

81 508 305 563 illeimminebat
324 508 394 575 dies,
414 523 480 564 curu
505 524 588 566 inane
607 511 677 566 bora
692 512 746 567 diei
765 514 867 583 prima,
885 513 930 567 rir

79 598 152 669 ejus,
169 599 242 654 sicut
255 597 381 669 quotidie
395 606 594 661 consueverat,
611 599 639 654 iu
651 613 734 655 suam
750 601 929 671 procuratio-

79 697 144 738 nem
168 685 268 751 exivit,
302 685 410 741 lamilia
432 686 489 742 huc
506 686 631 758 illucque
654 688 782 757 dispersa
794 696 845 755 esl,
872 688 930 744 lilia

80 787 196 843 quoque
232 774 307 830 toras
352 774 510 845 egreditur.
546 776 756 833 Remanserunt
779 782 855 831 tiso
878 775 929 833 soli

78 864 169 916 Adam
186 871 213 918 et
228 863 298 929 Eva,
320 876 413 933 agnus
429 864 565 920 innocens
579 873 606 920 et
625 879 701 921 saeva
717 864 815 923 leaena.
836 867 928 921 lutra·

80 958 184 1007 verunt
198 952 283 1007 etiam
297 952 427 1019 latenter,
449 953 498 1007 illa
514 962 607 1008 tamen
625 962 808 1024 procurante,
834 968 928 1024 prom-

80 1039 185 1108 ptuarii
200 1049 309 1097 secreta
332 1040 389 1095 duo
413 1041 539 1110 praedicti
558 1056 706 1111 pauperes.
724 1043 849 1099 Tandem
864 1057 928 1098 mu·

79 1127 131 1183 liet
158 1129 372 1184 convenientem
408 1129 542 1185 destinati
571 1129 684 1186 sceleris
705 1141 790 1187 nacta
817 1132 927 1198 boram,

984 336 1052 393 data
1065 337 1206 393 sententia
1222 337 1287 408 igue
1305 339 1489 394 cremandam
1512 339 1699 410 adjudicavit.
1711 341 1773 408 Quo
1789 341 1836 398 ille

981 424 1089 496 judicio
1106 426 1214 492 audito,
1239 426 1446 497 instigantibus
1469 428 1553 483 ctiam
1582 429 1707 486 deluucti
1723 430 1833 494 amieis,

984 511 1101 583 implere
1116 514 1210 569 statim
1228 514 1305 584 quod
1318 515 1481 585 judicatum
1502 516 1605 579 luerat,
1620 520 1786 575 litaturavit.

1020 602 1151 672 Cumque
1166 603 1268 658 misera
1282 604 1435 659 duceretur
1450 604 1485 658 ad
1499 605 1684 675 supplicium,
1704 607 1836 676 impetrat

984 698 1016 748 ut
1030 691 1066 746 ad
1083 692 1173 747 Beatre
1186 692 1234 747 liei
1254 691 1405 748 Genitricis
1419 693 1593 760 aecclesiam,
1612 694 1698 765 juxta
1717 695 1834 751 domum

983 779 1183 849 episcopalem,
1218 794 1298 836 mora
1325 780 1379 836 sibi
1405 782 1608 837 concederetur
1632 783 1744 838 orandi.
1774 782 1835 850 Quo

984 869 1153 938 perveniens
1178 870 1205 923 in
1230 879 1382 938 conspectu
1407 870 1474 925 cleri
1503 879 1529 925 et
1555 871 1663 940 populi,
1688 871 1835 928 humiliter

984 972 1116 1028 puraque
1137 958 1312 1013 confessione
1344 958 1430 1013 lolius
1461 967 1580 1028 patratae
1609 958 1772 1030 iniquitatis
1795 974 1836 1016 se-

985 1046 1054 1103 riem
1078 1047 1230 1115 peroravit,
1261 1046 1416 1116 pluresque
1431 1047 1465 1102 ad
1494 1048 1719 1117 compassionem
1745 1047 1836 1118 lacry-

983 1148 1156 1204 marumque
1170 1132 1338 1190 effusionem
1367 1134 1483 1190 inllexit.
1499 1135 1566 1190 lnde
1585 1136 1749 1206 pavimento
1768 1151 1834 1206 pro·

79 1215 192 1272 blandis
221 1218 347 1287 primum
364 1217 527 1273 intermistis
552 1218 711 1289 colloquiis,
728 1219 843 1275 demum
860 1232 930 1289 prae·
983 1232 1083 1291 strata,
1110 1237 1176 1279 cum
1209 1223 1298 1278 multo
1324 1223 1391 1279 lletu
1424 1237 1527 1292 corpus
1547 1234 1574 1279 ct
1599 1223 1725 1279 animam
1751 1237 1835 1280 suam

78 1304 191 1374 cipitur
211 1305 398 1361 adiuteriora
419 1307 608 1376 promptuarii
633 1307 808 1364 descendens
827 1307 937 1385 vinum
982 1317 1089 1366 sancte
1113 1309 1209 1365 llariae
1232 1311 1462 1380 commendarit3
1490 1320 1609 1381 postque
1636 1326 1770 1382 surgens,
1791 1312 1834 1367 la·

78 1393 208 1450 deterret.
226 1394 275 1450 llle
291 1394 359 1451 nibil
377 1394 443 1450 mali
469 1396 641 1465 suspicatus,
659 1396 823 1465 simpliciter
844 1395 927 1466 quasi
982 1398 1113 1469 clemque
1129 1405 1156 1454 et
1169 1405 1260 1454 totum
1275 1413 1380 1468 corpus
1399 1399 1482 1469 signo
1495 1399 1589 1454 crucis
1605 1399 1738 1455 muniens
1751 1415 1833 1471 egre·

78 1482 163 1538 matri
193 1483 401 1552 obtemperans,
423 1492 537 1553 accepto
564 1498 631 1540 vase
655 1484 775 1540 lestiuus
799 1484 835 1540 ad
852 1484 927 1539 inle—
946 1487 1062 1584 Bditur
1083 1495 1110 1543 et
1131 1487 1167 1542 ad
1193 1486 1289 1543 locum
1312 1486 1446 1556 supplicii
1479 1487 1607 1544 ducitur.
1631 1487 1675 1544 Ibi
1697 1488 1833 1545 omuibus

79 1571 156 1626 riera
170 1571 325 1627 descendit.
350 1571 480 1642 Cumque
504 1573 606 1628 vinum
632 1574 660 1628 in
678 1587 744 1629 vase
758 1573 925 1643 susciperet,
983 1576 1159 1632 vestimentis
1174 1578 1276 1646 preter
1298 1574 1413 1644 lineam,
1428 1589 1487 1647 qua
1501 1575 1561 1630 sola
1575 1575 1701 1645 corporis
1716 1576 1834 1632 nuditas

80 1660 119 1715 illi
137 1660 231 1716 subito
246 1661 280 1716 de
304 1660 409 1717 abditis
423 1668 621 1732 exsurgculcs,
648 1670 749 1733 guttur
769 1662 930 1717 innocentis
983 1665 1143 1736 tegebatur,
1162 1665 1297 1734 exuitur3
1319 1664 1447 1731 domum,
1474 1664 1502 1719 in
1518 1678 1578 1734 qua
1602 1664 1724 1721 cremari
1749 1664 1833 1721 debe·

80 1750 231 1816 invadunt,
253 1759 279 1805 et
295 1749 431 1805 continuo
454 1748 605 1817 suliocant,
625 1759 860 1821 susceptumque,
879 1751 928 1806 do·
983 1751 1079 1819 batur,
1108 1753 1310 1809 introducitur.
1338 1754 1419 1809 Tunc
1443 1767 1493 1824 per
1507 1766 1591 1809 suras
1614 1754 1737 1809 nexibus
1752 1753 1832 1811 invo-

79 1839 159 1893 mina
185 1837 314 1908 jubente,
349 1838 423 1893 inter
453 1851 556 1894 uranus
585 1839 620 1893 ad
655 1839 758 1895 lectum
785 1838 927 1905 deterunt,

78 1935 304 1997 coopertumque
319 1927 442 1997 propriis
452 1927 628 1983 vestimentis
643 1929 725 1998 quasi
741 1926 929 1984 dormientem

77 2023 262 2085 componunt.

114 2105 223 2159 interca
251 2105 296 2160 vir
328 2105 444 2161 domum
477 2104 649 2174 regreditur,
676 2104 742 2168 filia,
763 2104 929 2175 familiaque

76 2191 112 2246 ad
127 2192 225 2247 boram
250 2192 361 2261 prandii
386 2199 536 2248 revertunt
550 2207 583 2247 ar.
602 2192 773 2262 Praeparatis
791 2192 928 2260 onuibus,

78 2287 169 2337 mater
189 2281 254 2337 tiliae
276 2280 408 2352 praecepit
426 2289 458 2337 ut
481 2282 576 2337 virum
604 2297 690 2338 suunt
718 2282 832 2338 excitet.
858 2282 929 2350 Qnre

78 2370 237 2426 festinaad
263 2369 366 2425 lectum
387 2369 510 2440 jacentis
530 2371 676 2434 accedens,
705 2377 732 2426 et
754 2370 928 2425 exstinctum

77 2457 228 2513 invenicus
252 2457 404 2513 exclamat.
436 2458 576 2515 Commoli
610 2459 645 2513 ad
678 2474 773 2515 vocem
797 2456 930 2514 clamoris

76 2559 175 2600 omnes
216 2544 321 2613 pariter
348 2544 475 2612 irruunt,
505 2546 717 2614 postpositoque
746 2543 866 2613 prandio
893 2543 929 2599 ad

77 2633 188 2690 funeris
226 2634 380 2703 exsequias
418 2641 637 2689 convertuntur.
667 2633 755 2687 Fama
799 2632 930 2701 protinus

77 2722 296 2792 totamsscomplet
309 2722 454 2792 regionem
465 2721 631 2787 albuinum,
642 2721 726 2789 paulo
737 2728 803 2775 aute
813 2734 929 2786 sanum,

983 1840 1060 1908 lutis,
1086 1841 1248 1911 strictisque
1268 1841 1403 1897 manibus
1424 1848 1486 1913 post
1500 1851 1623 1912 tergum,
1641 1842 1676 1896 ad
1697 1839 1832 1911 stipitem,

983 1930 1033 2000 qui
1057 1929 1086 1984 iu
1117 1929 1208 1985 medio
1225 1930 1332 1999 positus
1346 1936 1417 1997 erat,
1438 1937 1465 1985 et
1488 1929 1535 1985 cui
1557 1937 1614 1985 tota
1638 1929 1741 1985 domus
1755 1928 1834 1984 illius

984 2017 1093 2073 fabrica
1115 2017 1302 2085 innitebatur,
1333 2018 1414 2073 duris
1436 2017 1544 2074 fortiter
1559 2015 1683 2073 vinculis
1697 2015 1832 2084 nectitur,

983 2107 1254 2176 circumpositisque
1276 2106 1362 2176 lignis
1384 2113 1411 2161 et
1427 2104 1543 2176 stipula,
1562 2112 1622 2160 tota
1641 2103 1744 2160 domus
1760 2104 1833 2160 inte-

983 2196 1044 2252 rius
1059 2194 1193 2266 repletur.
1214 2196 1275 2250 Post
1286 2194 1347 2250 bec
1361 2194 1458 2251 clauso
1468 2194 1540 2250 ostio
1557 2193 1633 2264 iguis
1648 2193 1832 2262 supponitur,

982 2299 1035 2341 uec
1055 2298 1135 2339 mora
1160 2283 1344 2339 flammarum
1372 2282 1448 2354 globi
1476 2282 1513 2339 ad
1542 2281 1691 2352 superiora
1723 2282 1833 2352 produ-

983 2381 1101 2430 cuntur.

1019 2464 1130 2530 interca
1144 2461 1262 2517 llamma
1282 2460 1435 2517 crudeliter
1454 2461 1552 2516 omnia
1571 2461 1747 2528 devastante,
1775 2467 1834 2516 tota

982 2551 1091 2608 labrica
1107 2552 1135 2605 in
1147 2550 1273 2606 lavillam
1290 2550 1442 2621 redigitur,
1459 2548 1507 2605 illa
1524 2558 1618 2605 tamen
1638 2549 1831 2619 iuterprunas

983 2651 1054 2692 sana
1076 2644 1104 2692 et
1128 2636 1283 2693 immobilis
1310 2639 1385 2692 stare
1411 2636 1535 2692 videtur.
1568 2638 1704 2693 Furculas
1735 2643 1833 2693 autem

983 2723 1092 2781 inimici
1106 2726 1142 2781 ad
1156 2739 1235 2795 sepes
1260 2725 1389 2795 undique
1409 2732 1437 2780 et
1456 2725 1684 2794 circumquaque
1711 2738 1833 2780 curren-

76 2812 107 2866 iu
123 2811 192 2867 lccto
206 2826 258 2867 suo
282 2819 427 2866 mortuum
448 2824 510 2865 esse
533 2809 693 2865 inventum.
718 2809 787 2865 Erat
806 2823 839 2865 eo
855 2818 929 2863 tem·
948 2825 968 2882 q
984 2821 1034 2880 res,
1050 2822 1077 2869 et
1097 2813 1239 2883 quidquid
1253 2814 1287 2869 ad
1305 2827 1409 2869 manus
1423 2812 1529 2869 babere
1548 2820 1678 2883 poteraut
1704 2812 1833 2869 deleren-

78 2915 146 2971 pore
163 2900 291 2956 lauduni
305 2900 423 2970 quidam
440 2898 647 2966 vicedominus,
662 2898 784 2954 libertus
799 2897 921 2960 nomine,

77 2989 123 3045 vir
138 2989 261 3058 sapiens,
285 2996 313 3044 et
328 2987 465 3058 prolundi
480 2987 598 3058 ingenii,
619 2987 667 3043 sed
684 2987 749 3057 plus
761 2987 839 3058 Justo
858 3003 923 3044 crn-

76 3076 155 3134 dalis.
183 3077 234 3132 llic
264 3077 314 3133 ubi
344 3075 509 3146 hujusmodi
548 3075 653 3131 lamam
677 3076 797 3141 audivit,
826 3075 924 3131 mirari

77 3165 179 3236 primo,
195 3164 298 3220 deiude
321 3163 484 3232 suspicione
499 3163 625 3233 quadam
649 3165 733 3234 eoepit
749 3165 844 3219 auimo
858 3177 917 3234 per·

75 3253 194 3308 moveri.
211 3253 246 3308 Et
271 3251 318 3309 illo
336 3252 454 3323 quidem
479 3251 524 3307 die
551 3251 700 3318 sustinuit,
725 3267 809 3308 mane
828 3260 925 3308 autem

73 3341 149 3398 iacto
164 3341 366 3412 subsequentis
381 3341 448 3403 diei,
465 3340 584 3396 lestines
600 3347 757 3410 antequam
771 3340 926 3396 defunctus

74 3431 111 3488 ad
124 3431 268 3487 tumulum
292 3430 463 3494 deterretur,
489 3443 555 3485 cum
582 3427 643 3484 suis
663 3429 698 3483 ad
722 3429 817 3484 locum
835 3427 923 3494 venit,

74 3528 102 3576 et
127 3518 209 3589 quasi
231 3519 344 3573 nescius
365 3529 401 3571 ex
428 3516 573 3571 industria
594 3515 737 3586 quomodo
752 3514 925 3587 contigisset,

74 3609 227 3681 diligenter
255 3607 427 3679 investigare
451 3606 546 3676 coepit.
571 3598 701 3677 Cumque
721 3606 831 3663 nullius
851 3605 925 3662 rela-

76 3699 153 3754 tione
167 3697 263 3752 animo
285 3711 337 3751 suo
362 3696 522 3762 satislieret,
550 3694 625 3751 ultra
648 3694 843 3767 inquisitionis
868 3695 922 3773 ἰηι-

76 3787 197 3857 patiens,
218 3785 254 3841 ad
278 3785 415 3842 feretrum
435 3783 562 3852 accessit,
577 3783 760 3854 diruptisque
775 3784 924 3850 violenter,

77 3875 185 3946 quibus
213 3887 318 3942 corpus
332 3880 493 3928 contectum
519 3872 622 3940 luerat,
648 3873 825 3942 pannis,uec
847 3885 928 3928 mora

78 3963 275 4020 suliocationis
290 3969 368 4017 certa
388 3961 493 4018 indicia
508 3960 622 4031 reperit.

114 4051 214 4107 Statim
237 4056 270 4106 ut
298 4049 506 4106 tremebundus
535 4048 576 4104 leo
601 4049 629 4103 iu
652 4041 789 4105 ultionem
816 4049 929 4106 sceleris

980 2910 1029 2968 tes,
1046 2902 1115 2957 satis
1130 2902 1224 2972 priore
1240 2902 1376 2973 majorem
1391 2902 1536 2973 lignorum
1558 2909 1586 2956 et
1599 2900 1712 2972 stipulae
1727 2915 1833 2958 cumu-

979 2990 1039 3048 lum
1056 3004 1213 3060 supeream
1230 3002 1399 3061 cougerunt.
1417 2992 1543 3047 Rursum
1559 2990 1698 3060 copiosior
1713 2989 1830 3046 flamma

979 3078 1176 3144 succenditur,
1210 3079 1445 3147 consumptisque
1474 3077 1605 3134 celeriter
1627 3077 1712 3149 lignis
1734 3084 1762 3133 et
1785 3078 1833 3133 sti·

980 3165 1058 3235 pula,
1075 3164 1264 3221 nibilominus
1286 3164 1335 3220 illa
1348 3178 1419 3220 sana
1432 3173 1461 3221 et
1477 3165 1631 3222 incolumis
1647 3164 1831 3236 conspicitur.

978 3253 1118 3322 Quodque
1138 3252 1311 3308 miraculum
1328 3252 1419 3324 magis
1442 3254 1659 3324 augmentabat,
1686 3251 1760 3324 iguis
1779 3251 1830 3322 qui

979 3349 1080 3398 contra
1094 3354 1157 3396 eam
1172 3340 1282 3396 nullam
1294 3340 1352 3396 vim
1369 3341 1479 3408 babuit,
1503 3341 1631 3410 vincula,
1650 3341 1760 3412 quibus
1775 3340 1832 3397 col·

979 3429 1068 3501 ligata
1083 3428 1187 3493 luerat,
1207 3429 1394 3498 consumpsit.
1415 3433 1547 3500 Cumque
1561 3438 1588 3485 ot
1606 3430 1687 3486 tertio
1702 3430 1832 3486 lurentes

980 3518 1085 3574 iterum
1110 3516 1240 3573 llarnmas
1272 3525 1447 3575 conarentur
1482 3532 1637 3587 apponere,
1662 3503 1830 3588 lapidesque

978 3614 1156 3662 contraeam
1180 3604 1362 3661 veliementer
1382 3605 1520 3676 iacerent,
1544 3613 1612 3660 tuuc
1635 3604 1682 3661 illa
1706 3606 1829 3661 misera-

982 3694 1074 3751 biliter
1112 3695 1297 3750 exclamans:
1327 3695 1446 3760 Parcite,
1480 3709 1589 3765 quaeso,
1623 3695 1728 3763 inquit,
1760 3692 1831 3749 mibi

980 3784 1089 3854 parcite
1113 3797 1120 3838 :
1148 3783 1248 3840 Nonne
1279 3782 1381 3840 videtis
1404 3784 1483 3853 quod
1504 3784 1633 3854 piissima
1652 3789 1752 3839 sancta
1780 3781 1830 3837 Dei

981 3872 1121 3937 Genitrix,
1138 3872 1185 3928 cui
1200 3885 1304 3941 eorpus
1319 3886 1412 3928 meum
1430 3871 1513 3929 ltodie
1528 3869 1737 3937 commendavi,
1751 3870 1832 3925 mise·

982 3960 1131 4017 ricorditer
1146 3973 1190 4016 me
1214 3959 1341 4031 adjuvat.
1367 3960 1417 4015 llis
1438 3960 1545 4016 auditis
1566 3959 1608 4015 illi
1630 3957 1832 4016 mesericordia

982 4048 1115 4106 commoti
1130 4047 1206 4103 illam
1222 4047 1349 4118 allligere
1363 4047 1504 4105 desistunt
1520 4064 1526 4103 :
1544 4049 1603 4118 ipse
1622 4062 1739 4119 quoque
1752 4047 1831 4104 vice-

76 4141 208 4205 sreviens,
224 4139 321 4195 virum
340 4152 405 4194 cum
422 4152 512 4194 uxore
527 4145 554 4193 et
570 4136 709 4193 dliadiris
725 4137 846 4193 innexos
860 4138 925 4193 viu·
946 4124 1117 4193 Ddomiuus
1138 4149 1202 4191 eam
1222 4135 1317 4192 statim
1341 4137 1528 4202 commonuit,
1548 4144 1580 4193 ut
1603 4136 1638 4192 de
1659 4134 1724 4206 igue
1745 4149 1831 4206 egro-

76 4227 150 4283 culis
179 4226 353 4283 leudunum
387 4225 423 4281 ad
458 4224 601 4296 supplicia
625 4224 766 4280 trahebat.
796 4224 927 4296 Cumque

76 4313 187 4370 crudeli
202 4313 354 4368 vexatione
368 4312 563 4379 traherentur,
580 4319 650 4368 tunc
666 4310 712 4365 illa
729 4311 925 4378 :innoeentes

76 4403 182 4473 iuquit,
207 4402 312 4473 iniuste
337 4401 507 4472 opprimere,
534 4402 664 4471 tantique
685 4400 798 4457 sceleris
819 4399 928 4457 nescios

78 4492 169 4563 poenis
182 4504 215 4547 ac
228 4490 377 4561 suppliciis
393 4489 480 4546 nolite
502 4502 618 4544 vexare.
639 4490 699 4559 Ego
724 4488 813 4559 liujus
827 4488 927 4544 crimi-

76 4582 122 4639 nis
144 4580 267 4646 eonsoia,
284 4593 336 4650 ego
350 4578 405 4635 viri
432 4577 618 4644 interfectrix,
646 4585 673 4633 et
686 4577 745 4632 sola
761 4590 818 4633 rea.
834 4577 867 4633 lu
883 4590 928 4633 me

75 4669 206 4726 omnium
237 4668 363 4738 pondera
393 4674 611 4731 tormentorum,
640 4665 730 4721 inme
756 4664 927 4723 lotiusuitio

76 4758 228 4830 sanguinis
251 4764 450 4826 convectatum
466 4755 511 4810 isti
531 4754 610 4810 velut
638 4753 826 4823 inculpabiles
850 4753 927 4809 rela-

76 4853 194 4902 xentur.
220 4846 280 4910 Quo
307 4843 352 4899 ille
375 4843 483 4905 audito,
506 4841 630 4898 dimissis
655 4841 721 4909 illis,
747 4841 875 4908 noxiam,
900 4848 928 4898 et

77 4947 126 4991 ore
144 4934 257 5004 proprio
272 4932 441 4999 contessum,
457 4930 513 4988 sub
525 4939 605 4988 arcta
634 4929 764 4988 custodia
779 4925 928 4999 mancipa-

78 5031 137 5079 tam
158 5021 290 5092 episcopo
305 5019 499 5092 praesentarit.
519 5019 660 5091 Cumque,
684 5018 759 5075 clero
779 5025 808 5075 et
821 5017 928 5088 populo

79 5117 229 5182 praesente,
268 5108 374 5165 diversi
404 5108 532 5165 diversas
561 5114 724 5178 promerent
763 5108 926 5175 sententias,

79 5211 158 5255 unus
172 5198 246 5253 inter
269 5197 386 5253 clericos
409 5195 518 5251 exstitit
538 5195 589 5264 qul
609 5194 768 5250 vocabatur
792 5194 928 5266 magister

78 5284 242 5353 Quintiuus,
276 5286 346 5341 bene
371 5285 487 5355 quidem
512 5283 613 5339 litteris
640 5281 771 5339 eruditus
793 5283 841 5340 sed
870 5298 927 5340 nou

80 5376 152 5430 bene
167 5373 202 5428 de
217 5373 278 5443 lege
293 5372 391 5428 diviua
407 5370 574 5428 medullitus
595 5372 763 5438 instructus,
787 5384 839 5428 nee
853 5371 929 5429 inte·

980 4225 1105 4282 deretur.
1130 4226 1281 4294 Egressum
1306 4239 1405 4282 omnes
1430 4225 1621 4290 circumdant,
1641 4227 1670 4280 et
1692 4231 1748 4277 tarn
1764 4235 1829 4277 cor-

982 4328 1049 4385 pore
1062 4327 1150 4384 quam
1178 4312 1289 4383 capillis
1309 4328 1343 4369 ac
1363 4323 1441 4371 veste
1463 4327 1580 4383 prorsus
1598 4311 1715 4367 illesam
1734 4309 1830 4365 admi-

981 4410 1096 4468 rantur,
1120 4401 1218 4471 sieque
1241 4415 1307 4457 cum
1333 4400 1439 4471 gaudio
1460 4401 1570 4456 Sanctae
1585 4397 1682 4453 Mariae
1696 4403 1830 4466 repetunt

981 4488 1140 4556 ecclesiam,
1168 4502 1290 4559 eamque
1314 4491 1377 4553 beo,
1401 4495 1429 4543 et
1454 4486 1508 4557 piae
1530 4485 1613 4543 llatri
1639 4486 1703 4555 ejus
1722 4482 1830 4554 gratias

981 4575 1134 4633 relerentes
1146 4591 1239 4647 usque
1253 4578 1287 4633 ad
1305 4577 1400 4648 maius
1418 4576 1509 4632 altare
1523 4575 1680 4631 deducunt.
1701 4575 1774 4639 Quot
1791 4570 1829 4627 ibi

980 4665 1115 4735 lacrymae
1134 4678 1193 4735 prae
1217 4665 1306 4720 nimia
1322 4669 1394 4719 552
1427 4662 1618 4720 exsultatione
1634 4662 1669 4718 ab
1686 4659 1830 4716 universis

981 4752 1078 4810 ellusae
1100 4752 1216 4821 luerint,
1245 4761 1374 4824 quotque
1392 4752 1492 4809 landes
1515 4752 1568 4821 piae
1597 4749 1723 4805 Dominae
1744 4747 1828 4804 matri

981 4840 1138 4897 demente
1149 4839 1247 4897 uullus
1262 4839 1345 4897 facile
1360 4839 1436 4897 valet
1451 4839 1566 4896 relerre.

1017 4928 1155 4986 Posthac
1172 4928 1370 4985 vicedominus
1386 4928 1535 4985 mulierem
1548 4927 1584 4983 ad
1611 4925 1729 4981 domum
1746 4937 1829 4980 suam

981 5016 1069 5085 ducit,
1090 5016 1213 5087 ciboque
1227 5031 1261 5072 ac
1285 5024 1354 5087 potu
1368 5017 1481 5087 copioso
1493 5014 1599 5081 reiecit,
1615 5027 1701 5070 orans
1719 5020 1751 5069 ut
1776 5012 1830 5068 sibi

981 5106 1140 5178 indulgeat,
1177 5106 1253 5177 quod
1279 5107 1309 5162 in
1339 5119 1402 5162 eam
1422 5103 1575 5162 crudeliter
1594 5101 1735 5159 saevierat.
1763 5100 1832 5157 lude

983 5193 1087 5250 mulier
1101 5194 1248 5252 Civiacum
1264 5195 1300 5250 ad
1315 5195 1460 5264 propriam
1475 5193 1592 5264 domum
1623 5202 1748 5252 reversa,
1769 5196 1832 5259 post

981 5282 1122 5351 triduum,
1138 5282 1211 5338 sicut
1226 5283 1380 5347 eredimus,
1403 5282 1502 5338 divina
1518 5278 1713 5337 misericordia
1731 5285 1833 5334 vocata

981 5370 1115 5441 spiritum
1134 5370 1267 5439 reddidit,
1280 5378 1308 5428 et
1330 5371 1365 5427 de
1379 5371 1476 5430 labore
1486 5370 1523 5426 ad
1546 5371 1675 5442 requiem
1696 5368 1834 5424 transmi-
