3818 6008
58 105 125 161 llll?
693 107 802 165 bottm
822 109 850 164 lt.
871 109 1044 167 n’ttctttttttt
1063 112 1173 169 ΝΟΜ).
1741 115 1807 171 tote

54 249 121 292 enm
147 235 290 306 reliquere
319 236 433 293 vadunt
460 250 527 294 cnm
554 251 598 305 eo,
626 245 800 309 praeeperat
825 239 901 294 enim
923 240 1012 304 Atilii
1038 255 1135 298 coram
1164 242 1299 300 omnihus
1318 241 1396 313 quod
1420 254 1479 298 nou
1502 242 1588 299 credo
1611 241 1673 309 ttbt,
1699 250 1726 299 te
1750 258 1808 300 nnn

55 323 206 393 episcopus
222 331 252 379 ut
277 333 361 381 cante
377 326 554 381 custodirent
566 340 643 382 eum.
671 327 833 382 Prostratus
857 326 903 382 ille
958 329 1092 386 habuisse
1109 331 1277 386 thesaurum
1302 329 1327 387 S.
1344 330 1450 386 llariae.
1466 333 1523 386 Aut
1547 330 1627 387 illum
1644 329 1739 400 redde,
1756 338 1809 389 aut

56 412 178 480 pedihus
199 413 312 468 abbatis
333 421 417 484 rogat
442 422 472 469 ut
487 428 584 470 secum
611 416 645 470 ad
662 416 824 486 episcopum
848 426 903 473 eat.
960 432 1054 489 purga
1075 426 1099 474 te
1115 418 1190 474 sicut
1203 418 1332 475 obtulisti
1347 419 1457 490 judicio
1472 433 1567 489 aqnae,
1589 428 1640 475 ant
1655 420 1809 489 suspende-

55 499 219 569 tlcquiescit
250 500 339 556 abbas
360 508 388 556 et
411 515 478 556 cum
504 515 536 557 eo
561 503 596 556 ad
619 503 783 573 episcopum
809 506 900 561 vadit.

54 587 250 643 prosternitur
266 588 312 643 ille
328 588 449 658 pedibus
470 589 615 657 antistitis,
640 591 793 649 obsecrans
815 596 906 650 vitam

54 684 82 730 et
103 676 230 732 membra
258 676 310 732 sibl
331 677 458 733 concedi.
484 677 534 734 Cui
559 679 718 749 episcopus.
738 683 803 750 quis
816 685 904 751 enim,

56 764 162 833 inquit,
191 772 217 820 te
241 767 449 835 persequitur?
474 767 568 823 Redde
591 768 759 826 thesaurum
781 771 905 828 domines

56 866 128 909 meae
140 862 247 909 sancta
263 854 370 920 Mariae,
387 863 414 910 et
428 870 604 927 quocunque
619 858 743 914 volueris
755 859 827 916 liber
837 875 906 930 pro-

59 941 193 997 ticisrere.
218 942 371 999 Anselmus
394 953 531 1000 consueto
547 960 624 1002 more
648 945 824 1017 imprecatur
837 949 900 1012 sibi,

55 1036 88 1084 ut
104 1029 144 1085 sic
167 1032 361 1100 suspendatur
375 1033 450 1088 sicut
472 1033 570 1100 ludas,
592 1034 643 1104 qui
667 1036 759 1092 Deum
775 1037 904 1103 tradidit,

55 1116 79 1171 si
93 1116 203 1189 aliquid
218 1120 322 1176 exinde
338 1120 479 1177 habuerit.
496 1122 577 1178 Tunc
591 1123 696 1192 praesul
714 1139 721 1178 :
738 1125 836 1181 Palam
852 1133 903 1194 est,

56 1204 162 1275 inquit,
178 1214 204 1263 te
220 1209 348 1278 mentiri3
362 1209 432 1279 qnia
454 1208 562 1279 lapides
580 1212 734 1269 castellano
748 1214 904 1282 reddidisti,

55 1301 84 1350 et
101 1294 171 1350 mihi
197 1296 314 1353 reddere
329 1296 457 1353 noluisti.
482 1297 586 1369 Sponte
600 1314 669 1356 vero
685 1308 735 1357 tna
751 1302 819 1358 mihi
838 1318 907 1373 pro-

57 1382 167 1452 misisti,
196 1385 273 1453 qnnd
298 1384 320 1441 si
341 1385 391 1441 tibi
416 1386 520 1442 exinde
536 1402 592 1442 non
617 1388 772 1458 crederem,
797 1391 906 1463 judicio

55 1484 142 1541 aquae
156 1479 183 1528 te
194 1487 344 1543 purgares,
360 1483 411 1531 ant
426 1475 447 1530 si
464 1475 555 1532 lacere
566 1476 664 1543 nolles,
679 1478 843 1535 concessisti
855 1494 906 1550 pu·

56 1559 131 1617 blice
145 1569 176 1617 nt
196 1563 389 1632 suspenderis.
406 1563 488 1636 Elige
510 1578 577 1637 erge
593 1566 670 1637 quod
684 1567 820 1624 volneris.
837 1568 904 1625 Dico

960 506 999 561 ris
1013 507 1088 563 sicut
1103 507 1275 563 concessisti.
1291 509 1329 563 lle
1347 507 1390 563 his
1406 508 1499 563 trihus
1514 507 1565 563 tibi
1583 508 1728 578 optionem
1743 521 1809 563 cou-

959 597 1036 651 cedo.
1065 597 1225 667 Respondet
1248 596 1402 653 anselmus
1422 612 1473 653 nec
1488 610 1517 652 se
1539 596 1674 653 habuisse
1689 597 1808 654 thesau-

960 697 1035 751 rum,
1053 698 1105 740 nec
1129 682 1272 754 judicium
1292 697 1376 753 aquae
1400 683 1519 753 proinde
1546 684 1700 739 iacturum.
1725 684 1806 740 Titne

958 772 1109 841 episcopus
1132 779 1286 828 convocato
1311 772 1437 842 generali
1458 780 1602 828 conventu
1625 771 1805 840 clericerum,

959 860 1082 916 militum
1097 868 1125 916 et
1137 861 1255 922 civium.
1267 874 1385 917 causam
1400 860 1506 930 prolert
1524 861 1551 915 in
1568 861 1702 916 medium.
1720 859 1807 916 Com-

960 949 1040 1004 muni
1067 949 1197 1004 omnium
1223 952 1363 1005 sententia
1378 949 1536 1019 iudicatur,
1567 958 1598 1005 nt
1620 948 1698 1019 quod
1721 949 1808 1005 utiser

959 1051 1008 1093 ore
1023 1039 1139 1108 proprio
1152 1043 1293 1093 statuerat
1307 1037 1508 1107 compleretur.
1521 1038 1655 1093 Protinus
1668 1037 1808 1093 demente

959 1125 989 1181 in
1007 1127 1109 1182 vallem
1125 1127 1288 1190 deducitur,
1304 1133 1332 1182 et
1343 1124 1371 1181 iu
1387 1126 1499 1182 arboris
1513 1126 1601 1182 ramis
1611 1125 1806 1195 suspenditur,

958 1214 1075 1271 evidens
1094 1215 1299 1271 documentum
1324 1215 1454 1284 prebens
1471 1215 1615 1281 omuibus,
1640 1213 1718 1284 quod
1734 1215 1808 1270 Deus

959 1303 1032 1359 nolit
1060 1303 1236 1374 impunitum
1260 1303 1375 1369 dimitti,
1399 1303 1450 1373 qui
1475 1303 1555 1359 llatri
1580 1317 1640 1359 suae
1666 1300 1807 1374 iniuriam

959 1391 1066 1448 lecerit.

996 1481 1062 1538 llaec
1082 1488 1151 1537 sunt
1172 1495 1238 1552 quae
1255 1488 1380 1550 tempore
1404 1479 1499 1535 domni
1525 1476 1723 1535 bartholomaei
1743 1477 1807 1548 epi-

960 1568 1038 1639 scopi
1053 1569 1236 1641 centigerunt
1251 1569 1395 1625 lauduni.

730 1747 870 1794 uxettctt
890 1749 979 1794 LIBER
1001 1749 1143 1794 TERTIUS.

548 2105 755 2190 nostru
796 2105 971 2191 nnete
1011 2088 1324 2192 b’ntttttanx

727 2288 884 2346 llONltcttt
904 2290 1129 2347 esshnmcmttt

199 2470 270 2553 un
312 2468 493 2554 onaan
541 2469 789 2568 eunoun
836 2471 886 2555 n.
936 2467 1195 2557 catenen
1237 2469 1308 2553 ua
1350 2467 1671 2555 brittonum

453 2667 664 2775 NOTAE
699 2671 788 2773 ΕΤ
824 2669 1416 2777 OBSERVATIONES

344 3034 423 3120 ΑΙ)
452 3033 676 3121 LIBRUM
714 3035 790 3121 DE
818 3033 1015 3121 LAUDE
1053 3033 1286 3121 SANCTAE
1323 3033 1535 3121 MARIAE.

57 3338 131 3387 tint
149 3333 356 3403 Fragmentum
368 3347 402 3386 ea
417 3329 466 3385 tit.
483 3345 502 3386 t.
517 3329 545 3386 S.
562 3327 713 3384 aaronem·
728 3329 861 3386 Radberlt'
872 3334 910 3386 De

94 3406 187 3471 parto
210 3401 349 3474 Virginis.
368 3431 400 3444 -
416 3400 494 3468 Quod
512 3400 638 3471 deipara
659 3399 748 3474 Virgo
761 3401 908 3456 maculem

95 3473 247 3547 originalis
261 3474 374 3546 peccati
388 3471 507 3528 minime
522 3471 707 3526 contraxerit.

96 3596 128 3667 (¹)
145 3600 213 3654 Cur.
237 3596 306 3652 Vlll.
332 3627 366 3637 -
393 3598 462 3653 Cum
482 3594 594 3651 actuali
615 3593 739 3651 abotevit
764 3593 909 3665 ospitale

57 3688 219 3758 peccatum.
248 3684 303 3749 Qui
330 3686 437 3742 cursim
464 3693 491 3741 et
515 3685 581 3741 nisu
604 3692 719 3741 tantum
748 3683 909 3755 praelibaret

59 3774 122 3831 hec
152 3774 258 3842 verba,
292 3781 384 3844 posset
427 3774 466 3830 lta
495 3772 711 3844 pratesttnattm
753 3773 907 3844 argutari:

59 3862 184 3933 Spiritus
203 3871 320 3919 saumas
342 3862 372 3918 in
388 3863 506 3934 Virgine
521 3869 670 3932 peccatum
692 3861 825 3930 abolevit,
845 3876 909 3932 pro-

58 3950 128 4006 inde
148 3947 235 4006 luertt
251 3951 279 4006 iu
304 3950 422 4022 Virgine
443 3950 600 4020 aliquando
622 3949 676 4006 hoc
699 3959 848 4021 peccatum
865 3952 910 4006 ta-

59 4038 114 4094 teri
138 4052 287 4095 necessum
310 4046 363 4095 est.
381 4041 417 4094 tt
436 4038 562 4109 penitius
582 4037 742 4107 inspicienti
765 4039 910 4110 argutiola

57 4127 160 4183 isthac
175 4124 277 4182 lrivola
291 4135 333 4182 est
356 4133 444 4196 atque
458 4125 572 4195 inanis;
587 4125 693 4182 etenim
709 4126 801 4197 regeri
818 4134 910 4196 posset

60 4216 117 4271 hoc
129 4214 211 4270 modo
229 4229 235 4268 :
253 4213 280 4269 Si
303 4227 369 4269 cum
383 4213 489 4269 actuali
512 4212 636 4270 abolevit
652 4213 792 4285 originale
810 4228 909 4283 pecca-

60 4311 134 4366 tum,
159 4315 227 4373 ergo
241 4309 268 4357 et
282 4301 421 4357 abolitum
437 4308 479 4357 est
493 4301 623 4367 actuale;
647 4301 670 4357 si
686 4310 783 4359 autem
798 4302 911 4358 actuale

60 4389 211 4457 abolitum,
235 4389 377 4446 exstitisse
392 4389 549 4460 aliquando
564 4388 594 4444 in
612 4389 731 4462 Virgine
755 4391 911 4446 concludas

59 4485 180 4547 oportet.
207 4478 314 4534 Verum
341 4477 491 4533 lritiunere
515 4484 557 4533 est
572 4485 659 4548 atque
688 4479 772 4548 plane
795 4478 911 4536 effutire

60 4564 103 4619 sic
128 4562 226 4634 loqui3
243 4563 385 4634 siquidem
412 4562 546 4633 pluribus
568 4563 598 4619 in
618 4564 687 4620 locis
701 4564 791 4621 abbas
815 4573 911 4622 noster

60 4653 98 4708 de
129 4652 253 4722 puritate
278 4651 406 4724 Virginis
435 4652 635 4720 immaculate,
661 4653 754 4724 deque
781 4653 845 4724 eius
874 4655 910 4711 ab

61 4740 140 4796 omni
156 4741 239 4796 sorde
254 4741 435 4797 immunitate
460 4749 583 4798 mentem
598 4742 691 4812 aperit
713 4756 816 4797 suam:
835 4743 911 4799 uude

61 4836 163 4885 contra
179 4829 220 4886 sic
233 4844 287 4902 ago
303 4845 309 4884 :
326 4831 358 4886 ln
375 4829 494 4902 Virgine
509 4838 609 4886 saneta
623 4837 771 4901 peccatum
787 4830 909 4898 actuale,

62 4919 140 4989 quod
158 4919 186 4975 in
201 4934 234 4976 ea
248 4933 396 4990 nusquam
411 4919 465 4976 luit
478 4933 515 4977 ex
532 4933 618 4976 sensu
633 4919 773 4985 Guiberti,
787 4919 911 4990 Spiritus

61 5007 90 5064 S.
109 5006 283 5076 praedicatur
307 5006 474 5073 abolevisse,
491 5006 594 5078 quidni
617 5014 645 5063 et
659 5006 809 5077 originale,
833 5006 911 5076 quod

62 5109 216 5166 nunquam
239 5095 326 5152 luerit
339 5109 376 5152 ex
391 5102 485 5151 mente
506 5094 634 5165 ejusdem
648 5093 771 5160 abbatis,
787 5093 912 5165 Spiritus

62 5190 181 5238 sanctus
194 5196 251 5239 uon
267 5183 447 5240 aboleverit?

99 5270 229 5337 uttende,
245 5285 353 5341 quase,
370 5270 458 5327 verba
472 5283 535 5340 cap.
558 5271 584 5336 ὅ,
598 5270 652 5326 col.
671 5273 718 5325 55l
739 5285 745 5326 :
764 5292 775 5320 «
793 5270 874 5329 Certe
886 5272 911 5329 si

63 5359 223 5417 secundum
255 5359 430 5417 Platonicam
468 5358 638 5416 seutentiam
666 5359 785 5430 spiritus
822 5361 910 5419 nostri

966 3329 1046 3400 prins
1061 3335 1197 3384 creantur
1222 3341 1310 3399 quam
1333 3341 1462 3398 corpora,
1478 3337 1571 3399 posset
1593 3331 1669 3386 Deus
1686 3329 1813 3401 cuipiam

961 3415 1074 3486 spiritui
1100 3416 1243 3484 optionem
1259 3416 1327 3472 dare
1351 3430 1409 3486 qua
1426 3416 1508 3473 vellet
1527 3417 1672 3488 procreari
1687 3422 1724 3474 ex
1746 3432 1812 3474 ma-

963 3511 1014 3560 tre.
1032 3505 1111 3569 Quod
1135 3504 1159 3560 si
1174 3503 1263 3570 beret,
1287 3517 1386 3575 qnam,
1404 3513 1498 3575 putas,
1523 3505 1570 3561 ille
1587 3520 1740 3576 personam
1756 3506 1811 3562 sihi

964 3593 1018 3663 ipsi
1039 3592 1201 3649 consciret?
1228 3594 1267 3649 De
1281 3593 1408 3662 corporis
1425 3593 1516 3650 lerma
1531 3607 1564 3650 ac
1589 3594 1759 3651 habitudine
1773 3594 1812 3651 si·

962 3680 1047 3738 leam.
1074 3681 1148 3749 Quid
1173 3682 1339 3747 honestatis,
1355 3682 1425 3752 quid
1451 3682 1612 3752 prudentiae
1636 3683 1734 3739 animo
1748 3683 1813 3755 ejus

964 3769 1175 3839 comportaret?
1197 3769 1271 3826 nihil
1296 3770 1396 3840 procul
1412 3770 1500 3826 dubio
1519 3770 1557 3826 illi
1582 3771 1730 3839 adimeret,
1755 3785 1814 3843 quo

964 3859 1027 3930 ipsa
1049 3858 1113 3914 aliis
1137 3858 1278 3914 invidiosa
1293 3872 1351 3914 non
1374 3866 1457 3915 esset.
1481 3859 1508 3915 Si
1525 3860 1564 3916 stc
1586 3860 1711 3915 hominis
1725 3859 1814 3930 spiri-

964 3957 1020 4013 tus,
1037 3947 1180 4003 civitatem
1196 3946 1347 4018 virginalis
1362 3947 1448 4014 uteri,
1463 3962 1552 4018 qnam
1573 3949 1628 4005 sibi
1645 3949 1746 4004 tundat
1760 3936 1813 4004 tit-

964 4035 1100 4113 tissimus,
1123 4049 1183 4106 quo
1208 4034 1347 4105 potentior
1361 4045 1413 4103 est,
1438 4050 1533 4093 noune
1548 4036 1597 4092 Dei
1614 4035 1705 4092 multo
1722 4035 1814 4108 magis

966 4133 1100 4195 perornat
1113 4122 1259 4194 Spiritus?
1277 4144 1288 4172 ι
1304 4123 1348 4179 Ex
1364 4124 1492 4181 hocloco
1514 4125 1585 4196 quid
1599 4122 1698 4181 inlerri
1714 4123 1813 4193 possit,

964 4213 987 4269 si
1002 4212 1169 4285 diligentius
1182 4204 1359 4274 advertatur.
1375 4213 1519 4269 neminem
1542 4213 1635 4270 ullum
1653 4212 1688 4268 de
1705 4211 1814 4268 illibato

966 4300 1092 4373 Virginis
1107 4308 1245 4369 conceptu
1267 4300 1384 4371 dignius
1399 4301 1486 4357 luisse
1508 4302 1681 4359 arbitratum
1697 4300 1726 4355 in
1742 4313 1814 4355 con·

964 4387 1073 4446 fessum
1091 4389 1195 4445 veniet.

1000 4475 1153 4534 Sedenim
1178 4477 1284 4532 mirum
1300 4477 1329 4532 iu
1353 4476 1468 4533 modum
1494 4474 1623 4532 Gniberti
1646 4488 1762 4532 sensum
1778 4474 1814 4530 il-

966 4566 1099 4623 lustrabit
1114 4565 1188 4621 beati
1210 4565 1288 4622 illius
1302 4565 1434 4622 acerrimi
1459 4564 1592 4621 Ecclesia
1616 4571 1816 4636 propugnato-

965 4655 1021 4719 ris,
1056 4654 1199 4712 l‘asnbasli
1232 4654 1358 4711 llatberti
1386 4654 1512 4710 corbeiae
1541 4653 1669 4723 antiqua
1701 4651 1816 4710 abbatis

965 4743 1125 4812 senteutia3
1142 4754 1211 4798 sane
1225 4741 1382 4814 singularis
1397 4750 1439 4797 est
1455 4749 1482 4798 et
1497 4741 1691 4797 exosculanda
1706 4755 1713 4795 ι
1729 4755 1815 4797 cum-

966 4846 1023 4902 que
1043 4831 1183 4888 hactenus
1207 4844 1330 4887 auream
1355 4844 1473 4899 prorsus
1498 4828 1568 4885 tanti
1596 4828 1651 4883 viri
1680 4843 1753 4899 opus
1774 4829 1815 4886 lle

967 4927 1051 4991 partu
1078 4919 1206 4992 Virginis
1228 4919 1384 4985 delituerit,
1408 4918 1498 4975 donec
1519 4931 1536 4973 a
1560 4917 1641 4974 uobis
1665 4917 1814 4989 publicum

967 5009 1024 5077 hat,
1041 5015 1208 5081 pergratum
1224 5007 1258 5063 iri
1273 5014 1342 5077 puto
1360 5006 1524 5062 vetustioris
1537 5005 1687 5078 theologie
1703 5006 1815 5063 studio-

965 5097 1014 5163 sis,
1029 5097 1052 5153 si
1066 5097 1262 5168 fragmentum
1276 5095 1419 5166 prolixius
1433 5103 1560 5152 attexam
1579 5109 1585 5150 :

1001 5186 1010 5223 ¹
1025 5190 1059 5241 ttt
1075 5198 1142 5242 vero
1164 5185 1247 5241 beata
1268 5183 1365 5249 llaria,
1382 5182 1447 5240 licet
1471 5184 1532 5254 ipsa
1547 5181 1582 5238 de
1597 5196 1684 5239 earne
1709 5181 1815 5251 peccati

965 5274 1001 5330 sit
1016 5282 1084 5330 nata
1098 5281 1127 5330 et
1140 5281 1298 5344 procreata,
1326 5273 1447 5343 ipsaque
1462 5271 1598 5342 quamvis
1614 5285 1682 5328 caro
1707 5271 1815 5341 peccati

966 5362 1062 5428 luerit,
1086 5377 1144 5419 nou
1168 5369 1237 5418 tunc
1257 5361 1318 5431 jam
1334 5360 1454 5432 quando
1477 5360 1669 5433 praeveniente
1693 5357 1820 5431 Spiritus
