3818 6008
79 328 131 385 ror
529 328 562 382 v,
583 326 749 384 euroeam
769 313 960 386 snulns‘s.
981 327 1101 384 nonin
1122 326 1168 382 on
1186 311 1387 383 noviesnro

112 457 270 527 conflictus
288 472 353 511 cuin
379 456 487 525 Tarsis,
510 456 561 527 qai
581 457 679 524 plures
698 474 714 511 e
742 457 923 514 Christianis
941 457 1133 522 hdabantur,
1151 455 1200 510 alii
1215 453 1424 511 vendebantur.
1446 451 1558 518 Quibus
1573 452 1631 508 dati
1660 451 1736 509 luera

75 546 261 614 interficiunt.
273 548 365 616 Aqua
377 544 500 616 penum
513 543 545 599 in
562 546 668 600 castris
681 545 822 617 ipsorum.
837 575 874 589 -
886 550 922 602 ht
976 545 1107 615 proprias
1122 543 1304 600 abducebant
1318 556 1366 598 eos
1390 541 1486 598 sedes:
1512 541 1583 596 alios
1601 541 1630 596 in
1655 553 1722 596 eam

75 634 160 690 'l'urci
179 634 382 703 comperientes
396 632 574 689 Christianos
590 634 748 690 obtinuisse
761 635 919 697 castellum,
975 633 1156 691 corozaniam
1169 632 1268 688 dicunt
1281 632 1424 702 regionem
1441 645 1447 684 :
1470 628 1540 685 alios
1553 628 1597 701 lad
1621 629 1736 685 Antiocl

75 735 181 792 magna
207 720 278 777 illud
304 719 450 777 obsidione
471 721 635 777 cinxerunt.
664 726 737 777 Ante
774 721 921 790 municipi
977 723 1148 793 pertrahunt
1177 720 1287 786 urbem,
1322 719 1455 774 miseram
1481 732 1531 788 pro
1568 716 1712 788 qualibus

74 818 187 880 portam
202 817 317 879 puteus,
328 818 356 865 et
369 810 468 866 subter
486 809 571 876 idem,
589 824 645 865 non
668 809 753 880 longe
774 822 791 865 a
816 810 921 866 moeni-
975 811 1166 867 latissimorum
1180 808 1362 865 dominorum
1377 819 1512 877 passuros
1530 808 1713 864 servitutem.

75 899 139 965 bus,
160 897 319 967 prolluebat
340 897 421 965 alter,
447 897 497 953 ubi
523 896 621 968 positis
650 898 710 967 ipse
730 897 792 953 dux
820 911 922 954 corum
977 898 1073 954 llosin
1086 897 1260 967 supplicium
1275 895 1364 951 lateor
1379 894 1547 951 diuturnius
1560 895 1630 964 isse;

74 985 362 1054 liainaldusinsidiis‚
378 985 486 1040 'lurcos
502 985 585 1055 quasi
602 985 724 1041 callidus
739 984 919 1041 observabat.
1011 989 1102 1052 Quam
1119 985 1226 1056 quibus
1242 984 1278 1039 ad
1297 983 1427 1039 subitum
1444 997 1543 1039 mucro
1557 989 1647 1052 caput
1667 981 1736 1040 tulet

72 1077 130 1134 Nec
146 1089 234 1141 mora,
246 1075 297 1144 qui
317 1073 547 1130 observabantur
567 1081 734 1141 occurrunt,
752 1086 845 1143 eaque
865 1073 919 1141 die,
977 1074 1061 1130 llunc
1074 1074 1163 1144 agitat
1176 1071 1301 1128 crudelis
1316 1072 1413 1137 herus,
1429 1070 1561 1141 duroque
1576 1071 1669 1127 labori

72 1177 131 1234 qua
158 1162 233 1219 beati
262 1160 407 1218 Michaelis
431 1161 569 1216 memoria
596 1160 768 1226 celebratur,
801 1170 921 1229 pervaso
1011 1162 1165 1232 blancipat,
1180 1161 1293 1231 ingrato
1308 1160 1397 1216 servit
1411 1159 1521 1229 ubique
1537 1159 1611 1229 pius.

71 1266 137 1308 cum
153 1251 213 1306 suis
233 1248 384 1305 comitibus
403 1249 485 1315 duce,
509 1248 648 1318 plurimos
669 1261 706 1303 ex
725 1247 766 1302 eis
790 1246 842 1317 qui
867 1246 921 1302 sibi
975 1250 1098 1319 vapulat
1108 1248 1253 1305 officiosus
1266 1263 1317 1304 nee
1332 1256 1473 1304 tormenta
1483 1246 1557 1304 fideli

71 1341 285 1396 insidiabantur
312 1338 492 1404 interimunt,
523 1337 595 1391 alios
627 1336 712 1391 castri
742 1334 922 1390 munimenta
1013 1341 1129 1404 besunt,
1147 1351 1206 1408 quo
1219 1336 1314 1392 studio
1326 1335 1518 1392 commodiore
1529 1334 1613 1405 gerit.

70 1429 193 1498 turpiter
220 1426 384 1482 subintrare
409 1423 595 1493 compellunt.
622 1422 702 1487 Quod
733 1421 807 1478 illico
834 1421 921 1477 'l'urci
976 1426 1056 1496 Quod
1071 1427 1147 1482 videt
1168 1433 1218 1482 aut
1233 1425 1324 1491 audit,
1341 1439 1427 1495 quem
1446 1425 1579 1494 transigit
1599 1425 1628 1481 in
1645 1425 1736 1482 diaes

70 1514 322 1574 circumvallantes
333 1519 413 1568 tanta
426 1512 589 1568 incursione
605 1518 771 1581 presserunt
790 1517 823 1567 ut
847 1510 923 1565 hau·
1012 1514 1092 1583 Quod
1109 1514 1210 1570 naelehs
1225 1520 1267 1569 est
1286 1513 1322 1569 ad
1334 1512 1428 1583 turpia
1444 1512 1476 1568 lit
1490 1513 1544 1568 sibi
1559 1526 1634 1569 crux

71 1605 237 1661 riendarum
266 1601 410 1666 laenitate,
440 1600 553 1670 penitus
581 1600 696 1665 obsessi,
736 1598 922 1669 privarentur
978 1603 1036 1659 ilos
1051 1617 1103 1673 ogo
1113 1616 1171 1658 non
1184 1601 1313 1658 dubitem
1327 1601 1396 1656 satis
1407 1599 1503 1656 acrius
1517 1600 1694 1668 excruciari,

72 1706 227 1763 aquarum.
240 1690 297 1746 Sibi
311 1690 364 1745 luit
381 1696 461 1745 tanta
481 1689 542 1744 sitis
562 1687 679 1744 ariditas
699 1695 741 1755 ut,
772 1686 921 1743 flebotomo
942 1741 963 1796 B
1012 1690 1104 1757 Quam
1119 1697 1206 1760 queat
1221 1689 1364 1760 equuleus
1379 1702 1429 1758 per
1443 1688 1568 1758 spatium
1585 1688 1689 1744 tridui.

72 1780 155 1851 cquis
186 1780 247 1836 suis
276 1778 422 1848 asinisque
445 1777 533 1844 illato,
559 1776 729 1831 animalium
752 1781 923 1846 cogerentur
1013 1778 1070 1833 Hos
1096 1778 1203 1848 primos
1232 1776 1352 1834 novitati
1377 1784 1491 1842 nostra,
1516 1783 1544 1832 et
1567 1775 1722 1846 desperato

74 1869 190 1927 haurire
205 1881 347 1923 cruorem.
361 1866 428 1933 hili,
444 1866 474 1921 in
495 1867 633 1936 piscinam
649 1879 734 1919 zonas
744 1865 923 1919 demittentes
978 1867 1067 1937 hujus
1082 1867 1146 1922 vitae
1157 1873 1263 1922 nostrae
1279 1866 1365 1922 statui
1380 1872 1519 1935 martyres
1533 1864 1598 1922 iecit
1609 1866 1696 1928 heus,

73 1966 160 2029 atque
179 1956 360 2026 panniculos,
381 1968 474 2025 eaque
497 1955 526 2007 in
555 1967 587 2008 os
612 1952 797 2021 exprimendo
824 1964 921 2017 suum,
1013 1955 1114 2011 Petrus
1125 1955 1171 2010 ille
1184 1955 1292 2010 interea
1311 1954 1361 2025 qui
1376 1968 1394 2010 a
1409 1954 1492 2011 nobis
1506 1968 1596 2024 supra
1615 1947 1736 2024 ex'pmio

73 2045 189 2102 remedii
218 2043 272 2100 sibi
299 2041 410 2112 aliquid
442 2041 611 2097 contrahere
637 2039 820 2095 videbantur.
856 2037 920 2105 Alii,
978 2042 1116 2099 deffinita
1142 2045 1278 2099 comitum
1299 2057 1419 2099 suorum
1444 2043 1577 2099 vecordia
1599 2057 1677 2113 saepe
1697 2056 1736 2099 ve

73 2132 152 2203 quod
168 2130 280 2187 horrori
293 2137 336 2185 cst
349 2128 452 2196 dicere,
466 2128 590 2198 idipsum
605 2129 683 2198 quod
699 2129 829 2184 minxere
849 2126 924 2182 bihe-
977 2139 1004 2187 et
1017 2131 1119 2188 crebra
1140 2139 1235 2202 strage
1254 2131 1401 2196 contusus,
1423 2131 1537 2187 tandem
1557 2130 1677 2187 cuidam
1708 2130 1736 2186 r:

73 2220 153 2276 hant.
179 2217 236 2274 lilii
264 2216 418 2276 fodiebant,
436 2221 464 2271 et
486 2230 516 2271 se
541 2217 617 2270 intra
643 2214 671 2269 id
691 2215 768 2284 quod
793 2214 924 2271 loderant
977 2232 1084 2290 quand,
1100 2228 1127 2274 et
1147 2218 1253 2289 cogniti
1277 2219 1391 2290 generis
1409 2218 1482 2285 viro,
1505 2218 1595 2274 armis
1616 2226 1736 2289 quantu

74 2305 284 2375 immergentes,
301 2303 411 2359 arentia
430 2308 545 2371 pectora
560 2309 636 2354 terra
649 2299 711 2369 ipsa
728 2312 825 2355 recens
849 2298 923 2354 lossa
977 2321 1006 2364 sn
1020 2316 1147 2374 strenuo,
1163 2307 1280 2363 nnnntnn
1295 2305 1439 2363 Gunttnnin
1458 2305 1520 2379 int„
1537 2305 1697 2379 annun-ng
1725 2322 1736 2378 g

74 2391 252 2462 operiebant,
277 2392 319 2445 sic
341 2388 503 2445 interiorem
527 2396 629 2442 aestum
651 2400 738 2442 suum
766 2396 922 2457 temperare
976 2404 1038 2452 tnnn
1054 2410 1114 2452 snae
1127 2396 1219 2467 gennis
1234 2395 1364 2462 undenas,
1386 2403 1418 2451 nt
1438 2410 1510 2466 qnos
1534 2395 1722 2452 (tnnnnnenpg

73 2477 391 2548 alidflassiilfflhufflfflfl
410 2489 440 2530 ⁵⁰
463 2473 721 2543 l⁰⁸⁸³⁰s⁰d0bessl
740 2473 793 2528 Sed
811 2473 923 2542 episco—
977 2497 1045 2539 nere
1073 2498 1129 2538 mm
1160 2490 1279 2553 poterat,
1311 2483 1358 2538 ille
1384 2483 1484 2539 saltem
1513 2482 1632 2538 militari
1663 2490 1736 2541 auct

73 2580 176 2635 norum
189 2565 482 2636 presbyterorumque
503 2561 699 2630 presentium,
720 2560 853 2631 luemque
871 2575 923 2632 ne·
976 2572 1214 2643 restringentis
1233 2571 1474 2643 itanuectvizum
1499 2571 1562 2642 tat,
1584 2570 1736 2644 cizicumt,

73 2653 217 2718 tientium,
233 2665 291 2707 non
311 2650 351 2706 ibi
365 2648 482 2704 deluere
503 2647 613 2714 solatia,
629 2648 680 2717 qui
707 2655 816 2717 quanto
842 2647 921 2703 vide·
975 2661 1244 2731 iatnmqnnmnam‚
1261 2674 1326 2730 qnae
1351 2660 1443 2716 Nicen
1472 2661 1548 2727 urbi,
1570 2660 1736 2718 secundnm

73 2740 143 2796 bem
159 2739 301 2796 ali⁰⁰l⁰s³
320 2736 457 2808 hemula·
475 2745 503 2792 et
519 2736 649 2791 humane
674 2735 775 2805 dedali
799 2735 920 2800 auxilie,
975 2749 1080 2805 tionem
1095 2748 1158 2816 loci,
1171 2751 1340 2818 praeminere
1351 2748 1467 2817 dicitur,
1482 2763 1547 2805 cum
1561 2763 1614 2805 suo
1630 2750 1680 2804 illo
1705 2748 1736 2806 dr

73 2835 152 2885 tanto
164 2828 319 2899 magleolo,
341 2839 377 2882 ne
398 2825 561 2892 delicerent,
586 2824 755 2895 satagebant
782 2824 922 2894 spondere
975 2837 1104 2894 nnnnnnn
1130 2837 1302 2908 properabat
1330 2838 1479 2908 attingere.
1513 2842 1586 2893 m
1623 2837 1736 2904 Quod¹

72 2916 208 2973 eoeleslie·
976 2929 1142 2981 nostrorum
1156 2924 1278 2996 vestigia
1291 2933 1471 2995 aucupantes
1482 2925 1531 2981 ubi
1551 2926 1736 2995 comperiunt

111 3001 180 3076 [ΧΗ
200 3004 265 3057 ῙΜ
276 2999 445 3066 Rssi'mldms
456 2998 708 3069 “bleclefidsswm
719 2997 922 3070 Turfflsoedw
940 3033 961 3089 g
976 3028 1041 3070 cum
1055 3013 1145 3070 multa
1160 3013 1290 3083 pessima
1306 3013 1464 3070 voluntatis
1485 3013 1622 3070 aviditate
1643 3022 1736 3072 contet

71 3087 711 3161 ‘'⁷²5‘’&demdleil‘lm‘mdim‘m‘um‘
721 3087 786 3143 Ηῑθῢ
796 3088 921 3145 Οθῑθῧίθ·
976 3102 1181 3170 Euntcsigitur
1191 3101 1342 3171 praelatum
1357 3101 1536 3158 Gualterium
1551 3116 1619 3158 cum
1629 3116 1685 3159 sua
1701 3102 1736 3160 ln

72 3193 138 3235 rum
153 3179 246 3250 spatio
261 3179 338 3250 apud
353 3177 416 3233 illos
435 3177 629 3247 perseveravit
644 3178 789 3248 angustia.
808 3177 921 3233 Interea
975 3189 1025 3254 tin,
1038 3187 1129 3242 medin
1139 3187 1240 3242 itinere
1249 3186 1411 3254 attendunt,
1422 3200 1548 3258 eumque
1558 3201 1626 3242 cum
1634 3200 1736 3244 suomi

72 3266 143 3323 dum
159 3266 210 3323 uni
225 3265 332 3336 pariter
348 3264 640 3334 videntursubjacere
654 3264 785 3330 miseriae,
797 3278 855 3320 non
870 3265 920 3319 uni
975 3274 1049 3330 nnnn
1063 3283 1142 3345 pann
1157 3275 1337 3332 interimunt,
1354 3276 1455 3332 pennus
1470 3289 1547 3342 veno,
1564 3290 1653 3346 qnnnn
1671 3277 1736 3333 Enni

72 3361 168 3412 tamen
192 3368 291 3411 omnes
315 3354 422 3424 pariter
442 3354 591 3422 suspirant
623 3352 670 3408 liei
701 3353 919 3423 misericordiae3
974 3364 1172 3434 agnominant,
1202 3364 1273 3420 dnm
1304 3365 1452 3420 vesaniam
1485 3365 1558 3434 en'ns,
1594 3380 1687 3435 qnam
1717 3380 1736 3423 ο

72 3443 120 3499 de
134 3443 242 3514 pomus
259 3440 599 3506 machinantursibimet,
618 3440 919 3510 hiiquiducesexstl-
973 3460 1145 3518 metaverat,
1172 3453 1266 3522 gentis
1299 3467 1477 3522 gpmpgsoere
1510 3467 1566 3508 non
1606 3453 1730 3522 valeret,

71 3537 176 3597 terant,
200 3531 365 3600 praesidium
390 3529 524 3600 perddiae.
550 3528 709 3584 llainaldus
734 3528 850 3595 etenim,
869 3526 920 3597 qm
973 3540 1186 3610 nanninnpnpnn
1225 3540 1342 3611 pnnvjnn
1382 3549 1546 3602 snoessnnan,
1583 3541 1655 3611 qnia
1704 3542 1736 3613 tn

71 3615 113 3673 ⁰1⁵
127 3616 156 3672 in
171 3617 357 3686 prosperitate
373 3630 406 3685 pr
407 3613 536 3680 ffifsselab
554 3616 628 3670 llam
649 3614 702 3670 Sibi
723 3614 921 3671 Tilf00³f¹1¹¹¹0
973 3627 1073 3684 elireni
1101 3635 1128 3684 et
1157 3629 1397 3699 incircumspecta
1412 3628 1525 3684 levitate
1541 3628 1651 3685 involvi
1675 3637 1736 3686 met

72 3706 213 3773 conciliat,
242 3712 343 3775 pactus
366 3703 472 3760 eisdem
495 3702 573 3773 quod
595 3703 682 3759 totius
706 3703 815 3759 militiae
836 3704 921 3759 utini-
974 3717 1060 3772 gunni
1081 3731 1149 3786 engo
1171 3716 1201 3771 tn
1225 3732 1273 3772 ρος
1302 3717 1450 3786 pnnptnnnn
1473 3716 1566 3784 nansi,
1594 3716 1736 3787 ,pungnam

72 3793 231 3849 tatumsibi
248 3792 480 3861 lil0dsssffllluem
500 3790 626 3862 regebat,
643 3790 799 3861 Esslssffllill
822 3791 921 3860 Helui}
976 3805 1094 3860 mientes
1118 3803 1280 3873 reperiunt;
1311 3804 1462 3860 aliusnon
1486 3805 1570 3860 modo
1597 3805 1699 3873 armis,
1725 3820 1736 3863 t

73 3882 109 3937 ad
130 3881 191 3936 5¹¹08
219 3880 302 3950 quasi
328 3887 527 3949 lissssssllssffle'i
548 3880 597 3934 sed
622 3879 650 3934 i1¹
674 3879 737 3949 ipsa
763 3879 921 3950 disisslfldae
974 3894 1058 3948 etiam
1085 3893 1179 3949 nudos
1209 3894 1386 3949 vestimentis
1414 3892 1576 3958 inveniunt,
1606 3908 1683 3963 quos
1720 3908 1736 3966 p

73 3969 143 4025 aciei
156 3968 287 4025 affectem
303 3968 405 4037 Specie,
429 3982 495 4023 ⁰¹1OE
523 3968 621 4023 multis
648 3981 768 4023 ⁸¹¹⁰?ssOE
795 3966 921 4037 prolugit
974 3981 1111 4035 continuo
1128 3981 1187 4035 neci
1205 3981 1333 4037 tradunt.
1348 3980 1426 4037 luter
1440 3996 1487 4037 eos
1500 3983 1705 4054 presbyterum
1722 3997 1736 4053 q

73 4057 110 4112 ed
123 4056 209 4127 ipsos,
234 4065 371 4126 vernetue
387 4069 584 4112 remansurus·
612 4055 749 4112 hesiodos
766 4062 808 4111 eet
830 4055 921 4124 centi-
974 4067 1039 4122 uam
1057 4068 1173 4138 reperiri
1189 4070 1308 4140 contingo
1333 4069 1577 4140 aissengehem,
1600 4084 1689 4141 quem
1711 4070 1736 4128 n

73 4146 147 4201 vitas
172 4152 333 4202 consecula·
356 4145 538 4210 Quibusdam
558 4157 658 4200 0⁰ffl¹1¹
684 4143 774 4214 captis
801 4143 836 4199 (¹⁰
866 4157 920 4200 ⁸1¹²
973 4169 1120 4213 sacrorum
1148 4157 1244 4212 statim
1269 4157 1443 4213 coniectione
1477 4157 1666 4227 mortificant3
1693 4166 1724 4217 et

73 4231 271 4289 sideestlacta
295 4233 442 4300 discussio,
463 4233 669 4302 Christumque
692 4247 798 4303 negare
816 4233 918 4304 juben·
974 4244 1104 4300 innnnntnt
1134 4245 1201 4312 nnn,
1237 4246 1331 4315 ipsum
1366 4246 1499 4301 eumdem
1527 4259 1623 4301 eoram
1650 4246 1719 4317 eins

72 4329 136 4391 tur;
151 4321 200 4377 sed
214 4321 358 4378 Christum
375 4321 523 4377 inflexibili
548 4334 655 4388 amore,
679 4323 776 4378 animo
799 4330 827 4378 et
850 4337 919 4380 voce
938 4330 1144 4390 heacrilicant.

72 4408 228 4465 latentibus
241 4409 335 4479 capita
348 4416 547 4478 amputantur.

72 4498 107 4554 Et
122 4506 251 4553 veterum
261 4496 368 4552 similes
386 4496 469 4552 modo
491 4496 622 4553 Christus
645 4495 761 4554 habebit
785 4496 918 4566 honores,

106 4585 281 4654 Martyribus
294 4586 432 4640 decorans
441 4585 547 4639 saecula
565 4592 662 4640 nostra
682 4587 775 4642 novis.

70 4673 163 4742 Quam
177 4674 321 4730 redolente
333 4673 431 4730 lerunt
445 4672 568 4744 insignia
586 4680 714 4742 tempora
729 4675 820 4744 lauro,

106 4762 160 4829 Qui
177 4762 263 4818 breve
278 4762 359 4832 quid,
376 4770 450 4817 secto
460 4760 534 4817 terre
548 4769 651 4831 parant
662 4761 785 4834 jugulol

71 4852 175 4908 Dixere
191 4849 294 4916 lelices,
310 4850 362 4920 qui
377 4864 428 4919 per
440 4856 584 4906 momenta
599 4849 690 4906 tulere

107 4938 165 4994 llos
177 4944 253 4992 tenet
267 4944 409 4992 aeternum
423 4936 520 4993 vivere
534 4944 612 4993 certa
627 4938 705 4995 lidos.

70 5027 134 5082 lam
149 5025 231 5082 laeoes
245 5034 357 5082 nostras
372 5040 430 5081 non
442 5025 593 5096 desperare
606 5026 711 5095 licebit,

106 5115 199 5170 husas
210 5114 286 5184 quod
302 5115 440 5185 cuiquam
457 5115 507 5170 vix
523 5115 662 5171 imitabile
675 5115 721 5172 sit.
878 5173 881 5180 ,

106 5200 294 5270 Captivorum
326 5201 406 5271 alios,
435 5202 501 5258 data
531 5202 656 5269 vivendi,
691 5202 746 5258 imo
778 5203 918 5261 morosius

73 5289 221 5357 moriendi,
243 5290 431 5360 indulgentia,
447 5291 496 5347 sed
520 5292 610 5362 magis
627 5289 773 5357 violentia,
794 5291 869 5348 inter
889 5308 919 5349 sc
969 5318 973 5325 ·

72 5374 214 5444 dividunt,
240 5377 420 5435 lunestasub
446 5380 573 5434 cruentis
592 5377 715 5435 dominis
737 5379 918 5439 exhibituros

72 5463 199 5520 servitia.
220 5465 363 5533 Quosdam
394 5467 501 5523 alicubi
535 5465 746 5537 prostituentes,
775 5471 859 5540 quasi
881 5472 916 5527 ad

72 5550 199 5622 signum,
214 5553 327 5626 sagittis
337 5554 516 5624 jaculantur,
531 5554 591 5612 altli
607 5555 691 5626 quasi
706 5569 758 5628 pro
780 5557 917 5618 donativo
970 5561 1009 5619 At
1037 5574 1104 5619 voro
1129 5561 1152 5618 si
1171 5561 1223 5633 qui
1240 5562 1363 5634 evadere
1390 5570 1557 5635 potuerunt,
1585 5562 1724 5627 Civireue

1064 4458 1133 4523 Quae
1149 4459 1214 4515 lerri
1230 4459 1319 4529 potuit
1333 4459 1440 4529 gratior
1456 4458 1556 4526 hostia,

1062 4546 1154 4613 Quam
1167 4546 1251 4618 cujus
1264 4547 1385 4603 Domino
1401 4547 1431 4604 tit
1446 4561 1512 4603 caro
1528 4547 1669 4604 victima?

1062 4634 1136 4703 Quid
1152 4643 1221 4692 tuuc
1235 4636 1320 4691 corde
1335 4650 1452 4705 precum
1464 4636 1535 4693 ludit
1552 4637 1588 4692 ab
1606 4637 1723 4706 intimo,

1062 4722 1133 4780 Cum
1145 4724 1247 4794 grandi
1263 4732 1421 4794 streperent
1436 4723 1535 4795 praelia
1549 4725 1694 4783 classico?

1061 4810 1186 4866 Victores
1201 4809 1337 4877 lacerant,
1353 4825 1435 4868 arma
1449 4811 1612 4869 retinniunt
1629 4828 1636 4868 :

1061 4896 1180 4953 Moerens
1194 4896 1326 4955 exululat
1341 4899 1427 4955 turba
1440 4896 1600 4969 lugarium.

1061 4984 1134 5040 liras
1146 4985 1286 5041 ambierat
1302 4986 1450 5057 presbyter
1464 4986 1601 5057 optimus,

1062 5074 1314 5144 complectensque
1330 5074 1378 5130 bel
1389 5089 1471 5130 sacra
1486 5076 1657 5134 medullitus
1677 5094 1684 5135 :

1059 5161 1137 5224 lesu,
1154 5161 1235 5230 dixit,
1252 5161 1320 5218 ades
1334 5162 1511 5232 presidium,
1528 5162 1618 5233 bone;

1060 5248 1133 5305 Cum
1151 5250 1245 5319 tejam
1261 5258 1372 5306 teneam
1387 5265 1451 5321 spes
1465 5259 1562 5321 pereat
1577 5251 1657 5324 lugat
1675 5268 1682 5308 :

1060 5337 1185 5409 iungam
1203 5340 1404 5409 perpetuojam
1422 5339 1473 5395 tibi
1488 5338 1606 5407 ioedera,

1060 5424 1180 5482 Occidor
1200 5441 1206 5481 :
1221 5440 1339 5499 perages
1354 5435 1457 5498 coepta,
1474 5427 1549 5484 Deus
1564 5441 1660 5485 sacra.
