3818 6008
90 272 119 329 ta
702 218 972 318 eao'uccousna.
989 289 1022 298 -
1038 257 1231 315 rhammo.
1326 271 1330 279 ·
1811 228 1845 319 14

85 405 150 476 jore
164 408 297 475 quantus
310 414 341 458 es
353 396 460 462 elicuit:
477 403 509 454 tu
524 397 554 453 in
566 409 666 468 ¹regern
681 402 842 465 natumque
854 392 918 465 ejrrs
933 391 1073 463 optimum
1090 390 1267 450 Lndovicum
1283 392 1402 451 feliciter
1416 402 1595 466 regnantem,
1611 398 1743 455 exsulato
1759 398 1843 456 ieroci

88 490 263 555 discrimine,
289 494 458 559 potestatem
474 485 616 543 refudisti.
640 483 744 556 Sicqno
767 494 819 554 per
838 489 864 538 te
877 481 928 553 qui
944 494 1130 552 nequaquam
1146 496 1206 538 csse
1229 482 1361 550 desierat,
1378 483 1589 553 quodammodo
1604 487 1696 543 totius
1714 501 1764 544 rex
1779 488 1842 554 luit,

89 581 219 652 qnando,
245 575 395 649 metropoli
423 573 552 633 Francia
567 588 619 630 suo
643 571 794 630 conciliata
819 568 950 642 principi,
977 583 1067 641 aquo
1084 570 1200 627 minime
1227 571 1384 639 exciderat,
1411 571 1512 628 throno
1532 573 1637 630 melius
1661 576 1749 633 asseri
1764 575 1845 633 risus

88 679 139 726 est.

123 759 159 815 At
176 756 296 814 aliunde
310 753 332 809 si
350 753 522 810 Gnihertom
547 751 652 817 ioreas,
676 750 699 806 si
716 749 824 822 iulgcat
839 749 867 805 in
883 755 948 805 ortu
964 762 1026 814 suo,
1043 755 1070 804 to
1082 745 1213 819 jubente,
1230 746 1300 817 quia
1322 756 1418 804 noster
1436 756 1488 817 est,
1503 764 1561 806 non
1578 751 1671 824 magis
1685 765 1745 823 qna
1763 751 1802 808 sis
1814 751 1842 808 in

91 847 222 903 abbatom
240 845 326 901 istum
341 841 549 905 benevolentia,
574 853 662 911 quam
689 837 882 895 incredibilem
898 851 968 908 erga
982 850 1027 893 mo
1050 837 1261 906 universosque
1284 838 1514 909 congregationis
1529 837 1556 895 S.
1573 840 1666 897 Mauri
1684 841 1841 898 Benedicti·

90 951 140 993 nos
155 936 369 992 humanitatem
384 930 553 988 declarabis.
571 928 606 985 Et
619 943 687 985 nero
702 942 790 999 quam
815 926 926 998 liquido
939 925 1126 998 jamdudum
1149 923 1350 992 declaraveris,
1366 940 1424 982 non
1441 935 1483 983 est
1496 942 1583 999 quern
1607 928 1708 1001 lugiet.
1725 929 1842 1000 decepi-

90 1037 164 1091 mns,
181 1035 288 1094 prasos
311 1018 529 1085 humanissime,
546 1031 612 1089 qum
629 1015 736 1073 luerint
751 1014 867 1072 lamilim
884 1022 988 1072 nostra
1002 1027 1052 1084 por
1067 1012 1188 1070 Galliam
1211 1012 1304 1079 initia,
1321 1011 1489 1084 inspicimus
1503 1030 1568 1086 quae
1583 1017 1640 1074 sint
1656 1017 1843 1084 incrementa,

89 1111 265 1182 suspicimus
291 1116 451 1180 utrumque
475 1105 646 1163 benohcium
672 1102 887 1176 congregationi
904 1110 1007 1159 nostrae
1023 1102 1058 1158 ab
1087 1100 1284 1172 amplitudine
1302 1101 1363 1158 l'ua
1389 1103 1492 1159 studiis
1506 1104 1629 1162 assiduis
1656 1105 1841 1178 impensum:

90 1208 249 1271 utrumque
263 1212 300 1256 ex
316 1207 365 1255 tua
381 1195 558 1268 benignitate
576 1192 657 1250 velant
676 1207 713 1249 ex
731 1192 807 1249 ionte
821 1191 968 1249 uberrimo
981 1190 1130 1253 scaturire,
1148 1203 1316 1260 perennare,
1334 1191 1418 1246 nobis
1443 1193 1630 1263 gratulantur
1644 1194 1774 1251 benevoli
1791 1209 1844 1251 nec

91 1288 178 1345 inridi
195 1294 314 1360 negant.
338 1287 382 1343 'ln
397 1296 525 1354 namque
539 1295 606 1339 cum
628 1281 825 1353 procuratoris
839 1279 909 1351 regii
925 1293 1044 1337 munere
1068 1279 1240 1351 iungereris,
1263 1291 1335 1336 cura
1349 1287 1511 1337 nascentem
1534 1283 1690 1353 excepisti;
1714 1282 1779 1340 inde
1793 1283 1843 1341 ubi

90 1378 121 1434 ad
147 1390 300 1434 summum
321 1373 441 1447 justitiae
467 1370 596 1429 tribunal
626 1375 678 1427 tua
693 1378 720 1426 te
735 1369 827 1426 virtus
849 1367 963 1437 extulit,
980 1382 1017 1424 ne
1038 1374 1100 1424 tum
1116 1366 1232 1438 quidem
1261 1368 1404 1425 curatoris
1427 1383 1479 1440 pro
1502 1383 1535 1426 ea
1550 1377 1644 1440 partes
1658 1371 1763 1430 extristi
1775 1387 1785 1443 ;
1802 1379 1846 1429 ast

90 1466 190 1537 majori
203 1464 374 1522 auctoritate
389 1460 567 1527 suffulciens,
585 1459 791 1516 adolescentem
805 1456 904 1529 iuvisti
920 1456 1060 1527 praesidio,
1076 1455 1233 1513 obfirmasti
1249 1469 1344 1526 opera,
1358 1456 1424 1527 juro
1437 1457 1595 1528 protexisti.

123 1563 250 1633 insuper
270 1560 382 1632 placere
396 1557 449 1615 sibi
472 1557 592 1614 mirifice
608 1555 801 1613 venerandam
826 1561 957 1610 veterum
981 1554 1152 1623 scriptorum
1168 1552 1327 1609 doctrinam
1344 1567 1394 1623 pro
1416 1567 1470 1610 sua
1485 1568 1555 1626 erga
1569 1569 1667 1612 oannes
1682 1556 1844 1614 urbanitate

91 1651 156 1708 uniri
171 1649 350 1722 significarit
373 1646 539 1718 Amplitudo
554 1647 635 1713 Prra;
661 1645 729 1702 drrm
744 1643 821 1699 enim
835 1642 983 1713 epistolam
999 1640 1027 1696 S.
1044 1640 1183 1697 Barnabae
1197 1655 1214 1696 a
1231 1642 1364 1697 hienardo
1381 1650 1478 1699 nostro
1500 1642 1684 1710 elucidatam,
1703 1653 1751 1702 too
1768 1646 1844 1703 dica·

91 1747 145 1795 nm
168 1736 294 1805 nomini,
318 1735 496 1801 obtulissem,
520 1733 685 1790 scrutandis
709 1729 896 1797 bibliothecis,
926 1727 1100 1799 antiquioris
1115 1729 1169 1784 aad
1191 1729 1357 1786 doctoribus
1375 1744 1390 1786 e
1406 1729 1525 1801 pulvere
1549 1731 1720 1802 excitandis,
1745 1746 1778 1790 ac
1792 1749 1844 1791 sno

58 1880 61 1891 ,
92 1826 275 1885 restituendis
297 1825 394 1892 nitori,
419 1831 469 1882 tua
497 1822 643 1894 praluxit,
663 1835 729 1892 quae
754 1820 823 1875 mihi
841 1831 955 1875 summa
980 1826 1032 1885 est,
1059 1818 1222 1874 auctoritas.
1247 1817 1367 1874 Proinde
1395 1819 1519 1888 placebit
1541 1827 1569 1875 ot
1584 1820 1686 1891 opella,
1711 1835 1799 1892 quam
1815 1823 1844 1878 in

92 1916 208 1972 edendis
222 1911 475 1971 observationibus
490 1909 782 1981 quantulamcunque
797 1905 952 1976 collocari3
969 1920 1025 1962 non
1043 1905 1119 1976 qnod
1140 1903 1275 1961 Guiherto
1290 1904 1382 1962 lucem
1398 1905 1500 1963 aiicrrc
1512 1922 1627 1979 queam,
1644 1923 1746 1985 rcrnpr
1767 1909 1845 1981 quod

93 2003 213 2060 nimium
242 2000 433 2073 splendorem,
450 1997 502 2070 qni
523 1996 629 2054 debiles
644 1995 739 2053 forsan
763 1993 861 2052 oculos
876 1995 1089 2065 perstringeret,
1115 1992 1257 2049 moderari
1280 2000 1430 2065 utcunque
1447 1995 1531 2053 nitor.
1552 1997 1687 2066 Placebit,
1711 1998 1843 2070 inquam,

93 2098 189 2161 utpote
204 2089 235 2146 in
250 2097 299 2145 tuo
320 2086 503 2144 benedictino
518 2084 749 2156 congregationis
765 2083 791 2140 S.
816 2081 909 2140 Mauri
924 2082 982 2139 solo
996 2089 1058 2138 sata
1079 2083 1215 2152 nataque,
1232 2079 1269 2135 ad
1282 2089 1308 2136 te
1328 2082 1410 2152 pleno
1425 2097 1459 2139 ae
1473 2084 1563 2142 solido
1575 2086 1642 2157 jure
1659 2085 1844 2156 refunditur3

94 2179 230 2236 nimirum
247 2175 330 2235 inndi
347 2176 496 2233 dominum
521 2181 687 2245 sequuntur
702 2173 822 2230 tructus.
841 2171 965 2229 Placebit
978 2170 1093 2226 tandem
1109 2183 1167 2225 oon
1178 2169 1250 2241 quia
1267 2170 1353 2239 edidi,
1377 2173 1426 2229 sed
1442 2173 1512 2245 quia
1523 2174 1672 2244 judicasti,
1686 2175 1844 2246 imperasti.

96 2267 155 2322 Tibi
168 2266 247 2323 enim
272 2264 350 2320 dedit
367 2266 438 2319 hats
467 2278 599 2318 summum
615 2277 705 2317 acriam
725 2261 873 2330 judicium,
889 2259 957 2313 mibi
979 2260 1100 2329 obsequii
1126 2260 1215 2327 pluria
1230 2261 1324 2315 relicto
1348 2265 1387 2314 est
1415 2263 1478 2330 tlt).
1497 2261 1604 2318 llclicla
1626 2270 1669 2318 cst
1682 2269 1709 2318 et
1733 2263 1846 2320 cunctis

95 2354 324 2429 congregationis
339 2360 443 2410 nostrae
458 2350 593 2417 alumnis,
609 2349 686 2421 qnod
705 2349 835 2404 omnium
852 2346 925 2404 votis
938 2346 1072 2403 desertae
1084 2347 1243 2418 profitetur.

359 2459 564 2529 Amplitudiais
579 2460 642 2513 ilem
656 2455 855 2511 deditissimus.

1248 2560 1278 2614 F.
1295 2561 1386 2617 Lucas
1408 2561 1595 2620 baudelii.

128 2673 186 2743 iti)
199 2672 289 2730 Tacit.
305 2672 354 2729 lib.
367 2687 404 2738 vr,
420 2678 483 2742 post
500 2669 625 2726 initium.

853 2995 1094 3069 LECTORI.

900 3160 1030 3171 ,---

129 3297 201 3353 Cum
217 3293 311 3352 multa
336 3308 403 3366 quae
418 3293 466 3349 hic
487 3291 601 3363 predari
617 3297 770 3361 oporteret,
795 3289 823 3345 in
847 3288 982 3345 obser-h
1037 3289 1271 3358 Commentarios,
1288 3305 1338 3348 scu
1358 3292 1504 3348 Moralium
1521 3295 1650 3349 Gemmeus
1665 3295 1712 3350 lib.
1730 3297 1762 3362 li,
1776 3310 1849 3368 sup-

99 3383 263 3441 rationibus
273 3382 396 3448 attexui,
410 3395 468 3438 non
477 3388 520 3437 cst
533 3379 610 3452 quod
622 3378 734 3450 prolixo
748 3385 774 3436 te
785 3377 945 3448 proloquio,
1002 3379 1140 3447 peditavit
1154 3378 1328 3436 Bibliotheca
1341 3382 1439 3452 Regia.

99 3472 195 3529 lector
218 3471 343 3531 erudite,
371 3469 533 3526 distincam.
559 3469 624 3526 Haec
648 3474 781 3538 phocate
804 3466 948 3522 duntaxat
1039 3468 1260 3536 Tropolopiorum
1290 3467 1320 3523 ia
1351 3469 1433 3538 Osce,
1463 3472 1548 3524 Amos
1579 3475 1605 3523 cl
1632 3472 1848 3528 Lamentationes

99 3559 293 3629 piamonem.
323 3558 402 3628 Saepe
428 3565 456 3614 ct
479 3556 605 3614 multum
622 3555 699 3627 apud
722 3568 766 3609 me
791 3553 898 3610 dubius
921 3559 948 3608 ot
1000 3553 1147 3621 aeremia,
1190 3556 1391 3626 apographum
1433 3559 1640 3629 perantiquum
1673 3558 1848 3628 (monasterii

99 3660 203 3718 anceps
224 3646 277 3713 lui,
301 3660 372 3704 num
393 3644 523 3703 stadium
537 3652 565 3701 et
586 3657 701 3715 operam
718 3643 747 3698 iu
762 3641 879 3698 edendis
898 3655 947 3698 vc·
1003 3644 1148 3713 quondam
1172 3644 1357 3701 valcellensis
1372 3660 1455 3715 cong.
1481 3645 1675 3703 Cistereiensis
1691 3649 1718 3703 in
1735 3646 1849 3703 dioecesi

99 3734 237 3792 nerabilis
251 3734 380 3794 Guiberti
396 3734 431 3791 de
445 3734 604 3805 Nor'igento
613 3732 755 3804 Operibus
768 3729 946 3797 collocarem,
1001 3731 1210 3803 cameracensi)
1225 3746 1241 3788 a
1256 3731 1394 3788 decennio
1411 3747 1567 3804 germanus
1581 3749 1660 3790 arares
1673 3733 1848 3791 Eustochiae

99 3836 198 3888 necne,
223 3830 308 3879 emnt
329 3821 405 3879 enim
420 3830 449 3878 et
462 3835 521 3893 prm
545 3820 679 3877 manibus
699 3819 869 3889 vetustiora3
894 3818 948 3874 ad·
1003 3819 1151 3890 d'hchery.

100 3911 179 3967 luere
221 3910 338 3967 interim
366 3909 423 3967 riri
451 3906 591 3977 doctrina,
621 3908 762 3979 sapientia
790 3914 818 3964 et
846 3909 949 3977 pietate
1041 3907 1199 3962 Tractatum
1215 3906 1248 3962 de
1259 3908 1449 3964 incarnatione
1463 3913 1556 3964 contro
1570 3908 1692 3978 Judaeos;

98 3998 262 4067 clarissimi,
287 3998 463 4070 quibuscum
488 3998 522 4054 de
539 3997 668 4069 antiquis
686 3995 853 4052 auctoribus
869 4001 949 4050 tene·
1039 3996 1096 4050 lib.
1112 3996 1145 4050 de
1159 3995 1239 4050 laude
1255 3995 1289 4050 Β.
1304 3999 1415 4062 liartae3

100 4088 159 4144 bris
186 4087 328 4144 hactenns
354 4086 499 4143 obvolutis
529 4084 751 4151 confabulando,
787 4082 949 4141 incidissem
1039 4084 1202 4154 Opusculum
1229 4083 1262 4138 dc
1288 4087 1460 4154 uirginitate,
1489 4098 1505 4141 e
1533 4084 1629 4141 codice
1655 4099 1708 4141 ms.
1738 4083 1850 4158 collegii

101 4176 127 4231 in
142 4175 297 4246 praelatum
315 4174 458 4243 abbatem,
484 4174 581 4246 magni
604 4170 730 4229 anselmi
757 4170 948 4243 discipulum,
1004 4173 1169 4229 parisiensis
1193 4171 1220 4228 S.
1244 4173 1269 4230 l.
1294 4173 1397 4229 indicio
1412 4174 1445 4229 il.
1464 4173 1494 4229 P.
1518 4173 1614 4229 iacobi
1632 4172 1775 4230 sirmondi
1798 4187 1850 4230 ex·

99 4263 193 4335 deque
205 4263 285 4319 illins
298 4263 445 4320 recondita
455 4262 627 4331 litteratura,
641 4260 781 4329 doctrina,
794 4259 950 4316 uerborum
1004 4261 1140 4331 prompsi.

102 4359 253 4408 venustate
276 4358 304 4407 et
325 4348 501 4422 eloquentia,
517 4364 569 4406 nec
591 4348 678 4406 semel
704 4361 850 4405 sermones
873 4346 950 4402 ultro
1039 4351 1195 4420 Epistulam
1209 4350 1242 4404 de
1257 4350 1374 4404 buccella
1388 4349 1472 4405 tuda
1483 4349 1551 4404 duta
1564 4349 1691 4420 primum
1708 4349 1736 4406 in
1752 4344 1851 4408 biblio·

99 4441 231 4511 citroque
255 4438 467 4502 habuissemus,
488 4452 534 4495 me
555 4437 725 4509 sapiuscule
742 4435 951 4508 compellarunt
1005 4439 1087 4496 theca
1103 4438 1136 4495 ti.
1164 4438 1195 4495 C.
1220 4439 1339 4496 loannis
1363 4437 1443 4508 Bigot
1471 4439 1499 4494 in
1520 4439 1689 4510 llothomag.
1716 4437 1849 4512 vectigal.

99 4539 126 4584 et
140 4526 233 4599 aliqui
257 4535 327 4585 sunt
342 4527 486 4592 obtestati,
510 4535 656 4598 quatenns
679 4524 855 4582 Benedictini
877 4524 951 4594 Ope·
1005 4527 1087 4584 curia
1112 4527 1260 4595 senatoris,
1296 4526 1418 4583 exscribi
1444 4528 1563 4597 curavi3
1591 4527 1695 4584 deinde
1721 4529 1757 4583 ad
1783 4527 1852 4584 bina

100 4629 166 4691 rqm
193 4616 273 4686 prelo
299 4613 582 4683 committendorum,
600 4614 777 4685 provinciam
793 4626 845 4685 ego
860 4589 987 4668 Bene·B
1007 4632 1084 4684 mss,
1114 4616 1237 4672 alterum
1253 4614 1432 4672 Bibliothecae
1454 4615 1558 4687 hegiae,
1574 4613 1685 4686 collegii
1701 4615 1850 4673 Parisiens.

99 4703 227 4760 diotimus
250 4703 435 4774 susciperem.
452 4701 581 4770 Quorum
605 4701 791 4759 suasionibus
808 4700 951 4770 impulsus
1005 4706 1032 4761 S.
1050 4705 1075 4759 J.
1091 4704 1224 4770 alterum,
1240 4703 1359 4761 contuli.

100 4792 135 4848 ad
156 4805 232 4863 opus
246 4799 376 4849 actutum
392 4804 437 4848 me
451 4790 572 4848 libenter
587 4791 711 4858 accinxi,
727 4788 850 4860 persolvi
866 4787 950 4844 sobe·
1041 4789 1082 4842 De
1106 4790 1268 4858 papnuntius
1296 4793 1450 4844 sanctorum
1474 4788 1557 4844 libras
1580 4793 1633 4844 tres
1657 4787 1784 4846 mutavit
1804 4787 1852 4844 ai-

99 4879 185 4936 dnlas
199 4879 428 4951 diligentissime,
447 4878 575 4936 curiosos
596 4878 803 4949 antiquitatum
818 4875 951 4945 explora·
1004 4875 1145 4933 bliotheca
1161 4878 1258 4948 Regia.

102 4976 176 5023 tores
189 4968 323 5031 oensem,
336 4980 437 5024 omnes
452 4966 691 5024 bibliothecarum
708 4965 755 5034 (ad
771 4977 845 5036 quas
860 4963 952 5034 patuit
1041 4962 1183 5020 Caeterum
1207 4963 1339 5034 praelatos
1362 4962 1490 5034 eiusdem
1515 4962 1703 5033 bibliothecae,
1728 4964 1809 5022 reiut
1828 4971 1856 5021 et

102 5055 210 5126 aditus)
237 5054 347 5112 forulos
369 5054 539 5126 pluteosque
553 5054 657 5125 partim
683 5054 742 5124 ipse
767 5050 951 5123 perlustravi,
1006 5051 1116 5121 collegii
1138 5052 1307 5108 Parisiensis
1325 5052 1436 5108 codices
1458 5052 1493 5122 (si
1509 5051 1680 5121 conjecturis
1703 5052 1856 5124 indulgere
1888 5040 1892 5048 ’

103 5144 209 5215 partim
236 5142 457 5215 perlustrandas
484 5143 605 5212 curavi3
633 5150 661 5200 et
683 5139 826 5214 quidquid
850 5138 950 5208 menti,
1008 5138 1100 5211 liceat)
1129 5138 1206 5211 juris
1237 5139 1304 5196 olim
1335 5141 1476 5196 exstitisse
1509 5139 1690 5210 Norigentini
1722 5140 1855 5210 ooenobii,

102 5233 179 5303 qnod
196 5245 258 5289 rem
284 5231 363 5289 hanc
382 5230 529 5290 illustrare
543 5237 648 5303 posset,
672 5230 810 5300 occurrit,
828 5228 953 5299 conqui-
1008 5235 1095 5298 atque
1114 5229 1185 5285 adeo
1208 5228 1337 5285 Guiberti
1361 5228 1480 5299 (quippe
1506 5228 1601 5284 lerunt
1629 5227 1856 5300 ipsinsaetatcml

104 5322 166 5377 siri.
1009 5316 1123 5372 initium
1134 5318 1278 5387 cujusque
1293 5315 1448 5374 voluminis
1464 5323 1673 5386 premonstrat.

137 5411 179 5467 Ac
205 5407 432 5528 primoquidem
459 5406 601 5478 libellum,
625 5406 765 5477 Quomodo
787 5421 873 5464 simeo
893 5407 955 5475 timi
1045 5404 1198 5463 ilistoriam
1229 5404 1508 5476 ierosolymitanam,
1532 5403 1591 5460 sire
1617 5404 1701 5460 Gesta
1726 5403 1777 5461 Del
1809 5418 1862 5476 per

1010 5492 1145 5560 Francos,
1163 5490 1276 5561 prinms
1300 5489 1449 5557 ertrlgarit
1463 5490 1586 5548 lacobus
1609 5490 1784 5555 bongarsius
1802 5505 1862 5549 una
