3818 6008
75 120 132 175 869
579 134 582 139 ’
637 116 685 175 ΒΕ
704 116 786 173 vtra
804 115 870 174 SUA
892 114 985 174 ctltnl
1006 115 1104 174 TRES.
1121 147 1155 158 -·
1171 114 1238 173 ΗΒ.
1257 116 1278 170 l.
1775 121 1828 176 870

76 251 201 321 lingone
213 248 265 305 diu
273 247 332 319 egit
342 245 471 304 otiicium
481 246 639 317 prioratus,
650 260 717 303 cnm
726 246 791 302 aliis
803 245 925 318 quibus·
944 251 968 305 ll
984 246 1089 303 interni
1109 246 1176 304 boni
1201 245 1386 304 emulatione
1412 246 1595 305 creabantur.
1610 249 1676 306 llox
1691 249 1782 320 igitur
1798 258 1830 308 ut

74 339 144 395 dam
154 345 254 393 sancta
264 336 325 392 vita
335 350 418 408 nque
427 335 573 392 nobilibus
584 336 693 406 pariter
707 334 778 391 inibi
792 337 925 405 episcopo
979 334 1136 404 piissimam
1151 336 1215 406 ejus
1242 343 1366 391 mentem
1386 335 1457 391 visio
1487 336 1653 406 importuna
1680 339 1828 411 tangebat,

76 432 216 494 prasente
240 425 420 496 quiescerent
443 424 562 494 qnidam
591 423 626 479 de
656 422 745 478 vicini
770 424 925 493 cujusdam
978 431 1005 480 et
1021 422 1167 480 sicoterat
1181 424 1210 478 iu
1229 424 1334 480 talibus
1348 424 1530 480 exsolvendis
1544 425 1700 482 admodum
1714 427 1830 485 subtilis

75 513 247 583 proceribus
274 511 380 582 oppidi,
413 511 459 566 vir
486 509 570 566 valde
593 508 712 566 curialis
737 517 765 565 et
785 509 923 579 prudens,
977 517 1005 567 et
1032 512 1193 581 perspicax,
1220 526 1297 578 mox,
1327 512 1459 583 inquam,
1475 520 1507 568 ut
1530 513 1557 568 id
1581 514 1753 571 incommodi
1775 529 1828 573 suo

77 602 246 671 intempesto
262 599 375 656 silentio
390 597 530 668 soporatis
539 596 676 653 omuibus
698 595 846 667 vigilabat.
869 595 925 660 Qui
978 598 1032 654 sibi
1045 600 1155 655 somnio
1169 608 1335 669 portensum
1363 600 1553 667 intellexerat,
1575 601 1666 658 accito
1680 616 1725 658 mc
1739 616 1828 673 super

75 703 143 745 cum
159 703 224 760 qnae
237 688 348 744 volebat
363 687 504 757 cogitans,
522 687 590 742 lruic
605 686 733 756 illucque
745 685 925 755 despiceret3
979 701 1042 744 meo
1058 688 1152 744 nodio
1166 688 1237 758 quid
1262 702 1388 760 agerem,
1415 689 1486 760 quid
1516 697 1667 746 tractarem
1684 692 1762 761 apud
1778 706 1824 749 me

75 791 141 833 ecce
152 777 261 848 proceri
277 776 372 846 ligura
387 775 534 842 daemonis,
555 773 625 830 exili
651 775 754 844 capite,
780 772 926 844 turgenti·
979 776 1116 832 secretius
1129 777 1279 847 rogitabat.
1295 777 1348 834 Cui
1363 792 1430 833 cum
1445 777 1486 832 sic
1501 791 1609 834 morem
1632 793 1772 849 gererem,
1795 787 1828 837 ut

77 864 134 922 bus
145 865 271 935 scapulis
290 863 475 935 progrediens
487 863 550 918 viro
574 861 721 932 apparuit,
745 867 774 918 et
798 859 927 917 seriatim
979 863 1004 920 ei
1018 877 1112 920 meam
1127 863 1293 922 nullatenus
1315 865 1537 922 unanimitatem
1564 880 1711 938 negarem,
1727 868 1827 923 omnia

77 951 151 1009 lecta
166 965 292 1023 quaeque
317 958 489 1021 respectans,
517 949 691 1020 pedetentim
715 962 765 1020 per
779 962 926 1005 cameram
980 949 1030 1007 illa
1056 963 1123 1021 que
1143 952 1304 1008 secondum
1332 958 1444 1008 tenores
1467 953 1615 1009 audieram
1647 953 1826 1011 somniorum

77 1040 264 1098 deambulare
277 1039 411 1097 seliuxit.
421 1038 554 1110 Cumque
563 1039 598 1094 ad
614 1036 678 1108 ejus
692 1045 827 1106 stratum,
839 1050 926 1108 quem
981 1038 1010 1095 iu
1025 1053 1092 1109 qnoe
1112 1038 1267 1096 lentescere
1296 1054 1376 1096 mens
1400 1041 1516 1096 animus
1542 1040 1707 1108 videbatur,
1735 1041 1825 1099 alacri

77 1128 296 1199 prelibavimus
306 1128 433 1199 juvenis,
448 1141 593 1198 quemque
607 1126 644 1182 ab
659 1125 757 1183 eodem
768 1126 927 1197 plurimum
980 1125 1155 1182 contorsione
1181 1124 1348 1196 prodebam,
1377 1133 1404 1182 et
1429 1140 1495 1182 cum
1522 1126 1557 1183 de
1573 1127 1750 1184 correctione
1763 1142 1828 1185 mo-

77 1216 222 1288 acceptari
233 1216 376 1286 eptsmpo,
408 1214 579 1271 talsissimus
601 1212 765 1270 accessisset
787 1213 926 1280 substitit,
980 1222 1070 1282 neret,
1097 1214 1174 1270 veris
1202 1213 1325 1284 protecto
1348 1214 1444 1271 statim
1472 1212 1623 1272 aflectibus
1642 1216 1672 1272 id
1702 1216 1828 1287 sponde-

76 1305 231 1363 etretortis
249 1304 286 1360 ad
303 1304 491 1360 dormientem
517 1302 683 1374 aspectibus
692 1316 701 1371 ;
730 1302 790 1370 llic,
819 1301 925 1372 inquit,
981 1301 1058 1357 bam.
1860 1356 1868 1363 g

77 1391 322 1463 auxiusctpejus
339 1390 545 1458 bisomnibus,
564 1387 864 1460 quiisticdormlunt,
882 1401 928 1444 me
1017 1389 1093 1445 Deus
1122 1402 1212 1457 mens,
1241 1396 1347 1445 statum
1374 1389 1467 1456 illum,
1493 1405 1580 1461 quem
1606 1391 1688 1448 modo
1724 1392 1827 1463 patior,

77 1487 173 1536 vexat.
190 1478 353 1546 (laodicio,
373 1477 409 1532 td
430 1477 536 1533 Ostium
557 1489 588 1531 80
607 1475 735 1546 dirigens
751 1473 926 1542 cloacarum,
983 1477 1064 1535 toties
1074 1485 1114 1533 tot
1126 1477 1319 1549 signiticatnm
1343 1478 1547 1549 aenigmatibus
1561 1478 1622 1549 ipsa
1648 1479 1719 1535 mibi
1734 1494 1828 1536 enun-

78 1568 233 1623 iueasdem
249 1581 279 1623 se
293 1565 423 1622 contulit.
945 1549 1073 1634 Btiavit,
1100 1575 1129 1622 et
1158 1566 1235 1637 quod
1262 1566 1291 1621 in
1318 1565 1409 1636 primo
1438 1575 1516 1622 statu
1531 1577 1644 1638 gestum
1665 1575 1716 1624 aut
1730 1581 1829 1638 geren·

113 1655 141 1711 ls
154 1661 252 1711 autem
267 1654 318 1725 qui
333 1655 387 1711 boc
402 1652 618 1724 speculabatur,
637 1652 708 1708 dum
724 1650 786 1707 bac
797 1650 926 1706 attende-
979 1656 1050 1711 dum
1066 1661 1228 1724 putaverat,
1246 1653 1301 1710 boc
1322 1658 1397 1708 m
1413 1654 1542 1725 quotidie
1566 1654 1643 1711 intra
1665 1656 1759 1712 cordis
1773 1654 1829 1712 mei

76 1749 129 1811 ret,
145 1749 225 1798 tanto
244 1742 368 1812 pondere
382 1741 567 1811 premebatur
587 1748 619 1796 ut
635 1739 727 1809 impos
749 1738 787 1794 ad
804 1737 927 1794 locutio-
982 1742 1136 1813 penetralia
1165 1744 1302 1812 experior
1327 1749 1355 1797 et
1378 1743 1556 1813 contemplor
1585 1743 1707 1813 impleri.
1752 1742 1829 1810 Quin

77 1844 143 1886 uem
167 1837 196 1886 et
222 1838 331 1887 motum
347 1828 519 1885 omnimodis
541 1828 630 1885 lieret.
661 1826 928 1898 Excedenteigitur
980 1831 1066 1887 etiam
1083 1831 1141 1899 ipse
1155 1828 1292 1901 magister
1308 1844 1399 1897 mens,
1416 1845 1481 1887 cum
1503 1831 1602 1887 cadem
1627 1831 1698 1887 milri
1722 1830 1829 1887 sollici-

77 1919 252 1984 adversario‚
282 1918 403 1975 lacnltas
423 1917 477 1974 sibi
509 1916 615 1987 pariter
631 1915 661 1971 iu
684 1923 811 1985 utroque
831 1913 925 1982 rediit,
980 1919 1050 1975 tndo
1065 1932 1117 1975 suo
1131 1918 1294 1974 indesinens
1314 1918 1449 1988 penderet
1468 1925 1623 1989 apectore,
1638 1919 1737 1975 multis
1751 1918 1828 1990 dgn-
1885 1984 1888 1994 .

76 2015 104 2065 et
120 2021 207 2064 mane
221 2007 390 2078 quibusque
416 2005 623 2063 sensatioribus
642 2005 705 2060 visa
729 2010 873 2072 retexans,
900 2010 929 2059 ct
980 2021 1080 2064 rarum
1096 2007 1196 2071 modis,
1214 2020 1280 2076 quae
1295 2021 1346 2076 pro
1362 2015 1488 2078 ternpore
1506 2007 1684 2073 accidebant,
1708 2015 1736 2064 ot
1761 2021 1827 2078 quaa

77 2111 144 2154 curu
160 2095 229 2166 ipsis
245 2095 364 2167 juvenis
376 2094 455 2151 illius
471 2102 578 2151 statum
597 2092 811 2162 assentiamque
826 2092 928 2162 requi·
981 2108 1067 2166 porro
1081 2095 1111 2150 in
1130 2093 1261 2151 tuturnm
1285 2101 1427 2151 eventura
1443 2095 1557 2152 tueraut
1582 2102 1608 2152 te
1628 2095 1829 2152 manifestante

78 2199 153 2254 reus,
169 2184 273 2254 reperit
288 2183 353 2254 ejus
370 2183 501 2238 animum
518 2181 634 2238 enixius
647 2181 683 2237 ad
698 2180 927 2252 aggrediendum
980 2183 1105 2239 videbat.
1120 2182 1164 2240 Ab
1178 2188 1302 2252 utroque
1318 2182 1408 2253 igitur
1420 2181 1493 2249 viro,
1509 2182 1559 2237 Dei
1574 2196 1695 2238 munere
1709 2182 1778 2238 binc
1791 2182 1827 2239 ad

76 2273 220 2329 sanctiora
234 2271 400 2342 proclivem.
416 2270 443 2326 Si
462 2285 530 2342 ergo
547 2268 686 2341 gaudium
701 2277 743 2325 est
758 2281 846 2339 super
868 2281 927 2324 uno
981 2273 1158 2340 terrendum,
1184 2272 1249 2329 inde
1277 2273 1313 2328 ad
1341 2271 1528 2333 refovendum
1551 2273 1672 2329 adversa
1701 2279 1730 2329 et
1758 2286 1828 2342 pro-

77 2369 224 2431 peccatore
237 2373 376 2417 converso
393 2359 422 2414 in
437 2359 508 2415 coelo
532 2372 621 2430 quam
649 2371 737 2428 super
768 2356 927 2427 nonaginta
980 2374 1063 2431 spera
1077 2361 1279 2428 cantabantur,
1302 2368 1333 2418 ut
1360 2368 1388 2417 et
1404 2361 1524 2417 occulte
1551 2359 1737 2431 malignitati,
1762 2358 1828 2414 vel·

78 2450 128 2521 qui
157 2463 215 2505 nou
246 2447 375 2518 indigent
397 2446 565 2517 poenitentia
587 2446 674 2517 justis
698 2446 779 2515 (dne.
812 2459 861 2513 xv,
885 2448 926 2513 7),
980 2451 1036 2507 lem
1057 2451 1176 2518 nollem,
1203 2451 1274 2521 quia
1294 2458 1344 2507 tuo
1370 2449 1510 2506 miraculo
1524 2447 1564 2505 eis
1579 2455 1703 2515 tautum,
1719 2446 1771 2518 qui
1782 2460 1828 2502 me

78 2537 178 2608 procul
194 2537 282 2595 dubio
296 2538 413 2607 plenum
425 2535 491 2593 lidei
510 2542 553 2592 est
570 2535 665 2592 hostes
681 2534 801 2591 hnmani
815 2533 927 2606 generis
980 2537 1148 2610 diligebant,
1164 2537 1362 2608 detegebatur,
1377 2550 1534 2607 parcerem,
1545 2535 1616 2592 etde
1629 2533 1754 2591 melioris
1767 2533 1828 2605 spei

77 2624 263 2682 acerbissima
278 2623 490 2679 iuvidentiade
501 2636 613 2690 eorum,
637 2621 689 2693 qui
717 2628 869 2678 mutantur
898 2619 928 2675 iu
981 2626 1133 2698 aliquoties
1143 2624 1347 2695 pollicitatione
1357 2624 1525 2695 gauderem.

78 2714 193 2780 melius,
214 2712 361 2783 ereptione
381 2711 499 2768 tristari.
530 2712 563 2766 Et
590 2718 666 2767 certe
680 2709 755 2766 sicut
769 2723 822 2781 ego
845 2708 927 2765 bouis
1015 2711 1150 2767 Inuident
1167 2711 1226 2784 ipsi
1250 2711 1366 2768 sodales
1380 2711 1415 2767 ob
1438 2708 1600 2766 scientiam.
1625 2709 1671 2764 Eo
1699 2708 1829 2780 amplias

74 2802 166 2858 initiis
184 2815 334 2872 processus
363 2800 456 2857 babeo
471 2799 642 2869 pestilentes,
660 2799 702 2854 sic
713 2806 741 2854 et
756 2798 813 2866 illc,
840 2796 893 2868 qui
907 2810 925 2851 a
942 2831 965 2891 u
980 2800 1166 2870 cenitarejaa
1178 2800 1336 2874 ingenium.
1351 2831 1386 2840 -
1401 2800 1471 2857 crim
1495 2801 1577 2857 enim
1594 2799 1753 2871 aliquando
1767 2799 1828 2870 spi·

75 2891 208 2946 daemoue
221 2886 768 2958 testimoniumacceperatpostmodum
783 2886 924 2956 paulatim
981 2887 1039 2943 rito
1060 2888 1165 2945 acedia
1185 2888 1348 2953 ventilarer,
1374 2885 1432 2959 llll]
1463 2886 1569 2943 multas
1594 2888 1671 2943 enim
1688 2886 1826 2944 inviden-

76 2978 246 3049 tepcsceudo
260 2977 383 3043 retrixit,
399 2984 427 3033 et
446 2977 482 3033 ad
509 2975 640 3032 studium
653 2989 713 3032 sese
723 2973 860 3032 seculare
876 2989 924 3033 re-
978 2975 1032 3031 tias
1057 2976 1094 3032 ab
1120 2976 1155 3032 iis
1179 2977 1230 3047 qui
1258 2989 1348 3047 supra
1370 2983 1398 3031 et
1418 2976 1505 3046 juxta
1520 2983 1667 3042 mearant,
1684 2976 1827 3049 patiebar)

77 3069 175 3134 torsit;
199 3072 227 3122 et
253 3073 348 3123 nmen
373 3064 488 3121 subitus
515 3063 561 3120 ille
584 3063 727 3120 bonarum
758 3072 925 3121 nostrarum
977 3074 1131 3135 pareutum
1159 3080 1290 3124 meorum
1309 3064 1494 3122 adminiculis
1524 3065 1687 3135 aspirabam
1711 3065 1748 3122 ad
1775 3080 1826 3123 ex·

77 3156 263 3212 voluntatum
292 3162 398 3221 motos,
427 3151 563 3209 credibile
585 3158 730 3222 estquam
755 3151 925 3222 gravissime
980 3160 1061 3209 terna
1097 3154 1271 3210 monasteria
1314 3153 1514 3225 commigrare.
1553 3152 1626 3209 Nam
1664 3159 1828 3211 nostratum

76 3242 220 3299 diabolica
235 3242 322 3297 corda
336 3240 489 3297 morderet.
508 3239 566 3296 Nec
583 3241 689 3296 mirum
717 3239 740 3295 si
755 3239 848 3296 doleat
862 3240 924 3296 dia·
979 3241 1081 3313 aliqui,
1098 3256 1165 3299 cum
1183 3257 1229 3298 me
1247 3243 1315 3300 olim
1331 3242 1415 3312 louge
1431 3240 1507 3298 iutra
1533 3255 1563 3297 se
1584 3248 1668 3297 oemte
1690 3254 1725 3298 ac
1750 3241 1828 3299 litte·

76 3330 162 3388 bolus
186 3329 352 3401 repentinos
379 3336 406 3385 ct
434 3327 529 3385 tutiles
573 3327 737 3399 cuiuspiam
763 3327 925 3397 poenitentis
979 3330 1027 3397 ris,
1045 3329 1215 3400 potentiaet
1230 3330 1393 3401 cognitione
1417 3330 1568 3398 vidissent,
1592 3337 1620 3385 et
1648 3329 1738 3386 solius
1764 3330 1828 3400 ejus

77 3418 210 3486 allectus,
234 3431 301 3474 cum
335 3416 532 3487 perfunctoria
560 3414 668 3471 achabi
697 3415 776 3471 illins
814 3414 925 3472 scelesti
978 3417 1126 3488 douoipso
1145 3416 1273 3474 discendi
1297 3417 1455 3488 appetitum
1471 3417 1542 3472 meis
1566 3417 1699 3474 sensibus
1721 3417 1828 3474 instin-
1872 3474 1878 3481 ,

77 3506 155 3578 regis
180 3506 337 3574 humilitas,
363 3505 448 3562 etiam
475 3504 590 3560 divinos
604 3511 762 3574 antequam
780 3501 925 3560 humanos
980 3511 1096 3575 gnome,
1113 3504 1163 3575 qui
1177 3504 1265 3560 totius
1283 3512 1325 3560 cst
1343 3504 1433 3560 clavis
1448 3503 1584 3573 scientie,
1610 3519 1655 3561 me
1677 3504 1734 3562 sibi
1747 3519 1828 3562 exe-

77 3595 114 3652 ad
134 3610 164 3652 se
189 3594 306 3652 detlexit
337 3601 480 3665 aspectus.
508 3593 589 3650 Unde
606 3592 756 3659 Dominus,
777 3591 808 3647 ni
830 3590 923 3661 tallor,
978 3592 1074 3662 quari,
1087 3598 1138 3647 aut
1152 3591 1281 3658 omuino,
1297 3590 1321 3646 si
1336 3591 1392 3648 dici
1407 3590 1450 3646 tas
1462 3599 1515 3658 est,
1535 3591 1675 3648 excellere
1708 3605 1828 3663 perscu-

76 3683 170 3741 Elia:
198 3703 213 3731 ιι
239 3683 349 3750 Nonne,
388 3681 437 3749 ait,
467 3678 565 3737 vidisti
600 3679 699 3735 Achab
739 3679 925 3737 bumiliatum
979 3679 1183 3740 sissenttaoto
1202 3677 1301 3736 lurore
1328 3679 1483 3736 adversum
1505 3692 1551 3735 me
1573 3678 1827 3751 eorumiudigna-

75 3783 173 3828 coram
205 3768 268 3826 me‘l
294 3768 369 3836 Quia
395 3783 466 3840 ergo
494 3767 666 3823 humiliatus
689 3774 731 3823 est
755 3768 923 3832 meicausa‚
980 3767 1080 3824 buuda
1093 3768 1250 3824 excanduit
1271 3767 1401 3839 nequitia
1426 3775 1459 3825 nt
1482 3782 1528 3825 me
1542 3768 1742 3840 trequeutibus
1755 3782 1828 3825 con-

75 3872 136 3915 nou
158 3858 278 3915 interam
308 3857 385 3912 mala
411 3857 441 3912 in
469 3855 572 3913 diebus
596 3855 660 3927 eius
687 3855 753 3927 (111
774 3856 846 3930 Περ.
864 3871 924 3921 xxi,
979 3854 1138 3921 troversiis,
1161 3862 1189 3911 et
1221 3854 1418 3913 simultatibus
1439 3856 1592 3927 latigatum
1629 3855 1774 3914 multoties
1798 3863 1826 3912 et

75 3949 161 4004 atil.»
388 4009 399 4029 .
979 3941 1087 3998 vidisse
1109 3950 1137 3998 et
1162 3942 1248 3999 scisse
1270 3942 1380 4000 litteras
1398 3943 1557 4015 paeniteret.
1587 3943 1720 4000 Studium
1742 3941 1827 4013 plane

393 4032 510 4092 CAPUT
529 4033 608 4091 XVI.
980 4044 1077 4087 meum
1092 4030 1183 4087 abeis
1200 4038 1345 4102 tantopere
1361 4032 1544 4100 turbabatur,
1572 4046 1607 4088 ac
1633 4038 1673 4088 tot
1697 4032 1732 4088 de
1758 4029 1827 4100 ipsis

111 4123 288 4195 sapiascrtle
305 4122 422 4178 recoluit
441 4125 539 4177 animo
566 4123 667 4177 nector
685 4137 748 4194 qna
767 4120 799 4178 in
817 4123 923 4179 mando
943 4117 1082 4198 „litteris
1108 4126 1223 4187 sumpta
1245 4118 1395 4176 occasione
1411 4133 1461 4190 per
1480 4118 1634 4175 continuas
1655 4105 1828 4189 questiones

73 4210 202 4284 reliquit.
233 4211 353 4269 -Cum
368 4224 437 4282 ergo
450 4208 589 4280 paulatim
601 4217 797 4268 succrescente
817 4225 926 4282 eorpu-
979 4206 1079 4279 jurgia
1097 4208 1283 4264 motabantur
1310 4216 1342 4265 nt
1356 4208 1393 4264 ad
1420 4209 1474 4264 boc
1500 4208 1593 4264 solum
1623 4215 1768 4279 quatenus
1790 4205 1827 4263 ab

76 4298 169 4366 scuto,
198 4298 285 4355 otiam
312 4297 439 4356 animam
473 4296 504 4353 iu
532 4297 773 4368 concupiscentiis
802 4312 853 4370 pro
871 4314 926 4357 suo
979 4308 1014 4352 ea
1029 4309 1099 4352 cura
1114 4309 1178 4351 mea
1192 4295 1314 4353 resiliret
1340 4296 1470 4364 intentio,
1500 4309 1656 4366 meumque
1686 4294 1828 4366 prepedi-

76 4386 195 4444 modnlo
217 4394 245 4444 et
258 4386 467 4458 cupiditatibus
494 4386 671 4457 prurientem
698 4387 845 4444 secularis
866 4388 927 4445 vita
980 4390 1061 4440 retur
1084 4382 1247 4454 ingenium,
1275 4385 1345 4441 eniti
1366 4383 1546 4441 viderentur.
1562 4383 1615 4440 Sed
1636 4383 1712 4440 sicut
1730 4381 1826 4440 oleum

76 4475 217 4544 titillaret,
234 4476 521 4532 memoriaetrotatn
536 4474 710 4531 creberrimo
725 4474 821 4545 qualis
835 4489 926 4546 quau·
979 4470 1092 4526 camim
1120 4470 1262 4540 additum,
1286 4471 1362 4528 nude
1386 4479 1507 4541 putatur
1535 4471 1730 4541 exstinguere,
1759 4469 1828 4526 iude

75 4573 184 4636 tuaque
199 4565 345 4621 insecuto
359 4578 420 4622 esse
435 4564 598 4634 potuissem,
613 4563 712 4620 eadem
726 4577 799 4633 pene
814 4577 927 4635 semper
980 4556 1097 4613 damma
1122 4559 1266 4616 vivaciore
1286 4560 1439 4631 proserpit,
1466 4574 1500 4616 eo
1525 4559 1614 4616 iusmr
1637 4558 1743 4615 clibani
1769 4572 1828 4629 quo

76 4652 232 4724 repetendo
246 4653 434 4716 revolverem,
446 4660 475 4709 et
488 4651 580 4709 mnlto
591 4651 701 4723 majora
717 4665 806 4722 quam
820 4653 926 4710 veritas
980 4645 1103 4715 amulius
1132 4661 1197 4703 mea
1222 4661 1308 4719 snper
1332 4663 1366 4705 eo
1390 4647 1488 4706 labore
1502 4648 1618 4704 solertia
1632 4647 1826 4718 premebatur,

74 4745 224 4810 pateretur
252 4752 328 4809 sape
355 4736 561 4808 contingerem,
600 4737 675 4792 Bone
695 4735 781 4804 Deus,
814 4735 862 4792 cui
890 4736 926 4793 de
981 4741 1059 4790 tauto
1093 4736 1154 4791 suis
1189 4736 1301 4793 reddita
1322 4737 1465 4794 valentior
1500 4736 1619 4794 estibus
1654 4736 1683 4792 in
1725 4735 1829 4793 melius

72 4826 210 4885 omuibus
223 4841 295 4885 cura
307 4834 359 4894 est,
379 4825 548 4882 ostendebas
562 4825 616 4882 ista
631 4824 746 4881 lamule
762 4831 819 4881 tuas
839 4825 926 4881 matri
980 4823 1131 4894 agebatur.
1161 4823 1346 4891 Questioues,
1375 4826 1484 4896 quibus
1508 4824 1672 4882 aestimabar
1693 4823 1827 4892 obtundi,

75 4928 158 4983 meac,
188 4914 218 4972 iu
246 4928 452 4986 quemcunque
480 4920 587 4970 statum
609 4925 713 4969 sanum
740 4911 853 4982 utique,
878 4912 925 4969 vel
979 4909 1175 4983 intelligentiae
1199 4911 1355 4982 plurimam
1383 4911 1452 4968 milri
1477 4912 1665 4969 acrimoniam
1681 4911 1827 4968 ministra·

33 5040 36 5045 -
75 5005 213 5061 insanum
243 5001 419 5060 conscientia
446 5001 540 5058 labilis
578 5000 756 5067 vertebatur,
784 5000 924 5058 visionem
980 4997 1060 5067 bant,
1099 5006 1127 5056 et
1153 4999 1346 5069 objectionum
1384 4999 1541 5056 ditdcultas
1562 5001 1664 5057 crebra
1685 4998 1829 5069 conjectu-

74 5087 206 5159 ejusdem
228 5087 336 5158 species
358 5099 417 5142 nou
431 5085 493 5142 siue
508 5092 568 5151 tuo,
593 5084 722 5151 Domine,
745 5083 855 5155 judicio
878 5099 925 5142 so-
980 5098 1080 5143 rarum
1095 5099 1225 5143 mearum
1238 5085 1444 5154 ruminatione,
1469 5095 1498 5144 et
1522 5087 1703 5144 diversorum
1729 5099 1827 5144 versa-

76 5175 232 5247 qnebatur.
255 5177 291 5231 Αι
312 5173 452 5245 qnoniam
485 5172 593 5229 multas
623 5185 710 5228 curas
736 5171 927 5243 perhibentur
980 5173 1061 5231 tione
1087 5166 1282 5241 voluminum,
1304 5173 1545 5246 multiplicitatem
1572 5188 1710 5232 seusrmm
1739 5181 1768 5231 et
1782 5189 1828 5233 re·

74 5261 160 5332 sequi
172 5261 294 5330 somnia,
308 5268 337 5318 et
352 5273 454 5317 verum
470 5257 589 5316 indubie
604 5265 731 5329 constat;
756 5258 803 5317 bn
829 5266 926 5318 tamen
980 5261 1140 5333 spondeudi
1167 5260 1239 5318 mlbl
1261 5261 1419 5319 elticaciam
1448 5263 1610 5334 pariebant.
1636 5263 1696 5320 lloc
1727 5262 1829 5335 itaque

74 5363 155 5407 cora
169 5362 227 5430 nou
239 5347 370 5407 avaritia
384 5346 503 5406 aestibus
517 5346 693 5419 citabantur,
722 5345 770 5405 scd
787 5360 824 5405 ex
855 5360 926 5406 vera
980 5349 1065 5411 modo
1088 5348 1139 5407 etsi
1157 5349 1326 5423 gravissime
1344 5351 1386 5409 eis
1400 5350 1562 5410 invidiosus
1574 5362 1666 5421 eram,
1683 5357 1829 5409 tutamen
