3818 6008
1897 40 1903 99 Ι

103 279 153 334 sat
551 273 581 328 V.
603 270 769 329 cursuum
788 269 933 327 tuentis
951 270 979 325 S.
1000 267 1120 325 uattlAE
1139 267 1186 324 DE
1207 265 1404 325 ltuvtuuttvu
1812 262 1865 318 832
1895 218 1903 319 i

104 408 230 474 rimitur,
252 404 359 462 nemini
382 405 521 476 parcitur,
536 402 591 459 uisi
607 402 684 473 quod
698 400 834 471 puellaris
855 399 890 455 ad
906 400 953 456 ob
971 404 994 456 A
1008 398 1097 454 ricam
1114 397 1267 454 flaminum
1282 395 1500 466 importunitate
1513 395 1651 451 delectur.
1668 392 1766 461 Quam
1788 393 1863 449 idern

104 497 237 569 sequium
253 495 370 549 iuventa
384 499 527 547 servatur.
552 489 660 546 Passim
686 503 756 561 gaza
769 489 951 558 disquiritur,
1007 485 1135 542 insulani
1155 485 1326 555 corripiunt,
1345 485 1502 555 quemdam
1516 482 1580 554 ejus
1607 482 1735 539 comitiae
1759 479 1865 551 episeo

104 593 132 643 et
148 599 203 642 non
220 582 303 640 modo
330 594 408 650 arca,
432 593 534 636 verum
559 579 708 635 sarraceni
738 578 858 634 tacentis
884 577 953 648 gula
1007 589 1077 645 pum
1104 589 1171 632 cum
1193 574 1366 631 cilicialibus
1385 573 1510 642 cedunt,
1533 572 1583 629 diu
1604 571 1699 643 ipsam
1716 570 1866 627 detentam

105 672 276 740 discutitur3
302 669 399 725 lauces
423 667 499 724 enim
527 680 593 738 quae
616 665 773 737 glutierant
800 664 952 734 Byzantea,
1007 665 1185 734 postmodum
1207 664 1286 720 abire
1311 663 1491 734 permittunt.
1516 661 1584 730 Quae
1616 675 1685 719 cum
1712 660 1750 715 ad
1767 658 1865 714 tirum

104 773 202 830 pugno
218 755 405 818 succutiente.
436 755 699 826 redemptorque
714 753 863 809 olllclaeis
886 753 953 809 locis
1006 754 1140 821 venisset,
1171 750 1409 809 incontinentiam
1429 751 1575 807 ethnicam
1598 764 1650 807 rex
1671 749 1735 820 ipse
1755 746 1867 802 babens

104 846 229 904 indebita
246 851 433 914 usurparant,
449 845 513 900 auri
530 844 636 900 trustra
664 841 838 898 feminarum
867 854 952 911 puer·
1005 854 1065 898 non
1089 839 1150 896 sine
1175 841 1286 897 rationo
1309 846 1480 909 suspectam,
1512 847 1610 896 atero
1633 837 1758 909 proprio
1789 846 1866 904 pror·

103 936 182 1007 peria
204 933 340 990 tundunt.
356 932 414 989 Nec
434 945 525 1000 mora,
545 939 636 1002 captae
651 929 759 987 civitati
776 930 952 985 Francorum
1005 943 1055 985 sus
1089 928 1260 994 abstentam,
1299 934 1408 983 mutato
1441 926 1552 994 habitu,
1583 926 1679 998 posuit
1707 938 1775 983 eam
1798 936 1864 979 cum

103 1023 215 1081 colonia
230 1023 288 1079 illic
314 1020 490 1087 habitatura,
504 1019 667 1076 dimittitur.
695 1016 757 1072 Non
773 1015 864 1071 mutto
892 1023 953 1085 post
1004 1017 1204 1073 monachabus
1221 1016 1286 1072 aliis
1298 1015 1375 1085 apud
1389 1014 1500 1071 beatam
1524 1014 1643 1071 llatrem
1667 1014 1719 1070 liei
1738 1011 1864 1082 Virginis

102 1112 253 1169 accharon
269 1113 446 1185 aggreditur,
463 1115 491 1164 et
511 1107 657 1163 diuturnis
673 1103 870 1161 moliminibus
887 1103 951 1160 lati·
1005 1104 1105 1161 llatris
1119 1107 1243 1161 hunam.
1257 1106 1320 1174 lpse
1336 1118 1403 1160 veru
1418 1102 1525 1174 gaudet
1538 1103 1637 1159 vivere
1651 1102 1772 1171 caelebs,
1794 1104 1861 1172 quia

104 1205 211 1269 galam,
248 1198 362 1270 proprio
396 1195 449 1252 sub
476 1196 543 1265 jure
577 1200 696 1249 coercet.
733 1191 833 1247 Plures
864 1192 950 1247 etiam
1005 1200 1121 1250 nonest
1148 1194 1175 1250 ei
1197 1193 1361 1249 colluctatio
1380 1191 1521 1247 adversus
1543 1203 1661 1247 earnem
1684 1198 1714 1247 et
1740 1193 1862 1263 sangui-

104 1287 284 1355 postmodum
304 1286 376 1343 alias
393 1283 500 1355 cepisse
513 1281 691 1352 dignoscitur
719 1277 817 1348 urbes3
841 1279 888 1333 sed
913 1276 952 1333 ita
1005 1294 1081 1342 nem.
1098 1281 1146 1336 sed
1161 1288 1262 1337 contra
1278 1278 1381 1335 mundi
1395 1286 1518 1335 rectores
1532 1278 1650 1350 (Epiros.
1669 1294 1711 1346 vt,
1731 1280 1788 1344 tt).

102 1373 261 1431 meditullio
276 1374 383 1431 rabidae
398 1373 465 1428 ilius
494 1369 661 1442 gentilitatis
682 1367 835 1434 intersitas,
853 1375 884 1424 ut
903 1368 950 1423 vix
1041 1371 1861 1445 [mvii]Mileaauqt'tta‘soonsoaauaeteupita'sobstisione

102 1461 213 1532 aliquid
237 1469 332 1519 tutum
363 1470 528 1517 nostrorum
555 1458 625 1514 inibi
640 1457 721 1513 liccat
739 1455 865 1527 cogitare
879 1456 952 1512 colo
1004 1461 1144 1534 martyrii
1156 1460 1459 1534 palmampromcmit.
1474 1460 1595 1518 -Circa
1611 1460 1781 1532 paschalem
1796 1463 1859 1519 anni

103 1549 158 1605 uiis
181 1549 245 1621 tol,
268 1549 415 1619 colonias-l
440 1547 611 1604 Sarracenos
642 1554 737 1602 tameo
765 1543 838 1600 bella
857 1544 951 1600 oooti-
1005 1551 1140 1620 preteriit
1164 1550 1355 1616 testivitatem,
1384 1549 1466 1605 uites
1492 1548 1538 1606 nte
1567 1549 1749 1619 prelibatus,
1777 1564 1858 1620 quau

102 1650 163 1693 nua
177 1637 286 1694 crebris
314 1638 385 1693 adeo
414 1634 539 1691 victoriis
563 1633 788 1703 contemptibiles
810 1633 951 1690 Christia—
1006 1638 1172 1706 praelectum
1190 1637 1334 1695 Tiberiadi
1354 1638 1492 1705 diximus,
1517 1637 1565 1693 cui
1582 1637 1705 1694 victoria
1729 1637 1782 1695 illa
1804 1652 1858 1708 pro

103 1724 300 1781 uismilitibus
324 1723 481 1790 reddidere,
508 1729 542 1778 ut
567 1735 644 1776 anno
673 1721 816 1790 preterito
843 1721 950 1777 mirum
969 1696 1133 1794 Bvenerat,
1164 1727 1194 1782 in
1212 1725 1339 1797 quodam
1370 1726 1443 1783 helle
1468 1733 1634 1782 nostrorum
1659 1727 1739 1796 parti
1767 1726 1856 1782 minus

103 1812 243 1883 quiddam
259 1811 481 1884 cognoverimus
493 1810 630 1866 evenisse.
1004 1816 1186 1872 accommode
1205 1815 1279 1872 tacto
1303 1815 1472 1886 capuerat
1495 1815 1526 1870 in
1553 1815 1713 1885 quamdam
1732 1814 1854 1885 ipsorum

421 1898 534 1955 CAPUT
553 1897 628 1953 Xlii·
1004 1904 1154 1976 gentilium
1168 1903 1280 1972 urbem,
1297 1902 1334 1958 ab
1343 1902 1412 1973 ipsis
1425 1902 1509 1959 vivus
1524 1901 1692 1959 abducitur.
1716 1902 1784 1971 Qui,
1798 1918 1855 1958 cum

139 1986 264 2060 [xttvq
281 1987 357 2044 ttitm
386 1986 506 2057 quidam
533 1982 695 2054 iii⁰liiiii¹¹s
709 1997 797 2054 ‘1¹¹am
813 1983 952 2040 debuerat
1004 1992 1145 2063 sacrilega
1176 1996 1251 2047 ⁴58
1283 1991 1354 2048 inibi
1378 1991 1558 2061 nescioquas
1581 1990 1652 2047 festa
1678 2001 1854 2063 peragerent,
1893 1910 1898 2059 i

102 2085 313 2149 eontraregetn
326 2076 551 2141 sosohabuerat‚
568 2088 655 2145 quem
672 2087 724 2130 i⁰¹
740 2072 951 2143 ipseTiberiadi
1004 2080 1166 2138 exhibitum
1181 2079 1333 2151 praelatum
1360 2079 1497 2151 equitem,
1519 2078 1554 2135 do
1569 2078 1696 2149 propriae
1711 2079 1808 2151 gratia
1828 2080 1855 2134 ti·
1894 2084 1898 2141 i

102 2164 212 2221 civitati
227 2163 402 2235 praelecerat.
418 2165 480 2221 Rex
507 2176 576 2233 ergo
593 2162 697 2218 citatus
711 2161 747 2217 ob
769 2160 951 2217 insolentiam
1005 2167 1049 2223 dei
1063 2167 1217 2224 dillidouda
1229 2166 1451 2238 abjurandaque
1470 2165 1653 2236 compellant.
1669 2168 1708 2223 ht
1723 2166 1758 2235 is,
1777 2167 1857 2238 digna
1895 2146 1899 2227 Ι

102 2250 227 2307 hOmissiS
242 2250 295 2319 iii,
309 2251 471 2322 ississiiflllffl
485 2263 573 2306 ³⁸¹¹ae
588 2248 706 2304 diii0¹¹i⁸
721 2255 798 2305 lesia
810 2247 949 2304 Γθθθᾶθΐθ·
1005 2256 1059 2313 sibi
1072 2255 1229 2311 admodum
1244 2254 1333 2311 animi
1356 2254 1556 2311 oblirmatione
1580 2260 1669 2310 tantm
1692 2254 1777 2311 nelas
1792 2255 1855 2312 abu-

102 2338 157 2407 Qut
183 2353 248 2396 cum
275 2339 391 2397 duobus
411 2338 568 2410 equitibus,
590 2337 659 2394 oum
680 2336 760 2393 obire
773 2345 950 2407 properaret,
1005 2344 1093 2400 sionis
1107 2343 1255 2416 abjiciens,
1284 2343 1399 2412 peutim
1422 2342 1466 2398 vet
1486 2341 1587 2398 audire
1611 2342 1857 2413 perhorruisse

103 2429 254 2500 armigeris
265 2428 380 2485 totidem
398 2428 560 2494 comitatus,
588 2426 730 2482 maximas
743 2425 841 2482 subito
855 2425 952 2494 copias
1004 2430 1155 2497 muravit
1184 2430 1240 2496 ille,
1256 2444 1323 2485 cum
1348 2429 1497 2499 omutjam
1528 2429 1727 2487 nominandus
1752 2431 1856 2514 lavore,

104 2517 270 2588 gentilitatis
297 2514 426 2572 offendit·
455 2512 520 2581 Qui,
540 2528 593 2570 ⁸1¹0
620 2512 753 2574 diflidens
768 2526 899 2578 numero,
916 2513 951 2569 ad
1005 2520 1171 2589 corripitur.
1190 2517 1332 2589 Alligatus
1355 2517 1456 2588 stipiti,
1474 2525 1506 2574 ut
1527 2518 1634 2586 lerunt,
1650 2532 1757 2590 campo
1773 2521 1858 2577 medio

103 2604 196 2660 Deum
214 2617 283 2661 veru
306 2610 456 2672 utcunque
479 2611 652 2672 respectans,
681 2601 797 2657 ⁰⁰¹¹⁰i⁸²
821 2601 950 2667 camisia,
1004 2610 1127 2675 sistitur,
1141 2622 1174 2665 ac
1192 2620 1345 2663 numeroso
1364 2606 1536 2677 sagittarum
1566 2607 1698 2677 undique
1719 2609 1860 2680 grandine

104 2705 193 2762 quam
207 2690 381 2748 subuculam
394 2690 506 2757 dicunt,
517 2689 607 2745 hasta
622 2704 673 2758 pro
687 2688 792 2745 vexillo
806 2690 951 2761 apposuit,
1006 2697 1179 2755 terebratur.
1206 2696 1276 2751 ludo
1303 2702 1436 2764 exempto
1464 2701 1561 2751 vertex
1576 2708 1593 2749 ι
1615 2693 1710 2766 0295oe
1722 2710 1808 2752 gem
1820 2696 1858 2752 qq.

103 2778 260 2849 itidemque
286 2779 377 2835 socios
396 2778 488 2834 lacere
509 2777 604 2848 jussit.
621 2778 771 2842 Fecerunt,
787 2784 815 2834 ot
828 2777 952 2835 clamore
1005 2784 1125 2848 viditur,
1150 2783 1293 2853 idemque,
1310 2781 1338 2837 in
1365 2782 1483 2838 modum
1509 2780 1613 2852 poculi,
1629 2783 1692 2854 regi
1707 2782 1860 2840 Damasce-

103 2863 225 2927 sublato‚
265 2862 415 2932 sonipedes
454 2859 616 2917 calcaribus
646 2868 762 2932 urgent,
793 2861 952 2932 obviosque
1004 2887 1051 2940 un,
1070 2885 1087 2927 a
1108 2886 1165 2943 qno
1186 2871 1249 2927 huc
1261 2870 1445 2941 gerebantur,
1468 2868 1503 2924 ad
1525 2875 1663 2925 terrorem
1694 2878 1858 2927 nostrorum

103 2950 238 3008 ieiumi
255 2950 285 3007 iii
312 2950 416 3007 hostes.
431 2948 486 3017 Qui
519 2949 611 3006 iviriii
639 2949 796 3019 sediminis
819 2950 950 3019 ausibus,
972 2961 1090 3050 cquasi
1103 2959 1207 3016 exinde
1229 2958 1356 3015 bibituro
1378 2950 1538 3014 uincitur.
1560 2956 1625 3024 out,
1651 2957 1708 3014 sub
1734 2957 1860 3014 iniractae

102 3041 173 3098 dum
203 3039 347 3097 aestimaut
386 3039 465 3110 quod
495 3037 579 3108 quasi
608 3052 731 3108 praelltos
762 3049 952 3109 sequerentur
1007 3057 1074 3103 roto
1097 3045 1281 3103 confessionis
1312 3044 1496 3109 occumbens,
1524 3057 1561 3100 ex
1591 3044 1748 3114 praedicato
1776 3044 1860 3101 milite

102 3128 202 3184 miliiae
231 3127 370 3195 cohortes,
395 3126 494 3197 lugam
523 3127 634 3193 ineunt,
662 3141 752 3196 seque
783 3128 875 3185 itibus
899 3129 953 3184 iilis
1006 3133 1223 3206 praedicandum
1243 3133 1271 3187 in
1286 3131 1392 3188 secula
1405 3139 1563 3201 martyrem
1579 3130 1655 3188 lecit.
1684 3131 1781 3189 isdem
1799 3131 1860 3188 Ger-

101 3216 252 3274 eaedandos
265 3222 427 3288 exponunt.
444 3214 565 3271 Plurimi
586 3215 779 3285 perimuntur,
796 3216 952 3288 plusquam
1005 3222 1107 3280 nasius
1121 3220 1291 3287 vocabatur,
1307 3219 1385 3289 apud
1397 3227 1525 3275 castrum
1539 3219 1678 3277 Basilicas
1689 3219 1761 3292 pagi
1781 3220 1859 3276 Sues·

103 3304 177 3362 terre
214 3304 361 3361 sulflciant
382 3303 473 3374 spolia
498 3303 663 3373 rapiuntur.
689 3302 751 3370 Quo
774 3312 880 3361 eventu
907 3305 953 3362 ille
1005 3310 1106 3369 sionici
1126 3308 1427 3365 nobilitereriundus.

102 3393 229 3450 motando
258 3392 473 3464 compungitur,
504 3392 620 3463 [leoque
648 3392 881 3463 gratulabundus
909 3408 951 3450 re·
1329 3395 1444 3452 CAPUT
1463 3394 1536 3452 xlv.

102 3481 193 3550 diens,
228 3481 289 3553 regi
326 3480 527 3552 pmsternitur,
554 3481 580 3537 ei
607 3481 789 3537 obediturum
820 3481 954 3553 deinceps
1041 3481 1191 3555 [huilli]
1207 3480 1680 3550 oraretulitGoiberlus,ociris
1692 3480 1861 3538 sincerttme

103 3570 224 3627 ildeliter
238 3571 397 3641 pollicetur.
1005 3571 1117 3644 fideque
1131 3570 1258 3643 matidis
1285 3570 1406 3643 occepit.
1423 3602 1457 3611 -
1473 3572 1540 3628 Hac
1570 3571 1724 3639 hactenus,
1747 3572 1805 3629 Deo
1826 3571 1862 3627 la·
1901 3586 1903 3641 ι

139 3659 248 3732 [ittvq
263 3657 582 3715 Pecuniacdaolcendu
594 3657 735 3714 militibus
746 3656 893 3731 stipendio
904 3655 954 3711 mi·
1005 3668 1101 3728 vente,
1115 3659 1259 3730 digestaa
1280 3659 1349 3715 viris
1364 3659 1529 3716 omnimoda
1541 3659 1671 3730 praeditis
1693 3660 1861 3718 sinceritate
1900 3672 1903 3727 ι

101 3747 650 3821 rabiliterrepen'untur.-hliquando
665 3747 740 3804 idem
756 3761 807 3803 rex
824 3745 954 3816 pecuniae
1006 3748 1207 3818 comperimus.
1232 3747 1286 3815 Qui
1300 3748 1325 3804 si
1339 3748 1464 3819 uspiam,
1482 3749 1605 3805 aliorum
1633 3749 1727 3805 secuti
1755 3750 1863 3820 opinio
1901 3784 1903 3789 -

102 3839 207 3909 grandi
221 3838 435 3910 angustabatur
452 3837 559 3907 inopia,
570 3844 602 3893 ut
615 3836 702 3892 etiam
719 3837 848 3893 deessent
862 3849 954 3891 mens
1007 3851 1067 3905 nes,
1085 3835 1148 3893 ialsi
1160 3851 1272 3904 sumus,
1295 3837 1389 3894 studio
1405 3850 1591 3908 nequaquam
1607 3836 1726 3894 fallendi
1755 3837 1784 3894 id
1796 3837 1863 3896 leci·
1901 3826 1903 3833 ’

103 3933 250 3997 truaquae
271 3926 414 3983 militibus
435 3925 615 3982 debebantur
630 3924 782 3995 stipendia,
804 3938 869 3980 cum
889 3937 954 3980 ecce
1007 3939 1082 3982 mus.
1103 3924 1216 3982 Gratias
1241 3925 1356 3997 agimus
1389 3925 1455 3993 ileo,
1485 3924 1610 3982 civitatis
1638 3924 1718 3981 illius
1743 3932 1861 3991 sancta,

102 4015 187 4072 secia
202 4014 339 4071 muniiica
358 4013 528 4071 mirabiliter
542 4013 665 4084 praebuit
678 4013 778 4070 diviua
791 4012 952 4069 elementia.
1007 4028 1059 4085 per
1089 4020 1251 4072 nostrorum
1283 4012 1389 4081 studia,
1418 4013 1612 4084 Redemptori.
1638 4014 1701 4083 lpse
1736 4028 1863 4085 namque

103 4104 136 4160 ln
152 4110 266 4159 tanturn
281 4116 409 4173 namque
419 4103 479 4174 jam
491 4102 725 4169 vexabantur‚ut
738 4116 805 4159 eum
820 4099 954 4158 satellites
1006 4103 1105 4160 eadem
1122 4117 1189 4159 cum
1211 4102 1335 4159 obsideri
1364 4104 1502 4172 coepisset,
1533 4102 1648 4160 cuidam
1664 4102 1693 4158 in
1723 4103 1863 4160 Bethania
1901 4122 1903 4127 ·

103 4205 138 4249 ao
158 4190 263 4247 milites
285 4190 415 4246 deserere
444 4190 662 4247 meditarentur.
691 4190 763 4248 Cum
786 4204 862 4257 ecce,
883 4190 954 4259 Jop-
1008 4190 1172 4248 consistenti
1188 4190 1373 4258 anachorita,
1401 4191 1442 4246 uti
1462 4205 1512 4262 pro
1531 4199 1609 4248 certo
1629 4190 1716 4247 nobis
1741 4191 1862 4248 relatum

104 4279 383 4352 pitaeJuvenescum
400 4279 528 4346 lavandi,
544 4280 602 4335 imo
619 4278 737 4336 ludendi
752 4279 845 4350 gratia
873 4277 952 4334 haud
971 4271 1058 4346 Dest,
1088 4277 1226 4335 revelavit
1260 4278 1404 4335 civitatem
1448 4279 1566 4349 quidem
1596 4278 1676 4335 illam
1706 4279 1863 4335 instantius

105 4368 204 4440 procui
223 4367 344 4424 amaris
362 4368 456 4423 littore
472 4375 681 4439 mergerentur,
707 4366 856 4436 reperiunt
877 4380 953 4436 qua·
1009 4367 1207 4433 obsidendam,
1243 4367 1303 4423 solo
1328 4375 1425 4424 autem
1451 4367 1497 4423 die
1528 4367 1703 4423 parasceves
1729 4367 1864 4424 invaden-

103 4459 169 4515 dam
185 4457 268 4514 diein
285 4456 346 4527 ipso
357 4469 515 4512 arenarum
530 4455 641 4526 salique
655 4454 799 4526 confligio,
814 4455 955 4511 manticas
1009 4454 1086 4522 dam,
1103 4456 1174 4512 hora
1190 4468 1257 4511 tero
1270 4467 1330 4525 qua
1344 4453 1475 4511 cbristus
1489 4453 1568 4510 eruci
1583 4453 1683 4511 illatus
1696 4462 1743 4511 est
1756 4452 1864 4524 capien-
1901 4464 1903 4533 t

103 4545 216 4618 magnis
228 4545 293 4602 auri
307 4545 485 4616 ponderibus
499 4544 609 4615 plenas,
624 4555 699 4612 quae
717 4542 873 4599 amiserant
896 4543 955 4599 lle·
1009 4543 1087 4609 dam,
1103 4549 1135 4599 ut
1151 4556 1181 4598 se
1202 4556 1263 4598 esse
1291 4541 1452 4599 ostenderet
1479 4541 1531 4610 qui
1556 4554 1620 4596 eam
1647 4541 1780 4599 denuoa
1806 4539 1864 4596 suis

103 4632 183 4695 netii,
203 4632 330 4704 quosibi
345 4632 512 4688 constiterat
531 4630 649 4702 tragisse
663 4630 790 4686 carinas.
807 4628 876 4697 Quae
894 4630 955 4702 regi
1009 4630 1158 4699 aerumnis,
1192 4629 1387 4687 membrorum
1413 4642 1533 4685 suorum
1562 4627 1671 4694 dolore,
1703 4614 1863 4686 redimeret.
1901 4592 1903 4709 i

103 4721 215 4789 delatae,
235 4720 348 4776 cunctis
372 4720 546 4776 miraculum
574 4716 732 4775 inellabilel
751 4718 811 4790 regi
826 4733 897 4789 pene
910 4718 957 4774 de
1010 4721 1077 4776 ilaec
1100 4719 1145 4777 vir
1174 4718 1273 4782 isdem,
1312 4717 1410 4774 accitis
1435 4716 1611 4788 quibusdam
1651 4723 1764 4774 nostrae
1780 4715 1863 4788 partis

104 4818 218 4880 sperato
233 4817 260 4864 et
273 4822 356 4864 novat
371 4807 579 4866 christianitati
608 4807 756 4878 praebuere
774 4807 919 4864 solatium.
1011 4808 1201 4880 principibus,
1214 4807 1361 4875 indicavit,
1378 4821 1444 4878 quae
1456 4805 1555 4862 omnia
1566 4803 1670 4861 modus
1685 4806 1772 4863 urbis
1780 4813 1863 4876 captu

130 4895 268 4970 tutti]
313 4897 368 4953 Gur
393 4912 511 4952 oaorem
542 4912 592 4951 reu
636 4893 810 4966 repudiarit.
839 4926 874 4935 -
903 4895 956 4950 Sed
1011 4895 1153 4966 probavit.
1196 4895 1308 4952 Gratias
1335 4895 1433 4950 itidem
1460 4894 1527 4961 Deo,
1550 4891 1603 4963 qui
1621 4906 1678 4949 sua
1705 4894 1793 4961 lacta,
1815 4905 1862 4948 suo
1901 4950 1903 4967 ζ

105 4987 244 5057 quoniam
269 4985 423 5042 calumnia
442 4993 539 5055 patere
566 4984 753 5056 dignoscitur,
783 4984 855 5055 quia
871 4985 955 5040 uxori
1012 4983 1130 5055 Spiritu,
1146 4996 1196 5040 ore
1211 4991 1308 5042 nostro
1323 4982 1491 5054 composuit.

105 5075 213 5131 dicitur
225 5074 336 5130 dedisse
351 5075 514 5144 repudium,
540 5088 627 5131 eausa
642 5074 682 5131 sie
704 5073 836 5130 traditur.
855 5072 957 5129 Mulier
1048 5072 1237 5139 caeterumsi
1254 5072 1404 5143 quidpiam
1429 5071 1466 5127 ab
1482 5071 1526 5126 his
1549 5069 1648 5127 minus
1666 5085 1737 5142 quae
1768 5068 1863 5128 assolu

108 5162 169 5232 ipsa
181 5162 343 5232 exoptimis
352 5170 434 5219 terrae
442 5163 566 5219 oriunda
574 5162 740 5234 gentilibus,
751 5160 957 5231 postmaritum
1012 5151 1107 5217 tulius
1120 5159 1217 5217 Caesar
1242 5174 1308 5217 cum
1326 5160 1421 5217 ttircto
1438 5160 1540 5226 Pansa,
1559 5158 1588 5214 in
1617 5158 1747 5215 Historia
1760 5155 1861 5220 Gallici,

107 5249 168 5320 ipso
175 5250 296 5321 iubente
313 5251 538 5322 Hierosolymam
546 5251 675 5320 tendens,
687 5250 722 5306 ad
736 5257 851 5320 portum
866 5262 958 5319 usque
1013 5249 1170 5318 hispanici,
1184 5248 1352 5316 Pharsalici,
1367 5247 1555 5304 Alexandrini
1569 5245 1782 5318 Numidicique
1791 5244 1861 5307 belli,

107 5336 204 5394 Sancti
226 5336 374 5407 Simeonis,
389 5339 502 5395 marina
527 5339 682 5406 evectione,
706 5338 869 5394 devenerat.
896 5336 958 5405 Qua
1012 5338 1167 5407 diligenter
1189 5337 1341 5407 putabitur·
1355 5336 1543 5407 explicatum,
1567 5335 1712 5392 nimirum
1736 5330 1861 5406 perpendi

107 5425 136 5482 in
157 5424 322 5481 celeriorem
345 5426 384 5481 ibi
410 5427 549 5482 translata
580 5427 720 5493 carinam,
741 5424 810 5480 dum
839 5438 958 5481 cursum
1013 5425 1096 5481 debet
1119 5425 1231 5480 eosdem
1260 5427 1336 5495 ipsos
1365 5425 1416 5494 qui
1448 5423 1566 5480 iecerint
1583 5432 1611 5478 et
1634 5424 1687 5493 qui
1703 5424 1862 5494 scripserint

106 5528 192 5573 suum
210 5513 347 5582 expedire
363 5514 475 5581 nititur,
497 5529 526 5569 in
542 5514 665 5571 insulam
682 5513 839 5584 quamdam
854 5513 958 5570 barba·
1015 5513 1096 5569 bellis
1127 5512 1297 5569 interfuisse.
1323 5511 1403 5568 Unde
1433 5511 1464 5567 tit
1489 5519 1521 5567 ut
1542 5510 1579 5566 ab
1599 5523 1703 5568 eorum
1734 5508 1862 5568 relatibus
