<?xml version="1.0" encoding="UTF-8"?>
<!DOCTYPE html PUBLIC "-//W3C//DTD XHTML 1.0 Transitional//EN"
    "http://www.w3.org/TR/xhtml1/DTD/xhtml1-transitional.dtd">
<html xmlns="http://www.w3.org/1999/xhtml" xml:lang="en" lang="en">
 <head>
  <title>
</title>
<meta http-equiv="Content-Type" content="text/html;charset=utf-8" />
  <meta name='ocr-system' content='tesseract 3.04.00' />
  <meta name='ocr-capabilities' content='ocr_page ocr_carea ocr_par ocr_line ocrx_word'/>
</head>
<body>
  <div class='ocr_page' id='page_1' title='image "./patrologiaecurs05unkngoog_0234.png"; bbox 0 0 3818 6008; ppageno 0'>
   <div class='ocr_carea' id='block_1_1' title="bbox 260 224 1638 298">
    <p class='ocr_par' dir='ltr' id='par_1_1' title="bbox 260 224 1638 298">
     <span class='ocr_line' id='line_1_1' title="bbox 260 224 1638 298; baseline 0.004 -14"><span class='ocrx_word' id='word_1_1' title='bbox 260 224 489 285; x_wconf 66' lang='lat' dir='ltr'>metonomia</span> <span class='ocrx_word' id='word_1_2' title='bbox 507 228 545 284; x_wconf 81' lang='lat' dir='ltr'>ln</span> <span class='ocrx_word' id='word_1_3' title='bbox 563 227 665 298; x_wconf 70' lang='grc' dir='ltr'>θὸΕΕ,</span> <span class='ocrx_word' id='word_1_4' title='bbox 683 229 774 288; x_wconf 76' lang='lat' dir='ltr'>Altos</span> <span class='ocrx_word' id='word_1_5' title='bbox 791 231 836 288; x_wconf 77' lang='grc' dir='ltr'>ΕΤ</span> <span class='ocrx_word' id='word_1_6' title='bbox 853 229 930 289; x_wconf 84' lang='lat' dir='ltr'>tltn.</span> <span class='ocrx_word' id='word_1_7' title='bbox 945 260 981 272; x_wconf 93' lang='lat'><em>-</em></span> <span class='ocrx_word' id='word_1_8' title='bbox 995 230 1059 287; x_wconf 81' lang='lat' dir='ltr'>nte.</span> <span class='ocrx_word' id='word_1_9' title='bbox 1078 231 1111 286; x_wconf 78' lang='lat' dir='ltr'>V.</span> <span class='ocrx_word' id='word_1_10' title='bbox 1131 230 1167 287; x_wconf 84' lang='lat' dir='ltr'>tlt</span> <span class='ocrx_word' id='word_1_11' title='bbox 1185 230 1257 289; x_wconf 76' lang='lat' dir='ltr'>tun.</span> <span class='ocrx_word' id='word_1_12' title='bbox 1584 235 1638 291; x_wconf 79' lang='lat' dir='ltr'>lis</span> 
     </span>
    </p>
   </div>
   <div class='ocr_carea' id='block_1_2' title="bbox 55 361 1694 5547">
    <p class='ocr_par' dir='ltr' id='par_1_2' title="bbox 55 361 1694 5547">
     <span class='ocr_line' id='line_1_2' title="bbox 77 361 1638 439; baseline 0.006 -23"><span class='ocrx_word' id='word_1_13' title='bbox 77 367 225 430; x_wconf 78' lang='lat' dir='ltr'>proponat,</span> <span class='ocrx_word' id='word_1_14' title='bbox 247 361 297 418; x_wconf 88' lang='lat' dir='ltr'>sed</span> <span class='ocrx_word' id='word_1_15' title='bbox 321 361 517 432; x_wconf 79' lang='lat' dir='ltr'>inlruotuosa,</span> <span class='ocrx_word' id='word_1_16' title='bbox 549 364 626 434; x_wconf 83' lang='lat' dir='ltr'>quod</span> <span class='ocrx_word' id='word_1_17' title='bbox 653 363 736 435; x_wconf 78' lang='lat' dir='ltr'>virgo</span> <span class='ocrx_word' id='word_1_18' title='bbox 753 366 777 419; x_wconf 84' lang='grc' dir='ltr'>Α</span> <span class='ocrx_word' id='word_1_19' title='bbox 794 385 805 413; x_wconf 75' lang='grc' dir='ltr'>ι</span> <span class='ocrx_word' id='word_1_20' title='bbox 822 372 892 421; x_wconf 93' lang='lat' dir='ltr'>rnnt</span> <span class='ocrx_word' id='word_1_21' title='bbox 910 365 940 421; x_wconf 91' lang='lat' dir='ltr'>in</span> <span class='ocrx_word' id='word_1_22' title='bbox 955 364 1161 435; x_wconf 88' lang='lat' dir='ltr'>captivitatem,</span> <span class='ocrx_word' id='word_1_23' title='bbox 1183 366 1291 437; x_wconf 85' lang='lat' dir='ltr'>»quod</span> <span class='ocrx_word' id='word_1_24' title='bbox 1311 373 1354 423; x_wconf 89' lang='lat' dir='ltr'>est</span> <span class='ocrx_word' id='word_1_25' title='bbox 1368 366 1487 424; x_wconf 89' lang='lat' dir='ltr'>dicere:</span> <span class='ocrx_word' id='word_1_26' title='bbox 1516 367 1544 425; x_wconf 91' lang='lat' dir='ltr'>Si</span> <span class='ocrx_word' id='word_1_27' title='bbox 1566 369 1638 439; x_wconf 83' lang='lat' dir='ltr'>qnid</span> 
     </span>
     <span class='ocr_line' id='line_1_3' title="bbox 56 448 1638 526; baseline 0.005 -21"><span class='ocrx_word' id='word_1_28' title='bbox 56 448 103 518; x_wconf 87' lang='lat' dir='ltr'>ili,</span> <span class='ocrx_word' id='word_1_29' title='bbox 129 464 194 520; x_wconf 83' lang='lat' dir='ltr'>quae</span> <span class='ocrx_word' id='word_1_30' title='bbox 214 458 330 521; x_wconf 91' lang='lat' dir='ltr'>partum</span> <span class='ocrx_word' id='word_1_31' title='bbox 353 466 441 508; x_wconf 90' lang='lat' dir='ltr'>snum</span> <span class='ocrx_word' id='word_1_32' title='bbox 464 452 499 508; x_wconf 89' lang='lat' dir='ltr'>ad</span> <span class='ocrx_word' id='word_1_33' title='bbox 524 453 662 511; x_wconf 88' lang='lat' dir='ltr'>vomitum</span> <span class='ocrx_word' id='word_1_34' title='bbox 688 468 736 510; x_wconf 91' lang='lat' dir='ltr'>re·</span> <span class='ocrx_word' id='word_1_35' title='bbox 788 453 990 523; x_wconf 90' lang='lat' dir='ltr'>incorruptum</span> <span class='ocrx_word' id='word_1_36' title='bbox 1014 453 1043 509; x_wconf 94' lang='lat' dir='ltr'>in</span> <span class='ocrx_word' id='word_1_37' title='bbox 1059 461 1243 522; x_wconf 89' lang='lat' dir='ltr'>meamento,</span> <span class='ocrx_word' id='word_1_38' title='bbox 1271 453 1295 509; x_wconf 92' lang='lat' dir='ltr'>si</span> <span class='ocrx_word' id='word_1_39' title='bbox 1320 453 1391 526; x_wconf 86' lang='lat' dir='ltr'>quid</span> <span class='ocrx_word' id='word_1_40' title='bbox 1414 455 1545 512; x_wconf 91' lang='lat' dir='ltr'>validum</span> <span class='ocrx_word' id='word_1_41' title='bbox 1567 471 1638 513; x_wconf 92' lang='lat' dir='ltr'>con-</span> 
     </span>
     <span class='ocr_line' id='line_1_4' title="bbox 56 537 1639 616; baseline 0.004 -21"><span class='ocrx_word' id='word_1_42' title='bbox 56 537 172 607; x_wconf 88' lang='lat' dir='ltr'>eminat,</span> <span class='ocrx_word' id='word_1_43' title='bbox 189 539 234 594; x_wconf 87' lang='lat' dir='ltr'>vel</span> <span class='ocrx_word' id='word_1_44' title='bbox 249 537 400 595; x_wconf 80' lang='lat' dir='ltr'>annihilat.</span> <span class='ocrx_word' id='word_1_45' title='bbox 789 548 927 612; x_wconf 82' lang='lat' dir='ltr'>stansque</span> <span class='ocrx_word' id='word_1_46' title='bbox 955 542 1107 610; x_wconf 89' lang='lat' dir='ltr'>resederat,</span> <span class='ocrx_word' id='word_1_47' title='bbox 1134 542 1223 599; x_wconf 91' lang='lat' dir='ltr'>bostis</span> <span class='ocrx_word' id='word_1_48' title='bbox 1243 543 1385 614; x_wconf 83' lang='lat' dir='ltr'>antiquus</span> <span class='ocrx_word' id='word_1_49' title='bbox 1420 544 1457 601; x_wconf 83' lang='lat' dir='ltr'>ab</span> <span class='ocrx_word' id='word_1_50' title='bbox 1480 544 1559 601; x_wconf 88' lang='lat' dir='ltr'>omni</span> <span class='ocrx_word' id='word_1_51' title='bbox 1592 546 1639 616; x_wconf 92' lang='lat' dir='ltr'>pio</span> 
     </span>
     <span class='ocr_line' id='line_1_5' title="bbox 279 629 1228 700; baseline 0.006 -19"><span class='ocrx_word' id='word_1_52' title='bbox 279 641 349 681; x_wconf 80' lang='lat' dir='ltr'>arn.</span> <span class='ocrx_word' id='word_1_53' title='bbox 788 629 891 686; x_wconf 90' lang='lat' dir='ltr'>babitu</span> <span class='ocrx_word' id='word_1_54' title='bbox 906 630 1075 687; x_wconf 87' lang='lat' dir='ltr'>abducendo</span> <span class='ocrx_word' id='word_1_55' title='bbox 1087 630 1228 700; x_wconf 89' lang='lat' dir='ltr'>captivat.</span> 
     </span>
     <span class='ocr_line' id='line_1_6' title="bbox 56 716 1260 788; baseline 0.002 -18"><span class='ocrx_word' id='word_1_56' title='bbox 56 743 68 770; x_wconf 86' lang='lat'>·.</span> <span class='ocrx_word' id='word_1_57' title='bbox 87 745 124 758; x_wconf 95' lang='lat'>-</span> <span class='ocrx_word' id='word_1_58' title='bbox 152 738 163 767; x_wconf 83' lang='grc' dir='ltr'>ι</span> <span class='ocrx_word' id='word_1_59' title='bbox 191 716 301 772; x_wconf 80' lang='lat' dir='ltr'><strong>Idcirco</strong></span> <span class='ocrx_word' id='word_1_60' title='bbox 330 731 399 788; x_wconf 79' lang='lat' dir='ltr'>ergo</span> <span class='ocrx_word' id='word_1_61' title='bbox 426 717 553 787; x_wconf 90' lang='lat' dir='ltr'>plorans,</span> <span class='ocrx_word' id='word_1_62' title='bbox 581 725 609 774; x_wconf 88' lang='lat' dir='ltr'>et</span> <span class='ocrx_word' id='word_1_63' title='bbox 633 718 736 776; x_wconf 90' lang='lat' dir='ltr'>oculus</span> <span class='ocrx_word' id='word_1_64' title='bbox 1135 751 1139 759; x_wconf 91' lang='lat'>·</span> <span class='ocrx_word' id='word_1_65' title='bbox 1169 732 1260 774; x_wconf 85' lang='lat' dir='ltr'>corn.</span> 
     </span>
     <span class='ocr_line' id='line_1_7' title="bbox 56 796 1635 878; baseline 0.005 -18"><span class='ocrx_word' id='word_1_66' title='bbox 56 805 158 861; x_wconf 89' lang='lat' dir='ltr'>lucens</span> <span class='ocrx_word' id='word_1_67' title='bbox 172 818 290 875; x_wconf 87' lang='lat' dir='ltr'>aquam,</span> <span class='ocrx_word' id='word_1_68' title='bbox 306 804 375 875; x_wconf 80' lang='lat' dir='ltr'>quia</span> <span class='ocrx_word' id='word_1_69' title='bbox 392 804 477 875; x_wconf 79' lang='lat' dir='ltr'>longe</span> <span class='ocrx_word' id='word_1_70' title='bbox 492 805 586 862; x_wconf 87' lang='lat' dir='ltr'>lactus</span> <span class='ocrx_word' id='word_1_71' title='bbox 600 813 644 862; x_wconf 90' lang='lat' dir='ltr'>est</span> <span class='ocrx_word' id='word_1_72' title='bbox 658 819 676 862; x_wconf 91' lang='lat' dir='ltr'>a</span> <span class='ocrx_word' id='word_1_73' title='bbox 691 796 736 864; x_wconf 89' lang='lat' dir='ltr'>me</span> <span class='ocrx_word' id='word_1_74' title='bbox 823 806 910 864; x_wconf 83' lang='lat' dir='ltr'>vans.</span> <span class='ocrx_word' id='word_1_75' title='bbox 929 808 971 862; x_wconf 78' lang='lat' dir='ltr'>la.</span> <span class='ocrx_word' id='word_1_76' title='bbox 987 827 1049 856; x_wconf 83' lang='lat'>-‹</span> <span class='ocrx_word' id='word_1_77' title='bbox 1074 806 1182 864; x_wconf 82' lang='lat' dir='ltr'>Vocari</span> <span class='ocrx_word' id='word_1_78' title='bbox 1205 807 1312 864; x_wconf 90' lang='lat' dir='ltr'>amicos</span> <span class='ocrx_word' id='word_1_79' title='bbox 1326 821 1414 878; x_wconf 88' lang='lat' dir='ltr'>meos,</span> <span class='ocrx_word' id='word_1_80' title='bbox 1433 816 1461 864; x_wconf 91' lang='lat' dir='ltr'>et</span> <span class='ocrx_word' id='word_1_81' title='bbox 1482 809 1536 878; x_wconf 92' lang='lat' dir='ltr'>ipsi</span> <span class='ocrx_word' id='word_1_82' title='bbox 1552 810 1635 868; x_wconf 86' lang='lat' dir='ltr'>dece-</span> 
     </span>
     <span class='ocr_line' id='line_1_8' title="bbox 56 893 1635 965; baseline 0.004 -15"><span class='ocrx_word' id='word_1_83' title='bbox 56 906 89 961; x_wconf 87' lang='lat' dir='ltr'>tr,</span> <span class='ocrx_word' id='word_1_84' title='bbox 131 900 301 949; x_wconf 87' lang='lat' dir='ltr'>convertens</span> <span class='ocrx_word' id='word_1_85' title='bbox 333 893 459 949; x_wconf 91' lang='lat' dir='ltr'>animam</span> <span class='ocrx_word' id='word_1_86' title='bbox 489 907 593 950; x_wconf 91' lang='lat' dir='ltr'>meam.</span> <span class='ocrx_word' id='word_1_87' title='bbox 630 917 641 943; x_wconf 74' lang='grc' dir='ltr'>ι</span> <span class='ocrx_word' id='word_1_88' title='bbox 670 894 733 962; x_wconf 77' lang='lat' dir='ltr'>nin,</span> <span class='ocrx_word' id='word_1_89' title='bbox 790 899 993 963; x_wconf 82' lang='lat' dir='ltr'>›peruntme</span> <span class='ocrx_word' id='word_1_90' title='bbox 1011 913 1025 946; x_wconf 77' lang='lat' dir='ltr'>n</span> <span class='ocrx_word' id='word_1_91' title='bbox 1043 893 1133 963; x_wconf 87' lang='lat' dir='ltr'>Copb,</span> <span class='ocrx_word' id='word_1_92' title='bbox 1154 894 1362 965; x_wconf 89' lang='lat' dir='ltr'>interpretatur</span> <span class='ocrx_word' id='word_1_93' title='bbox 1383 898 1527 952; x_wconf 77' lang='lat' dir='ltr'><strong><em>conclusio.</em></strong></span> <span class='ocrx_word' id='word_1_94' title='bbox 1548 898 1635 957; x_wconf 89' lang='lat' dir='ltr'>Plane</span> 
     </span>
     <span class='ocr_line' id='line_1_9' title="bbox 56 980 1637 1052; baseline 0.001 -14"><span class='ocrx_word' id='word_1_95' title='bbox 56 994 92 1038; x_wconf 86' lang='lat' dir='ltr'>ur</span> <span class='ocrx_word' id='word_1_96' title='bbox 122 981 226 1036; x_wconf 89' lang='lat' dir='ltr'>oculas.</span> <span class='ocrx_word' id='word_1_97' title='bbox 260 980 356 1037; x_wconf 88' lang='lat' dir='ltr'>Plorat</span> <span class='ocrx_word' id='word_1_98' title='bbox 384 980 436 1052; x_wconf 88' lang='lat' dir='ltr'>qui</span> <span class='ocrx_word' id='word_1_99' title='bbox 465 994 483 1037; x_wconf 85' lang='lat' dir='ltr'>a</span> <span class='ocrx_word' id='word_1_100' title='bbox 508 995 537 1038; x_wconf 91' lang='lat' dir='ltr'>se</span> <span class='ocrx_word' id='word_1_101' title='bbox 566 981 734 1039; x_wconf 89' lang='lat' dir='ltr'>instinctum</span> <span class='ocrx_word' id='word_1_102' title='bbox 787 980 972 1037; x_wconf 74' lang='lat' dir='ltr'>concluditur</span> <span class='ocrx_word' id='word_1_103' title='bbox 989 993 1007 1035; x_wconf 92' lang='lat' dir='ltr'>a</span> <span class='ocrx_word' id='word_1_104' title='bbox 1023 995 1081 1051; x_wconf 87' lang='lat' dir='ltr'>quo</span> <span class='ocrx_word' id='word_1_105' title='bbox 1101 980 1150 1036; x_wconf 92' lang='lat' dir='ltr'>ubi</span> <span class='ocrx_word' id='word_1_106' title='bbox 1173 981 1313 1051; x_wconf 86' lang='lat' dir='ltr'>respirare</span> <span class='ocrx_word' id='word_1_107' title='bbox 1332 981 1426 1038; x_wconf 90' lang='lat' dir='ltr'>valeat</span> <span class='ocrx_word' id='word_1_108' title='bbox 1449 983 1566 1041; x_wconf 86' lang='lat' dir='ltr'>minimo</span> <span class='ocrx_word' id='word_1_109' title='bbox 1588 983 1637 1039; x_wconf 90' lang='lat' dir='ltr'>in-</span> 
     </span>
     <span class='ocr_line' id='line_1_10' title="bbox 56 1067 1636 1141; baseline 0.003 -18"><span class='ocrx_word' id='word_1_110' title='bbox 56 1068 88 1124; x_wconf 85' lang='lat' dir='ltr'>lis</span> <span class='ocrx_word' id='word_1_111' title='bbox 115 1067 236 1124; x_wconf 80' lang='lat' dir='ltr'>interna</span> <span class='ocrx_word' id='word_1_112' title='bbox 256 1067 398 1124; x_wconf 77' lang='lat' dir='ltr'><strong>eliminat.</strong></span> <span class='ocrx_word' id='word_1_113' title='bbox 423 1069 521 1124; x_wconf 85' lang='lat' dir='ltr'>Oculus</span> <span class='ocrx_word' id='word_1_114' title='bbox 542 1070 606 1139; x_wconf 87' lang='lat' dir='ltr'>ejus</span> <span class='ocrx_word' id='word_1_115' title='bbox 634 1084 735 1138; x_wconf 85' lang='lat' dir='ltr'>aquom</span> <span class='ocrx_word' id='word_1_116' title='bbox 787 1069 914 1125; x_wconf 90' lang='lat' dir='ltr'>venitur.</span> <span class='ocrx_word' id='word_1_117' title='bbox 936 1069 1115 1126; x_wconf 85' lang='lat' dir='ltr'>Vocatenim</span> <span class='ocrx_word' id='word_1_118' title='bbox 1129 1073 1239 1138; x_wconf 89' lang='lat' dir='ltr'>amieos,</span> <span class='ocrx_word' id='word_1_119' title='bbox 1264 1078 1292 1126; x_wconf 93' lang='lat' dir='ltr'>et</span> <span class='ocrx_word' id='word_1_120' title='bbox 1306 1070 1361 1141; x_wconf 92' lang='lat' dir='ltr'>ipsi</span> <span class='ocrx_word' id='word_1_121' title='bbox 1385 1071 1544 1141; x_wconf 88' lang='lat' dir='ltr'>decipiunt,</span> <span class='ocrx_word' id='word_1_122' title='bbox 1568 1086 1636 1129; x_wconf 90' lang='lat' dir='ltr'>cum</span> 
     </span>
     <span class='ocr_line' id='line_1_11' title="bbox 56 1153 1636 1230; baseline 0.004 -19"><span class='ocrx_word' id='word_1_123' title='bbox 56 1167 95 1211; x_wconf 83' lang='lat' dir='ltr'>tm</span> <span class='ocrx_word' id='word_1_124' title='bbox 122 1153 253 1220; x_wconf 88' lang='lat' dir='ltr'>intentio,</span> <span class='ocrx_word' id='word_1_125' title='bbox 283 1167 348 1223; x_wconf 77' lang='lat' dir='ltr'>qua</span> <span class='ocrx_word' id='word_1_126' title='bbox 370 1153 556 1224; x_wconf 81' lang='lat' dir='ltr'>cogitationes</span> <span class='ocrx_word' id='word_1_127' title='bbox 579 1154 734 1223; x_wconf 90' lang='lat' dir='ltr'>illuminat,</span> <span class='ocrx_word' id='word_1_128' title='bbox 787 1156 873 1213; x_wconf 89' lang='lat' dir='ltr'>etiam</span> <span class='ocrx_word' id='word_1_129' title='bbox 887 1156 941 1213; x_wconf 92' lang='lat' dir='ltr'>sibi</span> <span class='ocrx_word' id='word_1_130' title='bbox 956 1157 1021 1213; x_wconf 90' lang='lat' dir='ltr'>vult</span> <span class='ocrx_word' id='word_1_131' title='bbox 1034 1157 1187 1214; x_wconf 86' lang='lat' dir='ltr'>conciliare</span> <span class='ocrx_word' id='word_1_132' title='bbox 1207 1158 1357 1226; x_wconf 80' lang='lat' dir='ltr'>damonia,</span> <span class='ocrx_word' id='word_1_133' title='bbox 1376 1173 1434 1230; x_wconf 85' lang='lat' dir='ltr'>quo</span> <span class='ocrx_word' id='word_1_134' title='bbox 1463 1159 1636 1217; x_wconf 83' lang='lat' dir='ltr'>iamiliarius</span> 
     </span>
     <span class='ocr_line' id='line_1_12' title="bbox 56 1240 1635 1316; baseline 0.004 -19"><span class='ocrx_word' id='word_1_135' title='bbox 56 1256 78 1297; x_wconf 90' lang='lat' dir='ltr'>n</span> <span class='ocrx_word' id='word_1_136' title='bbox 101 1241 249 1311; x_wconf 79' lang='lat' dir='ltr'>sapientia</span> <span class='ocrx_word' id='word_1_137' title='bbox 272 1240 408 1296; x_wconf 86' lang='lat' dir='ltr'>salutaris</span> <span class='ocrx_word' id='word_1_138' title='bbox 431 1241 604 1311; x_wconf 79' lang='lat' dir='ltr'>pedetentim</span> <span class='ocrx_word' id='word_1_139' title='bbox 631 1241 732 1312; x_wconf 88' lang='lat' dir='ltr'>rejicit.</span> <span class='ocrx_word' id='word_1_140' title='bbox 787 1243 842 1300; x_wconf 90' lang='lat' dir='ltr'>sibi</span> <span class='ocrx_word' id='word_1_141' title='bbox 854 1244 1074 1301; x_wconf 80' lang='lat' dir='ltr'>subministrent</span> <span class='ocrx_word' id='word_1_142' title='bbox 1090 1245 1174 1313; x_wconf 69' lang='lat' dir='ltr'>citing</span> <span class='ocrx_word' id='word_1_143' title='bbox 1192 1246 1241 1301; x_wconf 87' lang='lat' dir='ltr'>sed</span> <span class='ocrx_word' id='word_1_144' title='bbox 1256 1245 1287 1302; x_wconf 91' lang='lat' dir='ltr'>in</span> <span class='ocrx_word' id='word_1_145' title='bbox 1301 1247 1355 1302; x_wconf 91' lang='lat' dir='ltr'>boc</span> <span class='ocrx_word' id='word_1_146' title='bbox 1370 1246 1429 1316; x_wconf 92' lang='lat' dir='ltr'>ipso</span> <span class='ocrx_word' id='word_1_147' title='bbox 1447 1262 1512 1303; x_wconf 88' lang='lat' dir='ltr'>eum</span> <span class='ocrx_word' id='word_1_148' title='bbox 1528 1247 1635 1304; x_wconf 83' lang='lat' dir='ltr'>exitia-</span> 
     </span>
     <span class='ocr_line' id='line_1_13' title="bbox 56 1327 1633 1399; baseline 0.004 -13"><span class='ocrx_word' id='word_1_149' title='bbox 56 1328 107 1386; x_wconf 83' lang='lat' dir='ltr'>aod</span> <span class='ocrx_word' id='word_1_150' title='bbox 122 1329 269 1399; x_wconf 90' lang='lat' dir='ltr'>proposita</span> <span class='ocrx_word' id='word_1_151' title='bbox 292 1328 385 1384; x_wconf 89' lang='lat' dir='ltr'>littera</span> <span class='ocrx_word' id='word_1_152' title='bbox 406 1327 523 1384; x_wconf 91' lang='lat' dir='ltr'>oculum</span> <span class='ocrx_word' id='word_1_153' title='bbox 549 1337 642 1397; x_wconf 91' lang='lat' dir='ltr'>sonat,</span> <span class='ocrx_word' id='word_1_154' title='bbox 664 1329 735 1399; x_wconf 86' lang='lat' dir='ltr'>quia</span> <span class='ocrx_word' id='word_1_155' title='bbox 787 1331 851 1389; x_wconf 92' lang='lat' dir='ltr'>liter</span> <span class='ocrx_word' id='word_1_156' title='bbox 866 1330 1010 1389; x_wconf 78' lang='lat' dir='ltr'>launna«</span> <span class='ocrx_word' id='word_1_157' title='bbox 1036 1332 1202 1389; x_wconf 86' lang='lat' dir='ltr'>Sacerdotes</span> <span class='ocrx_word' id='word_1_158' title='bbox 1217 1333 1272 1390; x_wconf 91' lang='lat' dir='ltr'>mei</span> <span class='ocrx_word' id='word_1_159' title='bbox 1291 1341 1318 1390; x_wconf 91' lang='grc' dir='ltr'>ιι</span> <span class='ocrx_word' id='word_1_160' title='bbox 1337 1349 1419 1391; x_wconf 89' lang='lat' dir='ltr'>senes</span> <span class='ocrx_word' id='word_1_161' title='bbox 1434 1336 1489 1391; x_wconf 87' lang='lat' dir='ltr'>mei</span> <span class='ocrx_word' id='word_1_162' title='bbox 1512 1336 1541 1391; x_wconf 95' lang='lat' dir='ltr'>in</span> <span class='ocrx_word' id='word_1_163' title='bbox 1561 1336 1633 1393; x_wconf 89' lang='lat' dir='ltr'>urbe</span> 
     </span>
     <span class='ocr_line' id='line_1_14' title="bbox 56 1416 1632 1493; baseline 0.004 -20"><span class='ocrx_word' id='word_1_164' title='bbox 56 1417 197 1474; x_wconf 88' lang='lat' dir='ltr'>virtutum</span> <span class='ocrx_word' id='word_1_165' title='bbox 215 1416 397 1472; x_wconf 82' lang='lat' dir='ltr'>firmamenta</span> <span class='ocrx_word' id='word_1_166' title='bbox 416 1416 595 1484; x_wconf 90' lang='lat' dir='ltr'>dissolverat,</span> <span class='ocrx_word' id='word_1_167' title='bbox 620 1425 647 1474; x_wconf 90' lang='lat' dir='ltr'>et</span> <span class='ocrx_word' id='word_1_168' title='bbox 662 1432 734 1474; x_wconf 91' lang='lat' dir='ltr'>ocu·</span> <span class='ocrx_word' id='word_1_169' title='bbox 788 1421 977 1490; x_wconf 83' lang='lat' dir='ltr'>»consumpti</span> <span class='ocrx_word' id='word_1_170' title='bbox 995 1429 1074 1488; x_wconf 87' lang='lat' dir='ltr'>sunt,</span> <span class='ocrx_word' id='word_1_171' title='bbox 1097 1422 1174 1492; x_wconf 83' lang='lat' dir='ltr'>qulae</span> <span class='ocrx_word' id='word_1_172' title='bbox 1201 1423 1379 1493; x_wconf 82' lang='lat' dir='ltr'>quaesierunt</span> <span class='ocrx_word' id='word_1_173' title='bbox 1406 1424 1503 1480; x_wconf 91' lang='lat' dir='ltr'>cibum</span> <span class='ocrx_word' id='word_1_174' title='bbox 1529 1425 1584 1482; x_wconf 90' lang='lat' dir='ltr'>sibi</span> <span class='ocrx_word' id='word_1_175' title='bbox 1599 1432 1632 1482; x_wconf 91' lang='lat' dir='ltr'>ut</span> 
     </span>
     <span class='ocr_line' id='line_1_15' title="bbox 56 1504 1632 1582; baseline 0.004 -21"><span class='ocrx_word' id='word_1_176' title='bbox 56 1505 201 1561; x_wconf 82' lang='lat' dir='ltr'>nomionis</span> <span class='ocrx_word' id='word_1_177' title='bbox 219 1510 428 1574; x_wconf 83' lang='lat' dir='ltr'>consequenter</span> <span class='ocrx_word' id='word_1_178' title='bbox 448 1512 595 1561; x_wconf 85' lang='lat' dir='ltr'>extenuat.</span> <span class='ocrx_word' id='word_1_179' title='bbox 613 1505 648 1560; x_wconf 85' lang='lat' dir='ltr'>lit</span> <span class='ocrx_word' id='word_1_180' title='bbox 669 1504 732 1570; x_wconf 91' lang='lat' dir='ltr'>boa,</span> <span class='ocrx_word' id='word_1_181' title='bbox 789 1507 1006 1566; x_wconf 84' lang='lat' dir='ltr'>»relocillarent</span> <span class='ocrx_word' id='word_1_182' title='bbox 1021 1510 1149 1566; x_wconf 89' lang='lat' dir='ltr'>animam</span> <span class='ocrx_word' id='word_1_183' title='bbox 1163 1523 1257 1565; x_wconf 89' lang='lat' dir='ltr'>suam.</span> <span class='ocrx_word' id='word_1_184' title='bbox 1285 1530 1296 1559; x_wconf 76' lang='grc' dir='ltr'>ι</span> <span class='ocrx_word' id='word_1_185' title='bbox 1315 1511 1471 1567; x_wconf 84' lang='lat' dir='ltr'>Sacerdotes</span> <span class='ocrx_word' id='word_1_186' title='bbox 1487 1511 1540 1582; x_wconf 93' lang='lat' dir='ltr'>ipsi</span> <span class='ocrx_word' id='word_1_187' title='bbox 1564 1520 1632 1568; x_wconf 90' lang='lat' dir='ltr'>sunt</span> 
     </span>
     <span class='ocr_line' id='line_1_16' title="bbox 56 1593 1631 1666; baseline 0.003 -17"><span class='ocrx_word' id='word_1_188' title='bbox 56 1608 78 1649; x_wconf 84' lang='lat' dir='ltr'>ts</span> <span class='ocrx_word' id='word_1_189' title='bbox 99 1598 139 1649; x_wconf 91' lang='lat' dir='ltr'>est</span> <span class='ocrx_word' id='word_1_190' title='bbox 171 1608 188 1647; x_wconf 93' lang='lat' dir='ltr'>a</span> <span class='ocrx_word' id='word_1_191' title='bbox 215 1607 244 1647; x_wconf 91' lang='lat' dir='ltr'>se</span> <span class='ocrx_word' id='word_1_192' title='bbox 275 1593 435 1658; x_wconf 81' lang='lat' dir='ltr'>consolator,</span> <span class='ocrx_word' id='word_1_193' title='bbox 470 1593 540 1648; x_wconf 92' lang='lat' dir='ltr'>dum</span> <span class='ocrx_word' id='word_1_194' title='bbox 570 1593 646 1648; x_wconf 88' lang='lat' dir='ltr'>enim</span> <span class='ocrx_word' id='word_1_195' title='bbox 675 1593 732 1663; x_wconf 91' lang='lat' dir='ltr'>spi·</span> <span class='ocrx_word' id='word_1_196' title='bbox 785 1595 941 1652; x_wconf 77' lang='lat' dir='ltr'>rationales</span> <span class='ocrx_word' id='word_1_197' title='bbox 971 1604 1067 1653; x_wconf 91' lang='lat' dir='ltr'>motus</span> <span class='ocrx_word' id='word_1_198' title='bbox 1097 1596 1235 1653; x_wconf 91' lang='lat' dir='ltr'>ducatum</span> <span class='ocrx_word' id='word_1_199' title='bbox 1266 1599 1353 1654; x_wconf 88' lang='lat' dir='ltr'>menti</span> <span class='ocrx_word' id='word_1_200' title='bbox 1381 1597 1512 1655; x_wconf 80' lang='lat' dir='ltr'>terentes.</span> <span class='ocrx_word' id='word_1_201' title='bbox 1540 1600 1631 1666; x_wconf 88' lang='lat' dir='ltr'>Senes,</span> 
     </span>
     <span class='ocr_line' id='line_1_17' title="bbox 56 1667 1694 1758; baseline 0.004 -20"><span class='ocrx_word' id='word_1_202' title='bbox 56 1681 195 1738; x_wconf 77' lang='lat' dir='ltr'>relationis</span> <span class='ocrx_word' id='word_1_203' title='bbox 224 1680 260 1737; x_wconf 90' lang='lat' dir='ltr'>ab</span> <span class='ocrx_word' id='word_1_204' title='bbox 289 1681 385 1738; x_wconf 91' lang='lat' dir='ltr'>animo</span> <span class='ocrx_word' id='word_1_205' title='bbox 412 1680 561 1742; x_wconf 88' lang='lat' dir='ltr'>emittitur,</span> <span class='ocrx_word' id='word_1_206' title='bbox 588 1680 731 1751; x_wconf 82' lang='lat' dir='ltr'>quidquid</span> <span class='ocrx_word' id='word_1_207' title='bbox 752 1667 884 1740; x_wconf 78' lang='lat' dir='ltr'>Bltldem</span> <span class='ocrx_word' id='word_1_208' title='bbox 900 1691 1004 1752; x_wconf 89' lang='lat' dir='ltr'>motus,</span> <span class='ocrx_word' id='word_1_209' title='bbox 1030 1684 1074 1741; x_wconf 90' lang='lat' dir='ltr'>vel</span> <span class='ocrx_word' id='word_1_210' title='bbox 1100 1685 1128 1740; x_wconf 94' lang='lat' dir='ltr'>in</span> <span class='ocrx_word' id='word_1_211' title='bbox 1155 1699 1251 1751; x_wconf 88' lang='lat' dir='ltr'>sensu,</span> <span class='ocrx_word' id='word_1_212' title='bbox 1273 1686 1317 1742; x_wconf 90' lang='lat' dir='ltr'>vel</span> <span class='ocrx_word' id='word_1_213' title='bbox 1342 1686 1372 1741; x_wconf 91' lang='lat' dir='ltr'>in</span> <span class='ocrx_word' id='word_1_214' title='bbox 1391 1700 1509 1757; x_wconf 89' lang='lat' dir='ltr'>corpore</span> <span class='ocrx_word' id='word_1_215' title='bbox 1531 1687 1634 1758; x_wconf 84' lang='lat' dir='ltr'>majori</span> <span class='ocrx_word' id='word_1_216' title='bbox 1690 1668 1694 1673; x_wconf 40' lang='lat'>¹</span> 
     </span>
     <span class='ocr_line' id='line_1_18' title="bbox 68 1768 1631 1842; baseline 0.003 -16"><span class='ocrx_word' id='word_1_217' title='bbox 68 1769 176 1827; x_wconf 88' lang='lat' dir='ltr'>residui</span> <span class='ocrx_word' id='word_1_218' title='bbox 207 1776 260 1837; x_wconf 88' lang='lat' dir='ltr'>est,</span> <span class='ocrx_word' id='word_1_219' title='bbox 294 1769 476 1839; x_wconf 83' lang='lat' dir='ltr'>sempiternis</span> <span class='ocrx_word' id='word_1_220' title='bbox 497 1768 731 1826; x_wconf 87' lang='lat' dir='ltr'>indurationibus</span> <span class='ocrx_word' id='word_1_221' title='bbox 786 1771 927 1842; x_wconf 76' lang='lat' dir='ltr'>gravitate</span> <span class='ocrx_word' id='word_1_222' title='bbox 951 1773 1178 1842; x_wconf 78' lang='lat' dir='ltr'>praeminentes.</span> <span class='ocrx_word' id='word_1_223' title='bbox 1202 1773 1237 1829; x_wconf 92' lang='lat' dir='ltr'>lii</span> <span class='ocrx_word' id='word_1_224' title='bbox 1257 1775 1287 1828; x_wconf 87' lang='lat' dir='ltr'>in</span> <span class='ocrx_word' id='word_1_225' title='bbox 1314 1773 1380 1828; x_wconf 85' lang='lat' dir='ltr'>urbe</span> <span class='ocrx_word' id='word_1_226' title='bbox 1405 1781 1631 1842; x_wconf 89' lang='lat' dir='ltr'>consumuntur,</span> 
     </span>
     <span class='ocr_line' id='line_1_19' title="bbox 56 1855 1633 1932; baseline 0.003 -20"><span class='ocrx_word' id='word_1_227' title='bbox 56 1872 70 1911; x_wconf 93' lang='lat'>·.</span> <span class='ocrx_word' id='word_1_228' title='bbox 83 1859 110 1913; x_wconf 92' lang='lat' dir='ltr'>ls</span> <span class='ocrx_word' id='word_1_229' title='bbox 122 1856 283 1914; x_wconf 83' lang='lat' dir='ltr'>consolator</span> <span class='ocrx_word' id='word_1_230' title='bbox 301 1859 426 1911; x_wconf 90' lang='lat' dir='ltr'>animam</span> <span class='ocrx_word' id='word_1_231' title='bbox 448 1855 598 1924; x_wconf 88' lang='lat' dir='ltr'>convertit,</span> <span class='ocrx_word' id='word_1_232' title='bbox 623 1857 694 1927; x_wconf 82' lang='lat' dir='ltr'>quia</span> <span class='ocrx_word' id='word_1_233' title='bbox 714 1871 731 1912; x_wconf 91' lang='lat' dir='ltr'>a</span> <span class='ocrx_word' id='word_1_234' title='bbox 784 1872 852 1915; x_wconf 90' lang='lat' dir='ltr'>cum</span> <span class='ocrx_word' id='word_1_235' title='bbox 866 1860 943 1915; x_wconf 91' lang='lat' dir='ltr'>intra</span> <span class='ocrx_word' id='word_1_236' title='bbox 956 1861 1170 1927; x_wconf 83' lang='lat' dir='ltr'>conscientiam,</span> <span class='ocrx_word' id='word_1_237' title='bbox 1182 1860 1378 1932; x_wconf 79' lang='lat' dir='ltr'>ubioriginem</span> <span class='ocrx_word' id='word_1_238' title='bbox 1392 1869 1522 1928; x_wconf 89' lang='lat' dir='ltr'>sumunt,</span> <span class='ocrx_word' id='word_1_239' title='bbox 1540 1861 1633 1918; x_wconf 89' lang='lat' dir='ltr'>divini</span> 
     </span>
     <span class='ocr_line' id='line_1_20' title="bbox 56 1944 1631 2019; baseline 0.002 -17"><span class='ocrx_word' id='word_1_240' title='bbox 56 1963 70 2014; x_wconf 86' lang='lat' dir='ltr'>l,</span> <span class='ocrx_word' id='word_1_241' title='bbox 86 1945 141 2002; x_wconf 92' lang='lat' dir='ltr'>nisi</span> <span class='ocrx_word' id='word_1_242' title='bbox 155 1944 220 2016; x_wconf 84' lang='lat' dir='ltr'>ejus</span> <span class='ocrx_word' id='word_1_243' title='bbox 239 1944 425 2014; x_wconf 88' lang='lat' dir='ltr'>inspiratione</span> <span class='ocrx_word' id='word_1_244' title='bbox 448 1945 545 2000; x_wconf 88' lang='lat' dir='ltr'>anima</span> <span class='ocrx_word' id='word_1_245' title='bbox 568 1944 732 2001; x_wconf 90' lang='lat' dir='ltr'>miseranda</span> <span class='ocrx_word' id='word_1_246' title='bbox 784 1946 865 2002; x_wconf 89' lang='lat' dir='ltr'>verbi</span> <span class='ocrx_word' id='word_1_247' title='bbox 885 1946 980 2002; x_wconf 90' lang='lat' dir='ltr'>inedia</span> <span class='ocrx_word' id='word_1_248' title='bbox 1001 1947 1209 2017; x_wconf 88' lang='lat' dir='ltr'>periclitantur.</span> <span class='ocrx_word' id='word_1_249' title='bbox 1240 1948 1275 2002; x_wconf 88' lang='lat' dir='ltr'>tll</span> <span class='ocrx_word' id='word_1_250' title='bbox 1302 1948 1390 2003; x_wconf 73' lang='lat' dir='ltr'>mium</span> <span class='ocrx_word' id='word_1_251' title='bbox 1413 1948 1468 2003; x_wconf 90' lang='lat' dir='ltr'>sibi</span> <span class='ocrx_word' id='word_1_252' title='bbox 1484 1956 1631 2019; x_wconf 76' lang='lat' dir='ltr'>quarunt,</span> 
     </span>
     <span class='ocr_line' id='line_1_21' title="bbox 65 2030 1632 2107; baseline 0.004 -21"><span class='ocrx_word' id='word_1_253' title='bbox 65 2050 80 2084; x_wconf 80' lang='lat' dir='ltr'>a</span> <span class='ocrx_word' id='word_1_254' title='bbox 109 2031 185 2087; x_wconf 74' lang='lat' dir='ltr'>Facti</span> <span class='ocrx_word' id='word_1_255' title='bbox 210 2039 279 2087; x_wconf 90' lang='lat' dir='ltr'>sunt</span> <span class='ocrx_word' id='word_1_256' title='bbox 302 2030 353 2086; x_wconf 81' lang='lat' dir='ltr'>filii</span> <span class='ocrx_word' id='word_1_257' title='bbox 382 2031 435 2087; x_wconf 90' lang='lat' dir='ltr'>mei</span> <span class='ocrx_word' id='word_1_258' title='bbox 454 2031 566 2101; x_wconf 89' lang='lat' dir='ltr'>perditi,</span> <span class='ocrx_word' id='word_1_259' title='bbox 592 2031 731 2102; x_wconf 85' lang='lat' dir='ltr'>quoniam</span> <span class='ocrx_word' id='word_1_260' title='bbox 784 2038 816 2088; x_wconf 88' lang='lat' dir='ltr'>ut</span> <span class='ocrx_word' id='word_1_261' title='bbox 835 2037 956 2089; x_wconf 90' lang='lat' dir='ltr'>animam</span> <span class='ocrx_word' id='word_1_262' title='bbox 971 2034 1138 2104; x_wconf 78' lang='lat' dir='ltr'>refocillent,</span> <span class='ocrx_word' id='word_1_263' title='bbox 1153 2049 1218 2090; x_wconf 90' lang='lat' dir='ltr'>cum</span> <span class='ocrx_word' id='word_1_264' title='bbox 1241 2035 1411 2107; x_wconf 89' lang='lat' dir='ltr'>temporalia</span> <span class='ocrx_word' id='word_1_265' title='bbox 1436 2043 1632 2106; x_wconf 90' lang='lat' dir='ltr'>aucupantur,</span> 
     </span>
     <span class='ocr_line' id='line_1_22' title="bbox 56 2110 1388 2194; baseline 0.002 -19"><span class='ocrx_word' id='word_1_266' title='bbox 56 2119 199 2176; x_wconf 90' lang='lat' dir='ltr'>inimicus.</span> <span class='ocrx_word' id='word_1_267' title='bbox 218 2140 228 2168; x_wconf 84' lang='lat'><strong>›</strong></span> <span class='ocrx_word' id='word_1_268' title='bbox 248 2120 317 2174; x_wconf 82' lang='lat' dir='ltr'>Filii</span> <span class='ocrx_word' id='word_1_269' title='bbox 336 2120 506 2190; x_wconf 90' lang='lat' dir='ltr'>perduntur,</span> <span class='ocrx_word' id='word_1_270' title='bbox 528 2122 656 2189; x_wconf 85' lang='lat' dir='ltr'>quoniam</span> <span class='ocrx_word' id='word_1_271' title='bbox 679 2123 732 2175; x_wconf 88' lang='lat' dir='ltr'>ini·</span> <span class='ocrx_word' id='word_1_272' title='bbox 786 2121 894 2194; x_wconf 90' lang='lat' dir='ltr'>quibus</span> <span class='ocrx_word' id='word_1_273' title='bbox 907 2134 976 2179; x_wconf 91' lang='lat' dir='ltr'>suas</span> <span class='ocrx_word' id='word_1_274' title='bbox 989 2122 1182 2180; x_wconf 89' lang='lat' dir='ltr'>animalitates</span> <span class='ocrx_word' id='word_1_275' title='bbox 1195 2110 1388 2194; x_wconf 82' lang='lat' dir='ltr'>sublevigent.</span> 
     </span>
     <span class='ocr_line' id='line_1_23' title="bbox 56 2206 1244 2278; baseline 0.003 -16"><span class='ocrx_word' id='word_1_276' title='bbox 56 2208 111 2274; x_wconf 77' lang='lat' dir='ltr'>isit,</span> <span class='ocrx_word' id='word_1_277' title='bbox 128 2220 195 2263; x_wconf 92' lang='lat' dir='ltr'>cum</span> <span class='ocrx_word' id='word_1_278' title='bbox 213 2220 279 2277; x_wconf 82' lang='lat' dir='ltr'>quae</span> <span class='ocrx_word' id='word_1_279' title='bbox 306 2206 379 2263; x_wconf 91' lang='lat' dir='ltr'>bene</span> <span class='ocrx_word' id='word_1_280' title='bbox 405 2215 485 2278; x_wconf 79' lang='lat' dir='ltr'>gesta</span> <span class='ocrx_word' id='word_1_281' title='bbox 501 2207 645 2275; x_wconf 88' lang='lat' dir='ltr'>videntur,</span> <span class='ocrx_word' id='word_1_282' title='bbox 673 2221 730 2263; x_wconf 95' lang='lat' dir='ltr'>non</span> <span class='ocrx_word' id='word_1_283' title='bbox 1176 2226 1244 2266; x_wconf 84' lang='lat' dir='ltr'>nus.</span> 
     </span>
     <span class='ocr_line' id='line_1_24' title="bbox 56 2294 1629 2369; baseline 0.003 -18"><span class='ocrx_word' id='word_1_284' title='bbox 56 2302 176 2363; x_wconf 90' lang='lat' dir='ltr'>runtur,</span> <span class='ocrx_word' id='word_1_285' title='bbox 192 2302 243 2351; x_wconf 89' lang='lat' dir='ltr'>aut</span> <span class='ocrx_word' id='word_1_286' title='bbox 257 2307 308 2364; x_wconf 93' lang='lat' dir='ltr'>pro</span> <span class='ocrx_word' id='word_1_287' title='bbox 322 2296 379 2350; x_wconf 85' lang='lat' dir='ltr'>beo</span> <span class='ocrx_word' id='word_1_288' title='bbox 393 2302 482 2366; x_wconf 80' lang='lat' dir='ltr'>gesta,</span> <span class='ocrx_word' id='word_1_289' title='bbox 498 2295 611 2351; x_wconf 89' lang='lat' dir='ltr'>diabolo</span> <span class='ocrx_word' id='word_1_290' title='bbox 626 2294 730 2366; x_wconf 88' lang='lat' dir='ltr'>nequi·</span> <span class='ocrx_word' id='word_1_291' title='bbox 819 2295 905 2354; x_wconf 78' lang='lat' dir='ltr'>Vuns.</span> <span class='ocrx_word' id='word_1_292' title='bbox 921 2296 967 2353; x_wconf 74' lang='lat'>20.</span> <span class='ocrx_word' id='word_1_293' title='bbox 981 2326 1018 2339; x_wconf 96' lang='lat'><em>-</em></span> <span class='ocrx_word' id='word_1_294' title='bbox 1036 2319 1047 2346; x_wconf 87' lang='lat'>‹</span> <span class='ocrx_word' id='word_1_295' title='bbox 1073 2298 1150 2366; x_wconf 85' lang='lat' dir='ltr'>Vide,</span> <span class='ocrx_word' id='word_1_296' title='bbox 1177 2298 1305 2368; x_wconf 85' lang='lat' dir='ltr'>bomine,</span> <span class='ocrx_word' id='word_1_297' title='bbox 1330 2298 1468 2369; x_wconf 86' lang='lat' dir='ltr'>quoniam</span> <span class='ocrx_word' id='word_1_298' title='bbox 1492 2299 1629 2369; x_wconf 90' lang='lat' dir='ltr'>tribulor;</span> 
     </span>
     <span class='ocr_line' id='line_1_25' title="bbox 56 2381 1632 2454; baseline 0.003 -15"><span class='ocrx_word' id='word_1_299' title='bbox 56 2390 108 2453; x_wconf 88' lang='lat' dir='ltr'>nte,</span> <span class='ocrx_word' id='word_1_300' title='bbox 124 2382 313 2440; x_wconf 88' lang='lat' dir='ltr'>retributione</span> <span class='ocrx_word' id='word_1_301' title='bbox 329 2381 490 2452; x_wconf 89' lang='lat' dir='ltr'>privantur.</span> <span class='ocrx_word' id='word_1_302' title='bbox 787 2405 799 2434; x_wconf 78' lang='grc' dir='ltr'>ι</span> <span class='ocrx_word' id='word_1_303' title='bbox 815 2392 917 2442; x_wconf 90' lang='lat' dir='ltr'>venter</span> <span class='ocrx_word' id='word_1_304' title='bbox 930 2400 1013 2442; x_wconf 92' lang='lat' dir='ltr'>meus</span> <span class='ocrx_word' id='word_1_305' title='bbox 1030 2385 1221 2442; x_wconf 89' lang='lat' dir='ltr'>conturbatus</span> <span class='ocrx_word' id='word_1_306' title='bbox 1235 2393 1288 2454; x_wconf 90' lang='lat' dir='ltr'>est,</span> <span class='ocrx_word' id='word_1_307' title='bbox 1318 2386 1490 2444; x_wconf 90' lang='lat' dir='ltr'>subversum</span> <span class='ocrx_word' id='word_1_308' title='bbox 1514 2395 1557 2444; x_wconf 89' lang='grc' dir='ltr'>ιιι</span> <span class='ocrx_word' id='word_1_309' title='bbox 1582 2401 1632 2445; x_wconf 90' lang='lat' dir='ltr'>cor</span> 
     </span>
     <span class='ocr_line' id='line_1_26' title="bbox 272 2472 1631 2546; baseline 0.004 -20"><span class='ocrx_word' id='word_1_310' title='bbox 272 2486 344 2527; x_wconf 82' lang='lat' dir='ltr'>rus.</span> <span class='ocrx_word' id='word_1_311' title='bbox 787 2493 798 2522; x_wconf 75' lang='grc' dir='ltr'>ι</span> <span class='ocrx_word' id='word_1_312' title='bbox 816 2486 913 2529; x_wconf 89' lang='lat' dir='ltr'>meum</span> <span class='ocrx_word' id='word_1_313' title='bbox 929 2472 956 2528; x_wconf 91' lang='lat' dir='ltr'>ln</span> <span class='ocrx_word' id='word_1_314' title='bbox 969 2473 1147 2544; x_wconf 88' lang='lat' dir='ltr'>memetipsa,</span> <span class='ocrx_word' id='word_1_315' title='bbox 1163 2473 1304 2544; x_wconf 88' lang='lat' dir='ltr'>quoniam</span> <span class='ocrx_word' id='word_1_316' title='bbox 1326 2474 1521 2531; x_wconf 84' lang='lat' dir='ltr'>amaritudine</span> <span class='ocrx_word' id='word_1_317' title='bbox 1546 2474 1631 2546; x_wconf 89' lang='lat' dir='ltr'>plena</span> 
     </span>
     <span class='ocr_line' id='line_1_27' title="bbox 56 2559 1627 2635; baseline 0.003 -19"><span class='ocrx_word' id='word_1_318' title='bbox 56 2563 118 2615; x_wconf 74' lang='grc'>’.-</span> <span class='ocrx_word' id='word_1_319' title='bbox 146 2559 399 2631; x_wconf 78' lang='lat' dir='ltr'>«ExpanditSion</span> <span class='ocrx_word' id='word_1_320' title='bbox 432 2573 537 2617; x_wconf 89' lang='lat' dir='ltr'>manus</span> <span class='ocrx_word' id='word_1_321' title='bbox 564 2572 642 2627; x_wconf 90' lang='lat' dir='ltr'>suas,</span> <span class='ocrx_word' id='word_1_322' title='bbox 672 2573 731 2617; x_wconf 92' lang='lat' dir='ltr'>non</span> <span class='ocrx_word' id='word_1_323' title='bbox 785 2575 919 2628; x_wconf 81' lang='lat' dir='ltr'>usum.»</span> <span class='ocrx_word' id='word_1_324' title='bbox 950 2561 1112 2631; x_wconf 86' lang='lat' dir='ltr'>lies,caput</span> <span class='ocrx_word' id='word_1_325' title='bbox 1139 2561 1255 2618; x_wconf 89' lang='lat' dir='ltr'>dicitur.</span> <span class='ocrx_word' id='word_1_326' title='bbox 1284 2561 1386 2619; x_wconf 88' lang='lat' dir='ltr'>Videre</span> <span class='ocrx_word' id='word_1_327' title='bbox 1414 2563 1505 2620; x_wconf 88' lang='lat' dir='ltr'>Deum</span> <span class='ocrx_word' id='word_1_328' title='bbox 1534 2571 1627 2635; x_wconf 79' lang='lat' dir='ltr'>rogat,</span> 
     </span>
     <span class='ocr_line' id='line_1_28' title="bbox 56 2647 1632 2721; baseline 0 -17"><span class='ocrx_word' id='word_1_329' title='bbox 56 2647 211 2705; x_wconf 82' lang='lat' dir='ltr'>mnsoletur</span> <span class='ocrx_word' id='word_1_330' title='bbox 230 2661 303 2705; x_wconf 90' lang='lat' dir='ltr'>eam.</span> <span class='ocrx_word' id='word_1_331' title='bbox 331 2648 431 2716; x_wconf 68' lang='lat' dir='ltr'>»vua</span> <span class='ocrx_word' id='word_1_332' title='bbox 458 2647 662 2718; x_wconf 87' lang='lat' dir='ltr'>interpretatur</span> <span class='ocrx_word' id='word_1_333' title='bbox 687 2663 730 2703; x_wconf 90' lang='lat' dir='ltr'>er·</span> <span class='ocrx_word' id='word_1_334' title='bbox 784 2649 923 2719; x_wconf 86' lang='lat' dir='ltr'>quoniam</span> <span class='ocrx_word' id='word_1_335' title='bbox 947 2649 1112 2717; x_wconf 91' lang='lat' dir='ltr'>tribulatur,</span> <span class='ocrx_word' id='word_1_336' title='bbox 1142 2663 1209 2706; x_wconf 91' lang='lat' dir='ltr'>cum</span> <span class='ocrx_word' id='word_1_337' title='bbox 1234 2649 1269 2706; x_wconf 91' lang='lat' dir='ltr'>de</span> <span class='ocrx_word' id='word_1_338' title='bbox 1297 2649 1457 2719; x_wconf 76' lang='lat' dir='ltr'>profundis,</span> <span class='ocrx_word' id='word_1_339' title='bbox 1487 2657 1632 2721; x_wconf 89' lang='lat' dir='ltr'>utsupra</span> 
     </span>
     <span class='ocr_line' id='line_1_29' title="bbox 55 2735 1633 2809; baseline 0 -15"><span class='ocrx_word' id='word_1_340' title='bbox 55 2751 84 2794; x_wconf 90' lang='lat' dir='ltr'>m</span> <span class='ocrx_word' id='word_1_341' title='bbox 111 2751 237 2794; x_wconf 88' lang='lat' dir='ltr'>errorem</span> <span class='ocrx_word' id='word_1_342' title='bbox 262 2751 408 2807; x_wconf 85' lang='lat' dir='ltr'>exponens</span> <span class='ocrx_word' id='word_1_343' title='bbox 431 2736 603 2809; x_wconf 76' lang='lat' dir='ltr'>subiungit:</span> <span class='ocrx_word' id='word_1_344' title='bbox 633 2738 731 2793; x_wconf 75' lang='lat' dir='ltr'>Manus</span> <span class='ocrx_word' id='word_1_345' title='bbox 785 2736 921 2807; x_wconf 80' lang='lat' dir='ltr'>diximus,</span> <span class='ocrx_word' id='word_1_346' title='bbox 937 2737 1107 2807; x_wconf 90' lang='lat' dir='ltr'>resipiscens</span> <span class='ocrx_word' id='word_1_347' title='bbox 1126 2737 1217 2793; x_wconf 86' lang='lat' dir='ltr'>Deum</span> <span class='ocrx_word' id='word_1_348' title='bbox 1242 2735 1394 2808; x_wconf 85' lang='lat' dir='ltr'>aliquoties</span> <span class='ocrx_word' id='word_1_349' title='bbox 1418 2737 1576 2795; x_wconf 90' lang='lat' dir='ltr'>inclamitat</span> <span class='ocrx_word' id='word_1_350' title='bbox 1598 2744 1633 2794; x_wconf 92' lang='lat' dir='ltr'>ut</span> 
     </span>
     <span class='ocr_line' id='line_1_30' title="bbox 56 2824 1630 2897; baseline 0.001 -16"><span class='ocrx_word' id='word_1_351' title='bbox 56 2827 190 2897; x_wconf 67' lang='lat' dir='ltr'>spondit,</span> <span class='ocrx_word' id='word_1_352' title='bbox 206 2841 273 2883; x_wconf 90' lang='lat' dir='ltr'>cum</span> <span class='ocrx_word' id='word_1_353' title='bbox 288 2839 376 2897; x_wconf 90' lang='lat' dir='ltr'>opera</span> <span class='ocrx_word' id='word_1_354' title='bbox 390 2840 443 2882; x_wconf 88' lang='lat' dir='ltr'>sua</span> <span class='ocrx_word' id='word_1_355' title='bbox 462 2825 496 2894; x_wconf 92' lang='lat' dir='ltr'>is,</span> <span class='ocrx_word' id='word_1_356' title='bbox 512 2826 562 2896; x_wconf 89' lang='lat' dir='ltr'>qui</span> <span class='ocrx_word' id='word_1_357' title='bbox 582 2825 618 2881; x_wconf 91' lang='lat' dir='ltr'>ad</span> <span class='ocrx_word' id='word_1_358' title='bbox 640 2827 729 2882; x_wconf 84' lang='lat' dir='ltr'>Deum</span> <span class='ocrx_word' id='word_1_359' title='bbox 785 2825 890 2893; x_wconf 92' lang='lat' dir='ltr'>videre,</span> <span class='ocrx_word' id='word_1_360' title='bbox 908 2825 936 2882; x_wconf 92' lang='lat' dir='ltr'>id</span> <span class='ocrx_word' id='word_1_361' title='bbox 951 2832 993 2882; x_wconf 89' lang='lat' dir='ltr'>est</span> <span class='ocrx_word' id='word_1_362' title='bbox 1008 2825 1167 2897; x_wconf 81' lang='lat' dir='ltr'>intelligere</span> <span class='ocrx_word' id='word_1_363' title='bbox 1181 2838 1210 2881; x_wconf 92' lang='lat' dir='ltr'>se</span> <span class='ocrx_word' id='word_1_364' title='bbox 1225 2824 1311 2881; x_wconf 86' lang='lat' dir='ltr'>iaciat</span> <span class='ocrx_word' id='word_1_365' title='bbox 1325 2833 1455 2895; x_wconf 91' lang='lat' dir='ltr'>mortem,</span> <span class='ocrx_word' id='word_1_366' title='bbox 1473 2840 1540 2896; x_wconf 76' lang='lat' dir='ltr'>quae</span> <span class='ocrx_word' id='word_1_367' title='bbox 1555 2825 1630 2883; x_wconf 90' lang='lat' dir='ltr'>intro</span> 
     </span>
     <span class='ocr_line' id='line_1_31' title="bbox 56 2912 1630 3016; baseline 0 -45"><span class='ocrx_word' id='word_1_368' title='bbox 56 2928 95 2971; x_wconf 83' lang='lat' dir='ltr'>rm</span> <span class='ocrx_word' id='word_1_369' title='bbox 134 2921 253 2971; x_wconf 90' lang='lat' dir='ltr'>eatenus</span> <span class='ocrx_word' id='word_1_370' title='bbox 282 2914 443 2970; x_wconf 88' lang='lat' dir='ltr'>intenderat</span> <span class='ocrx_word' id='word_1_371' title='bbox 473 2913 538 2984; x_wconf 87' lang='lat' dir='ltr'>(boc</span> <span class='ocrx_word' id='word_1_372' title='bbox 561 2913 638 2970; x_wconf 91' lang='lat' dir='ltr'>enim</span> <span class='ocrx_word' id='word_1_373' title='bbox 665 2912 731 2969; x_wconf 90' lang='lat' dir='ltr'>Sion</span> <span class='ocrx_word' id='word_1_374' title='bbox 750 2922 944 3016; x_wconf 74' lang='lat' dir='ltr'>Cgrassatur.</span> <span class='ocrx_word' id='word_1_375' title='bbox 966 2915 1063 2970; x_wconf 75' lang='lat' dir='ltr'>i&#39;enter</span> <span class='ocrx_word' id='word_1_376' title='bbox 1077 2913 1278 2982; x_wconf 89' lang='lat' dir='ltr'>conturbatur,</span> <span class='ocrx_word' id='word_1_377' title='bbox 1291 2928 1357 2969; x_wconf 91' lang='lat' dir='ltr'>curn</span> <span class='ocrx_word' id='word_1_378' title='bbox 1373 2915 1497 2982; x_wconf 89' lang='lat' dir='ltr'>animus,</span> <span class='ocrx_word' id='word_1_379' title='bbox 1513 2928 1550 2971; x_wconf 90' lang='lat' dir='ltr'>ne</span> <span class='ocrx_word' id='word_1_380' title='bbox 1564 2928 1630 2985; x_wconf 85' lang='lat' dir='ltr'>quae</span> 
     </span>
     <span class='ocr_line' id='line_1_32' title="bbox 56 3000 1630 3074; baseline -0.003 -14"><span class='ocrx_word' id='word_1_381' title='bbox 56 3017 102 3074; x_wconf 90' lang='lat' dir='ltr'>per</span> <span class='ocrx_word' id='word_1_382' title='bbox 125 3003 310 3074; x_wconf 84' lang='lat' dir='ltr'>hypocrisim,</span> <span class='ocrx_word' id='word_1_383' title='bbox 338 3017 397 3074; x_wconf 88' lang='lat' dir='ltr'>qua</span> <span class='ocrx_word' id='word_1_384' title='bbox 422 3003 504 3074; x_wconf 87' lang='lat' dir='ltr'>pejus</span> <span class='ocrx_word' id='word_1_385' title='bbox 526 3016 641 3059; x_wconf 88' lang='lat' dir='ltr'>nemea</span> <span class='ocrx_word' id='word_1_386' title='bbox 662 3017 730 3060; x_wconf 91' lang='lat' dir='ltr'>vero</span> <span class='ocrx_word' id='word_1_387' title='bbox 785 3003 895 3073; x_wconf 91' lang='lat' dir='ltr'>patitur</span> <span class='ocrx_word' id='word_1_388' title='bbox 908 3002 1003 3058; x_wconf 90' lang='lat' dir='ltr'>valeat</span> <span class='ocrx_word' id='word_1_389' title='bbox 1018 3001 1203 3072; x_wconf 87' lang='lat' dir='ltr'>perpendere,</span> <span class='ocrx_word' id='word_1_390' title='bbox 1221 3002 1405 3059; x_wconf 89' lang='lat' dir='ltr'>obscuratur.</span> <span class='ocrx_word' id='word_1_391' title='bbox 1431 3003 1464 3058; x_wconf 92' lang='lat' dir='ltr'>ln</span> <span class='ocrx_word' id='word_1_392' title='bbox 1478 3000 1630 3071; x_wconf 87' lang='lat' dir='ltr'>semetipsa</span> 
     </span>
     <span class='ocr_line' id='line_1_33' title="bbox 56 3087 1631 3161; baseline -0.001 -15"><span class='ocrx_word' id='word_1_393' title='bbox 56 3089 209 3147; x_wconf 88' lang='lat' dir='ltr'>anileslare</span> <span class='ocrx_word' id='word_1_394' title='bbox 223 3098 375 3147; x_wconf 89' lang='lat' dir='ltr'>concertat.</span> <span class='ocrx_word' id='word_1_395' title='bbox 398 3090 464 3147; x_wconf 89' lang='lat' dir='ltr'>Ideo</span> <span class='ocrx_word' id='word_1_396' title='bbox 483 3106 537 3144; x_wconf 91' lang='lat' dir='ltr'>non</span> <span class='ocrx_word' id='word_1_397' title='bbox 555 3094 594 3145; x_wconf 89' lang='lat' dir='ltr'>est</span> <span class='ocrx_word' id='word_1_398' title='bbox 608 3092 657 3159; x_wconf 84' lang='lat' dir='ltr'>qui</span> <span class='ocrx_word' id='word_1_399' title='bbox 671 3106 729 3146; x_wconf 88' lang='lat' dir='ltr'>eam</span> <span class='ocrx_word' id='word_1_400' title='bbox 784 3090 896 3160; x_wconf 79' lang='lat' dir='ltr'>emejus</span> <span class='ocrx_word' id='word_1_401' title='bbox 910 3087 1098 3157; x_wconf 84' lang='lat' dir='ltr'>subvertitur,</span> <span class='ocrx_word' id='word_1_402' title='bbox 1124 3103 1190 3144; x_wconf 92' lang='lat' dir='ltr'>cum</span> <span class='ocrx_word' id='word_1_403' title='bbox 1211 3090 1293 3158; x_wconf 91' lang='lat' dir='ltr'>ratio,</span> <span class='ocrx_word' id='word_1_404' title='bbox 1314 3104 1380 3161; x_wconf 83' lang='lat' dir='ltr'>quae</span> <span class='ocrx_word' id='word_1_405' title='bbox 1404 3091 1433 3146; x_wconf 91' lang='lat' dir='ltr'>in</span> <span class='ocrx_word' id='word_1_406' title='bbox 1456 3088 1631 3160; x_wconf 89' lang='lat' dir='ltr'>praetitulata</span> 
     </span>
     <span class='ocr_line' id='line_1_34' title="bbox 71 3176 1631 3250; baseline -0.001 -15"><span class='ocrx_word' id='word_1_407' title='bbox 71 3178 142 3250; x_wconf 84' lang='lat' dir='ltr'>quia</span> <span class='ocrx_word' id='word_1_408' title='bbox 170 3193 257 3249; x_wconf 90' lang='lat' dir='ltr'>super</span> <span class='ocrx_word' id='word_1_409' title='bbox 283 3179 328 3235; x_wconf 89' lang='lat' dir='ltr'>his</span> <span class='ocrx_word' id='word_1_410' title='bbox 342 3178 498 3247; x_wconf 85' lang='lat' dir='ltr'>laboribus,</span> <span class='ocrx_word' id='word_1_411' title='bbox 526 3193 600 3249; x_wconf 85' lang='lat' dir='ltr'>quos</span> <span class='ocrx_word' id='word_1_412' title='bbox 621 3178 729 3235; x_wconf 83' lang='lat' dir='ltr'>trustra</span> <span class='ocrx_word' id='word_1_413' title='bbox 784 3178 879 3235; x_wconf 89' lang='lat' dir='ltr'>littera</span> <span class='ocrx_word' id='word_1_414' title='bbox 890 3183 977 3248; x_wconf 91' lang='lat' dir='ltr'>capnt</span> <span class='ocrx_word' id='word_1_415' title='bbox 991 3176 1107 3245; x_wconf 89' lang='lat' dir='ltr'>dicitur,</span> <span class='ocrx_word' id='word_1_416' title='bbox 1125 3178 1155 3233; x_wconf 91' lang='lat' dir='ltr'>in</span> <span class='ocrx_word' id='word_1_417' title='bbox 1167 3191 1221 3234; x_wconf 88' lang='lat' dir='ltr'>sua</span> <span class='ocrx_word' id='word_1_418' title='bbox 1236 3177 1326 3247; x_wconf 90' lang='lat' dir='ltr'>ipsius</span> <span class='ocrx_word' id='word_1_419' title='bbox 1336 3186 1435 3234; x_wconf 87' lang='lat' dir='ltr'>contra</span> <span class='ocrx_word' id='word_1_420' title='bbox 1449 3178 1520 3234; x_wconf 88' lang='lat' dir='ltr'>vitia</span> <span class='ocrx_word' id='word_1_421' title='bbox 1540 3176 1631 3234; x_wconf 92' lang='lat' dir='ltr'>ratio-</span> 
     </span>
     <span class='ocr_line' id='line_1_35' title="bbox 55 3265 1629 3338; baseline 0 -16"><span class='ocrx_word' id='word_1_422' title='bbox 55 3266 105 3323; x_wconf 88' lang='lat' dir='ltr'>llla</span> <span class='ocrx_word' id='word_1_423' title='bbox 120 3281 206 3338; x_wconf 90' lang='lat' dir='ltr'>penes</span> <span class='ocrx_word' id='word_1_424' title='bbox 221 3268 312 3324; x_wconf 78' lang='grc' dir='ltr'>Βιιιιιι</span> <span class='ocrx_word' id='word_1_425' title='bbox 326 3282 376 3338; x_wconf 81' lang='grc' dir='ltr'>ιρι</span> <span class='ocrx_word' id='word_1_426' title='bbox 388 3267 540 3324; x_wconf 87' lang='lat' dir='ltr'>relevetur.</span> <span class='ocrx_word' id='word_1_427' title='bbox 554 3288 568 3317; x_wconf 76' lang='lat' dir='ltr'>a</span> <span class='ocrx_word' id='word_1_428' title='bbox 582 3266 729 3324; x_wconf 88' lang='lat' dir='ltr'>blandarit</span> <span class='ocrx_word' id='word_1_429' title='bbox 783 3266 926 3323; x_wconf 91' lang='lat' dir='ltr'>cinatione</span> <span class='ocrx_word' id='word_1_430' title='bbox 944 3265 1142 3322; x_wconf 84' lang='lat' dir='ltr'>contunditur.</span> <span class='ocrx_word' id='word_1_431' title='bbox 1160 3266 1355 3321; x_wconf 75' lang='lat' dir='ltr'>amaritudine</span> <span class='ocrx_word' id='word_1_432' title='bbox 1377 3266 1490 3336; x_wconf 90' lang='lat' dir='ltr'>plenam</span> <span class='ocrx_word' id='word_1_433' title='bbox 1506 3281 1535 3323; x_wconf 89' lang='lat' dir='ltr'>se</span> <span class='ocrx_word' id='word_1_434' title='bbox 1550 3265 1629 3331; x_wconf 91' lang='lat' dir='ltr'>dicit,</span> 
     </span>
     <span class='ocr_line' id='line_1_36' title="bbox 74 3353 1629 3427; baseline -0.001 -17"><span class='ocrx_word' id='word_1_435' title='bbox 74 3353 228 3410; x_wconf 91' lang='lat' dir='ltr'>adversum</span> <span class='ocrx_word' id='word_1_436' title='bbox 246 3354 332 3410; x_wconf 86' lang='lat' dir='ltr'>Jacob</span> <span class='ocrx_word' id='word_1_437' title='bbox 358 3354 387 3409; x_wconf 91' lang='lat' dir='ltr'>in</span> <span class='ocrx_word' id='word_1_438' title='bbox 411 3353 535 3411; x_wconf 92' lang='lat' dir='ltr'>circuitu</span> <span class='ocrx_word' id='word_1_439' title='bbox 557 3355 621 3424; x_wconf 85' lang='lat' dir='ltr'>ejus</span> <span class='ocrx_word' id='word_1_440' title='bbox 634 3354 729 3410; x_wconf 87' lang='lat' dir='ltr'>hostes</span> <span class='ocrx_word' id='word_1_441' title='bbox 784 3356 855 3427; x_wconf 85' lang='lat' dir='ltr'>quia</span> <span class='ocrx_word' id='word_1_442' title='bbox 881 3369 944 3411; x_wconf 88' lang='lat' dir='ltr'>eam</span> <span class='ocrx_word' id='word_1_443' title='bbox 973 3354 1055 3411; x_wconf 91' lang='lat' dir='ltr'>nulla</span> <span class='ocrx_word' id='word_1_444' title='bbox 1080 3368 1213 3425; x_wconf 88' lang='lat' dir='ltr'>supernae</span> <span class='ocrx_word' id='word_1_445' title='bbox 1232 3354 1391 3411; x_wconf 91' lang='lat' dir='ltr'>dulcedinis</span> <span class='ocrx_word' id='word_1_446' title='bbox 1417 3356 1510 3427; x_wconf 79' lang='lat' dir='ltr'>gratia</span> <span class='ocrx_word' id='word_1_447' title='bbox 1528 3353 1629 3411; x_wconf 87' lang='lat' dir='ltr'>reiicit.</span> 
     </span>
     <span class='ocr_line' id='line_1_37' title="bbox 59 3441 1627 3514; baseline -0.001 -17"><span class='ocrx_word' id='word_1_448' title='bbox 59 3442 170 3499; x_wconf 63' lang='lat' dir='ltr'>&#39;lacta</span> <span class='ocrx_word' id='word_1_449' title='bbox 189 3449 231 3498; x_wconf 88' lang='lat' dir='ltr'>est</span> <span class='ocrx_word' id='word_1_450' title='bbox 245 3442 403 3499; x_wconf 82' lang='lat' dir='ltr'>Jerusalem</span> <span class='ocrx_word' id='word_1_451' title='bbox 419 3441 502 3512; x_wconf 87' lang='lat' dir='ltr'>quasi</span> <span class='ocrx_word' id='word_1_452' title='bbox 527 3442 638 3512; x_wconf 92' lang='lat' dir='ltr'>polluta</span> <span class='ocrx_word' id='word_1_453' title='bbox 652 3456 728 3498; x_wconf 91' lang='lat' dir='ltr'>men·</span> <span class='ocrx_word' id='word_1_454' title='bbox 786 3465 797 3493; x_wconf 88' lang='lat'><strong>‹</strong></span> <span class='ocrx_word' id='word_1_455' title='bbox 815 3444 895 3500; x_wconf 86' lang='lat' dir='ltr'>Foris</span> <span class='ocrx_word' id='word_1_456' title='bbox 910 3442 1044 3499; x_wconf 86' lang='lat' dir='ltr'>interficit</span> <span class='ocrx_word' id='word_1_457' title='bbox 1060 3442 1184 3514; x_wconf 80' lang='lat' dir='ltr'>gladius,</span> <span class='ocrx_word' id='word_1_458' title='bbox 1197 3450 1225 3499; x_wconf 91' lang='lat' dir='ltr'>et</span> <span class='ocrx_word' id='word_1_459' title='bbox 1240 3443 1316 3498; x_wconf 93' lang='lat' dir='ltr'>domi</span> <span class='ocrx_word' id='word_1_460' title='bbox 1332 3457 1408 3499; x_wconf 91' lang='lat' dir='ltr'>mors</span> <span class='ocrx_word' id='word_1_461' title='bbox 1432 3443 1534 3499; x_wconf 89' lang='lat' dir='ltr'>similis</span> <span class='ocrx_word' id='word_1_462' title='bbox 1545 3450 1596 3499; x_wconf 90' lang='lat' dir='ltr'>est.</span> <span class='ocrx_word' id='word_1_463' title='bbox 1613 3462 1627 3495; x_wconf 77' lang='lat' dir='ltr'>n</span> 
     </span>
     <span class='ocr_line' id='line_1_38' title="bbox 56 3530 1629 3602; baseline 0.001 -16"><span class='ocrx_word' id='word_1_464' title='bbox 56 3540 94 3586; x_wconf 88' lang='lat' dir='ltr'>ter</span> <span class='ocrx_word' id='word_1_465' title='bbox 107 3543 164 3586; x_wconf 90' lang='lat' dir='ltr'>eos.</span> <span class='ocrx_word' id='word_1_466' title='bbox 192 3532 350 3585; x_wconf 76' lang='lat' dir='ltr'>›Dominus</span> <span class='ocrx_word' id='word_1_467' title='bbox 373 3530 518 3585; x_wconf 70' lang='lat' dir='ltr'>uuiversum</span> <span class='ocrx_word' id='word_1_468' title='bbox 532 3530 613 3584; x_wconf 85' lang='lat' dir='ltr'>Jacob</span> <span class='ocrx_word' id='word_1_469' title='bbox 642 3531 728 3585; x_wconf 87' lang='lat' dir='ltr'>bastes</span> <span class='ocrx_word' id='word_1_470' title='bbox 783 3532 898 3589; x_wconf 85' lang='lat' dir='ltr'>titedius</span> <span class='ocrx_word' id='word_1_471' title='bbox 913 3532 984 3598; x_wconf 76' lang='lat' dir='ltr'>soris</span> <span class='ocrx_word' id='word_1_472' title='bbox 999 3534 1138 3600; x_wconf 69' lang='lat' dir='ltr'>interficit,</span> <span class='ocrx_word' id='word_1_473' title='bbox 1170 3545 1236 3586; x_wconf 91' lang='lat' dir='ltr'>cum</span> <span class='ocrx_word' id='word_1_474' title='bbox 1259 3531 1442 3587; x_wconf 80' lang='lat' dir='ltr'>exsecutione</span> <span class='ocrx_word' id='word_1_475' title='bbox 1467 3531 1629 3602; x_wconf 87' lang='lat' dir='ltr'>cujuspiam</span> 
     </span>
     <span class='ocr_line' id='line_1_39' title="bbox 56 3617 1629 3690; baseline 0.001 -16"><span class='ocrx_word' id='word_1_476' title='bbox 56 3626 97 3685; x_wconf 90' lang='lat' dir='ltr'>at,</span> <span class='ocrx_word' id='word_1_477' title='bbox 122 3632 188 3675; x_wconf 90' lang='lat' dir='ltr'>cum</span> <span class='ocrx_word' id='word_1_478' title='bbox 212 3619 350 3675; x_wconf 82' lang='lat' dir='ltr'>adversus</span> <span class='ocrx_word' id='word_1_479' title='bbox 370 3618 568 3689; x_wconf 72' lang='lat' dir='ltr'>eumenide</span> <span class='ocrx_word' id='word_1_480' title='bbox 589 3617 726 3675; x_wconf 90' lang='lat' dir='ltr'>vitiorum</span> <span class='ocrx_word' id='word_1_481' title='bbox 783 3619 912 3690; x_wconf 87' lang='lat' dir='ltr'>capitalis</span> <span class='ocrx_word' id='word_1_482' title='bbox 938 3618 1065 3685; x_wconf 90' lang='lat' dir='ltr'>admissi,</span> <span class='ocrx_word' id='word_1_483' title='bbox 1088 3618 1240 3674; x_wconf 76' lang='lat' dir='ltr'>efficientia</span> <span class='ocrx_word' id='word_1_484' title='bbox 1259 3631 1323 3675; x_wconf 92' lang='lat' dir='ltr'>eam</span> <span class='ocrx_word' id='word_1_485' title='bbox 1350 3619 1507 3688; x_wconf 88' lang='lat' dir='ltr'>corporalis</span> <span class='ocrx_word' id='word_1_486' title='bbox 1540 3618 1629 3675; x_wconf 88' lang='lat' dir='ltr'>inter·</span> 
     </span>
     <span class='ocr_line' id='line_1_40' title="bbox 56 3705 1630 3779; baseline -0.001 -17"><span class='ocrx_word' id='word_1_487' title='bbox 56 3708 115 3764; x_wconf 91' lang='lat' dir='ltr'>lone</span> <span class='ocrx_word' id='word_1_488' title='bbox 129 3721 158 3763; x_wconf 90' lang='lat' dir='ltr'>se</span> <span class='ocrx_word' id='word_1_489' title='bbox 174 3708 273 3779; x_wconf 83' lang='lat' dir='ltr'>jactat,</span> <span class='ocrx_word' id='word_1_490' title='bbox 291 3705 475 3763; x_wconf 83' lang='lat' dir='ltr'>hostilitatem</span> <span class='ocrx_word' id='word_1_491' title='bbox 492 3706 658 3764; x_wconf 87' lang='lat' dir='ltr'>tentationis</span> <span class='ocrx_word' id='word_1_492' title='bbox 677 3720 727 3762; x_wconf 86' lang='lat' dir='ltr'>ex·</span> <span class='ocrx_word' id='word_1_493' title='bbox 783 3708 861 3778; x_wconf 90' lang='lat' dir='ltr'>cipit.</span> <span class='ocrx_word' id='word_1_494' title='bbox 872 3709 945 3762; x_wconf 83' lang='lat' dir='ltr'>Mors</span> <span class='ocrx_word' id='word_1_495' title='bbox 968 3707 1067 3762; x_wconf 89' lang='lat' dir='ltr'>similis</span> <span class='ocrx_word' id='word_1_496' title='bbox 1087 3706 1161 3761; x_wconf 85' lang='lat' dir='ltr'>domi</span> <span class='ocrx_word' id='word_1_497' title='bbox 1187 3705 1321 3771; x_wconf 86' lang='lat' dir='ltr'>babetur,</span> <span class='ocrx_word' id='word_1_498' title='bbox 1351 3720 1417 3762; x_wconf 87' lang='lat' dir='ltr'>curn</span> <span class='ocrx_word' id='word_1_499' title='bbox 1440 3706 1569 3763; x_wconf 84' lang='lat' dir='ltr'>exterius</span> <span class='ocrx_word' id='word_1_500' title='bbox 1583 3720 1630 3777; x_wconf 86' lang='lat' dir='ltr'>op</span> 
     </span>
     <span class='ocr_line' id='line_1_41' title="bbox 56 3793 1628 3868; baseline 0.001 -18"><span class='ocrx_word' id='word_1_501' title='bbox 56 3795 247 3852; x_wconf 86' lang='lat' dir='ltr'>andaraenim</span> <span class='ocrx_word' id='word_1_502' title='bbox 261 3795 325 3866; x_wconf 86' lang='lat' dir='ltr'>ejus</span> <span class='ocrx_word' id='word_1_503' title='bbox 348 3798 503 3865; x_wconf 79' lang='lat' dir='ltr'>permittere</span> <span class='ocrx_word' id='word_1_504' title='bbox 522 3797 582 3864; x_wconf 77' lang='lat' dir='ltr'>lteri</span> <span class='ocrx_word' id='word_1_505' title='bbox 601 3802 655 3851; x_wconf 92' lang='lat' dir='ltr'>est.</span> <span class='ocrx_word' id='word_1_506' title='bbox 671 3795 729 3851; x_wconf 89' lang='lat' dir='ltr'>llos</span> <span class='ocrx_word' id='word_1_507' title='bbox 784 3795 953 3868; x_wconf 90' lang='lat' dir='ltr'>portunitati</span> <span class='ocrx_word' id='word_1_508' title='bbox 984 3801 1106 3851; x_wconf 88' lang='lat' dir='ltr'>vacante</span> <span class='ocrx_word' id='word_1_509' title='bbox 1132 3801 1274 3865; x_wconf 86' lang='lat' dir='ltr'>peccante,</span> <span class='ocrx_word' id='word_1_510' title='bbox 1308 3794 1443 3864; x_wconf 88' lang='lat' dir='ltr'>peccandi</span> <span class='ocrx_word' id='word_1_511' title='bbox 1470 3793 1628 3851; x_wconf 89' lang='lat' dir='ltr'>introrsum</span> 
     </span>
     <span class='ocr_line' id='line_1_42' title="bbox 56 3882 1203 3956; baseline -0.003 -16"><span class='ocrx_word' id='word_1_512' title='bbox 56 3899 63 3940; x_wconf 94' lang='grc' dir='ltr'>ι</span> <span class='ocrx_word' id='word_1_513' title='bbox 89 3884 152 3955; x_wconf 80' lang='lat' dir='ltr'>eius</span> <span class='ocrx_word' id='word_1_514' title='bbox 184 3883 321 3951; x_wconf 89' lang='lat' dir='ltr'>immittit,</span> <span class='ocrx_word' id='word_1_515' title='bbox 350 3898 416 3939; x_wconf 91' lang='lat' dir='ltr'>cum</span> <span class='ocrx_word' id='word_1_516' title='bbox 444 3882 530 3939; x_wconf 90' lang='lat' dir='ltr'>etiam</span> <span class='ocrx_word' id='word_1_517' title='bbox 556 3883 726 3939; x_wconf 83' lang='lat' dir='ltr'>exteriorem</span> <span class='ocrx_word' id='word_1_518' title='bbox 782 3885 910 3956; x_wconf 79' lang='lat' dir='ltr'>maligna</span> <span class='ocrx_word' id='word_1_519' title='bbox 925 3883 1060 3940; x_wconf 90' lang='lat' dir='ltr'>aviditate</span> <span class='ocrx_word' id='word_1_520' title='bbox 1074 3882 1203 3939; x_wconf 77' lang='lat' dir='ltr'>saevitur.</span> 
     </span>
     <span class='ocr_line' id='line_1_43' title="bbox 56 3971 1237 4042; baseline -0.003 -13"><span class='ocrx_word' id='word_1_521' title='bbox 56 3971 188 4029; x_wconf 77' lang='lat' dir='ltr'>videnter</span> <span class='ocrx_word' id='word_1_522' title='bbox 208 3972 277 4028; x_wconf 90' lang='lat' dir='ltr'>sinit</span> <span class='ocrx_word' id='word_1_523' title='bbox 299 3971 442 4042; x_wconf 91' lang='lat' dir='ltr'>impediri.</span> <span class='ocrx_word' id='word_1_524' title='bbox 464 3972 611 4027; x_wconf 78' lang='lat' dir='ltr'>laniciem</span> <span class='ocrx_word' id='word_1_525' title='bbox 630 3978 727 4028; x_wconf 86' lang='lat' dir='ltr'>autem</span> <span class='ocrx_word' id='word_1_526' title='bbox 1172 3985 1237 4025; x_wconf 85' lang='grc' dir='ltr'>ιιι.</span> 
     </span>
     <span class='ocr_line' id='line_1_44' title="bbox 56 4057 1630 4130; baseline -0.001 -14"><span class='ocrx_word' id='word_1_527' title='bbox 56 4067 82 4116; x_wconf 89' lang='lat' dir='ltr'>ta</span> <span class='ocrx_word' id='word_1_528' title='bbox 96 4065 242 4116; x_wconf 84' lang='lat' dir='ltr'>menstruis</span> <span class='ocrx_word' id='word_1_529' title='bbox 257 4068 299 4117; x_wconf 92' lang='lat' dir='ltr'>est</span> <span class='ocrx_word' id='word_1_530' title='bbox 311 4063 382 4116; x_wconf 86' lang='lat' dir='ltr'>inter</span> <span class='ocrx_word' id='word_1_531' title='bbox 396 4075 448 4128; x_wconf 89' lang='lat' dir='ltr'>eos,</span> <span class='ocrx_word' id='word_1_532' title='bbox 465 4075 532 4116; x_wconf 93' lang='lat' dir='ltr'>cum</span> <span class='ocrx_word' id='word_1_533' title='bbox 557 4060 631 4116; x_wconf 93' lang='lat' dir='ltr'>iutro</span> <span class='ocrx_word' id='word_1_534' title='bbox 645 4059 729 4115; x_wconf 91' lang='lat' dir='ltr'>loris·</span> <span class='ocrx_word' id='word_1_535' title='bbox 817 4058 903 4116; x_wconf 81' lang='lat' dir='ltr'>Vens.</span> <span class='ocrx_word' id='word_1_536' title='bbox 919 4062 964 4114; x_wconf 75' lang='lat' dir='ltr'>il.</span> <span class='ocrx_word' id='word_1_537' title='bbox 980 4090 1014 4099; x_wconf 92' lang='lat'><em>-</em></span> <span class='ocrx_word' id='word_1_538' title='bbox 1032 4081 1043 4108; x_wconf 80' lang='grc' dir='ltr'>ι</span> <span class='ocrx_word' id='word_1_539' title='bbox 1065 4059 1228 4115; x_wconf 73' lang='lat' dir='ltr'>audierunt</span> <span class='ocrx_word' id='word_1_540' title='bbox 1246 4058 1317 4129; x_wconf 89' lang='lat' dir='ltr'>quia</span> <span class='ocrx_word' id='word_1_541' title='bbox 1337 4057 1494 4129; x_wconf 80' lang='lat' dir='ltr'>ingemisco</span> <span class='ocrx_word' id='word_1_542' title='bbox 1512 4072 1576 4130; x_wconf 86' lang='lat' dir='ltr'>ego,</span> <span class='ocrx_word' id='word_1_543' title='bbox 1602 4065 1630 4115; x_wconf 89' lang='lat' dir='ltr'>et</span> 
     </span>
     <span class='ocr_line' id='line_1_45' title="bbox 56 4146 1631 4220; baseline -0.002 -15"><span class='ocrx_word' id='word_1_544' title='bbox 56 4162 76 4216; x_wconf 89' lang='grc' dir='ltr'>ι,</span> <span class='ocrx_word' id='word_1_545' title='bbox 91 4148 273 4220; x_wconf 90' lang='lat' dir='ltr'>potissimum</span> <span class='ocrx_word' id='word_1_546' title='bbox 282 4147 400 4219; x_wconf 83' lang='lat' dir='ltr'>languet</span> <span class='ocrx_word' id='word_1_547' title='bbox 414 4147 571 4204; x_wconf 89' lang='lat' dir='ltr'>introrsum</span> <span class='ocrx_word' id='word_1_548' title='bbox 583 4147 641 4219; x_wconf 87' lang='lat' dir='ltr'>iper</span> <span class='ocrx_word' id='word_1_549' title='bbox 653 4147 729 4218; x_wconf 79' lang='lat' dir='ltr'>cogi·</span> <span class='ocrx_word' id='word_1_550' title='bbox 784 4161 871 4205; x_wconf 77' lang='lat' dir='ltr'>»non</span> <span class='ocrx_word' id='word_1_551' title='bbox 890 4155 933 4204; x_wconf 89' lang='grc' dir='ltr'>ιιι</span> <span class='ocrx_word' id='word_1_552' title='bbox 946 4148 999 4218; x_wconf 85' lang='lat' dir='ltr'>qui</span> <span class='ocrx_word' id='word_1_553' title='bbox 1020 4146 1183 4203; x_wconf 89' lang='lat' dir='ltr'>consoletur</span> <span class='ocrx_word' id='word_1_554' title='bbox 1212 4160 1267 4202; x_wconf 92' lang='lat' dir='ltr'>me.</span> <span class='ocrx_word' id='word_1_555' title='bbox 1299 4168 1311 4196; x_wconf 77' lang='grc' dir='ltr'>ι</span> <span class='ocrx_word' id='word_1_556' title='bbox 1340 4146 1399 4215; x_wconf 86' lang='lat' dir='ltr'>Sin,</span> <span class='ocrx_word' id='word_1_557' title='bbox 1424 4146 1631 4217; x_wconf 88' lang='lat' dir='ltr'>interpretatur</span> 
     </span>
     <span class='ocr_line' id='line_1_46' title="bbox 56 4229 1632 4307; baseline -0.001 -14"><span class='ocrx_word' id='word_1_558' title='bbox 56 4251 124 4294; x_wconf 76' lang='lat' dir='ltr'>tuos.</span> <span class='ocrx_word' id='word_1_559' title='bbox 747 4229 985 4307; x_wconf 83' lang='lat' dir='ltr'>Dsuperuutnus.</span> <span class='ocrx_word' id='word_1_560' title='bbox 1008 4236 1095 4305; x_wconf 84' lang='lat' dir='ltr'>Super</span> <span class='ocrx_word' id='word_1_561' title='bbox 1119 4236 1217 4290; x_wconf 88' lang='lat' dir='ltr'>uulnus</span> <span class='ocrx_word' id='word_1_562' title='bbox 1244 4240 1340 4291; x_wconf 90' lang='lat' dir='ltr'>autem</span> <span class='ocrx_word' id='word_1_563' title='bbox 1366 4240 1419 4303; x_wconf 90' lang='lat' dir='ltr'>est,</span> <span class='ocrx_word' id='word_1_564' title='bbox 1449 4249 1516 4290; x_wconf 89' lang='lat' dir='ltr'>aum</span> <span class='ocrx_word' id='word_1_565' title='bbox 1544 4248 1632 4306; x_wconf 90' lang='lat' dir='ltr'>super</span> 
     </span>
     <span class='ocr_line' id='line_1_47' title="bbox 260 4322 1630 4393; baseline 0 -13"><span class='ocrx_word' id='word_1_566' title='bbox 260 4340 351 4380; x_wconf 79' lang='lat' dir='ltr'>sane.</span> <span class='ocrx_word' id='word_1_567' title='bbox 783 4324 928 4381; x_wconf 89' lang='lat' dir='ltr'>interioris</span> <span class='ocrx_word' id='word_1_568' title='bbox 952 4324 1076 4381; x_wconf 90' lang='lat' dir='ltr'>bominis</span> <span class='ocrx_word' id='word_1_569' title='bbox 1105 4323 1211 4379; x_wconf 89' lang='lat' dir='ltr'>damna</span> <span class='ocrx_word' id='word_1_570' title='bbox 1234 4323 1319 4380; x_wconf 89' lang='lat' dir='ltr'>etiam</span> <span class='ocrx_word' id='word_1_571' title='bbox 1344 4322 1504 4380; x_wconf 87' lang='lat' dir='ltr'>adversitas</span> <span class='ocrx_word' id='word_1_572' title='bbox 1525 4336 1630 4393; x_wconf 90' lang='lat' dir='ltr'>corpo-</span> 
     </span>
     <span class='ocr_line' id='line_1_48' title="bbox 57 4410 1631 4483; baseline -0.001 -15"><span class='ocrx_word' id='word_1_573' title='bbox 57 4442 115 4468; x_wconf 97' lang='lat'>.-</span> <span class='ocrx_word' id='word_1_574' title='bbox 143 4434 154 4462; x_wconf 90' lang='lat'><strong>‹</strong></span> <span class='ocrx_word' id='word_1_575' title='bbox 188 4414 288 4470; x_wconf 82' lang='lat' dir='ltr'>iustus</span> <span class='ocrx_word' id='word_1_576' title='bbox 303 4413 452 4480; x_wconf 89' lang='lat' dir='ltr'>Dominus,</span> <span class='ocrx_word' id='word_1_577' title='bbox 470 4410 540 4482; x_wconf 85' lang='lat' dir='ltr'>quia</span> <span class='ocrx_word' id='word_1_578' title='bbox 570 4425 602 4467; x_wconf 88' lang='lat' dir='ltr'>os</span> <span class='ocrx_word' id='word_1_579' title='bbox 615 4411 679 4483; x_wconf 86' lang='lat' dir='ltr'>ejus</span> <span class='ocrx_word' id='word_1_580' title='bbox 693 4411 729 4467; x_wconf 88' lang='lat' dir='ltr'>ad</span> <span class='ocrx_word' id='word_1_581' title='bbox 783 4411 852 4470; x_wconf 87' lang='lat' dir='ltr'>ralis</span> <span class='ocrx_word' id='word_1_582' title='bbox 866 4425 896 4469; x_wconf 90' lang='lat' dir='ltr'>se</span> <span class='ocrx_word' id='word_1_583' title='bbox 907 4411 1001 4468; x_wconf 89' lang='lat' dir='ltr'>inlert.</span> <span class='ocrx_word' id='word_1_584' title='bbox 1016 4411 1124 4467; x_wconf 78' lang='lat' dir='ltr'>Audire</span> <span class='ocrx_word' id='word_1_585' title='bbox 1146 4411 1176 4468; x_wconf 93' lang='lat' dir='ltr'>in</span> <span class='ocrx_word' id='word_1_586' title='bbox 1202 4411 1356 4481; x_wconf 85' lang='lat' dir='ltr'>seripturis</span> <span class='ocrx_word' id='word_1_587' title='bbox 1378 4411 1515 4482; x_wconf 86' lang='lat' dir='ltr'>mysticis,</span> <span class='ocrx_word' id='word_1_588' title='bbox 1530 4424 1581 4481; x_wconf 92' lang='lat' dir='ltr'>pro</span> <span class='ocrx_word' id='word_1_589' title='bbox 1597 4425 1631 4468; x_wconf 89' lang='lat' dir='ltr'>eo</span> 
     </span>
     <span class='ocr_line' id='line_1_49' title="bbox 56 4499 1631 4575; baseline -0.003 -16"><span class='ocrx_word' id='word_1_590' title='bbox 56 4517 93 4560; x_wconf 85' lang='lat' dir='ltr'>tm</span> <span class='ocrx_word' id='word_1_591' title='bbox 126 4502 302 4575; x_wconf 88' lang='lat' dir='ltr'>provocavit.</span> <span class='ocrx_word' id='word_1_592' title='bbox 348 4524 357 4551; x_wconf 80' lang='grc' dir='ltr'>ι</span> <span class='ocrx_word' id='word_1_593' title='bbox 403 4502 485 4569; x_wconf 90' lang='lat' dir='ltr'>Sade,</span> <span class='ocrx_word' id='word_1_594' title='bbox 526 4502 730 4572; x_wconf 87' lang='lat' dir='ltr'>interpretatur</span> <span class='ocrx_word' id='word_1_595' title='bbox 783 4500 917 4572; x_wconf 86' lang='lat' dir='ltr'>quodest</span> <span class='ocrx_word' id='word_1_596' title='bbox 936 4502 1096 4568; x_wconf 78' lang='lat' dir='ltr'>intellipere,</span> <span class='ocrx_word' id='word_1_597' title='bbox 1114 4500 1241 4570; x_wconf 91' lang='lat' dir='ltr'>ponitur.</span> <span class='ocrx_word' id='word_1_598' title='bbox 1264 4499 1397 4556; x_wconf 75' lang='lat' dir='ltr'>audiunt</span> <span class='ocrx_word' id='word_1_599' title='bbox 1419 4499 1490 4570; x_wconf 86' lang='lat' dir='ltr'>qnia</span> <span class='ocrx_word' id='word_1_600' title='bbox 1508 4499 1631 4571; x_wconf 86' lang='lat' dir='ltr'>ingomi-</span> 
     </span>
     <span class='ocr_line' id='line_1_50' title="bbox 56 4585 1632 4662; baseline -0.003 -15"><span class='ocrx_word' id='word_1_601' title='bbox 56 4590 99 4648; x_wconf 85' lang='lat' dir='ltr'>lde</span> <span class='ocrx_word' id='word_1_602' title='bbox 123 4591 283 4662; x_wconf 87' lang='lat' dir='ltr'>sequitur:</span> <span class='ocrx_word' id='word_1_603' title='bbox 310 4590 384 4657; x_wconf 85' lang='lat' dir='ltr'>Quia</span> <span class='ocrx_word' id='word_1_604' title='bbox 399 4592 492 4659; x_wconf 81' lang='lat' dir='ltr'>justus</span> <span class='ocrx_word' id='word_1_605' title='bbox 517 4592 657 4655; x_wconf 83' lang='lat' dir='ltr'>boninus,</span> <span class='ocrx_word' id='word_1_606' title='bbox 681 4591 730 4660; x_wconf 82' lang='lat' dir='ltr'>qui</span> <span class='ocrx_word' id='word_1_607' title='bbox 784 4587 1075 4659; x_wconf 86' lang='lat' dir='ltr'>scit,quiavideliaet</span> <span class='ocrx_word' id='word_1_608' title='bbox 1093 4587 1173 4657; x_wconf 92' lang='lat' dir='ltr'>lapsa</span> <span class='ocrx_word' id='word_1_609' title='bbox 1197 4587 1295 4643; x_wconf 90' lang='lat' dir='ltr'>anima</span> <span class='ocrx_word' id='word_1_610' title='bbox 1318 4585 1355 4642; x_wconf 84' lang='lat' dir='ltr'>ad</span> <span class='ocrx_word' id='word_1_611' title='bbox 1379 4587 1469 4642; x_wconf 82' lang='grc' dir='ltr'>ιιιιιιιι</span> <span class='ocrx_word' id='word_1_612' title='bbox 1489 4585 1632 4656; x_wconf 87' lang='lat' dir='ltr'>respirare</span> 
     </span>
     <span class='ocr_line' id='line_1_51' title="bbox 64 4674 1633 4750; baseline -0.004 -15"><span class='ocrx_word' id='word_1_613' title='bbox 64 4680 240 4735; x_wconf 83' lang='lat' dir='ltr'>iracundium</span> <span class='ocrx_word' id='word_1_614' title='bbox 262 4681 429 4749; x_wconf 85' lang='lat' dir='ltr'>prouocauit,</span> <span class='ocrx_word' id='word_1_615' title='bbox 450 4678 527 4750; x_wconf 85' lang='lat' dir='ltr'>juste</span> <span class='ocrx_word' id='word_1_616' title='bbox 550 4677 682 4735; x_wconf 85' lang='lat' dir='ltr'>videlicet</span> <span class='ocrx_word' id='word_1_617' title='bbox 693 4677 729 4733; x_wconf 86' lang='lat' dir='ltr'>ad</span> <span class='ocrx_word' id='word_1_618' title='bbox 784 4676 940 4733; x_wconf 84' lang='lat' dir='ltr'>contendit.</span> <span class='ocrx_word' id='word_1_619' title='bbox 956 4675 1089 4732; x_wconf 79' lang='lat' dir='ltr'>Audiunl</span> <span class='ocrx_word' id='word_1_620' title='bbox 1100 4676 1197 4742; x_wconf 87' lang='lat' dir='ltr'>etiam,</span> <span class='ocrx_word' id='word_1_621' title='bbox 1214 4674 1352 4745; x_wconf 81' lang='lat' dir='ltr'>quianon</span> <span class='ocrx_word' id='word_1_622' title='bbox 1369 4679 1409 4728; x_wconf 86' lang='lat' dir='ltr'>esi</span> <span class='ocrx_word' id='word_1_623' title='bbox 1423 4675 1471 4742; x_wconf 81' lang='lat' dir='ltr'>qui</span> <span class='ocrx_word' id='word_1_624' title='bbox 1481 4675 1633 4729; x_wconf 73' lang='lat' dir='ltr'>cmmoietta·</span> 
     </span>
     <span class='ocr_line' id='line_1_52' title="bbox 56 4760 1630 4838; baseline -0.004 -13"><span class='ocrx_word' id='word_1_625' title='bbox 56 4768 244 4825; x_wconf 87' lang='lat' dir='ltr'>nconveniens</span> <span class='ocrx_word' id='word_1_626' title='bbox 268 4768 363 4836; x_wconf 80' lang='lat' dir='ltr'>duxit,</span> <span class='ocrx_word' id='word_1_627' title='bbox 386 4767 457 4838; x_wconf 88' lang='lat' dir='ltr'>quia</span> <span class='ocrx_word' id='word_1_628' title='bbox 481 4765 580 4823; x_wconf 91' lang='lat' dir='ltr'>divina</span> <span class='ocrx_word' id='word_1_629' title='bbox 601 4780 660 4822; x_wconf 89' lang='lat' dir='ltr'>non</span> <span class='ocrx_word' id='word_1_630' title='bbox 678 4779 730 4835; x_wconf 93' lang='lat' dir='ltr'>pro</span> <span class='ocrx_word' id='word_1_631' title='bbox 782 4779 860 4831; x_wconf 90' lang='lat' dir='ltr'>eum,</span> <span class='ocrx_word' id='word_1_632' title='bbox 875 4778 933 4820; x_wconf 91' lang='lat' dir='ltr'>non</span> <span class='ocrx_word' id='word_1_633' title='bbox 945 4776 1095 4833; x_wconf 91' lang='lat' dir='ltr'>superesse</span> <span class='ocrx_word' id='word_1_634' title='bbox 1108 4763 1211 4834; x_wconf 85' lang='lat' dir='ltr'>utique</span> <span class='ocrx_word' id='word_1_635' title='bbox 1224 4763 1331 4827; x_wconf 91' lang='lat' dir='ltr'>animo,</span> <span class='ocrx_word' id='word_1_636' title='bbox 1352 4760 1403 4832; x_wconf 83' lang='lat' dir='ltr'>qui</span> <span class='ocrx_word' id='word_1_637' title='bbox 1418 4775 1505 4831; x_wconf 91' lang='lat' dir='ltr'>super</span> <span class='ocrx_word' id='word_1_638' title='bbox 1523 4763 1630 4819; x_wconf 89' lang='lat' dir='ltr'>virtute</span> 
     </span>
     <span class='ocr_line' id='line_1_53' title="bbox 56 4848 1631 4928; baseline -0.006 -15"><span class='ocrx_word' id='word_1_639' title='bbox 56 4858 84 4914; x_wconf 96' lang='lat' dir='ltr'>lo</span> <span class='ocrx_word' id='word_1_640' title='bbox 103 4858 187 4928; x_wconf 86' lang='lat' dir='ltr'>quasi</span> <span class='ocrx_word' id='word_1_641' title='bbox 214 4858 242 4912; x_wconf 93' lang='lat' dir='ltr'>in</span> <span class='ocrx_word' id='word_1_642' title='bbox 261 4857 362 4913; x_wconf 84' lang='lat' dir='ltr'>laniem</span> <span class='ocrx_word' id='word_1_643' title='bbox 385 4857 443 4912; x_wconf 89' lang='lat' dir='ltr'>Deo</span> <span class='ocrx_word' id='word_1_644' title='bbox 461 4854 648 4911; x_wconf 83' lang='lat' dir='ltr'>maledixit«</span> <span class='ocrx_word' id='word_1_645' title='bbox 666 4853 730 4911; x_wconf 81' lang='lat' dir='ltr'>An·</span> <span class='ocrx_word' id='word_1_646' title='bbox 783 4852 898 4909; x_wconf 88' lang='lat' dir='ltr'>interna</span> <span class='ocrx_word' id='word_1_647' title='bbox 917 4850 1059 4908; x_wconf 91' lang='lat' dir='ltr'>consolari</span> <span class='ocrx_word' id='word_1_648' title='bbox 1078 4850 1166 4921; x_wconf 91' lang='lat' dir='ltr'>possit</span> <span class='ocrx_word' id='word_1_649' title='bbox 1186 4862 1264 4907; x_wconf 89' lang='lat' dir='ltr'>cum.</span> <span class='ocrx_word' id='word_1_650' title='bbox 1284 4871 1295 4898; x_wconf 80' lang='grc' dir='ltr'>ι</span> <span class='ocrx_word' id='word_1_651' title='bbox 1320 4848 1426 4905; x_wconf 89' lang='lat' dir='ltr'>Omnes</span> <span class='ocrx_word' id='word_1_652' title='bbox 1447 4848 1556 4906; x_wconf 90' lang='lat' dir='ltr'>inimici</span> <span class='ocrx_word' id='word_1_653' title='bbox 1576 4849 1631 4906; x_wconf 86' lang='lat' dir='ltr'>mei</span> 
     </span>
     <span class='ocr_line' id='line_1_54' title="bbox 56 4937 1632 5016; baseline -0.004 -15"><span class='ocrx_word' id='word_1_654' title='bbox 56 4958 125 5012; x_wconf 77' lang='lat' dir='ltr'>acro,</span> <span class='ocrx_word' id='word_1_655' title='bbox 148 4944 277 5001; x_wconf 89' lang='lat' dir='ltr'>universi</span> <span class='ocrx_word' id='word_1_656' title='bbox 300 4943 410 5016; x_wconf 91' lang='lat' dir='ltr'>populi,</span> <span class='ocrx_word' id='word_1_657' title='bbox 436 4950 463 5000; x_wconf 94' lang='lat' dir='ltr'>et</span> <span class='ocrx_word' id='word_1_658' title='bbox 486 4942 579 4999; x_wconf 90' lang='lat' dir='ltr'>videte</span> <span class='ocrx_word' id='word_1_659' title='bbox 602 4941 728 4998; x_wconf 91' lang='lat' dir='ltr'>dolorem</span> <span class='ocrx_word' id='word_1_660' title='bbox 787 4941 972 4997; x_wconf 85' lang='lat' dir='ltr'>»audierunt</span> <span class='ocrx_word' id='word_1_661' title='bbox 987 4938 1096 4996; x_wconf 91' lang='lat' dir='ltr'>malurn</span> <span class='ocrx_word' id='word_1_662' title='bbox 1112 4953 1219 5005; x_wconf 91' lang='lat' dir='ltr'>meum,</span> <span class='ocrx_word' id='word_1_663' title='bbox 1242 4937 1330 4994; x_wconf 87' lang='lat' dir='ltr'>laetati</span> <span class='ocrx_word' id='word_1_664' title='bbox 1348 4944 1428 5004; x_wconf 91' lang='lat' dir='ltr'>sunt,</span> <span class='ocrx_word' id='word_1_665' title='bbox 1445 4937 1583 5008; x_wconf 84' lang='lat' dir='ltr'>quonlam</span> <span class='ocrx_word' id='word_1_666' title='bbox 1600 4945 1632 4994; x_wconf 94' lang='lat' dir='ltr'>tu</span> 
     </span>
     <span class='ocr_line' id='line_1_55' title="bbox 71 5024 1633 5103; baseline -0.004 -13"><span class='ocrx_word' id='word_1_667' title='bbox 71 5033 208 5090; x_wconf 87' lang='lat' dir='ltr'>Obsecrat</span> <span class='ocrx_word' id='word_1_668' title='bbox 231 5033 383 5090; x_wconf 90' lang='lat' dir='ltr'>universos</span> <span class='ocrx_word' id='word_1_669' title='bbox 406 5031 525 5103; x_wconf 90' lang='lat' dir='ltr'>populos</span> <span class='ocrx_word' id='word_1_670' title='bbox 542 5038 575 5087; x_wconf 94' lang='lat' dir='ltr'>ut</span> <span class='ocrx_word' id='word_1_671' title='bbox 597 5030 728 5096; x_wconf 90' lang='lat' dir='ltr'>audiant,</span> <span class='ocrx_word' id='word_1_672' title='bbox 786 5028 944 5085; x_wconf 77' lang='lat' dir='ltr'>»iecisti.»</span> <span class='ocrx_word' id='word_1_673' title='bbox 975 5025 1055 5094; x_wconf 85' lang='lat' dir='ltr'>Quod</span> <span class='ocrx_word' id='word_1_674' title='bbox 1081 5034 1123 5083; x_wconf 89' lang='lat' dir='ltr'>est</span> <span class='ocrx_word' id='word_1_675' title='bbox 1142 5027 1258 5082; x_wconf 89' lang='lat' dir='ltr'>dicere:</span> <span class='ocrx_word' id='word_1_676' title='bbox 1282 5025 1387 5082; x_wconf 89' lang='lat' dir='ltr'>Omnes</span> <span class='ocrx_word' id='word_1_677' title='bbox 1411 5024 1556 5082; x_wconf 89' lang='lat' dir='ltr'>interioris</span> <span class='ocrx_word' id='word_1_678' title='bbox 1578 5026 1633 5083; x_wconf 90' lang='lat' dir='ltr'>bo-</span> 
     </span>
     <span class='ocr_line' id='line_1_56' title="bbox 56 5112 1633 5191; baseline -0.004 -14"><span class='ocrx_word' id='word_1_679' title='bbox 56 5134 131 5177; x_wconf 81' lang='lat' dir='ltr'>rava</span> <span class='ocrx_word' id='word_1_680' title='bbox 151 5120 327 5191; x_wconf 89' lang='lat' dir='ltr'>operationis</span> <span class='ocrx_word' id='word_1_681' title='bbox 351 5119 500 5176; x_wconf 88' lang='lat' dir='ltr'>inlamiam</span> <span class='ocrx_word' id='word_1_682' title='bbox 525 5132 624 5176; x_wconf 90' lang='lat' dir='ltr'>omnes</span> <span class='ocrx_word' id='word_1_683' title='bbox 649 5116 731 5174; x_wconf 89' lang='lat' dir='ltr'>solli·</span> <span class='ocrx_word' id='word_1_684' title='bbox 784 5116 870 5172; x_wconf 92' lang='lat' dir='ltr'>minis</span> <span class='ocrx_word' id='word_1_685' title='bbox 888 5116 993 5182; x_wconf 89' lang='lat' dir='ltr'>bostes,</span> <span class='ocrx_word' id='word_1_686' title='bbox 1003 5128 1070 5171; x_wconf 91' lang='lat' dir='ltr'>cum</span> <span class='ocrx_word' id='word_1_687' title='bbox 1085 5113 1307 5184; x_wconf 79' lang='lat' dir='ltr'>subintelligunt</span> <span class='ocrx_word' id='word_1_688' title='bbox 1317 5112 1372 5169; x_wconf 91' lang='lat' dir='ltr'>sibi</span> <span class='ocrx_word' id='word_1_689' title='bbox 1385 5113 1530 5169; x_wconf 89' lang='lat' dir='ltr'>bominem</span> <span class='ocrx_word' id='word_1_690' title='bbox 1548 5114 1633 5171; x_wconf 85' lang='lat' dir='ltr'>aliea</span> 
     </span>
     <span class='ocr_line' id='line_1_57' title="bbox 56 5200 1633 5277; baseline -0.006 -10"><span class='ocrx_word' id='word_1_691' title='bbox 56 5222 108 5266; x_wconf 71' lang='lat' dir='ltr'>am</span> <span class='ocrx_word' id='word_1_692' title='bbox 123 5217 235 5266; x_wconf 89' lang='lat' dir='ltr'>contrat</span> <span class='ocrx_word' id='word_1_693' title='bbox 248 5223 278 5266; x_wconf 89' lang='lat' dir='ltr'>se</span> <span class='ocrx_word' id='word_1_694' title='bbox 294 5209 341 5264; x_wconf 89' lang='lat' dir='ltr'>llei</span> <span class='ocrx_word' id='word_1_695' title='bbox 358 5207 538 5264; x_wconf 78' lang='lat' dir='ltr'>considerare</span> <span class='ocrx_word' id='word_1_696' title='bbox 547 5206 729 5263; x_wconf 88' lang='lat' dir='ltr'>sententiam.</span> <span class='ocrx_word' id='word_1_697' title='bbox 785 5204 909 5277; x_wconf 92' lang='lat' dir='ltr'>permitti</span> <span class='ocrx_word' id='word_1_698' title='bbox 924 5210 1044 5271; x_wconf 86' lang='lat' dir='ltr'>tentare,</span> <span class='ocrx_word' id='word_1_699' title='bbox 1060 5203 1205 5271; x_wconf 80' lang='lat' dir='ltr'>latentur,</span> <span class='ocrx_word' id='word_1_700' title='bbox 1226 5200 1365 5272; x_wconf 87' lang='lat' dir='ltr'>quoniam</span> <span class='ocrx_word' id='word_1_701' title='bbox 1381 5200 1465 5272; x_wconf 86' lang='lat' dir='ltr'>quasi</span> <span class='ocrx_word' id='word_1_702' title='bbox 1489 5201 1633 5272; x_wconf 91' lang='lat' dir='ltr'>optionem</span> 
     </span>
     <span class='ocr_line' id='line_1_58' title="bbox 58 5288 1636 5368; baseline -0.005 -13"><span class='ocrx_word' id='word_1_703' title='bbox 58 5298 111 5368; x_wconf 88' lang='lat' dir='ltr'>uit,</span> <span class='ocrx_word' id='word_1_704' title='bbox 127 5299 245 5355; x_wconf 78' lang='lat' dir='ltr'>delmem</span> <span class='ocrx_word' id='word_1_705' title='bbox 259 5313 356 5367; x_wconf 89' lang='lat' dir='ltr'>meum,</span> <span class='ocrx_word' id='word_1_706' title='bbox 373 5310 431 5353; x_wconf 93' lang='lat' dir='ltr'>non</span> <span class='ocrx_word' id='word_1_707' title='bbox 450 5309 509 5366; x_wconf 85' lang='lat' dir='ltr'>quo</span> <span class='ocrx_word' id='word_1_708' title='bbox 532 5308 585 5367; x_wconf 82' lang='lat' dir='ltr'>ego</span> <span class='ocrx_word' id='word_1_709' title='bbox 610 5293 732 5351; x_wconf 90' lang='lat' dir='ltr'>miseriis</span> <span class='ocrx_word' id='word_1_710' title='bbox 783 5294 824 5351; x_wconf 89' lang='lat' dir='ltr'>eis</span> <span class='ocrx_word' id='word_1_711' title='bbox 839 5292 980 5349; x_wconf 89' lang='lat' dir='ltr'>intuleris.</span> <span class='ocrx_word' id='word_1_712' title='bbox 1002 5311 1014 5341; x_wconf 72' lang='lat' dir='ltr'>r</span> <span class='ocrx_word' id='word_1_713' title='bbox 1039 5289 1277 5347; x_wconf 82' lang='lat' dir='ltr'>Adduxistidiem</span> <span class='ocrx_word' id='word_1_714' title='bbox 1293 5288 1509 5358; x_wconf 89' lang='lat' dir='ltr'>consolationis,</span> <span class='ocrx_word' id='word_1_715' title='bbox 1524 5296 1553 5346; x_wconf 91' lang='lat' dir='ltr'>et</span> <span class='ocrx_word' id='word_1_716' title='bbox 1566 5290 1636 5347; x_wconf 86' lang='lat' dir='ltr'>liant</span> 
     </span>
     <span class='ocr_line' id='line_1_59' title="bbox 68 5377 1635 5456; baseline -0.006 -12"><span class='ocrx_word' id='word_1_717' title='bbox 68 5387 161 5445; x_wconf 86' lang='lat' dir='ltr'>neiasl</span> <span class='ocrx_word' id='word_1_718' title='bbox 180 5385 333 5453; x_wconf 89' lang='lat' dir='ltr'>indoleam,</span> <span class='ocrx_word' id='word_1_719' title='bbox 353 5383 403 5442; x_wconf 89' lang='lat' dir='ltr'>sed</span> <span class='ocrx_word' id='word_1_720' title='bbox 414 5383 492 5456; x_wconf 85' lang='lat' dir='ltr'>quod</span> <span class='ocrx_word' id='word_1_721' title='bbox 510 5389 617 5440; x_wconf 87' lang='lat' dir='ltr'>statum</span> <span class='ocrx_word' id='word_1_722' title='bbox 633 5381 732 5439; x_wconf 92' lang='lat' dir='ltr'>dolore</span> <span class='ocrx_word' id='word_1_723' title='bbox 787 5402 799 5432; x_wconf 87' lang='lat'><strong>›</strong></span> <span class='ocrx_word' id='word_1_724' title='bbox 816 5380 923 5438; x_wconf 90' lang='lat' dir='ltr'>similes</span> <span class='ocrx_word' id='word_1_725' title='bbox 936 5378 1002 5438; x_wconf 88' lang='lat' dir='ltr'>mei.</span> <span class='ocrx_word' id='word_1_726' title='bbox 1018 5399 1029 5428; x_wconf 76' lang='grc' dir='ltr'>ι</span> <span class='ocrx_word' id='word_1_727' title='bbox 1047 5377 1123 5435; x_wconf 83' lang='lat' dir='ltr'>Deus</span> <span class='ocrx_word' id='word_1_728' title='bbox 1137 5384 1244 5445; x_wconf 66' lang='lat' dir='ltr'>umen,</span> <span class='ocrx_word' id='word_1_729' title='bbox 1259 5377 1409 5448; x_wconf 84' lang='lat' dir='ltr'>siquando</span> <span class='ocrx_word' id='word_1_730' title='bbox 1425 5377 1554 5450; x_wconf 84' lang='lat' dir='ltr'>aliquam</span> <span class='ocrx_word' id='word_1_731' title='bbox 1564 5393 1635 5435; x_wconf 91' lang='lat' dir='ltr'>con·</span> 
     </span>
     <span class='ocr_line' id='line_1_60' title="bbox 56 5465 1636 5547; baseline -0.008 -13"><span class='ocrx_word' id='word_1_732' title='bbox 56 5488 139 5534; x_wconf 78' lang='lat' dir='ltr'>leam.</span> <span class='ocrx_word' id='word_1_733' title='bbox 154 5497 165 5528; x_wconf 79' lang='grc' dir='ltr'>ι</span> <span class='ocrx_word' id='word_1_734' title='bbox 182 5473 317 5547; x_wconf 79' lang='lat' dir='ltr'>Virgines</span> <span class='ocrx_word' id='word_1_735' title='bbox 330 5479 441 5531; x_wconf 86' lang='lat' dir='ltr'>meaeot</span> <span class='ocrx_word' id='word_1_736' title='bbox 453 5472 576 5545; x_wconf 85' lang='lat' dir='ltr'>juvenes</span> <span class='ocrx_word' id='word_1_737' title='bbox 586 5468 642 5528; x_wconf 91' lang='lat' dir='ltr'>mei</span> <span class='ocrx_word' id='word_1_738' title='bbox 658 5468 734 5526; x_wconf 76' lang='lat' dir='ltr'>abio</span> <span class='ocrx_word' id='word_1_739' title='bbox 785 5467 952 5526; x_wconf 89' lang='lat' dir='ltr'>solationem</span> <span class='ocrx_word' id='word_1_740' title='bbox 981 5465 1164 5538; x_wconf 89' lang='lat' dir='ltr'>resipiscendi</span> <span class='ocrx_word' id='word_1_741' title='bbox 1186 5465 1306 5535; x_wconf 82' lang='lat' dir='ltr'>captiva</span> <span class='ocrx_word' id='word_1_742' title='bbox 1328 5465 1418 5522; x_wconf 87' lang='lat' dir='ltr'>mentl</span> <span class='ocrx_word' id='word_1_743' title='bbox 1441 5465 1571 5535; x_wconf 91' lang='lat' dir='ltr'>inducat,</span> <span class='ocrx_word' id='word_1_744' title='bbox 1598 5465 1636 5523; x_wconf 88' lang='lat' dir='ltr'>ad</span> 
     </span>
    </p>
   </div>
   <div class='ocr_carea' id='block_1_3' title="bbox 62 5569 1458 5641">
    <p class='ocr_par' dir='ltr' id='par_1_3' title="bbox 62 5569 1458 5641">
     <span class='ocr_line' id='line_1_61' title="bbox 62 5569 1458 5641; baseline -0.009 0"><span class='ocrx_word' id='word_1_745' title='bbox 62 5574 201 5641; x_wconf 75' lang='lat' dir='ltr'>Parnon.</span> <span class='ocrx_word' id='word_1_746' title='bbox 228 5572 330 5640; x_wconf 79' lang='lat' dir='ltr'>cuvt.</span> <span class='ocrx_word' id='word_1_747' title='bbox 1418 5569 1458 5629; x_wconf 83' lang='lat' dir='ltr'>lii</span> 
     </span>
    </p>
   </div>
   <div class='ocr_carea' id='block_1_4' title="bbox 0 0 1914 6008">
    <p class='ocr_par' dir='ltr' id='par_1_4' title="bbox 0 0 1914 6008">
     <span class='ocr_line' id='line_1_62' title="bbox 0 0 1914 6008; baseline 0 0"><span class='ocrx_word' id='word_1_748' title='bbox 0 0 1914 6008; x_wconf 95' lang='lat' dir='ltr'> </span> 
     </span>
    </p>
   </div>
  </div>
 </body>
</html>
