3818 6008
400 220 594 312 annuendi*
609 253 655 309 be
672 254 793 311 illitae.
814 254 845 312 S.
870 256 988 312 ttthAE
1008 257 1160 315 crubuit.
1178 289 1212 300 -
1225 260 1292 316 tta.
1314 262 1334 317 l.
1453 297 1459 303 -
1689 268 1742 322 970

73 395 105 445 ut
129 388 212 445 multi
234 388 392 444 incolarum
417 389 544 446 dicerent
569 390 707 448 iratribus
734 392 840 448 nostris
857 395 880 446 Α
896 394 954 450 ritii
971 394 1202 453 laceretdelerri.
1229 398 1377 469 Evigilans
1405 399 1509 456 mulier
1537 403 1656 473 rogabat
1681 417 1741 460 ma-

56 476 416 548 lomniaqueebabebant
434 478 474 534 eis
492 478 628 536 auferret.
649 480 716 535 Erat
743 487 839 537 autem
894 481 983 539 ritum
1002 491 1034 539 ut
1058 485 1113 540 cito
1144 485 1315 542 deterretur.
1347 487 1396 543 llle
1417 502 1475 543 non
1504 489 1627 546 multum
1651 491 1741 560 dives,

60 562 172 621 iussere
189 564 354 634 quindecim
368 578 511 621 annorum
528 579 545 620 a
562 565 710 623 nativitate
732 568 839 624 surdus
893 569 1022 626 lecticam
1039 579 1169 642 paratam
1194 587 1253 630 non
1269 574 1387 643 babens,
1411 576 1476 632 lecit
1501 591 1564 634 eam
1591 578 1692 635 deterri
1711 580 1741 635 in

56 661 146 709 tutus.
188 651 347 708 Perterritis
371 667 440 725 ergo
470 653 608 711 iratribus
641 655 747 711 nostris
784 655 839 712 cito
892 656 1155 727 villiustrumento,
1171 661 1247 730 quod
1266 661 1424 734 vulgariter
1444 677 1573 720 vannum
1604 680 1741 723 vocamus

59 741 296 799 ricordiaelllater
321 743 475 798 succurrit.
503 743 624 808 Quidam
641 758 768 814 namque
793 758 837 801 re·
892 743 921 800 in
950 760 1007 816 quo
1045 760 1161 803 annona
1182 763 1304 805 excussa
1332 751 1451 822 purgari
1477 752 1556 808 solet.
1589 755 1742 824 supposita

56 845 107 887 sus
136 830 297 886 monachus
327 829 365 886 ibi
391 830 534 897 babitans,
557 831 662 888 auditis
691 832 838 889 miraculis
891 847 960 904 ergo
977 833 1079 891 leretro
1107 836 1239 906 protinus
1253 837 1436 907 obdormivit,
1452 847 1480 895 et
1505 848 1567 909 post
1596 841 1740 899 modicum

56 918 241 986 inanestrm,
260 933 326 975 cum
353 932 458 990 magno
475 919 584 975 honore
612 919 749 977 teretrum
774 922 838 992 eius
890 920 1031 993 evigilans
1070 937 1141 978 sana
1181 925 1316 982 surrexit.
1354 926 1461 982 Deinde
1488 928 1589 984 leretro
1622 929 1738 997 sociata,

56 1004 146 1062 eclesia
159 1006 294 1076 suscepit,
315 1006 417 1063 deinde
443 1007 596 1064 revestitus
616 1008 754 1080 reliquias
774 1008 838 1079 ejus
890 1011 1004 1068 vidente
1019 1012 1124 1083 populo
1144 1013 1298 1072 subsecuta
1320 1023 1361 1072 est
1378 1015 1448 1073 illud
1472 1031 1564 1088 usque
1586 1017 1622 1073 ad
1647 1018 1740 1076 eccle-

58 1108 94 1149 no
110 1101 138 1150 et
153 1109 232 1165 aqua
249 1094 328 1157 lavit,
350 1103 438 1165 eaput
450 1101 520 1150 §tlt
542 1103 569 1151 et
583 1096 684 1153 taciem
711 1095 839 1169 praedicti
890 1099 962 1159 siam
974 1098 1070 1156 Sancti
1086 1102 1207 1158 blartini.

56 1181 189 1253 uisaque
205 1183 266 1253 ipsa
291 1183 426 1254 pertudit,
443 1191 471 1240 et
491 1199 528 1241 ex
551 1199 586 1241 ea
612 1193 711 1256 potum
724 1186 749 1241 ei
765 1186 839 1242 dans
924 1209 992 1264 gn,
1007 1207 1081 1266 pflp
1096 1239 1131 1249 ,
1147 1210 1301 1279 „ej-,me
1314 1211 1401 1266 ,urdo
1418 1214 1445 1266 ,g
1458 1214 1537 1268 „wgo
1555 1213 1676 1271 strong

56 1271 155 1329 ieretro
171 1286 237 1328 eum
249 1273 416 1330 recumbere
428 1272 531 1343 jussit3
557 1273 615 1345 ipse
629 1289 697 1331 vero
714 1274 836 1346 genibus
1262 1286 1362 1336 curato

56 1361 233 1418 sDominam
259 1369 386 1417 nostram
412 1362 581 1432 suppliciter
594 1362 715 1419 erora're
742 1363 836 1433 cepit.
926 1363 987 1431 Quo
1010 1364 1108 1421 audito
1131 1366 1260 1422 canonici
1286 1367 1380 1423 Sancti
1400 1369 1527 1439 Martini,
1539 1385 1605 1427 cum
1636 1372 1740 1430 abbate

57 1463 148 1516 mora,
171 1449 289 1521 iuvenis
308 1450 462 1518 obdormit,
484 1451 654 1521 cunctisque
674 1451 838 1507 videntibus
891 1452 986 1509 Sancti
1011 1452 1128 1521 Juliani,
1158 1454 1272 1509 obviam
1297 1457 1466 1525 procedunt,
1491 1466 1519 1514 et
1544 1473 1610 1514 cum
1633 1461 1740 1517 bonore

58 1536 200 1592 anxietate
223 1535 312 1592 sudor
327 1550 362 1591 cx
390 1543 446 1592 toto
472 1536 536 1607 eius
559 1551 679 1607 corpore
709 1537 836 1606 prolluit,
891 1539 1018 1597 maximo
1031 1540 1170 1611 reliquias
1197 1542 1324 1599 Itomime
1348 1552 1452 1600 nostrae
1473 1545 1643 1616 suscipiunt.
1671 1548 1740 1605 Erat

56 1623 158 1680 acirca
176 1637 264 1679 aures
293 1631 473 1695 turgescunt,
505 1624 625 1696 sanguis
651 1639 688 1680 ex
717 1624 838 1681 auribus
893 1627 923 1684 in
943 1627 1042 1685 eadem
1072 1629 1187 1684 civitate
1211 1629 1331 1699 qttidam
1356 1632 1474 1701 juvenis
1496 1647 1513 1688 a
1536 1634 1636 1690 matris
1658 1643 1740 1692 utero

56 1711 110 1768 tim
124 1711 228 1768 exsilit.
250 1712 386 1769 Protinus
412 1712 552 1784 evigilans
582 1714 718 1783 surrexit,
744 1722 772 1772 et
791 1729 839 1771 vo-
857 1688 879 1742 B
894 1715 1037 1772 surduset
1053 1721 1160 1778 mutus,
1178 1730 1264 1787 quem
1281 1732 1357 1774 unus
1372 1733 1409 1774 ex
1427 1719 1587 1777 lullonibns
1608 1721 1742 1780 inlautu-

55 1800 185 1871 tuasdam
201 1800 329 1857 emittere
342 1800 436 1871 eoepit.
894 1804 954 1861 lum
970 1811 1117 1874 repertum
1141 1804 1283 1862 nutrierat
1297 1813 1324 1862 et
1340 1807 1493 1864 educatum
1518 1818 1578 1866 arte
1607 1825 1660 1867 sua
1686 1812 1740 1867 im·

56 1888 181 1945 inachus
194 1890 230 1944 ab
258 1889 386 1945 oratione
412 1903 535 1960 surgens
549 1889 633 1947 laetus
661 1889 795 1956 accurrit,
812 1897 840 1947 et
893 1892 1006 1948 buerat.
1019 1890 1069 1946 llic
1083 1904 1151 1961 ergo
1171 1890 1312 1947 adductus
1328 1892 1364 1947 ad
1391 1894 1518 1950 Dominae
1540 1904 1643 1952 nostrae
1671 1897 1741 1952 reli-

57 1991 122 2033 uem
138 1977 307 2047 alloquitur.
323 1975 383 2045 llle,
398 1979 448 2048 qui
466 1992 618 2048 nunquam
633 1985 718 2034 antea
740 1977 840 2035 audie-
894 1979 988 2051 quiae,
1019 1978 1074 2034 sub
1108 1977 1212 2034 leretro
1240 1980 1373 2035 recubuit
1406 1988 1434 2037 et
1466 1981 1648 2040 obdormivit.
1683 1983 1741 2040 Nec

69 2066 242 2134 respondere
266 2064 419 2130 nesciebat,
446 2065 494 2120 sed
510 2065 587 2135 quod
607 2065 743 2142 audiebat
769 2065 840 2122 alios
893 2079 983 2134 mora,
998 2064 1112 2120 anxiari
1130 2071 1158 2121 et
1172 2078 1209 2120 en
1234 2071 1290 2120 toto
1309 2080 1426 2137 corpore
1455 2069 1587 2125 sudorem
1611 2071 1740 2128 emittere

56 2160 122 2221 ntes,
150 2153 223 2209 idem
252 2161 314 2223 post
332 2166 380 2209 eos
395 2152 456 2223 ipse
482 2153 681 2224 prosequendo
704 2153 839 2210 imitaba-
893 2154 987 2224 eoepit,
1011 2153 1124 2219 deinde,
1156 2153 1237 2209 venis
1261 2153 1336 2209 circa
1362 2169 1448 2211 aures
1476 2156 1592 2226 indetis,
1621 2160 1740 2232 sanguis

74 2238 174 2295 Statim
216 2239 375 2295 inonachus
404 2239 489 2310 signa
528 2239 671 2310 pulsando
699 2242 838 2311 populum
894 2242 1016 2301 ubertim
1034 2243 1148 2313 exejus
1163 2243 1283 2298 auribus
1298 2243 1446 2312 prolluxit.
1463 2246 1597 2303 Protinus
1614 2249 1742 2306 surrexit

56 2335 98 2397 at,
117 2328 253 2398 juvenem
279 2327 443 2398 loquentem
471 2336 498 2384 et
513 2329 677 2385 audientem
706 2329 837 2398 ostendit,
892 2339 920 2387 et
932 2330 1053 2397 audivit,
1070 2344 1122 2386 nec
1144 2338 1238 2386 tamen
1265 2329 1342 2402 loqui
1373 2331 1488 2400 sciebat,
1514 2334 1584 2405 qula
1616 2349 1674 2391 non
1697 2337 1741 2393 di-

55 2431 96 2474 tm
117 2415 224 2487 gaudio
244 2416 440 2486 lacrymando,
460 2417 498 2472 Te
514 2421 600 2472 bearn
629 2417 782 2473 laedamus
796 2417 838 2473 in·
893 2418 1010 2484 dioerat,
1030 2416 1077 2472 sed
1092 2416 1168 2487 quod
1185 2416 1256 2473 alios
1269 2417 1348 2487 loqui
1368 2418 1512 2487 audiebat,
1528 2421 1581 2477 boc
1609 2423 1740 2480 dicebat:

56 2546 67 2559 ,.
83 2505 210 2581 Nuntius
223 2520 239 2560 e
253 2505 373 2577 vestigio
398 2505 434 2561 ad
464 2513 575 2576 patrem
602 2506 636 2563 de
652 2507 761 2577 rapinis
789 2520 838 2562 ve·
892 2506 984 2577 Cujus
998 2519 1102 2561 nomen
1128 2505 1197 2574 quia
1216 2505 1408 2573 nesciebatur,
1425 2510 1554 2565 canonici
1570 2512 1659 2567 nostri
1674 2527 1741 2569 eum

56 2602 117 2652 rtem
147 2593 402 2671 diripiundum
428 2593 492 2664 ejns
527 2595 586 2650 lilio
613 2596 764 2667 contigerit
792 2608 840 2651 re·
893 2594 1112 2664 appellaverunt
1131 2593 1337 2649 Christianum.
1364 2593 1577 2666 Sociatusergo
1603 2598 1742 2654 iratribus

56 2696 89 2738 tr.
135 2681 184 2736 llle
224 2681 361 2736 continuo
398 2680 586 2740 discalceatus
615 2682 651 2738 ad
691 2683 839 2739 ecclesiam
893 2681 998 2738 nostris
1013 2680 1091 2736 venit
1105 2694 1171 2736 cum
1187 2680 1227 2735 eis
1244 2679 1428 2748 caudunum,
1443 2689 1470 2736 et
1487 2681 1544 2738 lere
1561 2692 1668 2753 septem
1686 2697 1742 2739 an-

56 2785 75 2827 s
104 2771 205 2838 currit,
222 2779 249 2826 et
281 2784 376 2826 coram
406 2769 509 2826 leretro
539 2778 699 2840 prostratus
727 2771 838 2827 miseri·
893 2770 939 2826 nis
961 2770 1066 2826 mansit
1091 2769 1120 2824 in
1142 2769 1226 2824 domo
1249 2767 1387 2825 Gnidonis
1406 2769 1602 2826 archidiaconi
1625 2771 1742 2829 laudu-

59 2858 93 2917 ite
129 2859 212 2916 Matri
249 2858 358 2930 gratias
391 2858 461 2929 agit,
486 2857 552 2914 inde
580 2858 774 2931 quadraginta
794 2874 838 2915 so-
893 2856 1000 2914 nensis.

56 2965 71 3013 v,
85 2947 224 3020 quoniam
247 2961 305 3004 nou
326 2947 417 3004 multa
433 2946 557 3018 pecunia
580 2946 758 3017 abundabat,
788 2948 838 3004 ob·
858 2984 879 3042 C
893 2964 960 3022 epp.
977 2965 1023 3020 vx,
1040 2993 1075 3006 ..
1088 2967 1133 3089 nee
1145 2961 1273 3090 oinrllicta
1287 2963 1603 3091 specladdtocrglaesacta
1617 2965 1656 3020 aa
1670 2968 1745 3023 san.

1105 3051 1182 3090 cllm
1217 3050 1307 3091 aureli
1319 3051 1379 3089 illm
1415 3050 1431 3088 e
1500 3052 1529 3090 a.

56 3151 89 3192 tr.
111 3135 160 3192 Vl.
175 3165 210 3175 -
225 3135 265 3190 De
277 3133 445 3206 paeesaeta
456 3131 596 3189 interduo
612 3135 734 3191 castella
930 3122 1042 3195 Egressi
1062 3123 1096 3179 de
1112 3123 1184 3180 urbe
1199 3121 1358 3178 Turonensi
1378 3131 1520 3179 venerunt
1545 3123 1581 3180 ad
1605 3123 1743 3182 Sanctum

326 3203 506 3260 desidentia.
894 3210 1082 3268 Laurentium
1106 3211 1141 3266 de
1170 3209 1247 3276 Cala,
1276 3210 1306 3264 in
1334 3209 1404 3266 iestc
1436 3208 1566 3280 eiusdem
1594 3212 1741 3283 martyris.

56 3301 98 3358 inc
112 3300 148 3358 ad
163 3301 244 3360 eliud
266 3300 415 3360 castellum
432 3301 547 3358 duobus
569 3308 681 3358 tantum
698 3301 840 3358 milliariis
893 3298 1052 3355 Monachus
1067 3298 1187 3367 quidam
1211 3297 1249 3354 ibi
1268 3298 1401 3355 habitans
1422 3298 1515 3357 noluit
1529 3302 1569 3357 eis
1590 3304 1744 3360 concedere

56 3398 130 3447 atum
155 3390 257 3447 iratres
281 3388 370 3447 nostri
397 3388 438 3446 ire
456 3390 622 3457 voluerunt,
642 3390 702 3459 sed,
725 3396 841 3461 propter
894 3393 926 3441 ut
941 3392 1095 3455 poneretur
1110 3385 1245 3442 teretrum
1261 3386 1389 3442 Dominae
1417 3395 1521 3444 nostre
1545 3403 1634 3458 super
1653 3391 1743 3447 altare

55 3485 130 3535 atem
149 3486 176 3535 et
200 3480 312 3548 praedas
333 3477 409 3533 illius
436 3478 569 3548 raptoris,
596 3477 695 3533 nullus
723 3476 840 3534 inhabi-
894 3471 989 3529 Sancti
1017 3472 1174 3540 Laurentii,
1196 3472 1244 3528 sed
1271 3486 1358 3541 super
1372 3474 1519 3543 quondam
1541 3475 1639 3531 minus
1654 3477 1743 3532 altare

56 3567 114 3624 ium
146 3581 212 3623 cum
238 3566 279 3623 eis
304 3566 373 3623 illuc
400 3566 525 3623 audebat
555 3565 705 3636 proficisci.
731 3567 840 3622 Tamen
894 3561 922 3615 in
943 3568 1022 3631 parte
1045 3560 1170 3616 ecclesiae
1192 3559 1256 3616 lecit
1281 3560 1353 3616 illud
1380 3562 1458 3630 poni,
1483 3561 1586 3619 timens
1610 3563 1742 3621 videlicet

56 3662 194 3725 crantor,
215 3654 413 3712 misericordia
434 3655 483 3711 Dei
508 3654 659 3711 Genitricis
681 3654 838 3720 animatus,
893 3650 1022 3705 amittere
1036 3647 1209 3704 oderendant
1225 3657 1390 3704 consuetam
1416 3649 1446 3704 in
1460 3650 1558 3706 eodem
1584 3650 1664 3708 testo.
1689 3650 1742 3707 Sed

83 3742 223 3801 militibus
257 3743 318 3800 suis
340 3750 368 3799 et
400 3743 510 3800 caeteris
535 3742 744 3799 habitatoribus
768 3743 838 3798 lere-
893 3751 959 3793 cum
974 3737 1155 3793 Turonenses
1171 3736 1222 3806 qui
1238 3735 1375 3807 reliquias
1389 3745 1502 3793 nostras
1528 3740 1740 3809 prosequeban-

56 3840 111 3889 ret
127 3831 265 3903 reliquias
288 3831 417 3888 bumeris
437 3831 497 3888 suis
512 3831 673 3901 imponunt,
694 3831 840 3901 nudisque
894 3833 952 3893 tur,
978 3824 1131 3881 relerentes
1154 3823 1296 3880 miracula
1326 3838 1391 3894 quae
1417 3823 1559 3894 viderant,
1576 3840 1675 3884 omnes
1696 3841 1742 3898 pe

56 3920 112 3978 bus
126 3934 225 3976 omnes
244 3919 437 3990 procedentes,
456 3920 493 3977 ad
510 3918 691 3976 inimicorum
719 3933 839 3976 suorum
894 3912 1025 3984 regrlnos
1057 3917 1133 3967 5³2
1163 3911 1399 3982 supervenientes
1435 3912 1666 3972 exhortabantur
1698 3923 1740 3985 ut,

56 4014 113 4064 ‚unt
148 4006 306 4064 castellum.
333 4006 386 4075 lili,
414 4007 467 4063 boc
491 4007 640 4063 audientes
662 4014 689 4064 et
714 4007 839 4063 miracu·
894 4000 991 4059 relicto
1018 4000 1120 4071 maiori
1140 3999 1232 4068 altari,
1258 4000 1294 4056 ad
1322 4000 1456 4056 leretrum
1483 4002 1611 4058 bomine
1639 4011 1744 4061 nostra

75 4096 153 4168 quod
182 4095 221 4152 ibi
241 4102 342 4151 sancta
372 4096 422 4152 Dei
446 4095 536 4152 llatcr
567 4095 603 4152 de
627 4095 751 4166 raptoris
781 4094 839 4150 illio
894 4089 1039 4157 olierrent,
1057 4088 1173 4146 invidiae
1188 4088 1277 4145 livore
1296 4088 1451 4159 percussus
1478 4087 1552 4145 idem
1583 4091 1744 4147 monachus

56 4191 98 4242 rat
110 4191 323 4255 cognoscentes,
348 4184 480 4254 protinus
513 4190 541 4240 et
565 4183 617 4255 ipsi
645 4183 733 4241 nudis
761 4182 839 4254 pedi·
892 4177 1130 4250 jussttteretrum
1154 4185 1182 4234 et
1206 4190 1305 4233 omnes
1329 4176 1468 4248 reliquias
1482 4177 1547 4248 ejici
1563 4177 1741 4236 deecclesia.

71 4286 170 4330 omnes
194 4271 318 4329 inimicis
343 4271 403 4328 suis
429 4270 545 4328 obviam
565 4279 665 4341 ruunt,
685 4270 842 4329 teretrum·
860 4258 881 4314 p
898 4267 1070 4339 Prmpositus
1106 4280 1174 4323 vero
1206 4265 1326 4332 castelli,
1360 4265 1530 4336 vituperans
1568 4268 1743 4325 monachum

59 4361 97 4419 ab
111 4361 152 4419 eis
166 4368 332 4431 susceptum
346 4374 412 4417 cum
427 4359 532 4432 gaudio
547 4359 576 4416 in
592 4361 741 4418 castellum
755 4375 842 4418 suum
896 4357 992 4414 statim
1023 4355 1140 4413 tradidit
1166 4354 1306 4412 iratribus
1329 4354 1433 4411 nostris
1453 4355 1609 4412 tentorium
1637 4356 1743 4426 spatio·

56 4457 135 4516 runt,
153 4447 303 4504 laudantes
316 4446 421 4505 Christi
449 4446 686 4514 misericordiam,
712 4447 764 4519 qui
792 4460 843 4518 per
895 4459 960 4502 sum
974 4445 1052 4517 quod
1063 4445 1117 4501 sibi
1132 4451 1292 4514 paraverat.
1314 4443 1451 4500 Matronae
1469 4458 1586 4514 quoque
1606 4445 1659 4500 loci
1678 4457 1744 4500 eor-

57 4551 75 4594 u
109 4537 230 4596 Matrem
264 4536 357 4593 bostes
387 4535 518 4593 hostibus
546 4548 696 4593 occurrere
725 4535 843 4606 pacifice
897 4534 972 4591 tinas
1000 4533 1140 4604 plurimas
1165 4531 1324 4589 deserentes
1358 4531 1432 4587 idern
1461 4532 1617 4600 tentorium
1640 4531 1744 4589 decen-

56 4631 108 4683 rat.
897 4622 1004 4679 tissime
1034 4633 1188 4691 perornare
1217 4621 1403 4687 studuerunt,
1442 4617 1637 4677 luminaribus
1661 4621 1745 4678 insu-

56 4729 97 4771 m.
114 4712 175 4770 vn.
190 4743 225 4753 —
242 4713 285 4767 De
299 4712 422 4770 muliere
436 4698 805 4783 eprold'Teronircerata.
896 4724 948 4782 per
979 4709 1189 4766 sullicientibus
1216 4706 1481 4780 splendidissimum
1511 4715 1569 4765 tota
1597 4717 1681 4767 nocte
1704 4709 1744 4766 ie·

56 4803 99 4860 ide
111 4816 161 4873 per
181 4801 393 4859 cormeriacum
409 4801 511 4873 (vulgo
539 4802 685 4873 cormery)
712 4800 843 4858 Turonos
896 4804 1009 4857 cerunt.

56 4898 147 4959 erunt,
175 4898 291 4947 etcum
325 4904 433 4962 magna
464 4889 629 4946 reverentia
651 4888 774 4960 suscepti
806 4889 843 4946 ab
933 4885 986 4944 Sed
1019 4899 1070 4941 rex
1094 4884 1191 4956 iustus
1225 4885 1306 4941 lesus
1332 4883 1463 4941 Cbristus
1487 4883 1579 4942 noluit
1607 4883 1745 4954 injuriam

55 4979 208 5049 riepiscopo
235 4977 404 5046 Turonensi,
422 4977 468 5032 die
496 4975 612 5033 Sabbati
626 4982 693 5032 ante
708 4989 844 5047 vesperas
899 4975 1054 5033 blatrisuae
1083 4973 1191 5029 illatam
1216 4971 1321 5030 dimitti
1344 4972 1527 5044 impunitam.
1543 4973 1585 5030 Ad
1613 4988 1747 5045 vesperas

57 5067 159 5124 eclesia
174 5066 268 5123 Sancti
290 5065 417 5123 llauritii
438 5064 623 5137 quieverunt.
641 5064 719 5120 Uxor
740 5066 843 5137 cujus·
897 5064 1039 5136 siquidem
1068 5061 1204 5133 praelatus
1223 5062 1392 5126 monachus,
1414 5061 1512 5118 morbo
1528 5062 1635 5119 caduco
1650 5063 1747 5120 subito

56 5154 250 5226 tcarpentarii
264 5155 293 5210 in
312 5154 412 5211 eadem
431 5153 504 5211 urbe
519 5168 570 5225 per
582 5161 645 5210 octo
659 5166 749 5208 annos
760 5153 844 5210 inlir-
897 5153 1059 5224 depressus,
1089 5163 1184 5207 coram
1212 5149 1290 5206 omni
1315 5151 1421 5220 populo
1445 5150 1474 5205 in
1504 5159 1609 5207 terram
1635 5151 1746 5220 cecidit,

56 5249 95 5299 tte
127 5241 218 5299 nimia
247 5243 381 5314 depressa
418 5241 521 5299 lectulo
543 5241 725 5305 decubuerat,
750 5239 789 5296 ita
812 5245 844 5296 ut
898 5253 1096 5314 magnumque
1133 5245 1269 5294 terrorem
1307 5238 1472 5295 ridentibus
1501 5238 1631 5295 incussit.
1665 5240 1746 5295 Cam·

56 5344 143 5404 quam
169 5338 264 5401 posset
291 5330 331 5387 ire
350 5329 405 5388 niel
431 5337 604 5401 portaretur.
631 5328 735 5385 Eadem
762 5334 845 5385 nocte
899 5343 975 5401 pana
993 5329 1079 5386 etiam
1104 5325 1198 5396 maior
1226 5326 1260 5383 de
1287 5332 1368 5383 turre
1394 5326 1499 5383 cadens
1522 5328 1667 5384 contracta
1694 5334 1748 5397 est,

56 5418 151 5477 mienti
174 5417 375 5476 misericordia
402 5417 492 5474 llater
507 5416 651 5490 apparuit,
677 5416 846 5488 precipiens
898 5415 961 5486 ipsa
979 5428 1096 5487 quoque
1126 5414 1215 5471 turris
1244 5414 1273 5469 in
1293 5412 1435 5486 superiori
1453 5421 1533 5484 parte
1562 5413 1631 5472 tlssa
1652 5422 1680 5472 et
1695 5414 1750 5472 dis

56 5515 115 5566 ‚tse
129 5508 166 5565 sd
180 5507 316 5565 teretrum
347 5505 479 5564 suumin
494 5507 612 5564 ecclesia
640 5503 737 5563 Sancti
763 5504 845 5564 Mau·
899 5509 986 5575 rupta
1027 5501 1149 5572 crepuit.
1184 5500 1264 5568 Quod
1291 5500 1395 5560 videns
1429 5503 1600 5574 monacbus,
1630 5517 1693 5559 sero
1721 5517 1752 5560 sc

177 5606 314 5673 Parnon.
339 5604 444 5675 ccvi.
1555 5609 1594 5668 at
