3818 6008
102 242 153 300 tei

532 235 567 298 V.
597 236 764 298 cbluettrl
792 238 938 297 ABBleS
961 241 989 297 S.
1018 237 1137 299 HARIAE
1166 237 1210 298 DE
1242 236 1435 296 bovtcttrttc

1804 242 1856 294 368

138 382 227 439 Vnus.
248 380 291 438 13.
307 409 341 420 -
359 380 417 435 «Et
430 378 502 435 vidit
513 377 653 448 Ephraim
666 377 837 449 languorem
851 390 949 446 snum,
969 379 1128 446 Adicitur3
1164 394 1199 435 er
1231 393 1289 449 quo
1310 385 1404 434 tamen
1432 375 1580 446 Ephraim,
1607 376 1632 431 id
1656 383 1699 432 est
1721 376 1858 432 voluntas

105 477 165 525 oet
189 468 277 525 iudas
304 452 455 521 vinculum
485 478 583 531 suuni,
609 471 636 519 et
660 463 729 519 abiit
756 464 896 534 Ephraim
917 464 952 520 ad

104 558 240 621 ausser,
267 561 293 609 et
320 552 395 607 misit
420 551 455 606 ad
481 564 577 620 regern
600 550 731 617 ultorem,
757 558 785 606 et
811 551 870 621 ipse
895 565 953 607 non

106 665 120 694 a
142 643 243 713 poterit
270 654 372 696 sanare
403 653 461 701 vos,
488 652 540 693 nec
563 637 673 693 solvere
700 638 804 706 poterit
830 651 848 693 a
872 638 954 694 vobis

105 751 120 783 a
141 731 299 785 vinculum.
320 749 329 776 ι
352 728 485 797 Ephraim
509 727 668 793 unguerem
690 741 770 781 sunm
784 726 870 794 videt,
886 740 952 783 cum

106 818 298 887 impotentiam
314 823 406 871 status
424 816 479 881 sui,
499 814 574 869 iutra
588 814 755 869 fluctuantis
772 814 953 870 conscientiae

105 904 202 959 sinum
218 903 303 969 luvet,
328 917 380 956 uec
396 903 479 958 reniti
498 901 651 971 praevalet3
670 906 694 955 et
712 901 799 956 iudos
814 903 954 956 ciaconium

106 1006 186 1046 scum
204 991 314 1059 aspicit,
340 990 410 1045 duni
427 989 489 1059 ipsa
512 990 584 1044 ratio
600 991 713 1058 penitus
728 989 865 1060 obligata,
886 996 913 1044 et
937 1000 954 1042 a

107 1094 159 1135 sno
190 1077 255 1149 jure
285 1078 432 1143 distracta,
467 1077 541 1132 vires
572 1077 736 1133 nullomodo
769 1077 954 1133 contessionis

106 1166 206 1224 exerit.
230 1165 321 1220 Assur
345 1165 551 1234 interpretatur
575 1165 651 1230 auto,
676 1171 703 1219 et
732 1165 802 1234 qnid
825 1178 875 1234 per
898 1177 954 1218 au-

107 1255 175 1320 lam,
193 1253 248 1309 nisi
274 1253 411 1323 strepitus
435 1250 598 1320 temporalis
622 1251 745 1307 lasciviae
771 1252 955 1323 designatur?

107 1341 186 1397 Talia
209 1341 285 1396 enim
315 1339 345 1394 in
373 1338 448 1395 aulis
472 1336 636 1406 spectacula
668 1338 788 1394 fervent.
824 1339 954 1408 Ephraim

1006 476 1104 524 ntistra
1133 469 1328 537 undecunque
1354 466 1538 534 discerpitur.
1564 464 1645 520 tudae
1674 465 1855 535 postmodum

1006 555 1121 611 catulus
1136 555 1225 610 leonis
1239 553 1375 620 occtrrrit,
1401 553 1470 624 quia
1492 552 1586 607 tennis
1609 553 1691 608 valde
1711 561 1752 609 est
1776 568 1857 608 vere-

1007 644 1113 700 cundia
1129 658 1193 713 qnae
1209 643 1331 714 gratiam
1347 641 1535 697 contessionis
1555 640 1734 711 exstinguit;
1761 641 1858 697 tenuis

1008 731 1101 801 plane,
1118 731 1188 800 quia
1211 743 1277 784 nior
1294 738 1325 784 ut
1344 729 1537 797 praecordialis
1552 729 1580 783 in
1603 729 1699 784 animo
1718 730 1857 799 poeniten·

1008 819 1053 874 tiae
1075 817 1199 874 scintilla
1215 817 1356 884 micuerit,
1380 818 1472 887 prima
1489 817 1563 874 illico
1578 819 1733 875 ebulliendi
1751 819 1859 874 volun<-

1007 914 1051 962 tas
1073 907 1148 962 ultro
1176 920 1204 961 se
1233 905 1352 975 ingerit;
1377 906 1549 961 sicutenim
1576 906 1651 975 ignis
1677 906 1738 961 sine
1763 905 1858 961 calore

1007 1007 1141 1050 essenon
1163 1000 1264 1062 potest,
1293 992 1333 1047 ita
1354 992 1503 1061 planitudo
1525 992 1636 1047 sincera
1664 991 1725 1047 sine
1749 990 1858 1047 confes-

1006 1081 1095 1136 sionis
1110 1080 1249 1135 desiderio
1265 1094 1321 1135 nun
1339 1088 1391 1134 est.

1044 1167 1217 1237 «Ecceego
1239 1168 1348 1236 capiam
1376 1174 1403 1221 et
1419 1166 1535 1235 vadam,
1561 1166 1656 1222 tollam
1683 1173 1710 1221 et
1734 1180 1791 1222 non
1815 1175 1858 1221 εει

1011 1256 1095 1324 »qui
1122 1262 1215 1311 eruat.
1246 1276 1256 1301 ›
1288 1254 1363 1309 Deus
1390 1254 1466 1323 capit
1497 1269 1563 1309 eum
1580 1263 1704 1310 mentem
1724 1268 1741 1309 a
1764 1254 1859 1324 seipsa

1008 1350 1180 1412 evagantem
1212 1349 1304 1397 metus
1331 1354 1455 1409 superne
1479 1340 1665 1397 districtionis
1698 1341 1858 1410 intercipit;

107 1441 176 1498 ergo
196 1426 234 1480 od
256 1426 350 1480 ectum
374 1424 442 1490 abit,
459 1438 525 1478 cum
547 1422 736 1479 sacularibus
752 1423 956 1480 intendendos
1008 1431 1088 1487 vadit
1117 1445 1184 1486 cnm
1213 1444 1230 1484 a
1255 1430 1341 1485 veteri
1371 1442 1468 1484 errore
1493 1429 1573 1484 abire
1603 1444 1654 1484 nos
1681 1430 1757 1485 lacit.
1784 1429 1859 1485 Ecce

108 1510 407 1567 suicurasedivldit.
427 1510 956 1581 liittitodrepemattorem,eumpes-
1009 1527 1105 1575 autem
1144 1526 1278 1574 eventum
1314 1517 1469 1586 repentinae
1500 1517 1681 1585 aspirationis
1718 1518 1857 1573 insinuat.

109 1598 173 1654 simi
198 1598 415 1654 destinationem
440 1597 572 1653 desiderii
600 1599 636 1653 ad
670 1598 818 1654 diabolum
845 1600 953 1669 dirigit,
1009 1604 1173 1660 'delessent
1191 1605 1273 1674 plane
1289 1604 1425 1659 bumana
1442 1603 1543 1658 inentis
1558 1617 1652 1670 casus,
1670 1613 1702 1659 ut
1717 1604 1768 1674 qni
1783 1612 1861 1659 stare

111 1686 194 1757 plane
208 1686 439 1741 crudelissimum
457 1685 546 1755 bujus
560 1698 620 1740 snm
635 1685 803 1741 desertionis
822 1686 954 1754 ultorem,
976 1670 1092 1747 Bnunc
1114 1692 1241 1760 ceperit,
1259 1690 1433 1745 conscientia
1448 1688 1603 1758 languente
1629 1697 1690 1759 post
1705 1689 1858 1760 paululum

110 1773 183 1853 prob
207 1772 300 1828 dolor!
329 1771 372 1827 Ad
405 1772 501 1842 ipsum
530 1779 633 1827 nostrae
657 1773 824 1828 intentionis
853 1773 956 1842 legatio
1011 1778 1149 1835 autvitio
1170 1777 1302 1833 titillante
1326 1777 1505 1843 succumbat,
1536 1792 1587 1832 nee
1614 1778 1665 1831 boc
1688 1776 1785 1843 semel,
1810 1778 1858 1830 sed

110 1859 243 1923 mittitur,
261 1858 311 1929 qui
336 1858 388 1914 boc
408 1857 501 1928 ipsum
526 1873 694 1928 supereum
710 1860 760 1929 qui
787 1859 870 1915 mittit
887 1859 956 1914 ulci·
1011 1866 1094 1922 multi
1126 1864 1208 1920 modo
1241 1878 1361 1919 recursu
1394 1864 1559 1932 proveniat:
1589 1865 1643 1920 hnc
1671 1868 1748 1920 enirn
1774 1866 1859 1920 modo

110 1948 209 2001 scitur.
226 1947 332 2014 Etipse
356 1961 409 1998 nott
430 1947 532 2014 polerit
553 1960 652 1998 sanare
669 1959 730 2012 nos,
746 1947 792 2001 cul
807 1947 955 2016 proprium
1014 1975 1024 1999 ι
1048 1951 1241 2022 septiescadil
1253 1952 1350 2021 Juslus
1367 1960 1394 2006 et
1410 1952 1535 2021 resurgit
1551 1953 1647 2021 (Papo,
1665 1966 1745 2017 mv,
1766 1953 1826 2021 ¹6)3
1847 1974 1856 1997 ι

110 2044 152 2090 εει
185 2034 271 2090 etiam
296 2033 330 2089 de
358 2032 436 2089 sanis
467 2034 586 2089 reddere
612 2034 736 2089 saucios.
775 2036 827 2090 Nec
855 2036 957 2090 soluere
1011 2050 1038 2097 et
1064 2055 1131 2096 eum
1166 2038 1296 2095 ceciderit
1323 2054 1380 2095 non
1414 2039 1567 2107 colliditur,
1596 2042 1666 2110 qnia
1694 2040 1796 2106 taliter,
1828 2047 1858 2095 ιιι

112 2128 202 2193 potest
225 2134 241 2175 a
265 2119 348 2175 nobis
372 2120 520 2186 uinculum,
548 2119 597 2175 cui
619 2119 671 2175 soli
691 2122 833 2190 competit,
859 2123 881 2177 si
904 2121 957 2177 sibi
1012 2130 1105 2186 erpere
1120 2128 1268 2199 coepimus,
1294 2128 1457 2198 «supponit
1473 2129 1611 2185 Dominus
1634 2143 1751 2184 manuni
1775 2142 1857 2184 suam

112 2212 204 2276 liceat,
220 2210 362 2265 neminem
387 2207 529 2264 dimittere
545 2224 601 2264 nun
617 2208 753 2279 ligatnm;
770 2211 846 2280 quud
868 2218 957 2266 totum
1012 2220 1093 2288 (psat
1111 2231 1214 2283 xxxin,
1231 2217 1286 2287 94).
1304 2234 1319 2268 o
1339 2222 1410 2272 lits
1428 2216 1519 2282 Tollit,
1538 2230 1602 2272 cnm
1618 2231 1634 2271 a
1653 2216 1859 2286 cupiditatibus

111 2307 162 2366 est,
183 2299 220 2353 ab
240 2296 609 2364 oeramentumquaeruur,
626 2298 834 2365 audoenus,
856 2298 905 2367 qui
922 2298 958 2353 ad
1012 2307 1138 2361 inritam
1166 2305 1253 2375 nujus
1284 2304 1348 2360 itm
1373 2304 1501 2360 mortius
1525 2305 1636 2359 attone.
1662 2306 1721 2361 uun
1746 2310 1785 2359 est
1812 2309 1858 2370 qut

110 2399 177 2441 eum
191 2383 363 2454 confugerit.
379 2382 550 2438 trucidatur.
566 2381 713 2450 Sequitur.
1013 2399 1100 2457 eritot,
1125 2395 1273 2464 quianon
1303 2401 1344 2449 est
1365 2393 1464 2462 aliqua
1492 2393 1608 2449 tentatio
1635 2393 1778 2448 intantum
1811 2406 1860 2447 cor

147 2473 232 2530 VERS·
250 2472 292 2526 14·
307 2501 341 2510 ··
358 2470 524 2537 «Quoniam
538 2485 591 2540 230
606 2469 689 2540 qnasi
701 2470 791 2527 ¹0ae¹¹³
808 2472 957 2541 Ephraim,
1013 2483 1161 2553 impetens
1186 2497 1251 2553 quae
1272 2482 1328 2537 Deo
1351 2482 1495 2538 bominem
1521 2482 1603 2552 plene
1628 2481 1779 2551 possidenti
1801 2481 1859 2536 tilla

114 2569 174 2617 net
197 2560 280 2630 quasi
304 2559 419 2616 catulus
446 2557 535 2614 leonis
563 2558 661 2613 domni
688 2558 774 2614 iuda.
806 2582 817 2608 ι
850 2560 960 2630 Saepius
1013 2570 1280 2640 fraudesqbeipiaq

111 2646 241 2703 dixerat:
259 2648 318 2718 Ego
340 2651 419 2712 quasi
445 2650 518 2698 tinea
534 2644 675 2713 Ephraim,
701 2649 726 2698 et
748 2650 828 2711 quasi
839 2647 959 2715 putredo
1049 2659 1134 2715 Vens.
1159 2657 1203 2712 15.
1224 2689 1258 2696 -
1282 2679 1292 2704 ι
1320 2657 1433 2713 Vadens
1459 2658 1634 2713 revertar-ad
1650 2657 1743 2712 locum
1762 2670 1859 2712 meum

112 2734 297 2798 domniiudo,
315 2735 398 2790 ¹1¹0d0
417 2733 532 2805 subjicit
547 2747 576 2788 ⁸⁶
590 2735 674 2803 qnasi
687 2733 807 2789 lemnam
823 2735 958 2804 Ephraim
1017 2772 1027 2796 ι
1049 2748 1140 2803 donec
1151 2745 1290 2802 deficiatis
1310 2753 1337 2801 et
1354 2745 1490 2815 qnaeratis
1514 2744 1613 2801 taciem
1632 2759 1734 2800 meatu.
1754 2766 1764 2792 »
1785 2745 1860 2800 Dens

111 2823 244 2879 futurum
258 2831 286 2879 el
308 2822 400 2876 domui
420 2823 497 2876 ΜΞ
518 2825 597 2887 qnasi
621 2821 704 2875 teonis
718 2822 860 2877 caulium·
880 2821 958 2879 Nulli
1016 2837 1117 2892 iterum
1133 2833 1212 2890 vadit
1227 2848 1304 2900 cum,
1330 2845 1439 2902 recepta
1460 2834 1562 2904 gratia,
1581 2841 1612 2890 ut
1625 2848 1677 2889 nos
1691 2832 1774 2889 nobis
1789 2832 1858 2904 qnid

112 2910 235 2966 dubium
248 2911 325 2981 ‘1¹1⁰ss
352 2909 722 2978 tineaetpatredovestes,
746 2916 774 2965 θῑ
800 2910 879 2981 libna
898 2913 960 2967 ⁸¹⁰0
979 2924 1105 3013 Csimns
1141 2935 1177 2978 ex
1208 2922 1290 2978 nubis
1319 2923 1460 2990 ostendat,
1490 2922 1700 2992 aliquantisper
1733 2937 1749 2976 a
1779 2920 1859 2977 nobis

112 3001 208 3054 sonitu
236 2999 356 3054 latenter
381 2998 549 3063 absumunt,
582 2998 794 3066 caecantem,
821 3007 848 3055 et
876 3000 959 3054 teonis

113 3089 220 3140 cotulas
236 3087 383 3142 evidenter
404 3087 541 3152 insiliunt,
567 3093 594 3141 et
618 3094 715 3155 aperte
735 3085 853 3154 laedunt,
881 3087 959 3157 quod

113 3188 171 3230 non
198 3182 240 3231 est
267 3174 345 3230 aliud
373 3173 427 3229 nisi
453 3173 523 3245 quia
548 3188 622 3245 quos
652 3174 728 3229 Dens
750 3189 800 3245 per
814 3175 958 3232 occultam

113 3265 297 3319 tentationem
321 3264 390 3318 sinit
413 3262 546 3330 interimi,
574 3275 624 3333 per
651 3271 751 3332 aperta
778 3264 960 3334 postmodum

114 3353 184 3407 vitia
199 3351 335 3422 permittit
355 3352 481 3407 lacerari.
498 3351 548 3407 Est
565 3358 661 3407 autem
677 3364 712 3407 ea
726 3350 868 3408 distinctio
884 3352 959 3407 inter

116 3450 268 3510 utramque
296 3440 490 3507 tentationem,
510 3440 635 3496 ntaliud
659 3440 747 3510 possit
770 3440 890 3511 intelligi
912 3454 961 3510 per

115 3530 232 3597 tineam,
256 3527 336 3583 aliud
365 3541 415 3597 per
441 3527 632 3597 putredinem,
658 3527 736 3584 aliud
763 3527 887 3596 denique
911 3538 962 3596 por

114 3618 244 3681 leaenam,
271 3615 350 3672 aliud
377 3629 426 3685 per
448 3616 535 3671 leonis
558 3615 707 3685 catulum;
733 3616 809 3671 tinea
833 3628 961 3684 namque

114 3706 194 3770 vivit,
212 3712 239 3758 et
257 3717 294 3759 ex
309 3718 342 3759 eo
357 3703 418 3773 ipso
440 3703 569 3758 nascitur
583 3702 661 3772 quod
677 3710 852 3772 corrumpat.
872 3702 961 3757 Tinea

114 3807 182 3863 ergo
197 3799 238 3847 est
258 3790 406 3862 quodlibet
426 3791 530 3846 mentis
544 3791 658 3857 vitium,
675 3790 752 3860 quod
777 3804 835 3844 nun
859 3796 901 3845 est
924 3803 960 3845 ex

115 3882 248 3937 forastica
270 3893 368 3946 consa,
388 3879 436 3934 sed
460 3881 581 3934 interius
593 3892 630 3934 er
646 3880 706 3948 ipso
722 3886 800 3934 statu
814 3893 867 3934 suo
883 3878 960 3933 acci-

114 3969 155 4039 pit
170 3967 367 4033 seminarium,
384 3973 416 4022 ut
437 3972 479 4021 est
494 3966 612 4034 accidia,
626 3967 796 4033 cenodoxia,
813 3965 958 4035 superbia,

114 4063 141 4113 ει
156 4057 179 4111 si
196 4056 272 4127 quod
287 4063 327 4110 est
343 4054 421 4110 aliud
438 4054 583 4110 intimum.
600 4056 724 4111 Putredo
741 4068 808 4110 vero
826 4054 865 4109 nil
881 4054 958 4110 aliud

116 4159 204 4216 quam
229 4154 325 4212 torpor
347 4152 388 4199 cst
410 4150 437 4198 et
459 4144 560 4209 otium,
589 4143 663 4198 unde
686 4142 790 4198 sensim
814 4145 960 4212 corruptio

1014 3011 1206 3081 dispensative
1227 3010 1340 3076 recedit,
1368 3024 1425 3066 uon
1453 3024 1504 3065 ntis
1528 3019 1623 3068 tamen
1648 3023 1859 3081 usquequaque

1014 3101 1160 3171 relinquit.
1189 3099 1296 3155 Vadeas
1317 3112 1385 3169 ergo
1414 3099 1452 3153 ud
1481 3100 1567 3153 locum
1592 3114 1671 3153 surim
1696 3099 1856 3162 revertitur,

1015 3203 1081 3244 cum
1099 3187 1299 3252 humiditatem,
1328 3202 1394 3257 qnae
1415 3196 1512 3242 nostra
1537 3187 1720 3257 inpraesenti
1745 3186 1859 3257 proprie

1015 3277 1095 3334 sedes
1116 3283 1169 3342 est,
1191 3275 1292 3331 crebro
1309 3283 1436 3345 repetere
1458 3276 1495 3331 ab
1517 3275 1577 3344 ipso
1602 3284 1741 3345 tanquam
1761 3277 1859 3343 inopes

1014 3375 1041 3423 et
1065 3364 1167 3421 deserti
1187 3364 1335 3433 iubemur.
1352 3365 1387 3419 Et
1401 3372 1476 3419 certo
1491 3378 1557 3420 cunt
1576 3363 1616 3419 sic
1639 3363 1811 3430 deserimur,
1834 3363 1857 3416 ei

1014 3453 1161 3510 salubrius
1183 3453 1380 3520 admovemur,
1404 3459 1431 3506 et
1456 3452 1509 3507 buc
1529 3451 1559 3507 ut
1575 3451 1664 3507 donec
1681 3450 1857 3511 deficiamus.

1015 3540 1264 3612 peccatoresenim
1288 3554 1304 3595 a
1329 3547 1404 3596 terra
1427 3539 1557 3606 deficere,
1580 3546 1607 3594 et
1624 3539 1748 3608 iniquos,
1775 3538 1815 3594 ita
1830 3547 1860 3594 ut

1015 3644 1072 3686 uon
1099 3629 1165 3697 sint,
1194 3629 1261 3684 dicit
1296 3628 1425 3698 psalmus
1447 3629 1532 3696 (Psoi.
1567 3641 1625 3692 erit,
1651 3627 1707 3697 35).
1737 3628 1761 3682 A
1787 3634 1860 3682 terra

1014 3718 1090 3774 enim
1113 3717 1207 3773 delicit
1228 3716 1362 3786 quisquis
1390 3724 1510 3772 terrenae
1533 3716 1669 3771 vanitatis
1691 3729 1795 3785 expers
1819 3714 1858 3780 lit,

1015 3815 1047 3862 ut
1069 3806 1145 3876 quod
1173 3804 1318 3875 quondam
1348 3803 1452 3868 luerat,
1482 3817 1539 3859 non
1569 3804 1615 3859 sit.
1642 3831 1678 3844 -
1708 3802 1767 3858 lloc
1793 3816 1860 3873 orgo

1015 3895 1098 3951 modo
1115 3892 1214 3949 delecti
1238 3893 1337 3948 taciem
1358 3893 1422 3963 ejus
1446 3893 1615 3962 querimus,
1639 3905 1705 3947 eum
1731 3890 1857 3947 interiori

1013 3997 1076 4039 earn
1096 3982 1188 4051 inopia
1199 3989 1326 4051 cogente,
1342 3989 1414 4037 aestu
1428 3982 1537 4036 acriore
1553 3980 1717 4050 repetimus.

1345 4114 1461 4171 caput
1481 4113 1529 4170 Vl.

117 4231 203 4289 menti
227 4231 335 4296 incidit,
359 4245 392 4286 ac
415 4233 437 4286 si
462 4230 623 4301 putredinis
647 4229 764 4286 malurn.
783 4228 868 4295 Quasi
892 4245 1001 4309 ergon
1052 4228 1136 4285 Vnus.
1156 4232 1181 4284 l.
1206 4250 1268 4274 -·
1296 4228 1329 4283 ln
1352 4228 1536 4285 tribulatione
1558 4241 1611 4284 sna
1629 4242 1713 4284 mane
1733 4242 1851 4284 consur·

115 4321 296 4377 vitaliasunt
317 4320 453 4391 praedicta
467 4320 520 4375 tria
540 4319 625 4386 mala,
653 4325 681 4374 et
706 4319 784 4374 velut
801 4319 876 4374 intra
893 4322 959 4374 ani-

116 4423 195 4465 mum
225 4417 317 4464 motus
345 4407 488 4475 babentia,
517 4414 559 4463 est
594 4420 662 4462 vero
693 4405 775 4476 qnasi
803 4406 960 4463 inanimata

115 4497 231 4552 desidia.

150 4584 221 4652 Quid
247 4598 315 4655 ergo
337 4597 388 4653 per
412 4583 543 4648 lemnam,
572 4581 628 4637 nisi
655 4582 810 4652 cujuslibet
832 4582 961 4639 criminis

117 4673 295 4730 manilestata
311 4670 460 4742 nequitia‘l
484 4669 557 4737 Quid
573 4684 625 4740 per
636 4670 766 4727 catulum
790 4671 889 4740 leonis,
904 4673 956 4728 nisi

115 4762 184 4819 levis
206 4761 376 4830 noviterque
397 4758 558 4824 suboriens,
583 4767 611 4814 et
634 4773 700 4828 quae
717 4759 798 4816 lacile
818 4759 889 4816 llecti
906 4774 960 4831 po-

115 4859 177 4916 test,
203 4847 398 4919 negligentia?
424 4846 503 4914 Quod
527 4854 570 4903 est
597 4846 708 4902 dicere:
737 4849 800 4904 Post
825 4848 958 4904 latentem

114 4937 202 4992 animi
233 4942 348 5005 pestem,
375 4947 433 5004 qua
466 4934 557 5003 prituo
581 4934 649 4988 vitio
677 4934 805 5004 quolibet
830 4934 959 5004 pulsante

113 5023 283 5088 corroditur,
308 5022 441 5091 sequitur
461 5011 623 5077 animorum
647 5023 845 5091 incuriaeque
859 5030 959 5092 sponte

114 5109 324 5177 corrumpitur;
340 5107 388 5163 sed
404 5115 556 5177 postquam
572 5121 589 5161 a
605 5108 661 5164 Dec
674 5108 828 5163 recendens
844 5110 960 5165 animus

114 5197 150 5252 ad
167 5197 336 5267 legationem
365 5196 442 5265 regis'
458 5195 559 5250 ultoris
581 5195 744 5263 invertitur,
770 5195 899 5251 exterius
922 5195 958 5251 ad

113 5299 225 5343 omnem
250 5285 422 5341 evidentiam
448 5284 618 5340 atrocissimi
643 5284 798 5356 cuiuslibet
817 5283 957 5354 criminis,

1015 4339 1029 4368 »
1046 4324 1113 4388 gent
1127 4317 1161 4372 ad
1185 4331 1238 4372 me.
1263 4315 1462 4372 »Sanctorum
1485 4316 1614 4373 virorum
1628 4317 1780 4387 specialior
1801 4332 1857 4373 iton

1013 4414 1055 4462 est
1076 4405 1223 4462 tribulatio
1244 4418 1332 4475 quam
1357 4404 1446 4475 hujus
1469 4404 1629 4461 dulcedinis
1656 4406 1777 4461 internae
1800 4407 1857 4476 pri·

1012 4494 1098 4551 vatio.
1118 4495 1149 4548 la
1165 4493 1215 4547 boc
1236 4493 1412 4548 tribulatione
1430 4508 1509 4548 mane
1527 4494 1725 4566 consurgitur,
1740 4495 1856 4550 eumad

1012 4583 1076 4654 ejus
1095 4581 1286 4652 recipiendam
1309 4583 1442 4652 gratiam,
1467 4590 1524 4638 tota
1539 4583 1690 4640 sedulitate
1709 4584 1856 4640 concurri-

1013 4679 1075 4735 tur;
1092 4671 1271 4737 maaeenim,
1297 4683 1348 4740 pro
1361 4685 1394 4726 eo
1416 4671 1493 4741 quud
1509 4679 1551 4727 est
1570 4671 1679 4738 sedulo,
1701 4672 1745 4727 vel
1762 4679 1858 4728 matu-

1013 4773 1055 4821 re.
1073 4758 1224 4829 aliquoties
1238 4759 1364 4828 ponitur,
1389 4765 1420 4814 nt
1436 4764 1505 4815 suut
1522 4760 1569 4815 illa
1589 4760 1617 4814 iu
1635 4759 1773 4830 psalmis:
1793 4783 1806 4806 a
1827 4760 1860 4814 Et

1013 4845 1163 4917 castigatio
1189 4860 1260 4912 mea,
1287 4845 1393 4916 inquit,
1423 4847 1451 4902 in
1475 4847 1624 4903 matutinis
1655 4849 1739 4916 (Psoi.
1770 4861 1858 4913 cxxii,

1010 4935 1065 5002 14).
1087 4958 1097 4982 ·
1116 4935 1165 4990 Et:
1190 4956 1204 4984 κ
1224 4936 1256 4989 ln
1269 4935 1410 4990 matutino
1422 4934 1626 4992 interficiebam
1640 4950 1740 4991 omnes
1755 4950 1859 5007 pecca-

1013 5045 1027 5072 »
1049 5032 1123 5081 tores
1137 5031 1220 5080 terrm
1235 5023 1319 5094 (Psoi.
1335 5038 1361 5089 c,
1376 5023 1413 5090 8).
1432 5043 1446 5076 o

1050 5113 1134 5169 Vnus.
1152 5113 1178 5167 9.
1197 5143 1231 5151 -
1255 5133 1264 5160 ι
1283 5112 1384 5169 Venite
1398 5120 1426 5168 et
1446 5120 1628 5169 revertamur
1643 5113 1678 5168 ad
1694 5113 1860 5178 Dominum,

1016 5219 1026 5245 »
1049 5197 1119 5268 quia
1134 5198 1193 5268 ipse
1213 5199 1286 5268 cepit
1300 5205 1328 5254 et
1340 5200 1454 5255 sanabit
1468 5214 1529 5268 nos,
1547 5199 1686 5270 percutiet
1699 5208 1728 5256 et
1738 5205 1745 5238 ·'
1749 5199 1862 5257 curabit

1016 5306 1027 5334 ι
1049 5300 1111 5342 ιιοε.
1128 5307 1139 5334 ι
1155 5286 1217 5343 vox
1231 5294 1272 5342 est
1285 5300 1386 5343 eorum
1407 5288 1456 5358 qni
1472 5287 1507 5343 de
1523 5288 1706 5344 tribulatione
1722 5289 1758 5344 ad
1770 5288 1859 5344 Deum

113 5373 185 5430 acsi
201 5372 295 5428 leaenae
311 5371 504 5429 incursatione
528 5372 671 5442 pulsatur,
687 5371 777 5427 leaena
788 5371 865 5428 enim
882 5386 958 5443 pree-
1012 5389 1091 5429 mone
1105 5383 1295 5446 consurgunt.
1325 5377 1427 5439 Venite,
1445 5376 1591 5446 inquiunt,
1609 5375 1636 5432 id
1660 5385 1702 5432 est
1717 5384 1859 5447 quotquot

83 5482 86 5487 ’
113 5462 210 5520 sertim
239 5473 304 5516 cum
322 5461 396 5517 letus
421 5460 471 5516 alit
496 5460 576 5516 leone
589 5458 688 5516 tortior
702 5465 729 5514 et
754 5458 875 5516 lerocior
898 5473 958 5517 esse
1012 5462 1111 5518 eodem
1127 5478 1185 5534 qno
1201 5478 1252 5518 nos
1272 5478 1367 5519 errore
1384 5465 1528 5529 tenemini,
1546 5464 1590 5520 vel
1606 5472 1749 5535 quotquot
1765 5473 1858 5521 motus
