3818 6008
495 260 542 316 DE
563 258 1198 319 61666616666666106616-11616,
1672 268 1723 321 666

56 397 88 448 16
111 396 282 462 contegeret.
311 392 384 448 cnm
417 403 486 462 ergo
511 403 606 461 neque
636 389 698 460 ipsa
724 390 815 447 futuri
834 390 921 448 6661.
937 421 972 432 -
986 392 1073 448 Porro
1082 391 1118 449 66
1133 391 1243 449 ceteris
1258 391 1422 460 delinimus,
1439 393 1509 465 quia
1534 394 1611 450 6116
1635 409 1725 452 cano-

56 478 140 549 rejus
152 492 210 534 non
223 478 334 549 ignara,
350 491 444 549 nequo
459 478 538 534 ullus
552 478 603 549 qui
625 493 691 535 666
707 491 725 533 6
739 493 816 535 com·
871 478 958 534 nibus
972 485 1090 534 cautum
1112 486 1155 535 est
1171 493 1207 536 66
1225 478 1343 550 666666
1362 480 1541 551 martyribus
1562 495 1721 538 6666666-

77 568 228 625 6661666
252 580 345 624 66666
366 575 533 635 secerneret,
555 567 617 624 666
639 569 758 638 posteris
773 582 817 625 re·
873 566 988 623 retorsi
1009 568 1076 637 quis
1102 568 1175 623 inter
1198 568 1440 639 confringendum
1456 568 1530 625 idola
1544 569 1721 639 1666166166,

56 655 103 724 611,
118 669 336 727 supervacanea
350 655 467 713 omnino
489 656 652 713 habeantur
673 671 817 728 quaecun-
873 655 1016 712 61166616
1031 657 1147 713 forsitan
1163 657 1429 717 erroredidncitur.
1446 665 1478 714 ut
1494 657 1593 714 nullus
1616 671 1722 728 quam·

56 746 120 819 quis
148 747 182 803 de
208 760 326 816 corpore
351 754 431 802 tanto
455 746 681 817 presumpserit.
702 749 818 803 constat
872 745 916 800 vis
931 745 1040 801 bonum
1060 746 1095 800 ad
1121 746 1243 814 speciem
1268 745 1369 801 babitu
1388 744 1518 812 efferens,
1543 759 1596 815 pro
1622 753 1721 803 sancto

56 848 99 907 qne
114 836 192 906 apud
207 849 260 892 nos
274 835 399 905 Apostoli
420 843 563 905 6666166
585 834 680 891 666616
704 841 816 891 166166
872 833 955 890 166116
972 834 1121 898 habeatur,
1144 833 1198 890 6161
1216 848 1334 905 666666
1356 842 1438 904 66616
1459 848 1492 890 ex
1519 834 1618 891 616166
1645 848 1724 891 6666-

56 925 198 994 sententia,
215 924 285 997 quia
299 938 403 994 corpus
414 923 488 980 idem
506 924 711 980 annuntiatum
724 929 766 980 est
781 923 818 980 ab
872 922 979 979 latione
996 923 1143 992 probetur.
1172 922 1319 989 Quaestum
1355 931 1452 979 autem
1482 937 1519 980 ex
1556 930 1722 980 sanctorum

58 1013 92 1078 is,
117 1013 304 1085 praedicatum
327 1013 414 1070 estin
435 1012 554 1081 mundo,
575 1019 754 1084 assumptum
776 1019 819 1068 661
872 1012 918 1069 661
951 1011 1177 1080 circumlatione,
1212 1013 1256 1069 661
1293 1012 1401 1068 ossium
1431 1026 1532 1069 eornm
1561 1012 1722 1068 ostensione

56 1099 144 1173 161611
161 1100 234 1156 Tim.
251 1116 290 1168 m,
308 1101 361 1170 16).
875 1112 1015 1171 querere,
1044 1113 1133 1168 6666
1177 1100 1328 1169 profanum
1362 1101 1399 1157 sit
1437 1101 1543 1169 discite,
1576 1102 1598 1156 si
1630 1100 1724 1157 velitis

60 1189 193 1262 reliquiis
199 1193 364 1245 sanctornm
370 1192 507 1262 questum
512 1187 655 1261 persequi,
663 1188 821 1261 profanum
874 1202 917 1259 aeq
923 1201 958 1245 66
970 1194 1085 1244 sanctos
1096 1186 1308 1259 avaritiamque
1322 1196 1431 1245 taxare.

537 1444 762 1531 LIBER
809 1442 1164 1542 QUARTUS.

621 1638 675 1704 na
699 1635 907 1703 666666
931 1636 1071 1704 nunno

239 1899 358 1957 CAPUT
376 1897 529 1955 PRIMUM.
836 1895 856 1949 B
872 1900 997 1963 portant.
1012 1893 1085 1951 Cum
1099 1894 1219 1951 enimin
1236 1896 1285 1953 1161
1308 1897 1419 1954 6161666
1439 1899 1578 1960 Ezechiel,
1600 1907 1628 1957 61
1649 1914 1720 1957 ven-

56 1989 146 2059 0§1.
162 1991 221 2045 Rea
235 1991 367 2045 ferenes
383 1984 610 2042 abdicaredebet
625 1982 675 2055 qui
686 1984 816 2037 contem·
870 1988 931 2038 tum
943 1981 1067 2039 turbinis
1076 1991 1104 2039 61
1114 1984 1289 2054 666116666,
1301 1987 1406 2043 66666
1427 2001 1562 2058 magnam
1573 1996 1601 2044 et
1623 1989 1720 2060 ignem

56 2078 149 2135 nise
179 2077 296 2134 addicit.
325 2106 360 2117 -
386 2075 534 2132 interioris
558 2073 658 2129 mundi
696 2079 815 2137 statum,
870 2070 1073 2136 involventem,
1100 2070 1278 2141 splendorem
1302 2074 1488 2141 incircuitu,
1512 2076 1721 2145 quatuorani·

76 2167 149 2225 visio
167 2175 288 2224 externa
307 2180 364 2222 non
385 2164 471 2234 capit,
490 2162 657 2234 imaginatio
674 2160 734 2217 6116
757 2173 815 2215 666
871 2159 957 2215 66116
970 2160 1162 2231 6666616666
1179 2161 1314 2218 66666116
1334 2163 1452 2232 speciem
1465 2163 1576 2234 (llaecb.
1597 2181 1616 2230 r,
1634 2165 1660 2230 1,
1681 2165 1718 2235 5),

56 2256 101 2328 611,
117 2256 178 2313 6616
192 2257 330 2312 6161666
352 2255 445 2311 616166
465 2250 712 2321 contemplationis
733 2250 817 2306 attin·
871 2262 936 2305 cum
959 2248 1046 2305 61166
1069 2249 1222 2306 editicium
1247 2251 1277 2306 in
1305 2259 1401 2308 monte
1420 2253 1514 2308 metiri
1543 2253 1720 2323 conspiceret

56 2346 89 2405 bt
103 2346 179 2404 6616
192 2345 265 2402 61611
286 2342 439 2411 661661616,
462 2356 514 2399 nec
537 2341 613 2412 6666
636 2339 816 2396 sensualitati
870 2338 986 2408 (Ezeeb.
1002 2352 1049 2404 xc,
1062 2338 1101 2407 6),
1115 2339 1186 2409 6616
1202 2340 1281 2396 61166
1300 2354 1388 2411 6666
1404 2339 1513 2413 efligies
1535 2342 1720 2412 corporalita-

56 2429 816 2503 6661166661166,66661666161611661661116116666-
872 2434 932 2483 tum
950 2427 1129 2496 praescriptas
1140 2429 1270 2499 aspexit?
1291 2429 1332 2484 lbi
1356 2428 1466 2497 limina,
1488 2429 1526 2485 161
1549 2438 1648 2500 portae,
1680 2428 1719 2486 ibi

60 2528 250 2596 penetratur:
271 2523 320 2579 illo
336 2521 436 2592 procul
456 2520 545 2577 66616
568 2533 627 2575 666
645 2518 738 2585 oculo,
768 2516 816 2574 illo
870 2515 1013 2572 vestibula
1031 2524 1059 2572 61
1080 2516 1220 2584 fenestra,
1252 2517 1290 2573 ibi
1313 2518 1358 2574 616
1384 2518 1439 2575 666
1463 2518 1555 2588 specie
1580 2519 1653 2581 eris.
1678 2518 1718 2575 ibi

56 2611 271 2678 611166166166,
288 2608 470 2666 1666166166
488 2615 516 2665 61
531 2605 699 2663 indivisibili
714 2606 817 2676 cogita·
870 2605 1000 2662 calamus
1012 2604 1219 2675 funiculusque
1234 2607 1383 2672 mensoris,
1398 2605 1469 2673 Quid
1487 2606 1588 2676 plural
1606 2606 1650 2662 lbi
1669 2613 1720 2664 661

56 2716 83 2759 6
110 2700 266 2758 1616611666
294 2704 322 2754 61
356 2697 538 2764 cohibitione,
569 2709 629 2768 qua
656 2695 816 2765 66666616
870 2707 991 2764 corpora
1028 2700 1079 2750 aut
1114 2694 1316 2751 similitudines
1351 2708 1503 2765 corporum
1533 2703 1719 2763 contuentur,

56 2790 95 2847 616
125 2802 229 2860 666666
267 2786 446 2857 6611661666
483 2785 597 2855 placere
637 2783 817 2855 dignoscitur
871 2793 924 2837 noc
951 2780 1029 2837 aliud
1050 2781 1197 2852 quidpiam
1224 2783 1400 2852 pervidetur,
1417 2783 1495 2854 quod
1528 2797 1586 2839 non
1613 2783 1721 2841 formas

56 2881 69 2933 1.
84 2891 124 2949 66,
139 2877 178 2948 6).
195 2876 285 2946 Cujus
299 2875 439 2930 intuitum
463 2860 581 2929 6166116
599 2873 633 2928 iis
656 2871 817 2928 tractabili·
872 2868 1054 2939 praesentium
1073 2870 1266 2941 6666666666
1276 2872 1431 2942 resculpat.
1448 2872 1507 2929 1166
1523 2873 1622 2940 isaias,
1643 2874 1721 2931 lere·

58 2963 214 3022 aberenon
237 2977 399 3034 possumus,
427 2962 465 3017 ita
490 2962 618 3018 locorum
643 2974 773 3031 corpora,
789 2966 817 3016 et
872 2957 954 3025 6166,
971 2957 1156 3025 1166166661
1177 2960 1228 3030 661
1244 2960 1303 3027 6111,
1319 2961 1427 3032 661666
1446 2975 1477 3017 sa
1499 2960 1720 3032 conspicabilem

56 3066 197 3124 nrporum
213 3051 243 3107 in
268 3051 345 3108 111166
370 3049 596 3107 consideratione
613 3049 719 3106 sentire
744 3062 816 3104 neu·
872 3052 1026 3122 prebuerit
1040 3052 1125 3120 Dens,
1144 3067 1201 3109 non
1223 3054 1352 3122 veritate,
1378 3055 1426 3110 sed
1448 3055 1538 3127 signis
1561 3069 1595 3112 ac
1618 3055 1721 3127 liguris

56 3154 80 3199 6
109 3140 301 3214 pervalemus.
334 3138 413 3196 Sicut
435 3138 466 3194 16
494 3138 623 3209 66611661
648 3138 763 3209 pagina,
792 3136 817 3192 si
871 3141 1033 3208 enuntiant,
1049 3141 1117 3197 dum
1142 3143 1245 3198 solium
1270 3143 1320 3199 Dei
1338 3157 1367 3200 66
1392 3143 1497 3200 vidisse
1525 3143 1718 3207 declamitant,

56 3231 139 3287 illam
164 3229 416 3299 contemplativam
444 3226 607 3293 attenderis,
636 3226 700 3283 aliis
726 3224 817 3282 oculis
871 3237 899 3287 61
914 3230 975 3286 solii
995 3231 1115 3302 speciem
1131 3231 1257 3301 sapbiro,
1284 3246 1318 3287 ac
1341 3233 1515 3303 chrysolitho
1540 3237 1718 3302 comparant.

56 3332 89 3387 ts,
111 3319 220 3391 quibus
234 3318 376 3375 sententia
397 3317 572 3382 6661166166,
601 3315 726 3385 inspicis,
755 3314 818 3370 allis
907 3317 1065 3389 Cnmfergo
1079 3319 1206 3375 divinam
1226 3318 1348 3377 166666
1370 3328 1421 3378 661
1443 3321 1504 3393 igni
1531 3327 1718 3391 comportent,

56 3422 142 3480 6666,
164 3407 242 3479 6666
255 3408 317 3463 6616
338 3405 448 3462 6611666
473 3404 629 3476 colligitur,
646 3403 818 3474 contempla·
872 3412 922 3461 aut
933 3405 962 3461 in
978 3406 1121 3462 humanas
1132 3408 1314 3465 habitudines
1333 3423 1384 3479 per
1401 3410 1596 3466 membrorum
1619 3410 1719 3481 singu-

249 3521 259 3528 ·
872 3492 964 3550 lorum
980 3494 1095 3551 scbema
1108 3494 1292 3563 distribuant,
1309 3503 1420 3552 nonest
1437 3497 1474 3552 ibi
1490 3497 1568 3567 quod
1589 3497 1624 3553 66
1650 3509 1720 3552 6666

63 3584 126 3643 666
136 3591 233 3641 66166
248 3585 292 3640 616
307 3583 548 3652 imaginationum
558 3581 640 3639 nulla
658 3581 815 3649 seconfcrt‚
872 3582 1073 3652 omnipotentis
1088 3582 1137 3637 Dei
1151 3583 1332 3653 simplicitate
1344 3583 1465 3648 dicatur,
1486 3598 1552 3640 cum
1575 3583 1719 3654 quidquid

56 3675 169 3732 661666
181 3672 385 3743 temporalitas,
398 3686 450 3729 nec
468 3669 670 3741 temporalitati
692 3669 818 3725 obnoxia
872 3670 907 3725 66
927 3669 975 3727 1116
1001 3670 1235 3741 incirconscripto
1267 3672 1374 3742 agitur,
1402 3671 1599 3741 corporalibus
1622 3684 1719 3743 angu-

56 3783 60 3818 1
86 3763 187 3834 611666
216 3761 303 3818 66611
334 3775 364 3818 se
388 3761 502 3832 ingerit,
531 3759 604 3815 nibil
631 3759 738 3825 visunt,
767 3765 818 3814 661
873 3758 933 3814 61116
958 3759 1161 3828 comprobandi
1188 3773 1270 3830 posse
1299 3766 1426 3830 putetur.
1453 3759 1498 3816 Nil
1512 3760 1589 3815 enim
1615 3759 1652 3816 ibi
1677 3767 1720 3817 est

57 3852 150 3909 616661
165 3851 262 3922 possit,
277 3851 406 3907 exterius
421 3849 449 3905 16
466 3863 495 3905 se
510 3847 644 3904 admittit.
662 3846 818 3915 Quaeeuim
872 3847 949 3917 quod
964 3849 1123 3905 secundum
1148 3849 1301 3918 puritatem
1324 3848 1505 3918 6666116666
1524 3849 1654 3905 essentiae
1672 3847 1719 3904 di-

56 3941 86 3998 161
113 3941 220 3998 formas
261 3948 290 3997 et
319 3938 553 4009 corruptibilium
581 3937 817 3993 consuetudinem
872 3934 1001 4002 ctitetnr;
1028 3944 1071 3993 est
1104 3944 1200 3994 66166
1233 3938 1310 4008 6666
1338 3938 1440 4010 liguris
1464 3946 1493 3995 61
1516 3938 1720 4011 aenigmatibus

59 4035 79 4098 1,
94 4042 206 4100 semper
225 4028 373 4084 tenuitatis
397 4027 548 4097 impatiens
575 4025 747 4082 usitatarum
776 4039 819 4082 rc·
873 4025 943 4081 adeo
958 4025 1187 4096 praestringatur,
1204 4026 1283 4083 6166
1297 4027 1361 4097 ejus
1379 4034 1485 4084 natura
1506 4028 1547 4084 nil
1560 4028 1719 4098 proprium,

56 4117 247 4175 recordatione
269 4114 428 4188 grossescit.
456 4114 535 4179 Quod
557 4113 634 4170 6166
659 4113 820 4185 666611661
873 4116 920 4174 sed
936 4115 1013 4186 quod
1027 4115 1163 4171 membris
1178 4115 1269 4185 ipsius
1287 4115 1438 4186 allegorice
1458 4117 1587 4185 attineat,
1619 4116 1721 4188 predi-

56 4220 90 4263 im
114 4205 280 4262 subtilitatis
305 4204 372 4260 velit
402 4203 483 4271 eniti,
512 4217 569 4259 non
599 4203 654 4258 nisi
692 4210 819 4259 externae
872 4213 962 4262 cetur.
986 4203 1601 4276 6166616166666666166666616666
1625 4206 1719 4264 consi·

56 4293 88 4351 tis
101 4301 221 4350 extrusa
245 4292 407 4363 frequentia
430 4291 466 4347 ad
482 4289 684 4347 intellectualia
709 4291 818 4347 discer—
873 4300 960 4361 stant,
975 4300 1003 4349 et
1018 4293 1047 4348 in
1062 4293 1172 4348 Veteris
1186 4293 1357 4348 Testamenti
1374 4293 1543 4350 auctoribus
1558 4293 1630 4349 61611
1642 4293 1720 4365 6666

56 4382 163 4440 166161
182 4381 300 4437 intendi.
325 4381 394 4436 1666
417 4388 445 4437 61
466 4379 564 4435 clauso
587 4379 660 4435 ostio
679 4379 820 4450 jubemur
874 4382 907 4437 66
922 4381 980 4438 Deo
1005 4379 1154 4436 essentiale
1179 4381 1323 4449 credatur,
1342 4381 1466 4437 inveniri
1492 4388 1590 4451 queat,
1617 4389 1720 4452 prester

68 4471 181 4528 Patrem
195 4469 309 4538 (Mettis.
325 4483 365 4536 xi,
386 4468 423 4539 6).
443 4470 500 4524 1166
516 4474 543 4522 61
570 4468 705 4540 661666,
721 4475 749 4524 61
771 4483 817 4525 66-
836 4469 946 4540 611166
966 4483 973 4524 :
992 4491 1003 4519 ι
1022 4471 1158 4540 Egosum
1171 4469 1308 4540 quisunt.
1325 4471 1389 4526 »Et
1406 4485 1413 4525 τ
1430 4490 1440 4518 ι
1459 4469 1512 4536 Qui
1528 4476 1569 4525 est
1584 4467 1661 4524 misit
1676 4480 1720 4523 66

56 4572 110 4627 66,
135 4566 162 4615 61
187 4558 301 4614 1661166
326 4557 440 4625 666166,
466 4556 501 4612 66
524 4571 583 4627 666
598 4556 752 4627 Apostolus
771 4556 821 4624 111
877 4557 913 4613 66
928 4571 980 4614 666
995 4556 1153 4630 (Exedra,
1171 4557 1225 4628 11),
1244 4580 1254 4607 ι
1276 4567 1379 4615 catera
1394 4572 1459 4628 quae
1474 4557 1509 4613 66
1530 4570 1563 4612 eo
1586 4556 1721 4613 16666166

58 4649 128 4715 611.
149 4646 209 4703 1166
224 4646 313 4718 igitur
327 4645 410 4702 modo
431 4660 498 4702 cum
522 4645 711 4715 spiritualitas
734 4646 818 4715 66661
872 4652 1019 4716 tantopere
1036 4646 1172 4702 humanae
1187 4646 1402 4702 consuetudinis
1422 4645 1499 4701 dicta
1524 4643 1657 4715 factaque
1675 4657 1720 4701 re·

56 4735 167 4792 toddam
189 4735 345 4791 ethereum
366 4734 470 4790 caelum
493 4740 521 4790 et
547 4733 617 4802 sola,
641 4741 704 4790 616
732 4741 818 4791 terre·
872 4733 1444 4803 6616616116666166616666666166
1461 4732 1592 4802 passione
1614 4732 1721 4789 nostris

56 4822 164 4879 661666
178 4822 343 4879 incomitata
367 4822 559 4893 progreditur,
580 4821 742 4891 specialiter
760 4822 817 4892 spi·
872 4822 1003 4879 moribus
1016 4821 1061 4878 661
1072 4822 1197 4878 motibus
1211 4835 1316 4878 morem
1332 4827 1444 4893 gerant.

58 4911 123 4970 ibus
148 4912 311 4982 spiritualia
343 4920 498 4980 comparat,
533 4911 604 4967 666
634 4911 817 4967 intellectuali
910 4910 1102 4981 llacqutdem
1118 4909 1194 4980 apud
1210 4910 1345 4981 antiquos
1361 4924 1432 4981 pene
1446 4911 1544 4968 omnia
1559 4910 1720 4982 ilguraliter

60 4999 324 5070 itateincorporeas
339 4999 403 5056 illas
422 4999 527 5070 species
552 5000 653 5057 muudi
675 4999 820 5057 interioris
873 4999 1025 5071 contigisse
1048 4999 1256 5070 cognoscimus,
1279 5006 1437 5070 testemque
1462 4999 1626 5070 Apostolum
1652 4999 1720 5056 6166

56 5087 128 5145 1661.
873 5088 1013 5144 6666666
1027 5087 1056 5159 (f
1070 5090 1131 5144 cor.
1148 5102 1177 5154 x,
1194 5088 1246 5158 11).
1266 5087 1363 5144 Sedet
1381 5087 1411 5143 in
1434 5088 1513 5145 Novo
1540 5089 1721 5146 Testamento

58 5218 65 5232 .
86 5174 256 5232 Viaioaeeia
268 5174 530 5249 merisscripluris
543 5177 635 5233 menti
648 5176 741 5231 colum
753 5192 819 5232 cor·
873 5190 930 5231 non
946 5176 1031 5248 longe
1048 5189 1131 5232 66666
1155 5189 1189 5231 66
1216 5175 1287 5231 alias
1307 5189 1337 5232 se
1357 5189 1404 5232 res
1428 5176 1521 5243 66661,
1546 5177 1616 5232 666
1639 5189 1720 5247 666·

56 5263 216 5336 cingerum
225 5261 376 5336 imagines.
391 5293 427 5304 -
442 5263 495 5320 Sed
512 5262 591 5334 quod
605 5262 728 5319 dicimus
745 5276 819 5332 pras-
873 5278 991 5336 cunque
1011 5269 1086 5320 m
1109 5264 1140 5320 16
1163 5263 1331 5335 apocalypsi
1357 5263 1505 5331 dicuntur,
1531 5279 1549 5320 6
1575 5265 1720 5322 16661616

56 5349 476 5409 66616666666666161161661
492 5364 526 5406 66
542 5350 621 5407 Novo
640 5350 820 5408 Testamenta
859 5354 955 5411 .nullo
984 5352 1155 5411 extrinsecis
1191 5352 1340 5409 dissentire
1373 5352 1520 5411 videntur.
1550 5353 1617 5410 11166
1651 5367 1721 5426 ergo

55 5451 116 5497 rum
141 5438 278 5496 61666166
300 5437 436 5507 historie,
461 5452 527 5510 quae
551 5439 587 5497 66
615 5438 697 5496 11166
715 5447 820 5497 evectae
873 5455 964 5513 qnam
978 5441 1025 5499 die
1039 5441 1187 5498 nomintca
1200 5450 1228 5499 61
1240 5441 1326 5512 cnjus
1342 5454 1376 5498 ac
1398 5441 1422 5498 si
1448 5441 1722 5512 circumscriptionis

104 5527 219 5585 nonnisi
238 5540 358 5599 corpore
379 5540 480 5585 earum
504 5526 664 5611 imaginum
688 5527 751 5585 6166
772 5542 820 5586 re-
874 5528 996 5587 formem
1011 5528 1123 5587 viderit.
1143 5529 1178 5587 Et
1196 5542 1379 5603 summopere
1395 5536 1492 5589 16666
1516 5529 1722 5589 attendendum
