3818 6008
71 261 124 316 sila
516 255 548 310 V.
569 255 614 311 GU
631 255 739 312 uuam
759 257 908 313 aestuis
924 257 952 314 S.
975 255 1094 312 danim
1112 256 1158 312 DE
1182 255 1379 318 NOVIGENTO
1774 258 1826 313 900

71 389 189 463 gerebat
211 385 347 459 regulari,
371 386 441 442 dum
456 384 538 441 alteri
565 385 592 442 id
610 393 727 456 peteret,
744 386 803 458 ipse
827 401 917 458 expe·
936 387 1023 443 Ased
1044 395 1101 442 tam
1129 386 1203 443 fideli
1218 386 1395 444 confessione
1414 401 1482 444 suos
1504 385 1574 444 mibi
1598 386 1711 444 animos
1725 385 1826 456 prodi-

71 478 152 544 titur,
168 484 196 533 et
210 476 265 532 sub
280 474 422 531 Richardo
435 475 583 546 quondam
604 474 757 532 Albanensi
771 477 912 547 episcopo,
968 476 1082 545 derunt,
1102 476 1252 547 prodentes
1265 477 1415 544 unierunt,
1430 478 1525 547 utqui
1541 476 1648 533 alicubi
1663 476 1826 533 monachos

72 567 233 640 apostolica
256 565 329 622 sedis
348 564 377 620 in
401 563 553 620 Franciam
577 572 647 620 tunc
669 566 848 637 legatolqui
866 563 914 638 [ι’]
969 579 1015 621 me
1035 566 1141 622 vidisse
1166 574 1307 637 putarem,
1329 565 1415 622 eisin
1432 566 1486 622 hac
1509 568 1589 636 parte
1613 565 1826 635 comparabiles

72 658 101 713 in
123 656 238 713 civitate
256 653 435 711 Trecassinm
458 660 589 724 coegerat
608 653 772 722 concilium)
793 654 916 724 prefata
970 654 1090 711 omnino
1105 669 1162 710 non
1177 669 1300 711 nossem.

71 743 305 803 ambianensium
326 741 386 797 sedi
406 741 556 811 episcopus
577 741 670 809 datus,
689 756 707 797 a
729 756 782 800 suo
805 750 918 799 constat
1006 746 1095 813 Quare
1125 747 1301 812 peccatoram
1318 744 1402 813 plane
1431 744 1605 812 acceperit.
1636 744 1825 809 -Tuscis,

70 831 404 904 Novigentotranslatus.
971 831 1198 897 clementissime,
1216 833 1293 903 quod
1309 832 1362 888 boc
1383 832 1558 903 opusculum
1575 846 1634 890 non
1655 832 1828 903 arrogantia

106 921 243 990 Quicum
260 920 288 976 in
313 919 405 976 multa
428 918 497 975 inibi
514 918 605 990 gloria
624 934 658 975 ac
673 919 806 976 felicitate
826 934 856 977 se
871 935 919 992 ge·
972 921 1072 991 aliqua
1089 920 1233 990 ceperim,
1256 920 1304 976 sed
1321 920 1467 990 nequitias
1482 934 1560 977 meas
1575 920 1706 977 confiteri
1730 921 1829 978 volue-

72 1016 156 1076 reret,
181 1016 209 1065 et
233 1014 380 1077 tantopere
400 1007 438 1063 ab
452 1006 588 1063 omnibus
611 1007 753 1065 coleretur
774 1015 805 1064 ut
829 1008 921 1065 abiis
973 1006 1038 1076 rim,
1062 1021 1136 1079 quas
1151 1009 1236 1079 plane
1258 1009 1471 1065 evidentissime
1495 1009 1657 1078 confiterer,
1676 1008 1733 1066 nisi
1750 1009 1828 1067 mul-

70 1098 155 1155 etiam
180 1096 231 1168 qni
259 1096 313 1153 sibi
336 1102 478 1166 praeerant
503 1096 687 1165 pontificibus
710 1111 777 1153 cum
804 1097 920 1166 speciali
974 1104 1070 1155 torum
1084 1099 1196 1156 animos
1211 1098 1262 1169 qui
1279 1098 1341 1155 baec
1355 1098 1480 1170 legerent
1495 1099 1647 1155 horrendis
1667 1099 1741 1155 meis
1755 1099 1831 1155 acti-

72 1186 255 1244 veneratiene
273 1184 454 1256 potissimum
478 1185 642 1255 timeretur3
657 1193 684 1242 et
698 1199 735 1241 ne
750 1185 800 1242 diu
816 1200 920 1254 morer,
976 1185 1030 1242 bus
1046 1186 1204 1258 depravare
1216 1201 1340 1244 vererer.
1356 1187 1509 1256 Confiteor,
1525 1187 1658 1258 inquam,
1670 1186 1829 1259 nequitias,

72 1289 139 1332 cum
154 1275 265 1344 ubique
286 1272 370 1344 qnasi
386 1272 472 1329 totius
490 1272 636 1344 religionis
649 1272 923 1345 speculumspecta-
975 1274 1023 1330 sed
1039 1275 1129 1333 multo
1153 1275 1262 1346 justius
1277 1290 1334 1332 non
1358 1275 1505 1347 iniquitati
1519 1290 1599 1345 meae,
1616 1276 1666 1333 sed
1691 1276 1831 1348 ingenita

74 1371 164 1431 retur,
186 1369 302 1432 repente
318 1361 354 1417 ad
376 1361 415 1429 id,
439 1361 516 1432 quod
533 1369 632 1418 uuum
648 1361 808 1431 affectabat,
832 1362 922 1431 novit,
977 1362 1077 1434 gratiae
1091 1371 1147 1421 tuae
1168 1365 1372 1434 respondentes
1385 1364 1603 1421 misericordias.
1630 1365 1705 1422 Etsi
1727 1364 1831 1421 deali-

72 1457 142 1506 ‹sstt
176 1452 261 1518 Deus,
294 1465 331 1505 an
359 1450 520 1518 verebatur,
554 1452 681 1507 enversit.
711 1451 801 1507 Didici
825 1460 922 1509 autem
977 1464 1036 1520 que
1052 1450 1130 1521 loqui
1154 1451 1316 1523 contigerit,
1338 1453 1374 1509 ad
1390 1452 1564 1524 tuajudicia
1578 1452 1760 1509 ostendenda
1775 1466 1830 1509 mo

72 1541 150 1611 quod
184 1540 335 1596 baereditas
365 1539 514 1610 adquam
548 1538 702 1597 festinatur
725 1540 923 1611 inprincipio,
978 1552 1024 1595 res
1036 1553 1190 1610 exponam,
1206 1547 1234 1597 et
1251 1548 1374 1597 eventus
1389 1541 1489 1597 finales
1504 1549 1667 1609 rerum;tu
1680 1541 1761 1598 enim
1776 1541 1830 1598 scis

73 1629 270 1686 benedictione
290 1629 418 1685 caritura
440 1627 520 1683 sitin
544 1628 709 1684 novissimo.
735 1628 922 1701 Initiaplane
979 1627 1058 1698 quia,
1086 1629 1114 1683 in
1147 1629 1266 1685 bistuis
1289 1630 1400 1700 tibique
1424 1630 1526 1687 dicatis
1556 1630 1752 1700 sermonibus,
1773 1645 1828 1687 nen

72 1733 138 1775 cum
155 1717 245 1774 solita
268 1717 351 1788 plena
373 1716 468 1772 laudis
483 1716 627 1785 babuerit,
643 1725 671 1774 et
694 1731 744 1787 per
759 1732 849 1774 annes
864 1718 920 1774 ali·
939 1693 1122 1786 Bgratanter
1142 1715 1254 1787 excipio
1268 1716 1439 1774 corrosionis
1459 1731 1493 1774 ac
1511 1717 1677 1775 invidentia
1692 1719 1826 1775 verbum.

72 1815 143 1878 quet
166 1820 269 1862 rumor
294 1806 320 1861 ei
344 1804 536 1876 praeconiosus
560 1805 719 1875 accesserit,
738 1808 809 1878 jam,
833 1814 864 1863 ut
878 1813 920 1864 est
971 1801 1044 1870 Quia
1065 1804 1155 1876 igitur
1176 1805 1306 1862 fortunas
1326 1813 1353 1862 ιι
1377 1805 1536 1863 infortunia
1560 1797 1623 1863 mea
1642 1807 1680 1863 ad
1704 1807 1826 1863 alierum

72 1897 178 1960 videre,
196 1895 339 1966 quidquid
359 1893 436 1964 apud
464 1893 607 1950 bominem
631 1894 790 1965 gloriarum
811 1909 920 1953 excan-
974 1890 1092 1948 forsitan
1125 1893 1329 1965 qualecunque
1363 1895 1590 1952 instrumentum
1622 1895 1740 1952 decrevi
1765 1910 1826 1952 con·

72 1984 183 2040 doscere
199 1981 361 2049 videbatur,
386 1994 444 2036 nen
469 1981 553 2037 modo
569 1981 700 2052 intepuit,
723 1982 773 2038 sed
797 1983 918 2041 refrixit.
974 1986 1080 2049 texere,
1097 1981 1157 2052 ipsa
1173 1983 1362 2052 susceptionis
1376 1997 1447 2039 meae
1461 1982 1507 2039 die
1521 1983 1642 2054 quidam
1666 1984 1825 2040 monachus

71 2071 167 2128 Prima
180 2071 257 2128 enim
278 2071 354 2127 intra
376 2070 479 2126 urbem
498 2083 558 2126 suaa
583 2071 773 2140 susceptionis
796 2072 840 2128 die
853 2086 921 2129 cum
974 2068 1080 2126 divina
1095 2071 1209 2142 paginae
1232 2085 1289 2128 non
1314 2070 1446 2143 ignarus,
1471 2080 1641 2140 eventuum,
1659 2079 1692 2128 ut
1713 2073 1823 2143 opinor,

72 2161 223 2217 locuturus
246 2159 282 2214 ad
297 2158 437 2229 populum
463 2157 566 2228 pulpiti
580 2159 702 2214 editiora
718 2166 835 2226 teneret,
859 2174 923 2230 pro
974 2171 1103 2216 meorum
1124 2158 1265 2226 curiosus,
1291 2174 1358 2216 cum
1382 2158 1499 2217 obviam
1520 2160 1590 2216 mibi
1611 2161 1768 2231 procedere
1782 2174 1825 2231 pa

72 2256 192 2306 testatus
211 2255 253 2304 cst
278 2262 308 2303 se
331 2245 371 2302 sic
403 2246 496 2302 ardua
519 2254 707 2316 sectaturum,
742 2247 848 2318 quippe
869 2248 920 2319 qui
975 2254 1072 2303 rarent
1092 2246 1141 2320 [s.,
1162 2246 1303 2320 pararet],
1325 2255 1437 2306 textum
1459 2248 1610 2321 Evangelii
1624 2263 1662 2306 ex
1683 2249 1824 2306 industria

72 2336 158 2394 nollet
174 2336 245 2393 illud
259 2335 313 2391 sibi
337 2334 479 2405 poeticum
496 2334 525 2390 iu
548 2334 609 2391 suis
622 2333 781 2392 defectibus
802 2343 921 2406 coapta-
973 2349 1060 2407 super
1074 2336 1165 2394 altare
1180 2337 1233 2393 bac
1255 2336 1412 2394 intentione
1428 2338 1549 2407 aperuit,
1566 2341 1600 2394 ut
1616 2338 1696 2410 quod
1712 2339 1824 2409 capitu-

72 2426 251 2495 ri,seilicet:
973 2426 1035 2483 lum
1062 2425 1153 2483 oculis
1174 2425 1300 2496 primum
1336 2433 1499 2483 occurreret
1532 2423 1593 2498 (π),
1621 2440 1674 2498 pro
1703 2425 1760 2483 mei
1779 2440 1825 2482 au-

108 2535 269 2590 Porttoioot
284 2535 394 2594 montes,
405 2533 532 2585 anamim·
541 2529 675 2585 ridiculus
689 2545 759 2585 mus.
974 2514 1061 2585 31)ῙοῘο
1077 2515 1205 2571 haberet.

613 2618 693 2678 (Hpq,
711 2619 747 2674 Α,
763 2621 794 2675 Ρ,
811 2620 886 2690 139‚)
1010 2606 1202 2672 Prognosticoa
1232 2604 1265 2659 de
1293 2605 1428 2662 daiberto.
1465 2605 1553 2671 Quam
1582 2604 1700 2659 sollicite
1734 2605 1826 2659 ιιιιιιιι

72 2727 141 2795 (ιιι
161 2724 302 2783 sententia
328 2723 364 2780 ad
379 2723 444 2795 ejns
466 2725 641 2794 aucupanda
660 2724 736 2781 facta
759 2727 919 2796 sequentia,

73 2815 274 2873 universorum
297 2812 409 2869 animos
424 2812 635 2883 impraegnavit,
661 2813 725 2884 ejus
739 2814 816 2870 enim
829 2823 922 2873 status

73 2903 103 2961 in
131 2902 190 2959 dies
209 2900 318 2972 copiose
343 2901 500 2957 lentescens
524 2901 617 2971 seipsa
645 2901 813 2959 deteriorem
838 2905 922 2975 caepit

974 2691 1043 2745 obiit
1069 2692 1235 2762 prelatura.
1262 2693 1389 2749 -Erat
1415 2700 1512 2750 autem
1541 2690 1614 2749 liber
1638 2706 1731 2749 manu
1754 2690 1825 2749 scri-

976 2785 1043 2849 ptus
1063 2792 1122 2835 non
1147 2779 1269 2850 paginis,
1300 2781 1349 2838 sed
1372 2780 1524 2838 columnis.
1541 2781 1574 2837 In
1596 2781 1742 2838 columnae
1770 2780 1825 2852 igi-

976 2876 1024 2925 tur
1050 2868 1140 2926 tertia
1164 2869 1257 2926 medio
1285 2869 1387 2926 oculus
1420 2863 1484 2941 ejus
1511 2869 1633 2937 insedit,
1666 2870 1721 2940 qui
1748 2868 1825 2926 locus

73 2990 266 3047 indesinenter
292 2990 384 3045 iacere
411 2990 602 3058 sponsionem.
629 2989 682 3047 Sed
713 2990 748 3047 de
775 2991 820 3048 itis
850 2993 920 3048 inte·
940 2971 1015 3047 0⁸¹⁰
1042 2971 1071 3013 ⁵⁶
1095 2957 1198 3014 habun
1214 2973 1248 3013 ³⁸
1279 2958 1410 3015 Luoema
1438 2957 1565 3028 ⁰⁰¹p⁰¹⁵⁸
1591 2958 1634 3014 ‘ui
1658 2964 1701 3014 ⁹⁸¹
1726 2957 1826 3015 ⁰⁰⁰¹¹¹⁵

72 3079 129 3137 rim
153 3079 299 3144 sileamus,
322 3076 451 3134 babituri
466 3077 585 3134 femitan
601 3078 630 3134 in
650 3080 838 3150 sequentibus
859 3081 921 3137 loca

72 3167 178 3224 ubi...
192 3167 342 3236 (Nonnulla
355 3165 475 3236 ιιιιιιι.)

402 3290 519 3348 CAPUT
539 3290 590 3346 ill.

108 3399 253 3458 uastatos
280 3400 310 3453 io
333 3400 419 3454 locum
441 3397 584 3465 Gedesridi
609 3397 857 3473 obbcsNouigeuti
879 3401 920 3454 ia-

71 3492 143 3546 seius
166 3489 340 3558 mbrcqotur.
362 3516 400 3530 -
424 3487 468 3544 ild
491 3486 570 3544 bunc
583 3500 652 3558 ergo
667 3488 745 3545 unde
773 3488 920 3560 digressus

72 3578 166 3636 iuerat
187 3578 293 3646 locum,
309 3585 337 3635 et
361 3591 446 3648 quem
473 3576 532 3648 ipse
554 3583 748 3647 competenter
768 3591 802 3633 ac
816 3591 918 3648 oppor-

72 3674 142 3724 tune
166 3673 325 3737 aptaverat,
346 3672 373 3721 et
389 3664 418 3721 in
433 3679 503 3736 quo,
518 3664 541 3720 si
564 3663 672 3720 habitis
693 3671 843 3721 contentus
858 3680 919 3723 osse

70 3754 164 3821 vellat,
199 3754 424 3811 fortunatissime
448 3760 476 3809 et
507 3752 652 3809 liberrime
675 3752 750 3809 nulli
775 3751 920 3809 obnoxius

70 3842 202 3900 victitare
222 3849 365 3912 potuerat,
387 3840 582 3908 electionem
603 3840 738 3911 superius
757 3839 828 3904 dixi,
845 3839 919 3896 facta

72 3946 116 3989 me
137 3930 256 4002 contigit
278 3929 402 3986 evocari.
427 3929 534 3985 Electio
557 3937 654 3986 autem
676 3935 776 3986 utrum
791 3929 849 3983 ileo
863 3943 920 3984 no-

70 4021 145 4078 lente
159 4033 197 4076 an
210 4018 346 4074 tolerante
369 4016 464 4085 luerit,
488 4017 584 4074 nescio
601 4032 607 4073 :
622 4016 678 4074 hoc
697 4031 789 4073 unum
818 4030 919 4073 secme

976 3053 1043 3103 tuus
1057 3047 1132 3117 (ιιι.
1151 3062 1189 3114 xi,
1214 3047 1266 3116 34).
1283 3068 1296 3097 ι
1311 3047 1437 3103 Diacono
1459 3047 1568 3117 itaque,
1592 3046 1688 3117 quiin
1719 3059 1826 3116 proces-

973 3135 1052 3193 sione
1066 3136 1218 3208 Evangelii
1241 3144 1355 3194 textum
1370 3143 1431 3193 erat
1446 3135 1631 3207 prelaturas,
1656 3135 1782 3206 imperat
1795 3142 1825 3192 ut

974 3230 1037 3293 post
1050 3223 1182 3280 osculum
1197 3224 1275 3295 quod
1289 3231 1434 3296 argentea
1448 3222 1566 3296 imagini
1584 3223 1717 3281 exterius
1728 3223 1823 3280 affixa

972 3311 1117 3386 libassem,
1140 3312 1230 3384 digito
1253 3312 1313 3370 loco
1336 3312 1386 3382 illi,
1404 3326 1492 3383 quem
1506 3319 1667 3380 notaverat,
1694 3313 1823 3384 interpo-

973 3399 1026 3456 sito
1042 3408 1158 3471 repente
1173 3401 1202 3457 in
1214 3401 1306 3458 oculis
1320 3401 1390 3458 meis
1403 3400 1539 3458 volumen
1551 3401 1694 3471 aperiens,
1709 3401 1825 3458 sollicite

973 3489 1132 3546 attenderet
1148 3504 1237 3561 quam
1263 3490 1291 3545 in
1309 3498 1418 3560 partem
1445 3489 1568 3546 intuitus
1595 3503 1677 3546 meus
1701 3504 1763 3547 sese
1783 3490 1826 3546 dc-

974 3583 1099 3647 poneret.
1130 3577 1250 3648 Aperuit
1278 3591 1346 3649 ergo
1371 3577 1489 3646 librum,
1523 3575 1570 3634 eui
1600 3576 1688 3648 juxta
1718 3590 1825 3634 morem

972 3665 1153 3722 extrinsecus
1182 3665 1264 3723 labra
1287 3666 1494 3736 depresseram,
1521 3673 1548 3722 et
1572 3665 1635 3736 ipso
1659 3672 1826 3737 aucupante

973 3767 1114 3824 quorsum
1130 3754 1317 3822 intenderem,
1332 3767 1391 3810 non
1406 3754 1520 3825 paginae
1533 3753 1615 3810 initia
1629 3755 1755 3825 respexi,
1770 3767 1826 3810 nen

974 3840 1071 3910 finem,
1085 3843 1134 3899 sed
1148 3856 1199 3901 ora
1220 3850 1248 3900 et
1262 3842 1360 3900 ocules
1375 3843 1412 3899 ad
1435 3842 1611 3899 versiculum
1629 3842 1735 3900 deflexi
1751 3855 1828 3899 eum·

974 3929 1049 3985 dem.
1067 3930 1121 3999 Qui
1138 3931 1298 3988 monacbus
1318 3931 1421 3988 talium
1435 3932 1578 4003 conjector
1593 3946 1659 3988 cum
1676 3928 1827 3987 intentioni

973 4031 1034 4074 sua
1049 4019 1158 4077 iactum
1181 4034 1276 4076 meum
1292 4019 1487 4090 improvidum
1509 4021 1681 4076 convenisse
1706 4019 1826 4085 videret,

71 4107 236 4180 pronuntio,
253 4105 323 4177 quia
337 4120 431 4176 neque
443 4120 476 4163 eo
488 4106 610 4175 ambitu,
627 4119 721 4176 neque
736 4119 782 4161 me
796 4105 919 4172 conscio,

72 4203 123 4253 ιιιι
137 4209 265 4251 meorum
293 4193 415 4252 factione
439 4202 592 4265 parentum
618 4199 773 4264 procurata
794 4193 831 4250 sit
849 4191 919 4249 mibi

973 4115 1037 4177 post
1052 4108 1161 4178 aliquot
1183 4108 1252 4176 dies,
1267 4116 1295 4164 et
1310 4108 1382 4178 quid
1398 4107 1519 4173 fecisset,
1535 4115 1562 4163 et
1581 4108 1660 4179 quod
1675 4107 1751 4163 actio
1767 4121 1829 4165 mea

974 4195 1078 4251 actioni
1094 4210 1154 4253 sua
1177 4195 1250 4252 miro
1266 4195 1349 4251 modo
1364 4194 1568 4262 concinuisset,
1589 4195 1625 4251 ad
1644 4209 1691 4251 me
1710 4196 1829 4253 veniens

72 4284 121 4341 illa
142 4285 282 4356 quaesitio.
310 4285 343 4341 fit
357 4284 428 4340 istac
457 4283 575 4354 quidem
600 4296 644 4338 res
670 4281 743 4337 bene
769 4289 919 4352 utcunque
938 4284 1133 4346 denarravit.
1159 4284 1244 4352 Deus,
1263 4283 1314 4355 qui
1337 4282 1470 4339 emnium
1492 4282 1521 4338 in
1537 4290 1564 4339 te
1587 4283 1769 4341 credentium
1791 4283 1828 4340 lu·

72 4372 217 4444 prooessit.
234 4372 302 4428 Illac
323 4386 400 4441 vero,
426 4372 503 4442 quod
525 4371 631 4427 scilicet
653 4369 800 4426 anemine
820 4383 920 4426 eorum
975 4385 1078 4428 cernas
1102 4369 1249 4428 illuminas
1275 4371 1360 4442 (Psoi.
1388 4387 1459 4437 xvir,
1476 4370 1532 4441 ab),
1557 4379 1586 4427 tu
1603 4370 1661 4428 scis
1681 4384 1773 4442 quam
1789 4372 1828 4428 in·

71 4461 273 4533 cognoscebar,
298 4474 351 4517 nec
374 4459 540 4531 quempiam
566 4471 665 4514 eorum
689 4470 837 4519 noveram,
862 4471 921 4513 non
975 4459 1111 4516 tentionis
1133 4458 1280 4516 lucernam
1307 4459 1379 4515 mibi
1402 4458 1569 4530 contuleris,
1593 4467 1623 4516 et
1635 4474 1736 4530 quam,
1753 4460 1827 4516 inter

72 4551 180 4608 utiliter
194 4551 323 4618 forsitan,
340 4563 399 4606 non
416 4549 527 4620 integre
541 4548 620 4618 quod
635 4554 771 4604 secutura
793 4547 921 4604 lecturus
975 4548 1097 4606 adversa
1111 4563 1177 4620 qua
1192 4547 1262 4605 mibi
1283 4548 1444 4618 intulerint,
1462 4553 1491 4605 et
1507 4560 1675 4618 prosperam
1697 4548 1828 4606 volunta·

71 4641 209 4698 attendat.
226 4639 270 4696 Ad
284 4653 331 4695 ees
345 4637 423 4694 enim
444 4636 564 4693 veniens
578 4643 690 4693 certum
704 4635 781 4705 apud
802 4650 847 4693 me
863 4650 921 4692 non
975 4643 1031 4693 tem
1048 4638 1169 4694 babeam
1194 4650 1264 4709 erga
1284 4637 1369 4707 ipses.
1386 4638 1420 4693 lit
1437 4637 1502 4693 licet
1524 4650 1612 4706 epora
1636 4651 1701 4693 mea
1715 4652 1767 4693 cer
1792 4637 1827 4693 vi

72 4729 264 4799 habeoquod,
278 4728 319 4784 eis
341 4725 515 4797 incognitus,
529 4732 557 4781 et
572 4723 625 4794 ipsi
647 4724 728 4792 mibi,
745 4725 920 4782 simultatem
974 4725 1076 4782 delicet
1103 4724 1211 4782 foedum
1237 4725 1274 4781 sit
1297 4732 1325 4781 ιι
1355 4725 1504 4792 miserum,
1542 4730 1689 4794 quantum
1717 4723 1756 4780 ad
1783 4737 1826 4780 me

72 4817 232 4890 quamlibet
247 4817 302 4873 bac
328 4816 363 4872 de
383 4828 471 4871 causa
492 4813 729 4884 concepissemus.
756 4814 801 4870 Sic
825 4822 920 4871 tamen
974 4820 1093 4884 spectat,
1107 4820 1204 4870 tamen
1219 4827 1279 4870 non
1293 4820 1320 4870 te
1338 4813 1405 4869 latet
1420 4820 1564 4884 quantum
1580 4812 1625 4883 (ιι)
1651 4812 1826 4869 adsalutem

72 4906 250 4964 sentiebatur
263 4918 280 4960 a
294 4902 478 4976 quibusdam.
495 4901 576 4970 Quod
598 4902 670 4958 alias
681 4903 800 4974 quidem
814 4910 843 4960 et
856 4917 922 4960 con·
974 4916 1114 4970 meorum,
1137 4916 1210 4973 quos
1234 4910 1266 4958 tu
1283 4900 1353 4957 mibi
1375 4900 1534 4972 subjecisti,
1551 4901 1669 4957 animus
1687 4914 1773 4958 meus
1787 4901 1827 4956 in·

73 4994 145 5069 tigit,
160 5002 287 5066 potestve
301 4991 484 5064 contingere3
503 4992 549 5048 bic
563 4990 611 5064 [(.,
627 4989 680 5064 sic]
698 4999 796 5049 autem
813 4991 921 5048 iactum
975 4991 1081 5047 tendat.
1104 4989 1285 5061 Quantopere
1298 4990 1385 5047 etiam
1405 4989 1482 5046 mala
1496 4981 1561 5046 mea
1580 4989 1742 5056 considere,
1769 4996 1827 5047 tan·

72 5084 239 5141 nullatenus
253 5080 332 5152 potui
345 5079 494 5151 conjicere.
511 5079 588 5137 Nulli
601 5092 731 5150 namque
745 5079 868 5137 dubium
878 5086 921 5136 est
974 5084 1071 5149 tepere
1092 5080 1185 5151 magis
1199 5078 1234 5136 de
1248 5079 1331 5136 bonis
1346 5078 1475 5149 ipsorum
1487 5077 1511 5135 si
1527 5077 1678 5135 arriserint
1692 5079 1827 5150 operibus

72 5171 151 5243 quod
165 5168 346 5227 familiaritas
366 5182 400 5225 ac
414 5168 516 5225 notitia
531 5167 683 5225 audaciam
699 5180 801 5238 pamm
821 5166 918 5236 soleat,
974 5167 1122 5225 nilaresco.
1163 5166 1225 5224 Scio
1250 5181 1376 5238 namque
1402 5181 1435 5224 eo
1461 5181 1508 5223 me
1533 5167 1612 5237 apud
1635 5174 1693 5223 tuae
1727 5167 1827 5239 gratia

72 5258 194 5315 audacia
209 5270 277 5314 vero
292 5257 323 5313 in
335 5256 524 5314 temeritatem
540 5254 674 5312 facillime
689 5261 868 5325 prorumpat.
886 5254 921 5312 lit
973 5257 1111 5314 thronum
1138 5255 1311 5325 liberiorem,
1327 5270 1386 5327 quo
1407 5254 1533 5327 amplius
1552 5254 1757 5313 benivolomm
1772 5263 1828 5313 stu·

72 5353 148 5404 certe
163 5345 302 5417 majorem
317 5345 364 5402 bis
376 5359 450 5417 quos
464 5345 563 5402 minus
579 5344 715 5401 novimus
730 5344 920 5401 reverentiam
973 5345 1029 5402 diis
1043 5359 1088 5401 me
1102 5345 1254 5416 prebuere
1270 5344 1435 5417 gratiorem.

71 5434 207 5493 exhibere
230 5433 366 5502 solemus,
391 5433 457 5491 licet
477 5433 559 5491 illum
583 5432 655 5489 mibi
678 5431 851 5504 ingredienti
875 5432 919 5489 lo·
1009 5434 1148 5490 Orationis
1176 5433 1211 5489 ab
1230 5435 1277 5490 itte
1292 5449 1383 5490 ιινιιι
1410 5434 1549 5489 monacbis
1583 5432 1686 5489 habita
1710 5447 1825 5490 ιιιιιιιι.

71 5538 148 5594 cum,
165 5520 246 5578 nullo
267 5521 351 5578 mode
368 5536 471 5580 eorum
498 5521 672 5579 conscientia
698 5528 772 5578 esset
791 5521 918 5592 occlusa,
974 5550 1008 5562 -
1034 5522 1189 5592 Susceptus
1215 5520 1305 5593 igitur
1332 5521 1369 5578 ab
1387 5521 1438 5591 eis,
1454 5529 1482 5579 et
1505 5514 1662 5592 capitulari
1683 5527 1827 5580 conventu
