<?xml version="1.0" encoding="UTF-8"?>
<!DOCTYPE html PUBLIC "-//W3C//DTD XHTML 1.0 Transitional//EN"
    "http://www.w3.org/TR/xhtml1/DTD/xhtml1-transitional.dtd">
<html xmlns="http://www.w3.org/1999/xhtml" xml:lang="en" lang="en">
 <head>
  <title>
</title>
<meta http-equiv="Content-Type" content="text/html;charset=utf-8" />
  <meta name='ocr-system' content='tesseract 3.04.00' />
  <meta name='ocr-capabilities' content='ocr_page ocr_carea ocr_par ocr_line ocrx_word'/>
</head>
<body>
  <div class='ocr_page' id='page_1' title='image "./patrologiaecurs05unkngoog_0110.png"; bbox 0 0 3818 6008; ppageno 0'>
   <div class='ocr_carea' id='block_1_1' title="bbox 554 108 1690 191">
    <p class='ocr_par' dir='ltr' id='par_1_1' title="bbox 554 108 1690 191">
     <span class='ocr_line' id='line_1_1' title="bbox 554 108 1690 191; baseline 0.006 -22"><span class='ocrx_word' id='word_1_1' title='bbox 554 112 737 172; x_wconf 79' lang='lat' dir='ltr'><strong>uouatluu</strong></span> <span class='ocrx_word' id='word_1_2' title='bbox 757 115 790 170; x_wconf 88' lang='grc' dir='ltr'><strong>ΙΝ</strong></span> <span class='ocrx_word' id='word_1_3' title='bbox 811 108 963 173; x_wconf 80' lang='lat' dir='ltr'><strong>unhusut</strong></span> <span class='ocrx_word' id='word_1_4' title='bbox 984 113 1050 172; x_wconf 77' lang='grc' dir='ltr'><strong>ΗΒ.</strong></span> <span class='ocrx_word' id='word_1_5' title='bbox 1070 114 1144 172; x_wconf 83' lang='lat' dir='ltr'><strong>vrlt.</strong></span> <span class='ocrx_word' id='word_1_6' title='bbox 1198 184 1200 191; x_wconf 19' lang='lat' dir='ltr'>y</span> <span class='ocrx_word' id='word_1_7' title='bbox 1635 123 1690 176; x_wconf 78' lang='lat'><strong>210</strong></span> 
     </span>
    </p>
   </div>
   <div class='ocr_carea' id='block_1_2' title="bbox 55 241 1726 3235">
    <p class='ocr_par' dir='ltr' id='par_1_2' title="bbox 56 241 1689 671">
     <span class='ocr_line' id='line_1_2' title="bbox 56 241 1689 322; baseline 0.004 -22"><span class='ocrx_word' id='word_1_8' title='bbox 56 243 144 312; x_wconf 83' lang='lat' dir='ltr'><strong>rubet,</strong></span> <span class='ocrx_word' id='word_1_9' title='bbox 174 256 273 299; x_wconf 89' lang='lat' dir='ltr'><strong>vocem</strong></span> <span class='ocrx_word' id='word_1_10' title='bbox 302 249 397 298; x_wconf 88' lang='lat' dir='ltr'><strong>tamen</strong></span> <span class='ocrx_word' id='word_1_11' title='bbox 425 241 601 312; x_wconf 82' lang='lat' dir='ltr'><strong>poenitentis,</strong></span> <span class='ocrx_word' id='word_1_12' title='bbox 630 243 697 322; x_wconf 40' lang='lat' dir='ltr'><strong>imo,</strong></span> <span class='ocrx_word' id='word_1_13' title='bbox 711 244 784 317; x_wconf 73' lang='lat' dir='ltr'><strong>iusti</strong></span> <span class='ocrx_word' id='word_1_14' title='bbox 803 245 990 317; x_wconf 79' lang='lat' dir='ltr'><strong>hplinariter</strong></span> <span class='ocrx_word' id='word_1_15' title='bbox 1000 245 1184 314; x_wconf 88' lang='lat' dir='ltr'><strong>conscientia,</strong></span> <span class='ocrx_word' id='word_1_16' title='bbox 1194 245 1396 317; x_wconf 85' lang='lat' dir='ltr'><strong>virtutumque</strong></span> <span class='ocrx_word' id='word_1_17' title='bbox 1409 245 1545 319; x_wconf 76' lang='lat' dir='ltr'><strong>frugibus</strong></span> <span class='ocrx_word' id='word_1_18' title='bbox 1559 248 1689 307; x_wconf 89' lang='lat' dir='ltr'><strong>feraciter</strong></span> 
     </span>
     <span class='ocr_line' id='line_1_3' title="bbox 56 330 1688 405; baseline 0.002 -17"><span class='ocrx_word' id='word_1_19' title='bbox 56 331 275 403; x_wconf 78' lang='lat' dir='ltr'><strong>rpplantandnm</strong></span> <span class='ocrx_word' id='word_1_20' title='bbox 291 330 362 387; x_wconf 89' lang='lat' dir='ltr'><strong>vitia</strong></span> <span class='ocrx_word' id='word_1_21' title='bbox 377 345 406 387; x_wconf 90' lang='lat' dir='ltr'><strong>se</strong></span> <span class='ocrx_word' id='word_1_22' title='bbox 422 331 450 386; x_wconf 95' lang='lat' dir='ltr'><strong>in</strong></span> <span class='ocrx_word' id='word_1_23' title='bbox 463 331 603 402; x_wconf 90' lang='lat' dir='ltr'><strong>principio</strong></span> <span class='ocrx_word' id='word_1_24' title='bbox 623 334 786 390; x_wconf 89' lang='lat' dir='ltr'><strong>accusantis</strong></span> <span class='ocrx_word' id='word_1_25' title='bbox 840 333 997 404; x_wconf 89' lang='lat' dir='ltr'><strong>adimpleta</strong></span> <span class='ocrx_word' id='word_1_26' title='bbox 1020 334 1133 391; x_wconf 87' lang='lat' dir='ltr'><strong>coeleste</strong></span> <span class='ocrx_word' id='word_1_27' title='bbox 1160 333 1300 404; x_wconf 84' lang='lat' dir='ltr'>quiddam</span> <span class='ocrx_word' id='word_1_28' title='bbox 1320 333 1438 403; x_wconf 82' lang='lat' dir='ltr'><strong>redolet,</strong></span> <span class='ocrx_word' id='word_1_29' title='bbox 1455 334 1494 391; x_wconf 88' lang='lat' dir='ltr'><strong>ita</strong></span> <span class='ocrx_word' id='word_1_30' title='bbox 1507 333 1566 405; x_wconf 90' lang='lat' dir='ltr'><strong>ipso</strong></span> <span class='ocrx_word' id='word_1_31' title='bbox 1580 336 1688 405; x_wconf 89' lang='lat' dir='ltr'><strong>appeti·</strong></span> 
     </span>
     <span class='ocr_line' id='line_1_4' title="bbox 71 419 1687 495; baseline 0.002 -18"><span class='ocrx_word' id='word_1_32' title='bbox 71 421 104 477; x_wconf 94' lang='lat' dir='ltr'><strong>ln</strong></span> <span class='ocrx_word' id='word_1_33' title='bbox 127 426 272 492; x_wconf 86' lang='lat' dir='ltr'><strong>quantum</strong></span> <span class='ocrx_word' id='word_1_34' title='bbox 295 432 363 491; x_wconf 88' lang='lat' dir='ltr'><strong>ergo</strong></span> <span class='ocrx_word' id='word_1_35' title='bbox 379 419 536 476; x_wconf 82' lang='lat' dir='ltr'>carnaliter</span> <span class='ocrx_word' id='word_1_36' title='bbox 554 420 637 488; x_wconf 83' lang='lat' dir='ltr'><strong>vixit,</strong></span> <span class='ocrx_word' id='word_1_37' title='bbox 649 422 709 493; x_wconf 83' lang='lat' dir='ltr'><strong>jam</strong></span> <span class='ocrx_word' id='word_1_38' title='bbox 725 436 784 478; x_wconf 94' lang='lat' dir='ltr'><strong>non</strong></span> <span class='ocrx_word' id='word_1_39' title='bbox 839 429 885 479; x_wconf 92' lang='lat' dir='ltr'><strong>tus</strong></span> <span class='ocrx_word' id='word_1_40' title='bbox 897 423 995 479; x_wconf 92' lang='lat' dir='ltr'><strong>codem</strong></span> <span class='ocrx_word' id='word_1_41' title='bbox 1005 436 1106 493; x_wconf 89' lang='lat' dir='ltr'><strong>sapore</strong></span> <span class='ocrx_word' id='word_1_42' title='bbox 1119 437 1186 479; x_wconf 83' lang='lat' dir='ltr'><strong>rnox</strong></span> <span class='ocrx_word' id='word_1_43' title='bbox 1198 423 1326 479; x_wconf 90' lang='lat' dir='ltr'><strong>imbutus</strong></span> <span class='ocrx_word' id='word_1_44' title='bbox 1336 422 1376 478; x_wconf 94' lang='lat' dir='ltr'><strong>nil</strong></span> <span class='ocrx_word' id='word_1_45' title='bbox 1386 423 1687 495; x_wconf 87' lang='lat' dir='ltr'><strong>alindfragrat,qnam</strong></span> 
     </span>
     <span class='ocr_line' id='line_1_5' title="bbox 56 508 1688 582; baseline 0.004 -20"><span class='ocrx_word' id='word_1_46' title='bbox 56 509 130 578; x_wconf 82' lang='lat' dir='ltr'><strong>itur,</strong></span> <span class='ocrx_word' id='word_1_47' title='bbox 152 508 178 564; x_wconf 91' lang='lat' dir='ltr'><strong>id</strong></span> <span class='ocrx_word' id='word_1_48' title='bbox 192 516 234 565; x_wconf 92' lang='lat' dir='ltr'><strong>est</strong></span> <span class='ocrx_word' id='word_1_49' title='bbox 248 523 305 565; x_wconf 93' lang='lat' dir='ltr'><strong>non</strong></span> <span class='ocrx_word' id='word_1_50' title='bbox 320 508 507 579; x_wconf 80' lang='lat' dir='ltr'>approbatur,</span> <span class='ocrx_word' id='word_1_51' title='bbox 535 512 603 579; x_wconf 84' lang='lat' dir='ltr'><strong>puio</strong></span> <span class='ocrx_word' id='word_1_52' title='bbox 619 511 714 579; x_wconf 80' lang='lat' dir='ltr'><strong>pilosa</strong></span> <span class='ocrx_word' id='word_1_53' title='bbox 728 527 785 565; x_wconf 89' lang='lat' dir='ltr'><strong>mc·</strong></span> <span class='ocrx_word' id='word_1_54' title='bbox 839 511 916 582; x_wconf 75' lang='lat' dir='ltr'><strong>duod</strong></span> <span class='ocrx_word' id='word_1_55' title='bbox 932 526 1013 568; x_wconf 91' lang='lat' dir='ltr'><strong>mens</strong></span> <span class='ocrx_word' id='word_1_56' title='bbox 1028 511 1090 582; x_wconf 92' lang='lat' dir='ltr'><strong>ipsa</strong></span> <span class='ocrx_word' id='word_1_57' title='bbox 1105 511 1225 568; x_wconf 83' lang='lat' dir='ltr'><strong>renidet.</strong></span> <span class='ocrx_word' id='word_1_58' title='bbox 1253 512 1330 568; x_wconf 88' lang='lat' dir='ltr'><strong>Dens</strong></span> <span class='ocrx_word' id='word_1_59' title='bbox 1348 525 1416 568; x_wconf 84' lang='lat' dir='ltr'><strong>vero</strong></span> <span class='ocrx_word' id='word_1_60' title='bbox 1432 512 1457 567; x_wconf 88' lang='lat' dir='ltr'><strong>ci</strong></span> <span class='ocrx_word' id='word_1_61' title='bbox 1474 512 1624 582; x_wconf 75' lang='lat' dir='ltr'><strong>benedicit,</strong></span> <span class='ocrx_word' id='word_1_62' title='bbox 1640 512 1688 570; x_wconf 93' lang='lat' dir='ltr'><strong>cui</strong></span> 
     </span>
     <span class='ocr_line' id='line_1_6' title="bbox 70 595 1134 671; baseline -0.002 -17"><span class='ocrx_word' id='word_1_63' title='bbox 70 606 111 654; x_wconf 89' lang='lat' dir='ltr'><strong>est</strong></span> <span class='ocrx_word' id='word_1_64' title='bbox 126 597 310 654; x_wconf 89' lang='lat' dir='ltr'><strong>horridorum</strong></span> <span class='ocrx_word' id='word_1_65' title='bbox 325 611 445 666; x_wconf 91' lang='lat' dir='ltr'><strong>operum</strong></span> <span class='ocrx_word' id='word_1_66' title='bbox 471 595 690 669; x_wconf 82' lang='lat' dir='ltr'><strong>imaginationes</strong></span> <span class='ocrx_word' id='word_1_67' title='bbox 714 596 783 655; x_wconf 84' lang='lat' dir='ltr'><strong>ade·</strong></span> <span class='ocrx_word' id='word_1_68' title='bbox 840 600 999 671; x_wconf 89' lang='lat' dir='ltr'><strong>profectum</strong></span> <span class='ocrx_word' id='word_1_69' title='bbox 1013 599 1134 656; x_wconf 80' lang='lat' dir='ltr'><strong>inducit.</strong></span> 
     </span>
    </p>

    <p class='ocr_par' dir='ltr' id='par_1_3' title="bbox 55 684 1726 3146">
     <span class='ocr_line' id='line_1_7' title="bbox 55 684 1726 758; baseline 0.003 -15"><span class='ocrx_word' id='word_1_70' title='bbox 55 685 84 743; x_wconf 90' lang='lat' dir='ltr'><strong>bi</strong></span> <span class='ocrx_word' id='word_1_71' title='bbox 100 685 277 743; x_wconf 89' lang='lat' dir='ltr'><strong>mundialem</strong></span> <span class='ocrx_word' id='word_1_72' title='bbox 290 685 358 741; x_wconf 84' lang='lat' dir='ltr'><strong>velit</strong></span> <span class='ocrx_word' id='word_1_73' title='bbox 374 685 444 741; x_wconf 93' lang='lat' dir='ltr'><strong>nolit</strong></span> <span class='ocrx_word' id='word_1_74' title='bbox 459 684 625 755; x_wconf 87' lang='lat' dir='ltr'><strong>important.</strong></span> <span class='ocrx_word' id='word_1_75' title='bbox 648 687 783 758; x_wconf 77' lang='lat' dir='ltr'><strong>Maiorem</strong></span> <span class='ocrx_word' id='word_1_76' title='bbox 874 690 1019 745; x_wconf 75' lang='lat' dir='ltr'><strong>versit.</strong></span> <span class='ocrx_word' id='word_1_77' title='bbox 1045 690 1147 743; x_wconf 88' lang='lat' dir='ltr'><strong>-Det</strong></span> <span class='ocrx_word' id='word_1_78' title='bbox 1162 688 1214 744; x_wconf 83' lang='lat' dir='ltr'><strong>tibi</strong></span> <span class='ocrx_word' id='word_1_79' title='bbox 1237 691 1305 743; x_wconf 79' lang='lat' dir='ltr'><strong>licus</strong></span> <span class='ocrx_word' id='word_1_80' title='bbox 1332 689 1365 743; x_wconf 92' lang='lat' dir='ltr'><strong>de</strong></span> <span class='ocrx_word' id='word_1_81' title='bbox 1388 689 1530 757; x_wconf 83' lang='lat' dir='ltr'><strong>rorecoeii,</strong></span> <span class='ocrx_word' id='word_1_82' title='bbox 1556 690 1688 748; x_wconf 92' lang='lat' dir='ltr'><strong>ubertate</strong></span> <span class='ocrx_word' id='word_1_83' title='bbox 1721 725 1726 734; x_wconf 87' lang='lat'>·</span> 
     </span>
     <span class='ocr_line' id='line_1_8' title="bbox 56 773 1687 849; baseline 0.002 -17"><span class='ocrx_word' id='word_1_84' title='bbox 56 789 116 832; x_wconf 82' lang='lat' dir='ltr'><strong>eum</strong></span> <span class='ocrx_word' id='word_1_85' title='bbox 130 774 196 842; x_wconf 90' lang='lat' dir='ltr'><strong>dici,</strong></span> <span class='ocrx_word' id='word_1_86' title='bbox 217 788 266 843; x_wconf 91' lang='lat' dir='ltr'><strong>pro</strong></span> <span class='ocrx_word' id='word_1_87' title='bbox 279 787 313 830; x_wconf 91' lang='lat' dir='ltr'><strong>ec</strong></span> <span class='ocrx_word' id='word_1_88' title='bbox 328 773 406 844; x_wconf 81' lang='lat' dir='ltr'><strong>qnod</strong></span> <span class='ocrx_word' id='word_1_89' title='bbox 422 775 452 829; x_wconf 92' lang='lat' dir='ltr'><strong>in</strong></span> <span class='ocrx_word' id='word_1_90' title='bbox 467 774 582 831; x_wconf 90' lang='lat' dir='ltr'><strong>homine</strong></span> <span class='ocrx_word' id='word_1_91' title='bbox 602 775 693 846; x_wconf 91' lang='lat' dir='ltr'><strong>prima</strong></span> <span class='ocrx_word' id='word_1_92' title='bbox 707 776 784 848; x_wconf 86' lang='lat' dir='ltr'><strong>viget</strong></span> <span class='ocrx_word' id='word_1_93' title='bbox 837 776 969 834; x_wconf 83' lang='lat' dir='ltr'><strong>videlicet</strong></span> <span class='ocrx_word' id='word_1_94' title='bbox 993 776 1147 848; x_wconf 90' lang='lat' dir='ltr'><strong>spirituali,</strong></span> <span class='ocrx_word' id='word_1_95' title='bbox 1176 782 1202 832; x_wconf 90' lang='lat' dir='ltr'><strong>et</strong></span> <span class='ocrx_word' id='word_1_96' title='bbox 1226 777 1259 831; x_wconf 88' lang='lat' dir='ltr'><strong>de</strong></span> <span class='ocrx_word' id='word_1_97' title='bbox 1271 778 1439 849; x_wconf 78' lang='lat' dir='ltr'><strong>pinguedine</strong></span> <span class='ocrx_word' id='word_1_98' title='bbox 1457 784 1545 845; x_wconf 84' lang='lat' dir='ltr'><strong>terrac,</strong></span> <span class='ocrx_word' id='word_1_99' title='bbox 1566 777 1687 835; x_wconf 85' lang='lat' dir='ltr'><strong>affectus</strong></span> 
     </span>
     <span class='ocr_line' id='line_1_9' title="bbox 59 862 1685 938; baseline 0.001 -17"><span class='ocrx_word' id='word_1_100' title='bbox 59 862 258 934; x_wconf 86' lang='lat' dir='ltr'><strong>tas,intellige.</strong></span> <span class='ocrx_word' id='word_1_101' title='bbox 838 866 940 936; x_wconf 82' lang='lat' dir='ltr'><strong>utique</strong></span> <span class='ocrx_word' id='word_1_102' title='bbox 962 880 1029 937; x_wconf 78' lang='lat' dir='ltr'><strong>quea</strong></span> <span class='ocrx_word' id='word_1_103' title='bbox 1051 865 1167 922; x_wconf 90' lang='lat' dir='ltr'><strong>inferior</strong></span> <span class='ocrx_word' id='word_1_104' title='bbox 1184 864 1222 921; x_wconf 90' lang='lat' dir='ltr'><strong>tui</strong></span> <span class='ocrx_word' id='word_1_105' title='bbox 1248 880 1315 937; x_wconf 89' lang='lat' dir='ltr'><strong>pars</strong></span> <span class='ocrx_word' id='word_1_106' title='bbox 1341 873 1393 935; x_wconf 90' lang='lat' dir='ltr'><strong>est,</strong></span> <span class='ocrx_word' id='word_1_107' title='bbox 1423 866 1459 922; x_wconf 91' lang='lat' dir='ltr'><strong>ad</strong></span> <span class='ocrx_word' id='word_1_108' title='bbox 1482 866 1685 938; x_wconf 82' lang='lat' dir='ltr'><strong>excipiendum</strong></span> 
     </span>
     <span class='ocr_line' id='line_1_10' title="bbox 72 951 1685 1022; baseline 0.002 -15"><span class='ocrx_word' id='word_1_109' title='bbox 72 953 164 1007; x_wconf 66' lang='lat' dir='ltr'><strong>ih·</strong></span> <span class='ocrx_word' id='word_1_110' title='bbox 181 954 221 1006; x_wconf 83' lang='lat' dir='ltr'><strong>Tu</strong></span> <span class='ocrx_word' id='word_1_111' title='bbox 233 967 271 1018; x_wconf 81' lang='lat' dir='ltr'><strong>ee,</strong></span> <span class='ocrx_word' id='word_1_112' title='bbox 289 951 393 1021; x_wconf 87' lang='lat' dir='ltr'><strong>inquit,</strong></span> <span class='ocrx_word' id='word_1_113' title='bbox 406 952 484 1021; x_wconf 75' lang='lat' dir='ltr'><strong>filius</strong></span> <span class='ocrx_word' id='word_1_114' title='bbox 497 967 571 1007; x_wconf 86' lang='lat' dir='ltr'><strong>meus</strong></span> <span class='ocrx_word' id='word_1_115' title='bbox 588 951 782 1010; x_wconf 77' lang='lat' dir='ltr'><strong>Esouicon-</strong></span> <span class='ocrx_word' id='word_1_116' title='bbox 836 954 899 1011; x_wconf 83' lang='lat' dir='ltr'><strong>coeli</strong></span> <span class='ocrx_word' id='word_1_117' title='bbox 942 969 1037 1011; x_wconf 91' lang='lat' dir='ltr'><strong>rorem</strong></span> <span class='ocrx_word' id='word_1_118' title='bbox 1080 953 1255 1022; x_wconf 89' lang='lat' dir='ltr'><strong>fortitudine,</strong></span> <span class='ocrx_word' id='word_1_119' title='bbox 1298 956 1507 1012; x_wconf 77' lang='lat' dir='ltr'><strong>abundantiam</strong></span> <span class='ocrx_word' id='word_1_120' title='bbox 1548 956 1685 1013; x_wconf 76' lang='lat' dir='ltr'><strong>frumenti</strong></span> 
     </span>
     <span class='ocr_line' id='line_1_11' title="bbox 56 1039 1684 1116; baseline 0.002 -18"><span class='ocrx_word' id='word_1_121' title='bbox 56 1040 183 1098; x_wconf 87' lang='lat' dir='ltr'><strong>estialem</strong></span> <span class='ocrx_word' id='word_1_122' title='bbox 208 1040 237 1095; x_wconf 92' lang='lat' dir='ltr'><strong>in</strong></span> <span class='ocrx_word' id='word_1_123' title='bbox 265 1039 362 1098; x_wconf 91' lang='lat' dir='ltr'><strong>animo</strong></span> <span class='ocrx_word' id='word_1_124' title='bbox 391 1054 453 1097; x_wconf 91' lang='lat' dir='ltr'><strong>mec</strong></span> <span class='ocrx_word' id='word_1_125' title='bbox 476 1047 502 1097; x_wconf 93' lang='lat' dir='ltr'><strong>te</strong></span> <span class='ocrx_word' id='word_1_126' title='bbox 528 1042 690 1098; x_wconf 86' lang='lat' dir='ltr'><strong>exercuisse</strong></span> <span class='ocrx_word' id='word_1_127' title='bbox 717 1040 782 1098; x_wconf 83' lang='lat' dir='ltr'><strong>alle</strong></span> <span class='ocrx_word' id='word_1_128' title='bbox 836 1043 972 1112; x_wconf 82' lang='lat' dir='ltr'><strong>scientiae,</strong></span> <span class='ocrx_word' id='word_1_129' title='bbox 997 1043 1057 1099; x_wconf 86' lang='lat' dir='ltr'><strong>vini</strong></span> <span class='ocrx_word' id='word_1_130' title='bbox 1081 1043 1237 1113; x_wconf 83' lang='lat' dir='ltr'><strong>sapientiae,</strong></span> <span class='ocrx_word' id='word_1_131' title='bbox 1265 1043 1292 1099; x_wconf 88' lang='lat' dir='ltr'><strong>id</strong></span> <span class='ocrx_word' id='word_1_132' title='bbox 1316 1052 1358 1100; x_wconf 91' lang='lat' dir='ltr'><strong>cst</strong></span> <span class='ocrx_word' id='word_1_133' title='bbox 1381 1044 1552 1116; x_wconf 79' lang='lat' dir='ltr'><strong>cognitionis</strong></span> <span class='ocrx_word' id='word_1_134' title='bbox 1568 1045 1684 1114; x_wconf 83' lang='lat' dir='ltr'><strong>divinae,</strong></span> 
     </span>
     <span class='ocr_line' id='line_1_12' title="bbox 56 1120 1684 1205; baseline 0.002 -20"><span class='ocrx_word' id='word_1_135' title='bbox 56 1129 201 1199; x_wconf 72' lang='lat' dir='ltr'><strong>lonbteor,</strong></span> <span class='ocrx_word' id='word_1_136' title='bbox 230 1129 340 1200; x_wconf 82' lang='lat' dir='ltr'><strong>inquit3</strong></span> <span class='ocrx_word' id='word_1_137' title='bbox 363 1135 392 1186; x_wconf 91' lang='lat' dir='ltr'><strong>at</strong></span> <span class='ocrx_word' id='word_1_138' title='bbox 414 1129 478 1186; x_wconf 94' lang='lat' dir='ltr'><strong>ille:</strong></span> <span class='ocrx_word' id='word_1_139' title='bbox 499 1129 598 1201; x_wconf 76' lang='lat' dir='ltr'><strong>(Vnus.</strong></span> <span class='ocrx_word' id='word_1_140' title='bbox 626 1131 686 1200; x_wconf 77' lang='grc'><strong>35.)</strong></span> <span class='ocrx_word' id='word_1_141' title='bbox 704 1131 777 1200; x_wconf 75' lang='lat' dir='ltr'><strong>offer</strong></span> <span class='ocrx_word' id='word_1_142' title='bbox 835 1145 902 1202; x_wconf 85' lang='lat' dir='ltr'><strong>quae</strong></span> <span class='ocrx_word' id='word_1_143' title='bbox 932 1131 1007 1187; x_wconf 91' lang='lat' dir='ltr'><strong>mala</strong></span> <span class='ocrx_word' id='word_1_144' title='bbox 1032 1146 1084 1187; x_wconf 93' lang='lat' dir='ltr'><strong>nos</strong></span> <span class='ocrx_word' id='word_1_145' title='bbox 1110 1120 1236 1187; x_wconf 80' lang='lat' dir='ltr'><strong>obliuisci</strong></span> <span class='ocrx_word' id='word_1_146' title='bbox 1262 1131 1329 1188; x_wconf 91' lang='lat' dir='ltr'><strong>facit</strong></span> <span class='ocrx_word' id='word_1_147' title='bbox 1359 1133 1448 1205; x_wconf 88' lang='lat' dir='ltr'><strong>hujus</strong></span> <span class='ocrx_word' id='word_1_148' title='bbox 1471 1133 1546 1201; x_wconf 87' lang='lat' dir='ltr'><strong>vitae,</strong></span> <span class='ocrx_word' id='word_1_149' title='bbox 1577 1133 1684 1201; x_wconf 86' lang='lat' dir='ltr'><strong>etolei,</strong></span> 
     </span>
     <span class='ocr_line' id='line_1_13' title="bbox 56 1218 1684 1291; baseline 0.002 -18"><span class='ocrx_word' id='word_1_150' title='bbox 56 1218 86 1290; x_wconf 76' lang='lat' dir='ltr'><strong>n]</strong></span> <span class='ocrx_word' id='word_1_151' title='bbox 104 1219 173 1272; x_wconf 85' lang='lat' dir='ltr'><strong>mihi</strong></span> <span class='ocrx_word' id='word_1_152' title='bbox 186 1218 219 1273; x_wconf 88' lang='lat' dir='ltr'><strong>de</strong></span> <span class='ocrx_word' id='word_1_153' title='bbox 236 1220 379 1273; x_wconf 78' lang='lat' dir='ltr'><strong>vetatione</strong></span> <span class='ocrx_word' id='word_1_154' title='bbox 398 1224 446 1273; x_wconf 88' lang='lat' dir='ltr'><strong>tuo</strong></span> <span class='ocrx_word' id='word_1_155' title='bbox 459 1219 542 1286; x_wconf 82' lang='lat' dir='ltr'><strong>cibos,</strong></span> <span class='ocrx_word' id='word_1_156' title='bbox 555 1221 600 1287; x_wconf 78' lang='lat' dir='ltr'><strong>fili</strong></span> <span class='ocrx_word' id='word_1_157' title='bbox 617 1222 666 1287; x_wconf 89' lang='lat' dir='ltr'><strong>mi,</strong></span> <span class='ocrx_word' id='word_1_158' title='bbox 684 1219 779 1287; x_wconf 91' lang='lat' dir='ltr'><strong>idest,</strong></span> <span class='ocrx_word' id='word_1_159' title='bbox 835 1219 984 1276; x_wconf 91' lang='lat' dir='ltr'><strong>charitatis</strong></span> <span class='ocrx_word' id='word_1_160' title='bbox 1000 1218 1145 1288; x_wconf 73' lang='lat' dir='ltr'><strong>fraternae,</strong></span> <span class='ocrx_word' id='word_1_161' title='bbox 1169 1235 1235 1291; x_wconf 79' lang='lat' dir='ltr'><strong>qttae</strong></span> <span class='ocrx_word' id='word_1_162' title='bbox 1260 1235 1296 1276; x_wconf 91' lang='lat' dir='ltr'><strong>ne</strong></span> <span class='ocrx_word' id='word_1_163' title='bbox 1319 1219 1453 1277; x_wconf 80' lang='lat' dir='ltr'><strong>inflemur</strong></span> <span class='ocrx_word' id='word_1_164' title='bbox 1467 1222 1545 1291; x_wconf 92' lang='lat' dir='ltr'><strong>ponit</strong></span> <span class='ocrx_word' id='word_1_165' title='bbox 1567 1222 1684 1277; x_wconf 92' lang='lat' dir='ltr'><strong>modum</strong></span> 
     </span>
     <span class='ocr_line' id='line_1_14' title="bbox 59 1305 1684 1380; baseline 0.001 -16"><span class='ocrx_word' id='word_1_166' title='bbox 59 1315 84 1365; x_wconf 90' lang='lat' dir='ltr'><strong>tc</strong></span> <span class='ocrx_word' id='word_1_167' title='bbox 98 1306 287 1364; x_wconf 86' lang='lat' dir='ltr'><strong>allectualiter</strong></span> <span class='ocrx_word' id='word_1_168' title='bbox 311 1320 421 1363; x_wconf 87' lang='lat' dir='ltr'><strong>errasse</strong></span> <span class='ocrx_word' id='word_1_169' title='bbox 435 1305 543 1374; x_wconf 88' lang='lat' dir='ltr'><strong>fateris,</strong></span> <span class='ocrx_word' id='word_1_170' title='bbox 560 1314 645 1378; x_wconf 88' lang='lat' dir='ltr'><strong>teque</strong></span> <span class='ocrx_word' id='word_1_171' title='bbox 666 1306 781 1377; x_wconf 89' lang='lat' dir='ltr'><strong>poenitet</strong></span> <span class='ocrx_word' id='word_1_172' title='bbox 835 1308 970 1378; x_wconf 79' lang='lat' dir='ltr'><strong>scientiae,</strong></span> <span class='ocrx_word' id='word_1_173' title='bbox 1002 1309 1044 1365; x_wconf 89' lang='lat' dir='ltr'><strong>illi</strong></span> <span class='ocrx_word' id='word_1_174' title='bbox 1068 1308 1174 1365; x_wconf 89' lang='lat' dir='ltr'><strong>scilicet</strong></span> <span class='ocrx_word' id='word_1_175' title='bbox 1194 1318 1353 1365; x_wconf 77' lang='lat' dir='ltr'><strong>consecutae</strong></span> <span class='ocrx_word' id='word_1_176' title='bbox 1381 1308 1539 1380; x_wconf 89' lang='lat' dir='ltr'><strong>disciplinis</strong></span> <span class='ocrx_word' id='word_1_177' title='bbox 1562 1309 1684 1366; x_wconf 90' lang='lat' dir='ltr'><strong>forensi-</strong></span> 
     </span>
     <span class='ocr_line' id='line_1_15' title="bbox 56 1394 1683 1468; baseline 0.001 -16"><span class='ocrx_word' id='word_1_178' title='bbox 56 1395 156 1453; x_wconf 84' lang='lat' dir='ltr'><strong>unalis</strong></span> <span class='ocrx_word' id='word_1_179' title='bbox 178 1402 308 1467; x_wconf 84' lang='lat' dir='ltr'><strong>qnaestns</strong></span> <span class='ocrx_word' id='word_1_180' title='bbox 331 1394 516 1464; x_wconf 88' lang='lat' dir='ltr'><strong>desiderium,</strong></span> <span class='ocrx_word' id='word_1_181' title='bbox 540 1396 618 1467; x_wconf 85' lang='lat' dir='ltr'><strong>quod</strong></span> <span class='ocrx_word' id='word_1_182' title='bbox 638 1395 668 1452; x_wconf 92' lang='lat' dir='ltr'><strong>in</strong></span> <span class='ocrx_word' id='word_1_183' title='bbox 691 1395 779 1463; x_wconf 89' lang='lat' dir='ltr'><strong>cibos,</strong></span> <span class='ocrx_word' id='word_1_184' title='bbox 835 1397 891 1454; x_wconf 91' lang='lat' dir='ltr'><strong>bns</strong></span> <span class='ocrx_word' id='word_1_185' title='bbox 914 1397 1083 1468; x_wconf 88' lang='lat' dir='ltr'><strong>prudentiae.</strong></span> <span class='ocrx_word' id='word_1_186' title='bbox 1110 1397 1211 1467; x_wconf 80' lang='lat' dir='ltr'><strong>(Vens.</strong></span> <span class='ocrx_word' id='word_1_187' title='bbox 1226 1396 1283 1468; x_wconf 78' lang='lat' dir='ltr'><strong>ab.)</strong></span> <span class='ocrx_word' id='word_1_188' title='bbox 1300 1397 1534 1467; x_wconf 85' lang='lat' dir='ltr'><strong>Serviuntpepufi</strong></span> <span class='ocrx_word' id='word_1_189' title='bbox 1549 1396 1683 1454; x_wconf 89' lang='lat' dir='ltr'><strong>vitiorum</strong></span> 
     </span>
     <span class='ocr_line' id='line_1_16' title="bbox 56 1471 1684 1556; baseline -0.001 -14"><span class='ocrx_word' id='word_1_190' title='bbox 56 1485 91 1542; x_wconf 90' lang='lat' dir='ltr'><strong>tis</strong></span> <span class='ocrx_word' id='word_1_191' title='bbox 111 1484 213 1556; x_wconf 86' lang='lat' dir='ltr'><strong>utique</strong></span> <span class='ocrx_word' id='word_1_192' title='bbox 236 1483 420 1540; x_wconf 90' lang='lat' dir='ltr'><strong>condimenta</strong></span> <span class='ocrx_word' id='word_1_193' title='bbox 445 1484 567 1553; x_wconf 86' lang='lat' dir='ltr'><strong>vertisti,</strong></span> <span class='ocrx_word' id='word_1_194' title='bbox 594 1485 630 1541; x_wconf 90' lang='lat' dir='ltr'><strong>ad</strong></span> <span class='ocrx_word' id='word_1_195' title='bbox 655 1498 700 1541; x_wconf 92' lang='lat' dir='ltr'><strong>me</strong></span> <span class='ocrx_word' id='word_1_196' title='bbox 720 1471 781 1540; x_wconf 83' lang='lat' dir='ltr'><strong>reli-</strong></span> <span class='ocrx_word' id='word_1_197' title='bbox 835 1493 892 1543; x_wconf 82' lang='lat' dir='ltr'><strong>tuae</strong></span> <span class='ocrx_word' id='word_1_198' title='bbox 920 1486 1058 1552; x_wconf 71' lang='lat' dir='ltr'><strong>victoriae,</strong></span> <span class='ocrx_word' id='word_1_199' title='bbox 1082 1488 1118 1542; x_wconf 82' lang='lat' dir='ltr'><strong>nt</strong></span> <span class='ocrx_word' id='word_1_200' title='bbox 1140 1486 1262 1551; x_wconf 85' lang='lat' dir='ltr'><strong>adorent,</strong></span> <span class='ocrx_word' id='word_1_201' title='bbox 1288 1486 1315 1541; x_wconf 88' lang='lat' dir='ltr'><strong>id</strong></span> <span class='ocrx_word' id='word_1_202' title='bbox 1339 1493 1381 1542; x_wconf 89' lang='lat' dir='ltr'><strong>est</strong></span> <span class='ocrx_word' id='word_1_203' title='bbox 1401 1485 1455 1556; x_wconf 91' lang='lat' dir='ltr'><strong>pie,</strong></span> <span class='ocrx_word' id='word_1_204' title='bbox 1480 1486 1611 1542; x_wconf 83' lang='lat' dir='ltr'><strong>exterius</strong></span> <span class='ocrx_word' id='word_1_205' title='bbox 1625 1486 1684 1541; x_wconf 91' lang='lat' dir='ltr'><strong>sol-</strong></span> 
     </span>
     <span class='ocr_line' id='line_1_17' title="bbox 56 1546 1684 1645; baseline 0.001 -16"><span class='ocrx_word' id='word_1_206' title='bbox 56 1571 166 1642; x_wconf 69' lang='lat' dir='ltr'><strong>tfofler.</strong></span> <span class='ocrx_word' id='word_1_207' title='bbox 184 1575 256 1639; x_wconf 84' lang='lat' dir='ltr'><strong>Quos</strong></span> <span class='ocrx_word' id='word_1_208' title='bbox 280 1573 383 1628; x_wconf 88' lang='lat' dir='ltr'><strong>obictcs</strong></span> <span class='ocrx_word' id='word_1_209' title='bbox 408 1587 471 1629; x_wconf 86' lang='lat' dir='ltr'><strong>cum</strong></span> <span class='ocrx_word' id='word_1_210' title='bbox 489 1573 654 1643; x_wconf 83' lang='lat' dir='ltr'><strong>comedisset,</strong></span> <span class='ocrx_word' id='word_1_211' title='bbox 683 1575 781 1629; x_wconf 87' lang='lat' dir='ltr'><strong>obtulit</strong></span> <span class='ocrx_word' id='word_1_212' title='bbox 799 1546 820 1600; x_wconf 76' lang='grc' dir='ltr'><strong>Β</strong></span> <span class='ocrx_word' id='word_1_213' title='bbox 835 1574 945 1631; x_wconf 89' lang='lat' dir='ltr'><strong>licitcnt</strong></span> <span class='ocrx_word' id='word_1_214' title='bbox 959 1575 996 1630; x_wconf 90' lang='lat' dir='ltr'><strong>ad</strong></span> <span class='ocrx_word' id='word_1_215' title='bbox 1024 1574 1182 1631; x_wconf 88' lang='lat' dir='ltr'><strong>divinitatis</strong></span> <span class='ocrx_word' id='word_1_216' title='bbox 1202 1588 1329 1630; x_wconf 91' lang='lat' dir='ltr'><strong>amorem</strong></span> <span class='ocrx_word' id='word_1_217' title='bbox 1343 1573 1506 1644; x_wconf 81' lang='lat' dir='ltr'><strong>spirituales</strong></span> <span class='ocrx_word' id='word_1_218' title='bbox 1531 1574 1596 1642; x_wconf 80' lang='lat' dir='ltr'><strong>illae,</strong></span> <span class='ocrx_word' id='word_1_219' title='bbox 1618 1589 1684 1645; x_wconf 83' lang='lat' dir='ltr'><strong>qnae</strong></span> 
     </span>
     <span class='ocr_line' id='line_1_18' title="bbox 65 1661 1685 1733; baseline 0.002 -17"><span class='ocrx_word' id='word_1_220' title='bbox 65 1663 169 1716; x_wconf 83' lang='lat' dir='ltr'><strong>einum.</strong></span> <span class='ocrx_word' id='word_1_221' title='bbox 186 1663 296 1719; x_wconf 89' lang='lat' dir='ltr'><strong>Obtctcs</strong></span> <span class='ocrx_word' id='word_1_222' title='bbox 310 1661 443 1728; x_wconf 89' lang='lat' dir='ltr'><strong>comedit,</strong></span> <span class='ocrx_word' id='word_1_223' title='bbox 461 1675 528 1718; x_wconf 92' lang='lat' dir='ltr'><strong>cum</strong></span> <span class='ocrx_word' id='word_1_224' title='bbox 553 1661 696 1733; x_wconf 82' lang='lat' dir='ltr'><strong>quidquid</strong></span> <span class='ocrx_word' id='word_1_225' title='bbox 715 1676 781 1719; x_wconf 92' lang='lat' dir='ltr'><strong>car-</strong></span> <span class='ocrx_word' id='word_1_226' title='bbox 835 1677 852 1718; x_wconf 93' lang='lat' dir='ltr'><strong>a</strong></span> <span class='ocrx_word' id='word_1_227' title='bbox 869 1662 996 1720; x_wconf 90' lang='lat' dir='ltr'><strong>trinitate</strong></span> <span class='ocrx_word' id='word_1_228' title='bbox 1008 1676 1062 1719; x_wconf 90' lang='lat' dir='ltr'><strong>sua</strong></span> <span class='ocrx_word' id='word_1_229' title='bbox 1077 1663 1216 1719; x_wconf 90' lang='lat' dir='ltr'><strong>dicuntur</strong></span> <span class='ocrx_word' id='word_1_230' title='bbox 1239 1662 1342 1727; x_wconf 91' lang='lat' dir='ltr'><strong>tribus,</strong></span> <span class='ocrx_word' id='word_1_231' title='bbox 1362 1661 1431 1717; x_wconf 89' lang='lat' dir='ltr'><strong>fides</strong></span> <span class='ocrx_word' id='word_1_232' title='bbox 1457 1661 1591 1732; x_wconf 86' lang='lat' dir='ltr'><strong>proiecto,</strong></span> <span class='ocrx_word' id='word_1_233' title='bbox 1620 1676 1685 1732; x_wconf 91' lang='lat' dir='ltr'><strong>spes</strong></span> 
     </span>
     <span class='ocr_line' id='line_1_19' title="bbox 56 1749 1680 1822; baseline 0 -18"><span class='ocrx_word' id='word_1_234' title='bbox 56 1750 132 1807; x_wconf 79' lang='lat' dir='ltr'><strong>tsibi</strong></span> <span class='ocrx_word' id='word_1_235' title='bbox 166 1749 267 1818; x_wconf 90' lang='lat' dir='ltr'><strong>inerat,</strong></span> <span class='ocrx_word' id='word_1_236' title='bbox 297 1749 327 1804; x_wconf 92' lang='lat' dir='ltr'><strong>in</strong></span> <span class='ocrx_word' id='word_1_237' title='bbox 347 1763 433 1807; x_wconf 90' lang='lat' dir='ltr'><strong>usum</strong></span> <span class='ocrx_word' id='word_1_238' title='bbox 466 1749 582 1807; x_wconf 90' lang='lat' dir='ltr'><strong>virtutis</strong></span> <span class='ocrx_word' id='word_1_239' title='bbox 606 1751 701 1807; x_wconf 82' lang='lat' dir='ltr'><strong>vertit.</strong></span> <span class='ocrx_word' id='word_1_240' title='bbox 728 1751 781 1808; x_wconf 84' lang='lat' dir='ltr'><strong>Dat</strong></span> <span class='ocrx_word' id='word_1_241' title='bbox 834 1759 862 1808; x_wconf 91' lang='lat' dir='ltr'><strong>et</strong></span> <span class='ocrx_word' id='word_1_242' title='bbox 888 1751 1022 1808; x_wconf 84' lang='lat' dir='ltr'><strong>charitas.</strong></span> <span class='ocrx_word' id='word_1_243' title='bbox 1041 1751 1168 1806; x_wconf 83' lang='lat' dir='ltr'><strong>Adcrcre</strong></span> <span class='ocrx_word' id='word_1_244' title='bbox 1187 1757 1294 1818; x_wconf 90' lang='lat' dir='ltr'><strong>autem,</strong></span> <span class='ocrx_word' id='word_1_245' title='bbox 1315 1750 1402 1822; x_wconf 78' lang='lat' dir='ltr'><strong>juncto</strong></span> <span class='ocrx_word' id='word_1_246' title='bbox 1430 1766 1509 1804; x_wconf 83' lang='lat' dir='ltr'><strong>crare</strong></span> <span class='ocrx_word' id='word_1_247' title='bbox 1534 1749 1680 1806; x_wconf 88' lang='lat' dir='ltr'><strong>dicimus:</strong></span> 
     </span>
     <span class='ocr_line' id='line_1_20' title="bbox 56 1838 1680 1909; baseline 0.001 -17"><span class='ocrx_word' id='word_1_248' title='bbox 56 1840 135 1904; x_wconf 85' lang='lat' dir='ltr'><strong>inum,</strong></span> <span class='ocrx_word' id='word_1_249' title='bbox 156 1852 223 1894; x_wconf 92' lang='lat' dir='ltr'><strong>cum</strong></span> <span class='ocrx_word' id='word_1_250' title='bbox 239 1838 301 1894; x_wconf 85' lang='lat' dir='ltr'><strong>haec</strong></span> <span class='ocrx_word' id='word_1_251' title='bbox 316 1839 414 1894; x_wconf 91' lang='lat' dir='ltr'><strong>omnia</strong></span> <span class='ocrx_word' id='word_1_252' title='bbox 436 1840 591 1909; x_wconf 78' lang='lat' dir='ltr'><strong>componit,</strong></span> <span class='ocrx_word' id='word_1_253' title='bbox 616 1846 644 1896; x_wconf 90' lang='lat' dir='ltr'><strong>et</strong></span> <span class='ocrx_word' id='word_1_254' title='bbox 665 1839 781 1896; x_wconf 88' lang='lat' dir='ltr'><strong>ordinat</strong></span> <span class='ocrx_word' id='word_1_255' title='bbox 834 1840 872 1895; x_wconf 90' lang='lat' dir='ltr'><strong>cd</strong></span> <span class='ocrx_word' id='word_1_256' title='bbox 886 1839 963 1897; x_wconf 92' lang='lat' dir='ltr'><strong>enim</strong></span> <span class='ocrx_word' id='word_1_257' title='bbox 988 1839 1018 1894; x_wconf 95' lang='lat' dir='ltr'><strong>in</strong></span> <span class='ocrx_word' id='word_1_258' title='bbox 1042 1839 1205 1909; x_wconf 86' lang='lat' dir='ltr'><strong>compositis</strong></span> <span class='ocrx_word' id='word_1_259' title='bbox 1229 1841 1465 1909; x_wconf 80' lang='lat' dir='ltr'><strong>propinquitatem</strong></span> <span class='ocrx_word' id='word_1_260' title='bbox 1485 1838 1680 1895; x_wconf 88' lang='lat' dir='ltr'><strong>sonaresolet.</strong></span> 
     </span>
     <span class='ocr_line' id='line_1_21' title="bbox 56 1925 1682 1999; baseline -0.001 -16"><span class='ocrx_word' id='word_1_261' title='bbox 56 1926 168 1983; x_wconf 92' lang='lat' dir='ltr'><strong>ritualis</strong></span> <span class='ocrx_word' id='word_1_262' title='bbox 197 1927 296 1997; x_wconf 83' lang='lat' dir='ltr'><strong>gratiae</strong></span> <span class='ocrx_word' id='word_1_263' title='bbox 323 1927 447 1996; x_wconf 87' lang='lat' dir='ltr'><strong>donum;</strong></span> <span class='ocrx_word' id='word_1_264' title='bbox 476 1927 530 1984; x_wconf 92' lang='lat' dir='ltr'><strong>hoc</strong></span> <span class='ocrx_word' id='word_1_265' title='bbox 553 1927 630 1984; x_wconf 90' lang='lat' dir='ltr'><strong>enim</strong></span> <span class='ocrx_word' id='word_1_266' title='bbox 655 1927 781 1985; x_wconf 85' lang='lat' dir='ltr'><strong>laefilrcat</strong></span> <span class='ocrx_word' id='word_1_267' title='bbox 833 1928 879 1984; x_wconf 92' lang='lat' dir='ltr'><strong>Nil</strong></span> <span class='ocrx_word' id='word_1_268' title='bbox 909 1942 978 1985; x_wconf 89' lang='lat' dir='ltr'><strong>vcro</strong></span> <span class='ocrx_word' id='word_1_269' title='bbox 1003 1927 1105 1999; x_wconf 90' lang='lat' dir='ltr'><strong>magis,</strong></span> <span class='ocrx_word' id='word_1_270' title='bbox 1129 1929 1224 1997; x_wconf 84' lang='lat' dir='ltr'><strong>juata,</strong></span> <span class='ocrx_word' id='word_1_271' title='bbox 1250 1941 1339 1998; x_wconf 87' lang='lat' dir='ltr'><strong>quam</strong></span> <span class='ocrx_word' id='word_1_272' title='bbox 1377 1927 1456 1997; x_wconf 88' lang='lat' dir='ltr'><strong>quod</strong></span> <span class='ocrx_word' id='word_1_273' title='bbox 1483 1927 1570 1983; x_wconf 90' lang='lat' dir='ltr'><strong>menti</strong></span> <span class='ocrx_word' id='word_1_274' title='bbox 1595 1925 1682 1997; x_wconf 90' lang='lat' dir='ltr'><strong>inest;</strong></span> 
     </span>
     <span class='ocr_line' id='line_1_22' title="bbox 56 2014 1682 2087; baseline -0.002 -15"><span class='ocrx_word' id='word_1_275' title='bbox 56 2015 89 2072; x_wconf 87' lang='lat' dir='ltr'><strong>dc</strong></span> <span class='ocrx_word' id='word_1_276' title='bbox 105 2014 243 2081; x_wconf 87' lang='lat' dir='ltr'><strong>homines,</strong></span> <span class='ocrx_word' id='word_1_277' title='bbox 260 2022 292 2071; x_wconf 93' lang='lat' dir='ltr'><strong>ut</strong></span> <span class='ocrx_word' id='word_1_278' title='bbox 318 2015 522 2087; x_wconf 71' lang='lat' dir='ltr'><strong>legiturffsol.</strong></span> <span class='ocrx_word' id='word_1_279' title='bbox 537 2031 595 2084; x_wconf 90' lang='lat' dir='ltr'><strong>cm,</strong></span> <span class='ocrx_word' id='word_1_280' title='bbox 613 2016 668 2086; x_wconf 79' lang='lat' dir='ltr'><strong>ts),</strong></span> <span class='ocrx_word' id='word_1_281' title='bbox 685 2017 734 2072; x_wconf 86' lang='lat' dir='ltr'><strong>sed</strong></span> <span class='ocrx_word' id='word_1_282' title='bbox 753 2024 781 2072; x_wconf 93' lang='lat' dir='ltr'><strong>et</strong></span> <span class='ocrx_word' id='word_1_283' title='bbox 829 2017 916 2086; x_wconf 78' lang='lat' dir='ltr'><strong>jnctc</strong></span> <span class='ocrx_word' id='word_1_284' title='bbox 942 2028 1010 2086; x_wconf 90' lang='lat' dir='ltr'><strong>ergo</strong></span> <span class='ocrx_word' id='word_1_285' title='bbox 1037 2022 1130 2081; x_wconf 89' lang='lat' dir='ltr'><strong>orant,</strong></span> <span class='ocrx_word' id='word_1_286' title='bbox 1157 2029 1224 2070; x_wconf 90' lang='lat' dir='ltr'><strong>cum</strong></span> <span class='ocrx_word' id='word_1_287' title='bbox 1252 2022 1377 2071; x_wconf 91' lang='lat' dir='ltr'><strong>mentem</strong></span> <span class='ocrx_word' id='word_1_288' title='bbox 1405 2015 1591 2070; x_wconf 87' lang='lat' dir='ltr'><strong>submonent.</strong></span> <span class='ocrx_word' id='word_1_289' title='bbox 1616 2017 1682 2070; x_wconf 79' lang='lat' dir='ltr'><strong>Esto</strong></span> 
     </span>
     <span class='ocr_line' id='line_1_23' title="bbox 56 2102 1678 2174; baseline -0.001 -14"><span class='ocrx_word' id='word_1_290' title='bbox 56 2103 157 2160; x_wconf 80' lang='lat' dir='ltr'><strong>licum.</strong></span> <span class='ocrx_word' id='word_1_291' title='bbox 188 2103 284 2174; x_wconf 78' lang='lat' dir='ltr'><strong>(Vnus.</strong></span> <span class='ocrx_word' id='word_1_292' title='bbox 312 2104 367 2174; x_wconf 71' lang='lat'>26.)</span> <span class='ocrx_word' id='word_1_293' title='bbox 400 2107 456 2174; x_wconf 81' lang='lat' dir='ltr'><strong>Quo</strong></span> <span class='ocrx_word' id='word_1_294' title='bbox 488 2104 585 2159; x_wconf 81' lang='lat' dir='ltr'><strong>inusto</strong></span> <span class='ocrx_word' id='word_1_295' title='bbox 608 2104 722 2172; x_wconf 87' lang='lat' dir='ltr'><strong>accedit,</strong></span> <span class='ocrx_word' id='word_1_296' title='bbox 755 2109 781 2158; x_wconf 88' lang='lat' dir='ltr'><strong>et</strong></span> <span class='ocrx_word' id='word_1_297' title='bbox 833 2104 968 2170; x_wconf 86' lang='lat' dir='ltr'><strong>dominus,</strong></span> <span class='ocrx_word' id='word_1_298' title='bbox 998 2105 1119 2171; x_wconf 77' lang='lat' dir='ltr'><strong>[rutrum</strong></span> <span class='ocrx_word' id='word_1_299' title='bbox 1142 2108 1248 2157; x_wconf 78' lang='lat' dir='ltr'><strong>lucium</strong></span> <span class='ocrx_word' id='word_1_300' title='bbox 1271 2117 1371 2160; x_wconf 90' lang='lat' dir='ltr'><strong>eorum</strong></span> <span class='ocrx_word' id='word_1_301' title='bbox 1398 2102 1540 2170; x_wconf 86' lang='lat' dir='ltr'><strong>videlicet,</strong></span> <span class='ocrx_word' id='word_1_302' title='bbox 1566 2102 1618 2173; x_wconf 85' lang='lat' dir='ltr'><strong>qui</strong></span> <span class='ocrx_word' id='word_1_303' title='bbox 1642 2117 1678 2159; x_wconf 83' lang='lat' dir='ltr'><strong>ex</strong></span> 
     </span>
     <span class='ocr_line' id='line_1_24' title="bbox 56 2191 1681 2263; baseline -0.001 -17"><span class='ocrx_word' id='word_1_304' title='bbox 56 2207 153 2260; x_wconf 85' lang='lat' dir='ltr'><strong>reum,</strong></span> <span class='ocrx_word' id='word_1_305' title='bbox 174 2192 244 2263; x_wconf 86' lang='lat' dir='ltr'><strong>quia</strong></span> <span class='ocrx_word' id='word_1_306' title='bbox 265 2195 360 2248; x_wconf 88' lang='lat' dir='ltr'><strong>mente</strong></span> <span class='ocrx_word' id='word_1_307' title='bbox 384 2206 434 2262; x_wconf 91' lang='lat' dir='ltr'><strong>per</strong></span> <span class='ocrx_word' id='word_1_308' title='bbox 464 2191 597 2261; x_wconf 90' lang='lat' dir='ltr'><strong>spiritum</strong></span> <span class='ocrx_word' id='word_1_309' title='bbox 616 2191 779 2259; x_wconf 90' lang='lat' dir='ltr'><strong>fecundata,</strong></span> <span class='ocrx_word' id='word_1_310' title='bbox 833 2191 932 2247; x_wconf 88' lang='lat' dir='ltr'><strong>eadem</strong></span> <span class='ocrx_word' id='word_1_311' title='bbox 961 2197 1055 2247; x_wconf 88' lang='lat' dir='ltr'><strong>mente</strong></span> <span class='ocrx_word' id='word_1_312' title='bbox 1080 2199 1258 2263; x_wconf 83' lang='lat' dir='ltr'><strong>generantur</strong></span> <span class='ocrx_word' id='word_1_313' title='bbox 1275 2199 1428 2248; x_wconf 91' lang='lat' dir='ltr'><strong>motuum:</strong></span> <span class='ocrx_word' id='word_1_314' title='bbox 1448 2192 1484 2246; x_wconf 77' lang='lat' dir='ltr'><strong>nt</strong></span> <span class='ocrx_word' id='word_1_315' title='bbox 1505 2192 1681 2245; x_wconf 84' lang='lat' dir='ltr'><strong>incurventur</strong></span> 
     </span>
     <span class='ocr_line' id='line_1_25' title="bbox 56 2279 1680 2352; baseline -0.001 -16"><span class='ocrx_word' id='word_1_316' title='bbox 56 2295 158 2338; x_wconf 82' lang='lat' dir='ltr'><strong>‚ccessu</strong></span> <span class='ocrx_word' id='word_1_317' title='bbox 183 2279 373 2352; x_wconf 86' lang='lat' dir='ltr'><strong>cogitationis,</strong></span> <span class='ocrx_word' id='word_1_318' title='bbox 398 2279 467 2336; x_wconf 92' lang='lat' dir='ltr'><strong>dnm</strong></span> <span class='ocrx_word' id='word_1_319' title='bbox 497 2294 565 2336; x_wconf 85' lang='lat' dir='ltr'><strong>vere</strong></span> <span class='ocrx_word' id='word_1_320' title='bbox 598 2280 779 2337; x_wconf 87' lang='lat' dir='ltr'><strong>horrentium</strong></span> <span class='ocrx_word' id='word_1_321' title='bbox 833 2285 896 2335; x_wconf 86' lang='lat' dir='ltr'><strong>onte</strong></span> <span class='ocrx_word' id='word_1_322' title='bbox 912 2285 936 2335; x_wconf 88' lang='lat' dir='ltr'><strong>te</strong></span> <span class='ocrx_word' id='word_1_323' title='bbox 947 2281 1000 2350; x_wconf 76' lang='lat' dir='ltr'><strong>tilii</strong></span> <span class='ocrx_word' id='word_1_324' title='bbox 1014 2281 1113 2336; x_wconf 84' lang='lat' dir='ltr'><strong>matris</strong></span> <span class='ocrx_word' id='word_1_325' title='bbox 1124 2286 1185 2345; x_wconf 85' lang='lat' dir='ltr'><strong>tuac,</strong></span> <span class='ocrx_word' id='word_1_326' title='bbox 1197 2279 1281 2337; x_wconf 88' lang='lat' dir='ltr'><strong>fortia</strong></span> <span class='ocrx_word' id='word_1_327' title='bbox 1296 2280 1397 2350; x_wconf 87' lang='lat' dir='ltr'><strong>utiquo</strong></span> <span class='ocrx_word' id='word_1_328' title='bbox 1415 2292 1502 2348; x_wconf 91' lang='lat' dir='ltr'><strong>opera</strong></span> <span class='ocrx_word' id='word_1_329' title='bbox 1526 2285 1586 2345; x_wconf 87' lang='lat' dir='ltr'><strong>tua,</strong></span> <span class='ocrx_word' id='word_1_330' title='bbox 1615 2293 1680 2349; x_wconf 83' lang='lat' dir='ltr'><strong>qnae</strong></span> 
     </span>
     <span class='ocr_line' id='line_1_26' title="bbox 65 2366 1684 2440; baseline -0.002 -14"><span class='ocrx_word' id='word_1_331' title='bbox 65 2369 193 2440; x_wconf 84' lang='lat' dir='ltr'><strong>poenitet,</strong></span> <span class='ocrx_word' id='word_1_332' title='bbox 212 2368 247 2424; x_wconf 92' lang='lat' dir='ltr'><strong>ad</strong></span> <span class='ocrx_word' id='word_1_333' title='bbox 269 2370 350 2424; x_wconf 90' lang='lat' dir='ltr'><strong>lsaac</strong></span> <span class='ocrx_word' id='word_1_334' title='bbox 371 2369 514 2436; x_wconf 90' lang='lat' dir='ltr'><strong>osculum,</strong></span> <span class='ocrx_word' id='word_1_335' title='bbox 532 2369 567 2424; x_wconf 92' lang='lat' dir='ltr'><strong>ad</strong></span> <span class='ocrx_word' id='word_1_336' title='bbox 591 2368 709 2438; x_wconf 82' lang='lat' dir='ltr'><strong>superni</strong></span> <span class='ocrx_word' id='word_1_337' title='bbox 728 2369 780 2425; x_wconf 91' lang='lat' dir='ltr'><strong>sci·</strong></span> <span class='ocrx_word' id='word_1_338' title='bbox 833 2382 870 2425; x_wconf 84' lang='lat' dir='ltr'><strong>cx</strong></span> <span class='ocrx_word' id='word_1_339' title='bbox 884 2369 1023 2425; x_wconf 88' lang='lat' dir='ltr'><strong>charitate</strong></span> <span class='ocrx_word' id='word_1_340' title='bbox 1038 2383 1104 2440; x_wconf 72' lang='lat' dir='ltr'><strong>qnae</strong></span> <span class='ocrx_word' id='word_1_341' title='bbox 1129 2377 1154 2425; x_wconf 93' lang='lat' dir='ltr'><strong>te</strong></span> <span class='ocrx_word' id='word_1_342' title='bbox 1176 2369 1232 2424; x_wconf 89' lang='lat' dir='ltr'><strong>Deo</strong></span> <span class='ocrx_word' id='word_1_343' title='bbox 1260 2367 1377 2438; x_wconf 88' lang='lat' dir='ltr'><strong>peperit,</strong></span> <span class='ocrx_word' id='word_1_344' title='bbox 1393 2374 1461 2423; x_wconf 92' lang='lat' dir='ltr'><strong>sunt</strong></span> <span class='ocrx_word' id='word_1_345' title='bbox 1486 2366 1572 2436; x_wconf 88' lang='lat' dir='ltr'><strong>edita,</strong></span> <span class='ocrx_word' id='word_1_346' title='bbox 1588 2367 1684 2423; x_wconf 91' lang='lat' dir='ltr'><strong>humi·</strong></span> 
     </span>
     <span class='ocr_line' id='line_1_27' title="bbox 56 2455 1680 2529; baseline -0.002 -16"><span class='ocrx_word' id='word_1_347' title='bbox 56 2457 106 2513; x_wconf 89' lang='lat' dir='ltr'><strong>rdii</strong></span> <span class='ocrx_word' id='word_1_348' title='bbox 129 2464 246 2527; x_wconf 85' lang='lat' dir='ltr'><strong>gustum</strong></span> <span class='ocrx_word' id='word_1_349' title='bbox 274 2456 399 2529; x_wconf 88' lang='lat' dir='ltr'><strong>attingit.</strong></span> <span class='ocrx_word' id='word_1_350' title='bbox 421 2456 521 2529; x_wconf 82' lang='lat' dir='ltr'><strong>(Vnus.</strong></span> <span class='ocrx_word' id='word_1_351' title='bbox 548 2458 606 2528; x_wconf 75' lang='lat' dir='ltr'><strong>ii.)</strong></span> <span class='ocrx_word' id='word_1_352' title='bbox 627 2459 780 2528; x_wconf 79' lang='lat' dir='ltr'><strong>Statimque</strong></span> <span class='ocrx_word' id='word_1_353' title='bbox 808 2457 940 2514; x_wconf 89' lang='lat' dir='ltr'><strong>-lientur</strong></span> <span class='ocrx_word' id='word_1_354' title='bbox 967 2457 996 2513; x_wconf 92' lang='lat' dir='ltr'><strong>in</strong></span> <span class='ocrx_word' id='word_1_355' title='bbox 1020 2457 1247 2514; x_wconf 87' lang='lat' dir='ltr'><strong>consideratione</strong></span> <span class='ocrx_word' id='word_1_356' title='bbox 1272 2464 1332 2513; x_wconf 90' lang='lat' dir='ltr'><strong>tua.</strong></span> <span class='ocrx_word' id='word_1_357' title='bbox 1358 2457 1413 2522; x_wconf 89' lang='lat' dir='ltr'><strong>Qui</strong></span> <span class='ocrx_word' id='word_1_358' title='bbox 1426 2455 1600 2510; x_wconf 70' lang='lat' dir='ltr'><strong>maledixerit</strong></span> <span class='ocrx_word' id='word_1_359' title='bbox 1620 2456 1680 2524; x_wconf 84' lang='lat' dir='ltr'><strong>tibi,</strong></span> 
     </span>
     <span class='ocr_line' id='line_1_28' title="bbox 73 2542 1681 2616; baseline -0.001 -16"><span class='ocrx_word' id='word_1_360' title='bbox 73 2548 294 2601; x_wconf 81' lang='lat' dir='ltr'><strong>vestimentorum</strong></span> <span class='ocrx_word' id='word_1_361' title='bbox 315 2546 374 2615; x_wconf 71' lang='lat' dir='ltr'><strong>cius</strong></span> <span class='ocrx_word' id='word_1_362' title='bbox 400 2547 599 2615; x_wconf 73' lang='lat' dir='ltr'><strong>fragrantium,</strong></span> <span class='ocrx_word' id='word_1_363' title='bbox 622 2545 778 2602; x_wconf 88' lang='lat' dir='ltr'><strong>benedicens</strong></span> <span class='ocrx_word' id='word_1_364' title='bbox 832 2547 870 2602; x_wconf 85' lang='lat' dir='ltr'><strong>sit</strong></span> <span class='ocrx_word' id='word_1_365' title='bbox 885 2545 1054 2614; x_wconf 83' lang='lat' dir='ltr'><strong>maledictus,</strong></span> <span class='ocrx_word' id='word_1_366' title='bbox 1077 2560 1262 2616; x_wconf 74' lang='lat' dir='ltr'><strong>quaecunque</strong></span> <span class='ocrx_word' id='word_1_367' title='bbox 1288 2544 1317 2600; x_wconf 91' lang='lat' dir='ltr'><strong>in</strong></span> <span class='ocrx_word' id='word_1_368' title='bbox 1332 2543 1476 2600; x_wconf 91' lang='lat' dir='ltr'><strong>defectum</strong></span> <span class='ocrx_word' id='word_1_369' title='bbox 1500 2550 1583 2599; x_wconf 90' lang='lat' dir='ltr'><strong>tuum</strong></span> <span class='ocrx_word' id='word_1_370' title='bbox 1602 2542 1681 2599; x_wconf 91' lang='lat' dir='ltr'><strong>mili-</strong></span> 
     </span>
     <span class='ocr_line' id='line_1_29' title="bbox 56 2631 1681 2704; baseline -0.002 -15"><span class='ocrx_word' id='word_1_371' title='bbox 56 2635 152 2691; x_wconf 82' lang='lat' dir='ltr'><strong>eodcr</strong></span> <span class='ocrx_word' id='word_1_372' title='bbox 164 2635 217 2704; x_wconf 79' lang='lat' dir='ltr'><strong>filii</strong></span> <span class='ocrx_word' id='word_1_373' title='bbox 228 2637 281 2688; x_wconf 89' lang='lat' dir='ltr'><strong>mei</strong></span> <span class='ocrx_word' id='word_1_374' title='bbox 294 2637 365 2689; x_wconf 87' lang='lat' dir='ltr'><strong>sicut</strong></span> <span class='ocrx_word' id='word_1_375' title='bbox 379 2635 445 2690; x_wconf 87' lang='lat' dir='ltr'><strong>oder</strong></span> <span class='ocrx_word' id='word_1_376' title='bbox 459 2637 522 2703; x_wconf 79' lang='lat' dir='ltr'><strong>agei</strong></span> <span class='ocrx_word' id='word_1_377' title='bbox 536 2635 619 2704; x_wconf 83' lang='lat' dir='ltr'><strong>pleni,</strong></span> <span class='ocrx_word' id='word_1_378' title='bbox 647 2636 692 2689; x_wconf 85' lang='lat' dir='ltr'><strong>cui</strong></span> <span class='ocrx_word' id='word_1_379' title='bbox 706 2633 780 2689; x_wconf 90' lang='lat' dir='ltr'><strong>bene·</strong></span> <span class='ocrx_word' id='word_1_380' title='bbox 833 2641 906 2702; x_wconf 92' lang='lat' dir='ltr'><strong>tant,</strong></span> <span class='ocrx_word' id='word_1_381' title='bbox 921 2635 951 2690; x_wconf 94' lang='lat' dir='ltr'><strong>in</strong></span> <span class='ocrx_word' id='word_1_382' title='bbox 982 2642 1008 2691; x_wconf 93' lang='lat' dir='ltr'><strong>te</strong></span> <span class='ocrx_word' id='word_1_383' title='bbox 1031 2633 1173 2703; x_wconf 84' lang='lat' dir='ltr'><strong>deficient,</strong></span> <span class='ocrx_word' id='word_1_384' title='bbox 1199 2633 1306 2690; x_wconf 91' lang='lat' dir='ltr'><strong>scilicet</strong></span> <span class='ocrx_word' id='word_1_385' title='bbox 1321 2633 1392 2690; x_wconf 88' lang='lat' dir='ltr'><strong>vitia</strong></span> <span class='ocrx_word' id='word_1_386' title='bbox 1409 2647 1415 2687; x_wconf 92' lang='lat'>:</span> <span class='ocrx_word' id='word_1_387' title='bbox 1432 2634 1473 2687; x_wconf 82' lang='lat' dir='ltr'><strong>Et</strong></span> <span class='ocrx_word' id='word_1_388' title='bbox 1501 2635 1549 2701; x_wconf 79' lang='lat' dir='ltr'><strong>qui</strong></span> <span class='ocrx_word' id='word_1_389' title='bbox 1570 2631 1681 2686; x_wconf 87' lang='lat' dir='ltr'><strong>benedi-</strong></span> 
     </span>
     <span class='ocr_line' id='line_1_30' title="bbox 56 2719 1681 2794; baseline -0.002 -17"><span class='ocrx_word' id='word_1_390' title='bbox 56 2720 173 2778; x_wconf 84' lang='lat' dir='ltr'><strong>uminus.</strong></span> <span class='ocrx_word' id='word_1_391' title='bbox 204 2723 430 2778; x_wconf 87' lang='lat' dir='ltr'><strong>Vestimentorum</strong></span> <span class='ocrx_word' id='word_1_392' title='bbox 457 2722 618 2794; x_wconf 83' lang='lat' dir='ltr'><strong>fragrantia</strong></span> <span class='ocrx_word' id='word_1_393' title='bbox 645 2723 777 2791; x_wconf 91' lang='lat' dir='ltr'><strong>sentitur,</strong></span> <span class='ocrx_word' id='word_1_394' title='bbox 832 2727 908 2780; x_wconf 78' lang='lat' dir='ltr'><strong>uerit</strong></span> <span class='ocrx_word' id='word_1_395' title='bbox 931 2725 991 2791; x_wconf 87' lang='lat' dir='ltr'><strong>tibi,</strong></span> <span class='ocrx_word' id='word_1_396' title='bbox 1017 2723 1246 2778; x_wconf 79' lang='lat' dir='ltr'><strong>benedictionibus</strong></span> <span class='ocrx_word' id='word_1_397' title='bbox 1278 2723 1425 2792; x_wconf 82' lang='lat' dir='ltr'><strong>repleatur.</strong></span> <span class='ocrx_word' id='word_1_398' title='bbox 1454 2719 1523 2787; x_wconf 75' lang='lat' dir='ltr'><strong>Quae</strong></span> <span class='ocrx_word' id='word_1_399' title='bbox 1556 2719 1681 2789; x_wconf 91' lang='lat' dir='ltr'><strong>profecto</strong></span> 
     </span>
     <span class='ocr_line' id='line_1_31' title="bbox 56 2807 1682 2901; baseline -0.002 -36"><span class='ocrx_word' id='word_1_400' title='bbox 56 2809 104 2866; x_wconf 87' lang='lat' dir='ltr'><strong>elis</strong></span> <span class='ocrx_word' id='word_1_401' title='bbox 120 2809 218 2865; x_wconf 91' lang='lat' dir='ltr'><strong>anima</strong></span> <span class='ocrx_word' id='word_1_402' title='bbox 243 2810 272 2866; x_wconf 91' lang='lat' dir='ltr'><strong>in</strong></span> <span class='ocrx_word' id='word_1_403' title='bbox 294 2811 424 2881; x_wconf 90' lang='lat' dir='ltr'><strong>appetitu</strong></span> <span class='ocrx_word' id='word_1_404' title='bbox 443 2825 497 2868; x_wconf 90' lang='lat' dir='ltr'><strong>sno</strong></span> <span class='ocrx_word' id='word_1_405' title='bbox 519 2811 631 2882; x_wconf 91' lang='lat' dir='ltr'><strong>piorum</strong></span> <span class='ocrx_word' id='word_1_406' title='bbox 659 2818 779 2867; x_wconf 91' lang='lat' dir='ltr'><strong>actuum</strong></span> <span class='ocrx_word' id='word_1_407' title='bbox 798 2846 817 2901; x_wconf 71' lang='lat' dir='ltr'>C</span> <span class='ocrx_word' id='word_1_408' title='bbox 833 2813 971 2882; x_wconf 90' lang='lat' dir='ltr'><strong>profectui</strong></span> <span class='ocrx_word' id='word_1_409' title='bbox 987 2819 1036 2869; x_wconf 89' lang='lat' dir='ltr'><strong>tuo</strong></span> <span class='ocrx_word' id='word_1_410' title='bbox 1063 2812 1178 2879; x_wconf 90' lang='lat' dir='ltr'><strong>adsunt,</strong></span> <span class='ocrx_word' id='word_1_411' title='bbox 1208 2824 1319 2880; x_wconf 87' lang='lat' dir='ltr'><strong>semper</strong></span> <span class='ocrx_word' id='word_1_412' title='bbox 1347 2815 1514 2880; x_wconf 88' lang='lat' dir='ltr'><strong>augescant,</strong></span> <span class='ocrx_word' id='word_1_413' title='bbox 1540 2807 1618 2863; x_wconf 90' lang='lat' dir='ltr'><strong>hand</strong></span> <span class='ocrx_word' id='word_1_414' title='bbox 1633 2807 1682 2863; x_wconf 92' lang='lat' dir='ltr'><strong>du-</strong></span> 
     </span>
     <span class='ocr_line' id='line_1_32' title="bbox 56 2896 1680 2972; baseline -0.002 -16"><span class='ocrx_word' id='word_1_415' title='bbox 56 2906 148 2967; x_wconf 88' lang='lat' dir='ltr'><strong>1s,ct</strong></span> <span class='ocrx_word' id='word_1_416' title='bbox 190 2897 280 2969; x_wconf 89' lang='lat' dir='ltr'><strong>ipsius</strong></span> <span class='ocrx_word' id='word_1_417' title='bbox 313 2899 404 2956; x_wconf 89' lang='lat' dir='ltr'><strong>sancti</strong></span> <span class='ocrx_word' id='word_1_418' title='bbox 433 2899 567 2969; x_wconf 90' lang='lat' dir='ltr'><strong>propositi</strong></span> <span class='ocrx_word' id='word_1_419' title='bbox 597 2897 778 2955; x_wconf 90' lang='lat' dir='ltr'><strong>dnlcedinem</strong></span> <span class='ocrx_word' id='word_1_420' title='bbox 834 2901 925 2969; x_wconf 90' lang='lat' dir='ltr'><strong>bium,</strong></span> <span class='ocrx_word' id='word_1_421' title='bbox 943 2900 1014 2972; x_wconf 85' lang='lat' dir='ltr'><strong>quin</strong></span> <span class='ocrx_word' id='word_1_422' title='bbox 1028 2901 1172 2957; x_wconf 83' lang='lat' dir='ltr'><strong>virtutum</strong></span> <span class='ocrx_word' id='word_1_423' title='bbox 1189 2899 1296 2956; x_wconf 91' lang='lat' dir='ltr'><strong>studia.</strong></span> <span class='ocrx_word' id='word_1_424' title='bbox 1316 2898 1366 2954; x_wconf 88' lang='lat' dir='ltr'><strong>llis</strong></span> <span class='ocrx_word' id='word_1_425' title='bbox 1381 2898 1419 2953; x_wconf 91' lang='lat' dir='ltr'><strong>ita</strong></span> <span class='ocrx_word' id='word_1_426' title='bbox 1435 2896 1544 2967; x_wconf 89' lang='lat' dir='ltr'><strong>Spiritu</strong></span> <span class='ocrx_word' id='word_1_427' title='bbox 1567 2902 1680 2952; x_wconf 90' lang='lat' dir='ltr'><strong>sancto-</strong></span> 
     </span>
     <span class='ocr_line' id='line_1_33' title="bbox 56 2981 1680 3059; baseline -0.003 -17"><span class='ocrx_word' id='word_1_428' title='bbox 56 2987 113 3044; x_wconf 82' lang='lat' dir='ltr'><strong>rtiae</strong></span> <span class='ocrx_word' id='word_1_429' title='bbox 141 3000 210 3043; x_wconf 91' lang='lat' dir='ltr'><strong>nare</strong></span> <span class='ocrx_word' id='word_1_430' title='bbox 232 2986 391 3058; x_wconf 85' lang='lat' dir='ltr'><strong>experitur,</strong></span> <span class='ocrx_word' id='word_1_431' title='bbox 411 2995 439 3043; x_wconf 91' lang='lat' dir='ltr'><strong>et</strong></span> <span class='ocrx_word' id='word_1_432' title='bbox 456 2987 621 3055; x_wconf 78' lang='lat' dir='ltr'><strong>intedimus,</strong></span> <span class='ocrx_word' id='word_1_433' title='bbox 650 2986 778 3043; x_wconf 89' lang='lat' dir='ltr'><strong>cascili-</strong></span> <span class='ocrx_word' id='word_1_434' title='bbox 832 2995 1018 3059; x_wconf 89' lang='lat' dir='ltr'><strong>prosperante</strong></span> <span class='ocrx_word' id='word_1_435' title='bbox 1042 2988 1180 3057; x_wconf 90' lang='lat' dir='ltr'><strong>tractatis,</strong></span> <span class='ocrx_word' id='word_1_436' title='bbox 1205 2987 1323 3057; x_wconf 88' lang='lat' dir='ltr'><strong>septimo</strong></span> <span class='ocrx_word' id='word_1_437' title='bbox 1346 2999 1432 3057; x_wconf 91' lang='lat' dir='ltr'><strong>super</strong></span> <span class='ocrx_word' id='word_1_438' title='bbox 1446 2983 1576 3041; x_wconf 86' lang='lat' dir='ltr'><strong>Genesim</strong></span> <span class='ocrx_word' id='word_1_439' title='bbox 1601 2981 1680 3053; x_wconf 89' lang='lat' dir='ltr'><strong>operi</strong></span> 
     </span>
     <span class='ocr_line' id='line_1_34' title="bbox 55 3074 1148 3146; baseline 0.001 -16"><span class='ocrx_word' id='word_1_440' title='bbox 55 3075 73 3130; x_wconf 82' lang='lat' dir='ltr'><strong>ri</strong></span> <span class='ocrx_word' id='word_1_441' title='bbox 97 3075 253 3146; x_wconf 90' lang='lat' dir='ltr'><strong>sagacitate</strong></span> <span class='ocrx_word' id='word_1_442' title='bbox 269 3074 474 3145; x_wconf 87' lang='lat' dir='ltr'><strong>multiplicans,</strong></span> <span class='ocrx_word' id='word_1_443' title='bbox 490 3078 559 3131; x_wconf 91' lang='lat' dir='ltr'><strong>sicut</strong></span> <span class='ocrx_word' id='word_1_444' title='bbox 575 3075 689 3131; x_wconf 89' lang='lat' dir='ltr'><strong>odorem</strong></span> <span class='ocrx_word' id='word_1_445' title='bbox 715 3077 779 3143; x_wconf 75' lang='lat' dir='ltr'><strong>apri</strong></span> <span class='ocrx_word' id='word_1_446' title='bbox 832 3084 930 3133; x_wconf 90' lang='lat' dir='ltr'><strong>nostro</strong></span> <span class='ocrx_word' id='word_1_447' title='bbox 945 3075 1009 3133; x_wconf 87' lang='lat' dir='ltr'><strong>finis</strong></span> <span class='ocrx_word' id='word_1_448' title='bbox 1022 3077 1148 3133; x_wconf 89' lang='lat' dir='ltr'><strong>accedat.</strong></span> 
     </span>
    </p>

    <p class='ocr_par' dir='ltr' id='par_1_4' title="bbox 56 3163 776 3235">
     <span class='ocr_line' id='line_1_35' title="bbox 56 3163 776 3235; baseline -0.001 -15"><span class='ocrx_word' id='word_1_449' title='bbox 56 3177 135 3220; x_wconf 86' lang='lat' dir='ltr'><strong>orem</strong></span> <span class='ocrx_word' id='word_1_450' title='bbox 155 3165 208 3233; x_wconf 77' lang='lat' dir='ltr'><strong>titii</strong></span> <span class='ocrx_word' id='word_1_451' title='bbox 226 3163 362 3235; x_wconf 88' lang='lat' dir='ltr'><strong>perbibet,</strong></span> <span class='ocrx_word' id='word_1_452' title='bbox 380 3163 450 3234; x_wconf 88' lang='lat' dir='ltr'><strong>quia</strong></span> <span class='ocrx_word' id='word_1_453' title='bbox 469 3164 543 3220; x_wconf 89' lang='lat' dir='ltr'><strong>sicut</strong></span> <span class='ocrx_word' id='word_1_454' title='bbox 556 3163 673 3221; x_wconf 85' lang='lat' dir='ltr'><strong>exculta</strong></span> <span class='ocrx_word' id='word_1_455' title='bbox 688 3163 776 3219; x_wconf 92' lang='lat' dir='ltr'><strong>disci-</strong></span> 
     </span>
    </p>
   </div>
   <div class='ocr_carea' id='block_1_3' title="bbox 568 3305 1040 3353">
    <p class='ocr_par' dir='ltr' id='par_1_5' title="bbox 568 3305 1040 3353">
     <span class='ocr_line' id='line_1_36' title="bbox 568 3305 1040 3353; baseline -0.004 -2"><span class='ocrx_word' id='word_1_456' title='bbox 568 3309 721 3352; x_wconf 78' lang='lat' dir='ltr'><strong>nxpnlcrr</strong></span> <span class='ocrx_word' id='word_1_457' title='bbox 743 3308 841 3351; x_wconf 80' lang='lat' dir='ltr'>LIBER</span> <span class='ocrx_word' id='word_1_458' title='bbox 862 3305 1040 3353; x_wconf 73' lang='lat' dir='ltr'>SEPTIMUS.</span> 
     </span>
    </p>
   </div>
   <div class='ocr_carea' id='block_1_4' title="bbox 310 3583 1292 3884">
    <p class='ocr_par' dir='ltr' id='par_1_6' title="bbox 310 3583 1292 3884">
     <span class='ocr_line' id='line_1_37' title="bbox 503 3583 1098 3659; baseline -0.005 0"><span class='ocrx_word' id='word_1_459' title='bbox 503 3584 681 3659; x_wconf 86' lang='lat' dir='ltr'><strong>lncrrm</strong></span> <span class='ocrx_word' id='word_1_460' title='bbox 708 3585 851 3659; x_wconf 84' lang='lat' dir='ltr'><strong>nrnnn</strong></span> <span class='ocrx_word' id='word_1_461' title='bbox 879 3583 1098 3659; x_wconf 81' lang='lat' dir='ltr'><strong>onrnvns</strong></span> 
     </span>
     <span class='ocr_line' id='line_1_38' title="bbox 310 3775 1292 3884; baseline 0 -6"><span class='ocrx_word' id='word_1_462' title='bbox 310 3775 739 3884; x_wconf 80' lang='lat' dir='ltr'><strong>MORALIUM</strong></span> <span class='ocrx_word' id='word_1_463' title='bbox 792 3778 874 3882; x_wconf 93' lang='lat' dir='ltr'><strong>IN</strong></span> <span class='ocrx_word' id='word_1_464' title='bbox 932 3777 1292 3882; x_wconf 84' lang='lat' dir='ltr'><strong>GENESIM.</strong></span> 
     </span>
    </p>
   </div>
   <div class='ocr_carea' id='block_1_5' title="bbox 56 4140 1685 5452">
    <p class='ocr_par' dir='ltr' id='par_1_7' title="bbox 56 4140 1680 4831">
     <span class='ocr_line' id='line_1_39' title="bbox 56 4140 1678 4212; baseline -0.001 -13"><span class='ocrx_word' id='word_1_465' title='bbox 56 4140 178 4200; x_wconf 87' lang='lat' dir='ltr'><strong>banielis</strong></span> <span class='ocrx_word' id='word_1_466' title='bbox 215 4141 288 4198; x_wconf 92' lang='lat' dir='ltr'><strong>libro</strong></span> <span class='ocrx_word' id='word_1_467' title='bbox 325 4141 517 4212; x_wconf 88' lang='lat' dir='ltr'><strong>comperimus</strong></span> <span class='ocrx_word' id='word_1_468' title='bbox 553 4141 777 4210; x_wconf 90' lang='lat' dir='ltr'><strong>pertransituros</strong></span> <span class='ocrx_word' id='word_1_469' title='bbox 830 4140 1017 4211; x_wconf 88' lang='lat' dir='ltr'><strong>supplantata</strong></span> <span class='ocrx_word' id='word_1_470' title='bbox 1031 4141 1171 4210; x_wconf 82' lang='lat' dir='ltr'><strong>videlicet,</strong></span> <span class='ocrx_word' id='word_1_471' title='bbox 1190 4154 1223 4197; x_wconf 91' lang='lat' dir='ltr'><strong>ac</strong></span> <span class='ocrx_word' id='word_1_472' title='bbox 1238 4154 1339 4197; x_wconf 89' lang='lat' dir='ltr'><strong>eversa</strong></span> <span class='ocrx_word' id='word_1_473' title='bbox 1362 4140 1494 4197; x_wconf 84' lang='lat' dir='ltr'><strong>saeculari</strong></span> <span class='ocrx_word' id='word_1_474' title='bbox 1509 4140 1627 4198; x_wconf 87' lang='lat' dir='ltr'><strong>libidine</strong></span> <span class='ocrx_word' id='word_1_475' title='bbox 1642 4142 1678 4198; x_wconf 93' lang='lat' dir='ltr'><strong>ad</strong></span> 
     </span>
     <span class='ocr_line' id='line_1_40' title="bbox 56 4228 1679 4301; baseline -0.001 -13"><span class='ocrx_word' id='word_1_476' title='bbox 56 4245 68 4288; x_wconf 86' lang='lat' dir='ltr'><strong>s</strong></span> <span class='ocrx_word' id='word_1_477' title='bbox 110 4238 138 4288; x_wconf 88' lang='lat' dir='ltr'><strong>et</strong></span> <span class='ocrx_word' id='word_1_478' title='bbox 178 4229 365 4301; x_wconf 89' lang='lat' dir='ltr'><strong>multiplicem</strong></span> <span class='ocrx_word' id='word_1_479' title='bbox 411 4229 469 4286; x_wconf 91' lang='lat' dir='ltr'><strong>fore</strong></span> <span class='ocrx_word' id='word_1_480' title='bbox 506 4230 654 4286; x_wconf 89' lang='lat' dir='ltr'><strong>scientiam</strong></span> <span class='ocrx_word' id='word_1_481' title='bbox 692 4230 774 4298; x_wconf 80' lang='lat' dir='ltr'><strong>(bun.</strong></span> <span class='ocrx_word' id='word_1_482' title='bbox 831 4238 959 4299; x_wconf 89' lang='lat' dir='ltr'><strong>apertam</strong></span> <span class='ocrx_word' id='word_1_483' title='bbox 972 4236 1138 4286; x_wconf 90' lang='lat' dir='ltr'><strong>sanctorum</strong></span> <span class='ocrx_word' id='word_1_484' title='bbox 1154 4242 1273 4298; x_wconf 91' lang='lat' dir='ltr'><strong>opernm</strong></span> <span class='ocrx_word' id='word_1_485' title='bbox 1292 4228 1509 4298; x_wconf 82' lang='lat' dir='ltr'><strong>exhibitionem,</strong></span> <span class='ocrx_word' id='word_1_486' title='bbox 1528 4229 1679 4287; x_wconf 87' lang='lat' dir='ltr'><strong>deintimo</strong></span> 
     </span>
     <span class='ocr_line' id='line_1_41' title="bbox 71 4314 1678 4390; baseline -0.001 -15"><span class='ocrx_word' id='word_1_487' title='bbox 71 4317 166 4386; x_wconf 84' lang='lat' dir='ltr'><strong>Quam</strong></span> <span class='ocrx_word' id='word_1_488' title='bbox 194 4317 434 4388; x_wconf 90' lang='lat' dir='ltr'><strong>multiplicitatem</strong></span> <span class='ocrx_word' id='word_1_489' title='bbox 458 4318 585 4375; x_wconf 82' lang='lat' dir='ltr'><strong>scientiae</strong></span> <span class='ocrx_word' id='word_1_490' title='bbox 609 4317 776 4375; x_wconf 89' lang='lat' dir='ltr'><strong>nullomodo</strong></span> <span class='ocrx_word' id='word_1_491' title='bbox 830 4318 968 4390; x_wconf 90' lang='lat' dir='ltr'><strong>propositi</strong></span> <span class='ocrx_word' id='word_1_492' title='bbox 988 4317 1158 4388; x_wconf 90' lang='lat' dir='ltr'><strong>procedente</strong></span> <span class='ocrx_word' id='word_1_493' title='bbox 1181 4314 1446 4386; x_wconf 84' lang='lat' dir='ltr'><strong>pioadectu,uenit</strong></span> <span class='ocrx_word' id='word_1_494' title='bbox 1467 4319 1552 4385; x_wconf 80' lang='lat' dir='ltr'><strong>Esou,</strong></span> <span class='ocrx_word' id='word_1_495' title='bbox 1571 4331 1678 4374; x_wconf 93' lang='lat' dir='ltr'><strong>carna-</strong></span> 
     </span>
     <span class='ocr_line' id='line_1_42' title="bbox 56 4405 1678 4478; baseline -0.001 -14"><span class='ocrx_word' id='word_1_496' title='bbox 56 4407 210 4473; x_wconf 89' lang='lat' dir='ltr'><strong>cribcntes,</strong></span> <span class='ocrx_word' id='word_1_497' title='bbox 225 4406 274 4463; x_wconf 87' lang='lat' dir='ltr'><strong>sed</strong></span> <span class='ocrx_word' id='word_1_498' title='bbox 290 4406 325 4462; x_wconf 90' lang='lat' dir='ltr'><strong>de</strong></span> <span class='ocrx_word' id='word_1_499' title='bbox 340 4406 507 4478; x_wconf 90' lang='lat' dir='ltr'><strong>fragmentis</strong></span> <span class='ocrx_word' id='word_1_500' title='bbox 523 4405 680 4462; x_wconf 89' lang='lat' dir='ltr'><strong>Dominicis</strong></span> <span class='ocrx_word' id='word_1_501' title='bbox 702 4420 775 4478; x_wconf 88' lang='lat' dir='ltr'><strong>qua·</strong></span> <span class='ocrx_word' id='word_1_502' title='bbox 796 4407 866 4464; x_wconf 89' lang='lat' dir='ltr'><strong>blis</strong></span> <span class='ocrx_word' id='word_1_503' title='bbox 881 4407 987 4464; x_wconf 88' lang='lat' dir='ltr'><strong>scilicet</strong></span> <span class='ocrx_word' id='word_1_504' title='bbox 1006 4406 1231 4476; x_wconf 72' lang='lat' dir='ltr'><strong>voluntasque</strong></span> <span class='ocrx_word' id='word_1_505' title='bbox 1246 4405 1422 4462; x_wconf 90' lang='lat' dir='ltr'><strong>dumiidelis</strong></span> <span class='ocrx_word' id='word_1_506' title='bbox 1445 4405 1544 4463; x_wconf 89' lang='lat' dir='ltr'><strong>anima</strong></span> <span class='ocrx_word' id='word_1_507' title='bbox 1572 4406 1678 4463; x_wconf 91' lang='lat' dir='ltr'><strong>bonam</strong></span> 
     </span>
     <span class='ocr_line' id='line_1_43' title="bbox 56 4492 1679 4566; baseline -0.001 -14"><span class='ocrx_word' id='word_1_508' title='bbox 56 4510 80 4553; x_wconf 85' lang='lat' dir='ltr'><strong>re</strong></span> <span class='ocrx_word' id='word_1_509' title='bbox 112 4495 228 4565; x_wconf 91' lang='lat' dir='ltr'><strong>cophini</strong></span> <span class='ocrx_word' id='word_1_510' title='bbox 263 4495 354 4552; x_wconf 91' lang='lat' dir='ltr'><strong>nostri</strong></span> <span class='ocrx_word' id='word_1_511' title='bbox 392 4494 584 4551; x_wconf 87' lang='lat' dir='ltr'><strong>modicitatem</strong></span> <span class='ocrx_word' id='word_1_512' title='bbox 615 4494 774 4565; x_wconf 89' lang='lat' dir='ltr'><strong>implentes,</strong></span> <span class='ocrx_word' id='word_1_513' title='bbox 830 4496 884 4553; x_wconf 89' lang='lat' dir='ltr'><strong>sibi</strong></span> <span class='ocrx_word' id='word_1_514' title='bbox 898 4495 1018 4552; x_wconf 90' lang='lat' dir='ltr'><strong>collocat</strong></span> <span class='ocrx_word' id='word_1_515' title='bbox 1032 4495 1209 4550; x_wconf 88' lang='lat' dir='ltr'><strong>voluntatem</strong></span> <span class='ocrx_word' id='word_1_516' title='bbox 1225 4492 1353 4551; x_wconf 80' lang='lat' dir='ltr'><strong>exterius</strong></span> <span class='ocrx_word' id='word_1_517' title='bbox 1367 4494 1404 4549; x_wconf 92' lang='lat' dir='ltr'><strong>ad</strong></span> <span class='ocrx_word' id='word_1_518' title='bbox 1430 4494 1558 4551; x_wconf 90' lang='lat' dir='ltr'><strong>carnalia</strong></span> <span class='ocrx_word' id='word_1_519' title='bbox 1588 4508 1679 4566; x_wconf 93' lang='lat' dir='ltr'><strong>appe-</strong></span> 
     </span>
     <span class='ocr_line' id='line_1_44' title="bbox 56 4580 1680 4655; baseline -0.001 -14"><span class='ocrx_word' id='word_1_520' title='bbox 56 4583 144 4642; x_wconf 82' lang='lat' dir='ltr'><strong>vibus</strong></span> <span class='ocrx_word' id='word_1_521' title='bbox 167 4583 301 4655; x_wconf 91' lang='lat' dir='ltr'><strong>ingeniis,</strong></span> <span class='ocrx_word' id='word_1_522' title='bbox 318 4584 367 4640; x_wconf 88' lang='lat' dir='ltr'><strong>sed</strong></span> <span class='ocrx_word' id='word_1_523' title='bbox 384 4582 524 4654; x_wconf 84' lang='lat' dir='ltr'><strong>aeqnaevis</strong></span> <span class='ocrx_word' id='word_1_524' title='bbox 549 4591 577 4640; x_wconf 91' lang='lat' dir='ltr'><strong>et</strong></span> <span class='ocrx_word' id='word_1_525' title='bbox 592 4584 777 4654; x_wconf 88' lang='lat' dir='ltr'><strong>comparibus</strong></span> <span class='ocrx_word' id='word_1_526' title='bbox 832 4584 918 4641; x_wconf 87' lang='lat' dir='ltr'><strong>tenda</strong></span> <span class='ocrx_word' id='word_1_527' title='bbox 932 4583 1062 4651; x_wconf 91' lang='lat' dir='ltr'><strong>latenter,</strong></span> <span class='ocrx_word' id='word_1_528' title='bbox 1086 4582 1154 4639; x_wconf 90' lang='lat' dir='ltr'><strong>dum</strong></span> <span class='ocrx_word' id='word_1_529' title='bbox 1176 4581 1216 4637; x_wconf 90' lang='lat' dir='ltr'><strong>illi</strong></span> <span class='ocrx_word' id='word_1_530' title='bbox 1242 4580 1404 4652; x_wconf 89' lang='lat' dir='ltr'><strong>spiritualia</strong></span> <span class='ocrx_word' id='word_1_531' title='bbox 1431 4589 1564 4650; x_wconf 91' lang='lat' dir='ltr'><strong>tractant,</strong></span> <span class='ocrx_word' id='word_1_532' title='bbox 1588 4596 1680 4639; x_wconf 89' lang='lat' dir='ltr'><strong>vena-</strong></span> 
     </span>
     <span class='ocr_line' id='line_1_45' title="bbox 56 4669 1680 4743; baseline -0.001 -13"><span class='ocrx_word' id='word_1_533' title='bbox 56 4680 115 4739; x_wconf 79' lang='lat' dir='ltr'><strong>ttes,</strong></span> <span class='ocrx_word' id='word_1_534' title='bbox 132 4687 183 4742; x_wconf 90' lang='lat' dir='ltr'><strong>per</strong></span> <span class='ocrx_word' id='word_1_535' title='bbox 201 4671 309 4728; x_wconf 87' lang='lat' dir='ltr'><strong>medios</strong></span> <span class='ocrx_word' id='word_1_536' title='bbox 329 4670 544 4743; x_wconf 89' lang='lat' dir='ltr'><strong>indignantium</strong></span> <span class='ocrx_word' id='word_1_537' title='bbox 568 4686 675 4729; x_wconf 90' lang='lat' dir='ltr'><strong>cuneos</strong></span> <span class='ocrx_word' id='word_1_538' title='bbox 687 4680 779 4743; x_wconf 81' lang='lat' dir='ltr'><strong>empta</strong></span> <span class='ocrx_word' id='word_1_539' title='bbox 833 4673 929 4741; x_wconf 89' lang='lat' dir='ltr'><strong>batnr,</strong></span> <span class='ocrx_word' id='word_1_540' title='bbox 946 4672 1022 4729; x_wconf 85' lang='lat' dir='ltr'><strong>ricta</strong></span> <span class='ocrx_word' id='word_1_541' title='bbox 1037 4670 1075 4742; x_wconf 92' lang='lat' dir='ltr'><strong>pii</strong></span> <span class='ocrx_word' id='word_1_542' title='bbox 1101 4670 1234 4727; x_wconf 90' lang='lat' dir='ltr'><strong>desiderii</strong></span> <span class='ocrx_word' id='word_1_543' title='bbox 1250 4670 1400 4728; x_wconf 85' lang='lat' dir='ltr'><strong>devotione</strong></span> <span class='ocrx_word' id='word_1_544' title='bbox 1419 4669 1449 4726; x_wconf 94' lang='lat' dir='ltr'><strong>in</strong></span> <span class='ocrx_word' id='word_1_545' title='bbox 1470 4671 1600 4727; x_wconf 91' lang='lat' dir='ltr'><strong>eamdem</strong></span> <span class='ocrx_word' id='word_1_546' title='bbox 1617 4685 1680 4728; x_wconf 90' lang='lat' dir='ltr'><strong>scn-</strong></span> 
     </span>
     <span class='ocr_line' id='line_1_46' title="bbox 56 4759 1678 4831; baseline -0.002 -13"><span class='ocrx_word' id='word_1_547' title='bbox 56 4761 141 4818; x_wconf 89' lang='lat' dir='ltr'><strong>lmur.</strong></span> <span class='ocrx_word' id='word_1_548' title='bbox 835 4761 953 4819; x_wconf 88' lang='lat' dir='ltr'><strong>tentiam</strong></span> <span class='ocrx_word' id='word_1_549' title='bbox 980 4759 1124 4829; x_wconf 88' lang='lat' dir='ltr'><strong>convenit,</strong></span> <span class='ocrx_word' id='word_1_550' title='bbox 1150 4766 1179 4816; x_wconf 90' lang='lat' dir='ltr'><strong>et</strong></span> <span class='ocrx_word' id='word_1_551' title='bbox 1207 4773 1273 4831; x_wconf 79' lang='lat' dir='ltr'><strong>quae</strong></span> <span class='ocrx_word' id='word_1_552' title='bbox 1298 4759 1453 4816; x_wconf 90' lang='lat' dir='ltr'><strong>carnaliter</strong></span> <span class='ocrx_word' id='word_1_553' title='bbox 1495 4759 1678 4831; x_wconf 83' lang='lat' dir='ltr'><strong>quaesiverat,</strong></span> 
     </span>
    </p>

    <p class='ocr_par' dir='ltr' id='par_1_8' title="bbox 56 4845 1685 5452">
     <span class='ocr_line' id='line_1_47' title="bbox 130 4845 1681 4921; baseline -0.001 -16"><span class='ocrx_word' id='word_1_554' title='bbox 130 4848 309 4916; x_wconf 78' lang='lat' dir='ltr'>SEQUITUR</span> <span class='ocrx_word' id='word_1_555' title='bbox 327 4845 444 4904; x_wconf 77' lang='lat' dir='ltr'>CAPUT</span> <span class='ocrx_word' id='word_1_556' title='bbox 462 4847 576 4904; x_wconf 81' lang='lat' dir='ltr'><strong>XXVll.</strong></span> <span class='ocrx_word' id='word_1_557' title='bbox 834 4851 952 4921; x_wconf 90' lang='lat' dir='ltr'><strong>spiritus</strong></span> <span class='ocrx_word' id='word_1_558' title='bbox 965 4847 1077 4907; x_wconf 89' lang='lat' dir='ltr'><strong>fervore</strong></span> <span class='ocrx_word' id='word_1_559' title='bbox 1101 4848 1246 4918; x_wconf 81' lang='lat' dir='ltr'><strong>excoquit,</strong></span> <span class='ocrx_word' id='word_1_560' title='bbox 1270 4855 1298 4904; x_wconf 91' lang='lat' dir='ltr'><strong>et</strong></span> <span class='ocrx_word' id='word_1_561' title='bbox 1313 4847 1342 4903; x_wconf 92' lang='lat' dir='ltr'><strong>in</strong></span> <span class='ocrx_word' id='word_1_562' title='bbox 1356 4847 1535 4919; x_wconf 90' lang='lat' dir='ltr'><strong>spiritualem</strong></span> <span class='ocrx_word' id='word_1_563' title='bbox 1564 4847 1681 4905; x_wconf 90' lang='lat' dir='ltr'><strong>redacta</strong></span> 
     </span>
     <span class='ocr_line' id='line_1_48' title="bbox 68 4935 1681 5007; baseline -0.002 -14"><span class='ocrx_word' id='word_1_564' title='bbox 68 4938 114 5006; x_wconf 80' lang='grc'><strong>30,</strong></span> <span class='ocrx_word' id='word_1_565' title='bbox 132 4939 176 4992; x_wconf 78' lang='lat' dir='ltr'><strong>il.</strong></span> <span class='ocrx_word' id='word_1_566' title='bbox 199 4966 236 4978; x_wconf 96' lang='lat'>-</span> <span class='ocrx_word' id='word_1_567' title='bbox 265 4937 318 4991; x_wconf 79' lang='lat' dir='ltr'><strong>Via</strong></span> <span class='ocrx_word' id='word_1_568' title='bbox 343 4936 422 4991; x_wconf 87' lang='lat' dir='ltr'><strong>lsccc</strong></span> <span class='ocrx_word' id='word_1_569' title='bbox 441 4950 588 4991; x_wconf 67' lang='lat' dir='ltr'><strong>samonem</strong></span> <span class='ocrx_word' id='word_1_570' title='bbox 607 4935 777 5005; x_wconf 80' lang='lat' dir='ltr'><strong>impleuerat,</strong></span> <span class='ocrx_word' id='word_1_571' title='bbox 833 4937 1054 4997; x_wconf 90' lang='lat' dir='ltr'><strong>teneritudinem</strong></span> <span class='ocrx_word' id='word_1_572' title='bbox 1084 4941 1157 4993; x_wconf 77' lang='lat'><strong>11⁰</strong></span> <span class='ocrx_word' id='word_1_573' title='bbox 1179 4936 1277 4992; x_wconf 92' lang='lat' dir='ltr'><strong>animo</strong></span> <span class='ocrx_word' id='word_1_574' title='bbox 1298 4936 1440 5007; x_wconf 83' lang='lat' dir='ltr'><strong>justitiam</strong></span> <span class='ocrx_word' id='word_1_575' title='bbox 1451 4935 1589 4993; x_wconf 90' lang='lat' dir='ltr'><strong>esurienti</strong></span> <span class='ocrx_word' id='word_1_576' title='bbox 1606 4935 1681 5005; x_wconf 85' lang='lat' dir='ltr'><strong>obji-</strong></span> 
     </span>
     <span class='ocr_line' id='line_1_49' title="bbox 56 5023 1679 5096; baseline -0.004 -13"><span class='ocrx_word' id='word_1_577' title='bbox 56 5025 177 5083; x_wconf 81' lang='lat' dir='ltr'><strong>toiccob</strong></span> <span class='ocrx_word' id='word_1_578' title='bbox 193 5026 281 5093; x_wconf 81' lang='lat' dir='ltr'><strong>soros,</strong></span> <span class='ocrx_word' id='word_1_579' title='bbox 300 5026 375 5079; x_wconf 75' lang='lat' dir='ltr'><strong>accit</strong></span> <span class='ocrx_word' id='word_1_580' title='bbox 392 5024 481 5078; x_wconf 78' lang='lat' dir='ltr'><strong>Esau.</strong></span> <span class='ocrx_word' id='word_1_581' title='bbox 507 5025 652 5093; x_wconf 79' lang='lat' dir='ltr'><strong>coctosque</strong></span> <span class='ocrx_word' id='word_1_582' title='bbox 674 5024 708 5079; x_wconf 90' lang='lat' dir='ltr'><strong>de</strong></span> <span class='ocrx_word' id='word_1_583' title='bbox 730 5040 778 5080; x_wconf 88' lang='lat' dir='ltr'><strong>ce·</strong></span> <span class='ocrx_word' id='word_1_584' title='bbox 834 5025 881 5082; x_wconf 91' lang='lat' dir='ltr'><strong>cit.</strong></span> <span class='ocrx_word' id='word_1_585' title='bbox 896 5025 965 5093; x_wconf 84' lang='lat' dir='ltr'><strong>Quae</strong></span> <span class='ocrx_word' id='word_1_586' title='bbox 990 5032 1156 5096; x_wconf 87' lang='lat' dir='ltr'><strong>sequuntur</strong></span> <span class='ocrx_word' id='word_1_587' title='bbox 1178 5023 1313 5095; x_wconf 89' lang='lat' dir='ltr'><strong>superius</strong></span> <span class='ocrx_word' id='word_1_588' title='bbox 1326 5031 1480 5081; x_wconf 83' lang='lat' dir='ltr'><strong>actasunt.</strong></span> <span class='ocrx_word' id='word_1_589' title='bbox 1506 5023 1603 5095; x_wconf 76' lang='lat' dir='ltr'><strong>(tuns.</strong></span> <span class='ocrx_word' id='word_1_590' title='bbox 1621 5023 1679 5094; x_wconf 77' lang='lat'><strong>³2.)</strong></span> 
     </span>
     <span class='ocr_line' id='line_1_50' title="bbox 59 5111 1679 5184; baseline -0.002 -13"><span class='ocrx_word' id='word_1_591' title='bbox 59 5114 135 5171; x_wconf 84' lang='lat' dir='ltr'><strong>cibes</strong></span> <span class='ocrx_word' id='word_1_592' title='bbox 163 5115 258 5169; x_wconf 86' lang='lat' dir='ltr'><strong>intulit</strong></span> <span class='ocrx_word' id='word_1_593' title='bbox 276 5115 364 5183; x_wconf 80' lang='lat' dir='ltr'><strong>putri,</strong></span> <span class='ocrx_word' id='word_1_594' title='bbox 386 5113 493 5168; x_wconf 81' lang='lat' dir='ltr'><strong>dicens:</strong></span> <span class='ocrx_word' id='word_1_595' title='bbox 524 5115 619 5182; x_wconf 80' lang='lat' dir='ltr'><strong>Surge,</strong></span> <span class='ocrx_word' id='word_1_596' title='bbox 635 5118 716 5184; x_wconf 83' lang='lat' dir='ltr'><strong>puter</strong></span> <span class='ocrx_word' id='word_1_597' title='bbox 728 5116 777 5182; x_wconf 88' lang='lat' dir='ltr'><strong>mi,</strong></span> <span class='ocrx_word' id='word_1_598' title='bbox 835 5114 912 5182; x_wconf 83' lang='lat' dir='ltr'><strong>Quis,</strong></span> <span class='ocrx_word' id='word_1_599' title='bbox 925 5113 1030 5184; x_wconf 82' lang='lat' dir='ltr'><strong>inquit,</strong></span> <span class='ocrx_word' id='word_1_600' title='bbox 1042 5128 1069 5170; x_wconf 90' lang='lat' dir='ltr'><strong>es</strong></span> <span class='ocrx_word' id='word_1_601' title='bbox 1091 5113 1228 5169; x_wconf 82' lang='lat' dir='ltr'><strong>tutbuas</strong></span> <span class='ocrx_word' id='word_1_602' title='bbox 1242 5125 1303 5168; x_wconf 88' lang='lat' dir='ltr'><strong>esse</strong></span> <span class='ocrx_word' id='word_1_603' title='bbox 1325 5112 1355 5168; x_wconf 93' lang='lat' dir='ltr'><strong>in</strong></span> <span class='ocrx_word' id='word_1_604' title='bbox 1370 5111 1486 5169; x_wconf 92' lang='lat' dir='ltr'><strong>homine</strong></span> <span class='ocrx_word' id='word_1_605' title='bbox 1503 5111 1679 5180; x_wconf 85' lang='lat' dir='ltr'><strong>voluntates,</strong></span> 
     </span>
     <span class='ocr_line' id='line_1_51' title="bbox 56 5197 1678 5273; baseline -0.003 -13"><span class='ocrx_word' id='word_1_606' title='bbox 56 5204 91 5273; x_wconf 81' lang='lat' dir='ltr'><strong>fc,</strong></span> <span class='ocrx_word' id='word_1_607' title='bbox 109 5209 163 5259; x_wconf 89' lang='lat' dir='ltr'><strong>etc.</strong></span> <span class='ocrx_word' id='word_1_608' title='bbox 188 5203 244 5258; x_wconf 82' lang='lat' dir='ltr'><strong>Via</strong></span> <span class='ocrx_word' id='word_1_609' title='bbox 268 5204 345 5257; x_wconf 87' lang='lat' dir='ltr'><strong>lscnc</strong></span> <span class='ocrx_word' id='word_1_610' title='bbox 368 5216 515 5257; x_wconf 69' lang='lat' dir='ltr'><strong>ammonem</strong></span> <span class='ocrx_word' id='word_1_611' title='bbox 534 5202 704 5272; x_wconf 82' lang='lat' dir='ltr'><strong>impleuerat,</strong></span> <span class='ocrx_word' id='word_1_612' title='bbox 727 5203 778 5259; x_wconf 85' lang='lat' dir='ltr'><strong>vix</strong></span> <span class='ocrx_word' id='word_1_613' title='bbox 834 5201 1012 5272; x_wconf 87' lang='lat' dir='ltr'><strong>corporalem</strong></span> <span class='ocrx_word' id='word_1_614' title='bbox 1043 5215 1143 5270; x_wconf 91' lang='lat' dir='ltr'><strong>unam,</strong></span> <span class='ocrx_word' id='word_1_615' title='bbox 1172 5200 1351 5272; x_wconf 86' lang='lat' dir='ltr'><strong>spiritualem</strong></span> <span class='ocrx_word' id='word_1_616' title='bbox 1387 5200 1508 5258; x_wconf 93' lang='lat' dir='ltr'><strong>alteram</strong></span> <span class='ocrx_word' id='word_1_617' title='bbox 1532 5197 1678 5267; x_wconf 91' lang='lat' dir='ltr'><strong>novimus,</strong></span> 
     </span>
     <span class='ocr_line' id='line_1_52' title="bbox 56 5287 1680 5361; baseline -0.002 -15"><span class='ocrx_word' id='word_1_618' title='bbox 56 5303 80 5346; x_wconf 78' lang='lat' dir='ltr'><strong>a</strong></span> <span class='ocrx_word' id='word_1_619' title='bbox 94 5303 162 5360; x_wconf 84' lang='lat' dir='ltr'><strong>quae</strong></span> <span class='ocrx_word' id='word_1_620' title='bbox 178 5302 244 5344; x_wconf 91' lang='lat' dir='ltr'><strong>cum</strong></span> <span class='ocrx_word' id='word_1_621' title='bbox 260 5288 306 5358; x_wconf 94' lang='lat' dir='ltr'><strong>pio</strong></span> <span class='ocrx_word' id='word_1_622' title='bbox 327 5287 461 5358; x_wconf 89' lang='lat' dir='ltr'><strong>superius</strong></span> <span class='ocrx_word' id='word_1_623' title='bbox 486 5287 648 5359; x_wconf 87' lang='lat' dir='ltr'><strong>agebantur</strong></span> <span class='ocrx_word' id='word_1_624' title='bbox 662 5287 777 5356; x_wconf 85' lang='lat' dir='ltr'><strong>affectu,</strong></span> <span class='ocrx_word' id='word_1_625' title='bbox 835 5303 962 5361; x_wconf 82' lang='lat' dir='ltr'><strong>quarum</strong></span> <span class='ocrx_word' id='word_1_626' title='bbox 995 5290 1090 5361; x_wconf 91' lang='lat' dir='ltr'><strong>prima</strong></span> <span class='ocrx_word' id='word_1_627' title='bbox 1110 5289 1193 5345; x_wconf 89' lang='lat' dir='ltr'><strong>sicin</strong></span> <span class='ocrx_word' id='word_1_628' title='bbox 1219 5289 1313 5354; x_wconf 89' lang='lat' dir='ltr'><strong>corde,</strong></span> <span class='ocrx_word' id='word_1_629' title='bbox 1335 5288 1535 5360; x_wconf 88' lang='lat' dir='ltr'><strong>spiritualibus</strong></span> <span class='ocrx_word' id='word_1_630' title='bbox 1555 5287 1680 5353; x_wconf 90' lang='lat' dir='ltr'><strong>intenta,</strong></span> 
     </span>
     <span class='ocr_line' id='line_1_53' title="bbox 64 5371 1685 5452; baseline -0.005 -16"><span class='ocrx_word' id='word_1_631' title='bbox 64 5378 208 5437; x_wconf 87' lang='lat' dir='ltr'><strong>mandare</strong></span> <span class='ocrx_word' id='word_1_632' title='bbox 226 5382 364 5449; x_wconf 82' lang='lat' dir='ltr'><strong>coeperat,</strong></span> <span class='ocrx_word' id='word_1_633' title='bbox 399 5381 425 5432; x_wconf 89' lang='lat' dir='ltr'><strong>et</strong></span> <span class='ocrx_word' id='word_1_634' title='bbox 451 5391 557 5446; x_wconf 79' lang='lat' dir='ltr'><strong>egresso</strong></span> <span class='ocrx_word' id='word_1_635' title='bbox 580 5375 664 5434; x_wconf 84' lang='lat' dir='ltr'><strong>Jacob</strong></span> <span class='ocrx_word' id='word_1_636' title='bbox 689 5379 776 5447; x_wconf 72' lang='lat' dir='ltr'><strong>snos,</strong></span> <span class='ocrx_word' id='word_1_637' title='bbox 833 5377 932 5435; x_wconf 89' lang='lat' dir='ltr'><strong>abdita</strong></span> <span class='ocrx_word' id='word_1_638' title='bbox 954 5376 1024 5435; x_wconf 89' lang='lat' dir='ltr'><strong>latet</strong></span> <span class='ocrx_word' id='word_1_639' title='bbox 1038 5386 1070 5435; x_wconf 94' lang='lat' dir='ltr'><strong>nt</strong></span> <span class='ocrx_word' id='word_1_640' title='bbox 1082 5375 1139 5432; x_wconf 89' lang='lat' dir='ltr'><strong>nisi</strong></span> <span class='ocrx_word' id='word_1_641' title='bbox 1150 5377 1272 5447; x_wconf 89' lang='lat' dir='ltr'><strong>occasio,</strong></span> <span class='ocrx_word' id='word_1_642' title='bbox 1288 5392 1356 5450; x_wconf 72' lang='lat' dir='ltr'><strong>quse</strong></span> <span class='ocrx_word' id='word_1_643' title='bbox 1367 5377 1479 5452; x_wconf 89' lang='lat' dir='ltr'><strong>prodat,</strong></span> <span class='ocrx_word' id='word_1_644' title='bbox 1503 5371 1685 5441; x_wconf 87' lang='lat' dir='ltr'><strong>suboriatur,</strong></span> 
     </span>
    </p>
   </div>
   <div class='ocr_carea' id='block_1_6' title="bbox 0 0 1914 6008">
    <p class='ocr_par' dir='ltr' id='par_1_9' title="bbox 0 0 1914 6008">
     <span class='ocr_line' id='line_1_54' title="bbox 0 0 1914 6008; baseline 0 1"><span class='ocrx_word' id='word_1_645' title='bbox 0 0 1914 6008; x_wconf 95' lang='lat' dir='ltr'><strong> </strong></span> 
     </span>
    </p>
   </div>
  </div>
 </body>
</html>
