<?xml version="1.0" encoding="UTF-8"?>
<!DOCTYPE html PUBLIC "-//W3C//DTD XHTML 1.0 Transitional//EN"
    "http://www.w3.org/TR/xhtml1/DTD/xhtml1-transitional.dtd">
<html xmlns="http://www.w3.org/1999/xhtml" xml:lang="en" lang="en">
 <head>
  <title>
</title>
<meta http-equiv="Content-Type" content="text/html;charset=utf-8" />
  <meta name='ocr-system' content='tesseract 3.04.00' />
  <meta name='ocr-capabilities' content='ocr_page ocr_carea ocr_par ocr_line ocrx_word'/>
</head>
<body>
  <div class='ocr_page' id='page_1' title='image "./patrologiaecurs05unkngoog_0160.png"; bbox 0 0 3818 6008; ppageno 0'>
   <div class='ocr_carea' id='block_1_1' title="bbox 592 113 1740 184">
    <p class='ocr_par' dir='ltr' id='par_1_1' title="bbox 592 113 1740 184">
     <span class='ocr_line' id='line_1_1' title="bbox 592 113 1740 184; baseline 0.012 -14"><span class='ocrx_word' id='word_1_1' title='bbox 592 113 775 173; x_wconf 73' lang='lat' dir='ltr'>nonantula</span> <span class='ocrx_word' id='word_1_2' title='bbox 794 114 998 175; x_wconf 75' lang='lat' dir='ltr'>insudastis</span> <span class='ocrx_word' id='word_1_3' title='bbox 1019 119 1083 174; x_wconf 83' lang='lat' dir='ltr'>Ltll.</span> <span class='ocrx_word' id='word_1_4' title='bbox 1103 119 1134 174; x_wconf 83' lang='grc' dir='ltr'>Χ.</span> <span class='ocrx_word' id='word_1_5' title='bbox 1688 131 1740 184; x_wconf 83' lang='lat' dir='ltr'>ato</span> 
     </span>
    </p>
   </div>
   <div class='ocr_carea' id='block_1_2' title="bbox 55 243 1739 2687">
    <p class='ocr_par' dir='ltr' id='par_1_2' title="bbox 55 243 1739 2687">
     <span class='ocr_line' id='line_1_2' title="bbox 56 243 1739 327; baseline 0.011 -29"><span class='ocrx_word' id='word_1_6' title='bbox 56 243 135 299; x_wconf 87' lang='lat' dir='ltr'>arius</span> <span class='ocrx_word' id='word_1_7' title='bbox 149 245 185 301; x_wconf 90' lang='lat' dir='ltr'>ad</span> <span class='ocrx_word' id='word_1_8' title='bbox 209 245 391 316; x_wconf 85' lang='lat' dir='ltr'>hecalagum,</span> <span class='ocrx_word' id='word_1_9' title='bbox 416 248 593 314; x_wconf 76' lang='lat' dir='ltr'><strong>septenarius</strong></span> <span class='ocrx_word' id='word_1_10' title='bbox 608 248 709 306; x_wconf 90' lang='lat' dir='ltr'>attinet</span> <span class='ocrx_word' id='word_1_11' title='bbox 729 249 765 304; x_wconf 91' lang='lat' dir='ltr'>ad</span> <span class='ocrx_word' id='word_1_12' title='bbox 780 262 836 305; x_wconf 83' lang='lat' dir='ltr'>sae-</span> <span class='ocrx_word' id='word_1_13' title='bbox 855 248 998 308; x_wconf 79' lang='lat' dir='ltr'>Adicitur</span> <span class='ocrx_word' id='word_1_14' title='bbox 1017 252 1181 308; x_wconf 81' lang='lat' dir='ltr'>erabescere.</span> <span class='ocrx_word' id='word_1_15' title='bbox 1208 252 1242 309; x_wconf 92' lang='lat' dir='ltr'>ln</span> <span class='ocrx_word' id='word_1_16' title='bbox 1270 255 1402 320; x_wconf 87' lang='lat' dir='ltr'>terrenis,</span> <span class='ocrx_word' id='word_1_17' title='bbox 1427 256 1479 326; x_wconf 89' lang='lat' dir='ltr'>ait,</span> <span class='ocrx_word' id='word_1_18' title='bbox 1500 257 1588 327; x_wconf 90' lang='lat' dir='ltr'>pudet</span> <span class='ocrx_word' id='word_1_19' title='bbox 1608 273 1656 316; x_wconf 90' lang='lat' dir='ltr'>eos</span> <span class='ocrx_word' id='word_1_20' title='bbox 1673 266 1739 317; x_wconf 91' lang='lat' dir='ltr'>stu-</span> 
     </span>
     <span class='ocr_line' id='line_1_3' title="bbox 66 333 1738 406; baseline 0.01 -20"><span class='ocrx_word' id='word_1_21' title='bbox 66 333 214 401; x_wconf 83' lang='lat' dir='ltr'>praesentis</span> <span class='ocrx_word' id='word_1_22' title='bbox 228 347 396 389; x_wconf 82' lang='lat' dir='ltr'>excursum.</span> <span class='ocrx_word' id='word_1_23' title='bbox 412 333 597 390; x_wconf 76' lang='lat' dir='ltr'>Anienalitate</span> <span class='ocrx_word' id='word_1_24' title='bbox 612 350 681 406; x_wconf 87' lang='lat' dir='ltr'>ergo</span> <span class='ocrx_word' id='word_1_25' title='bbox 700 336 761 391; x_wconf 89' lang='lat' dir='ltr'>istis</span> <span class='ocrx_word' id='word_1_26' title='bbox 774 349 839 406; x_wconf 71' lang='lat' dir='ltr'>quae</span> <span class='ocrx_word' id='word_1_27' title='bbox 893 337 999 406; x_wconf 92' lang='lat' dir='ltr'>duisse,</span> <span class='ocrx_word' id='word_1_28' title='bbox 1012 339 1062 395; x_wconf 93' lang='lat' dir='ltr'>ubi</span> <span class='ocrx_word' id='word_1_29' title='bbox 1078 339 1205 396; x_wconf 81' lang='lat' dir='ltr'>fructum</span> <span class='ocrx_word' id='word_1_30' title='bbox 1229 340 1328 397; x_wconf 86' lang='lat' dir='ltr'>vident</span> <span class='ocrx_word' id='word_1_31' title='bbox 1346 342 1433 398; x_wconf 90' lang='lat' dir='ltr'>studii</span> <span class='ocrx_word' id='word_1_32' title='bbox 1457 357 1486 399; x_wconf 88' lang='lat' dir='ltr'>se</span> <span class='ocrx_word' id='word_1_33' title='bbox 1503 343 1669 402; x_wconf 86' lang='lat' dir='ltr'>nullatenus</span> <span class='ocrx_word' id='word_1_34' title='bbox 1683 346 1738 403; x_wconf 94' lang='lat' dir='ltr'>ha-</span> 
     </span>
     <span class='ocr_line' id='line_1_4' title="bbox 56 418 1736 502; baseline 0.01 -29"><span class='ocrx_word' id='word_1_35' title='bbox 56 418 183 474; x_wconf 70' lang='lat' dir='ltr'>orsasibi</span> <span class='ocrx_word' id='word_1_36' title='bbox 201 419 418 488; x_wconf 88' lang='lat' dir='ltr'>sont,legenei</span> <span class='ocrx_word' id='word_1_37' title='bbox 436 428 463 474; x_wconf 91' lang='lat' dir='ltr'>et</span> <span class='ocrx_word' id='word_1_38' title='bbox 485 421 599 487; x_wconf 86' lang='lat' dir='ltr'>saeculo,</span> <span class='ocrx_word' id='word_1_39' title='bbox 627 423 721 477; x_wconf 91' lang='lat' dir='ltr'>media</span> <span class='ocrx_word' id='word_1_40' title='bbox 740 422 841 478; x_wconf 91' lang='lat' dir='ltr'>causti·</span> <span class='ocrx_word' id='word_1_41' title='bbox 894 425 999 492; x_wconf 87' lang='lat' dir='ltr'>baisse,</span> <span class='ocrx_word' id='word_1_42' title='bbox 1022 426 1213 497; x_wconf 76' lang='lat' dir='ltr'>intelligenter</span> <span class='ocrx_word' id='word_1_43' title='bbox 1234 429 1337 484; x_wconf 92' lang='lat' dir='ltr'>amodo</span> <span class='ocrx_word' id='word_1_44' title='bbox 1363 429 1463 486; x_wconf 88' lang='lat' dir='ltr'>volunt</span> <span class='ocrx_word' id='word_1_45' title='bbox 1484 431 1591 500; x_wconf 88' lang='lat' dir='ltr'>vivere,</span> <span class='ocrx_word' id='word_1_46' title='bbox 1612 440 1639 489; x_wconf 89' lang='lat' dir='ltr'>et</span> <span class='ocrx_word' id='word_1_47' title='bbox 1659 447 1736 502; x_wconf 87' lang='lat' dir='ltr'>oves,</span> 
     </span>
     <span class='ocr_line' id='line_1_5' title="bbox 62 505 1737 589; baseline 0.01 -29"><span class='ocrx_word' id='word_1_48' title='bbox 62 505 840 578; x_wconf 83' lang='lat' dir='ltr'>duobus,cummultasuimetstillarcinatianespiritus</span> <span class='ocrx_word' id='word_1_49' title='bbox 893 512 1082 581; x_wconf 78' lang='lat' dir='ltr'>simplicitatis</span> <span class='ocrx_word' id='word_1_50' title='bbox 1104 514 1209 570; x_wconf 89' lang='lat' dir='ltr'>scilicet</span> <span class='ocrx_word' id='word_1_51' title='bbox 1231 528 1325 584; x_wconf 91' lang='lat' dir='ltr'>opera,</span> <span class='ocrx_word' id='word_1_52' title='bbox 1352 516 1473 572; x_wconf 89' lang='lat' dir='ltr'>viriliter</span> <span class='ocrx_word' id='word_1_53' title='bbox 1496 519 1615 589; x_wconf 82' lang='lat' dir='ltr'>exsequi</span> <span class='ocrx_word' id='word_1_54' title='bbox 1637 527 1665 575; x_wconf 91' lang='lat' dir='ltr'>et</span> <span class='ocrx_word' id='word_1_55' title='bbox 1679 534 1737 576; x_wconf 93' lang='lat' dir='ltr'>nu-</span> 
     </span>
     <span class='ocr_line' id='line_1_6' title="bbox 56 593 1736 671; baseline 0.008 -21"><span class='ocrx_word' id='word_1_56' title='bbox 56 599 159 662; x_wconf 83' lang='lat' dir='ltr'>lptum.</span> <span class='ocrx_word' id='word_1_57' title='bbox 173 594 201 647; x_wconf 90' lang='lat' dir='ltr'>id</span> <span class='ocrx_word' id='word_1_58' title='bbox 216 601 258 649; x_wconf 91' lang='lat' dir='ltr'>est</span> <span class='ocrx_word' id='word_1_59' title='bbox 272 595 402 650; x_wconf 81' lang='lat' dir='ltr'>obscurae</span> <span class='ocrx_word' id='word_1_60' title='bbox 417 593 512 648; x_wconf 88' lang='lat' dir='ltr'>adhuc</span> <span class='ocrx_word' id='word_1_61' title='bbox 526 595 649 650; x_wconf 86' lang='lat' dir='ltr'>latebras</span> <span class='ocrx_word' id='word_1_62' title='bbox 663 597 776 662; x_wconf 89' lang='lat' dir='ltr'>mentis,</span> <span class='ocrx_word' id='word_1_63' title='bbox 791 611 839 667; x_wconf 88' lang='lat' dir='ltr'>ag·</span> <span class='ocrx_word' id='word_1_64' title='bbox 894 598 971 664; x_wconf 90' lang='lat' dir='ltr'>trire,</span> <span class='ocrx_word' id='word_1_65' title='bbox 988 613 1039 655; x_wconf 89' lang='lat' dir='ltr'>nec</span> <span class='ocrx_word' id='word_1_66' title='bbox 1053 599 1208 656; x_wconf 82' lang='lat' dir='ltr'>divisiones</span> <span class='ocrx_word' id='word_1_67' title='bbox 1220 601 1385 671; x_wconf 79' lang='lat' dir='ltr'>cupiditatis</span> <span class='ocrx_word' id='word_1_68' title='bbox 1403 612 1431 659; x_wconf 90' lang='lat' dir='ltr'>et</span> <span class='ocrx_word' id='word_1_69' title='bbox 1447 603 1611 662; x_wconf 74' lang='lat' dir='ltr'>invidentia</span> <span class='ocrx_word' id='word_1_70' title='bbox 1627 614 1736 663; x_wconf 89' lang='lat' dir='ltr'>sectan-</span> 
     </span>
     <span class='ocr_line' id='line_1_7' title="bbox 56 680 1736 757; baseline 0.007 -22"><span class='ocrx_word' id='word_1_71' title='bbox 56 680 124 736; x_wconf 90' lang='lat' dir='ltr'>litur</span> <span class='ocrx_word' id='word_1_72' title='bbox 135 697 142 748; x_wconf 91' lang='grc'><strong>;</strong></span> <span class='ocrx_word' id='word_1_73' title='bbox 155 681 615 750; x_wconf 83' lang='lat' dir='ltr'>spiritusenimlegeconsentiens</span> <span class='ocrx_word' id='word_1_74' title='bbox 627 691 776 754; x_wconf 89' lang='lat' dir='ltr'>promptus</span> <span class='ocrx_word' id='word_1_75' title='bbox 786 691 838 750; x_wconf 92' lang='lat' dir='ltr'>est,</span> <span class='ocrx_word' id='word_1_76' title='bbox 892 692 941 741; x_wconf 90' lang='lat' dir='ltr'>tur</span> <span class='ocrx_word' id='word_1_77' title='bbox 955 693 983 743; x_wconf 90' lang='lat' dir='ltr'>ct</span> <span class='ocrx_word' id='word_1_78' title='bbox 996 687 1139 756; x_wconf 76' lang='lat' dir='ltr'>superbiae</span> <span class='ocrx_word' id='word_1_79' title='bbox 1153 689 1299 757; x_wconf 90' lang='lat' dir='ltr'>scandala,</span> <span class='ocrx_word' id='word_1_80' title='bbox 1315 691 1364 745; x_wconf 88' lang='lat' dir='ltr'>sed</span> <span class='ocrx_word' id='word_1_81' title='bbox 1380 691 1522 747; x_wconf 89' lang='lat' dir='ltr'>virtutum</span> <span class='ocrx_word' id='word_1_82' title='bbox 1537 707 1604 748; x_wconf 89' lang='lat' dir='ltr'>cum</span> <span class='ocrx_word' id='word_1_83' title='bbox 1619 692 1736 750; x_wconf 90' lang='lat' dir='ltr'>humili·</span> 
     </span>
     <span class='ocr_line' id='line_1_8' title="bbox 56 768 1737 848; baseline 0.009 -26"><span class='ocrx_word' id='word_1_84' title='bbox 56 790 58 815; x_wconf 82' lang='grc' dir='ltr'><strong>ι</strong></span> <span class='ocrx_word' id='word_1_85' title='bbox 73 775 168 823; x_wconf 92' lang='lat' dir='ltr'>autem</span> <span class='ocrx_word' id='word_1_86' title='bbox 180 768 295 825; x_wconf 88' lang='lat' dir='ltr'>inlirma</span> <span class='ocrx_word' id='word_1_87' title='bbox 308 769 443 824; x_wconf 83' lang='lat' dir='ltr'>renititur</span> <span class='ocrx_word' id='word_1_88' title='bbox 453 769 561 839; x_wconf 82' lang='lat' dir='ltr'>(hotta.</span> <span class='ocrx_word' id='word_1_89' title='bbox 574 785 654 836; x_wconf 79' lang='lat' dir='ltr'>xxvi,</span> <span class='ocrx_word' id='word_1_90' title='bbox 668 773 723 840; x_wconf 73' lang='lat' dir='ltr'>ll).</span> <span class='ocrx_word' id='word_1_91' title='bbox 738 773 837 842; x_wconf 83' lang='lat' dir='ltr'>(Vnus.</span> <span class='ocrx_word' id='word_1_92' title='bbox 893 781 949 830; x_wconf 89' lang='lat' dir='ltr'>tate</span> <span class='ocrx_word' id='word_1_93' title='bbox 962 775 1097 831; x_wconf 80' lang='lat' dir='ltr'>exercitia</span> <span class='ocrx_word' id='word_1_94' title='bbox 1121 776 1262 846; x_wconf 81' lang='lat' dir='ltr'>gregatim</span> <span class='ocrx_word' id='word_1_95' title='bbox 1290 790 1323 833; x_wconf 93' lang='lat' dir='ltr'>aa</span> <span class='ocrx_word' id='word_1_96' title='bbox 1352 778 1467 847; x_wconf 89' lang='lat' dir='ltr'>pacillce</span> <span class='ocrx_word' id='word_1_97' title='bbox 1498 780 1681 848; x_wconf 74' lang='lat' dir='ltr'>cohaerentia,</span> <span class='ocrx_word' id='word_1_98' title='bbox 1709 789 1737 837; x_wconf 90' lang='lat' dir='ltr'>et</span> 
     </span>
     <span class='ocr_line' id='line_1_9' title="bbox 56 857 1736 936; baseline 0.008 -26"><span class='ocrx_word' id='word_1_99' title='bbox 56 858 118 910; x_wconf 79' lang='lat' dir='ltr'>licit</span> <span class='ocrx_word' id='word_1_100' title='bbox 137 862 226 910; x_wconf 85' lang='lat' dir='ltr'>aulem</span> <span class='ocrx_word' id='word_1_101' title='bbox 243 857 324 911; x_wconf 80' lang='lat' dir='ltr'>taceo</span> <span class='ocrx_word' id='word_1_102' title='bbox 348 857 447 910; x_wconf 86' lang='lat' dir='ltr'>ladam</span> <span class='ocrx_word' id='word_1_103' title='bbox 471 863 533 911; x_wconf 87' lang='lat' dir='ltr'>aate</span> <span class='ocrx_word' id='word_1_104' title='bbox 560 873 587 912; x_wconf 81' lang='lat' dir='ltr'>se</span> <span class='ocrx_word' id='word_1_105' title='bbox 605 859 643 912; x_wconf 87' lang='lat' dir='ltr'>ad</span> <span class='ocrx_word' id='word_1_106' title='bbox 670 861 784 929; x_wconf 74' lang='lat' dir='ltr'>decepit,</span> <span class='ocrx_word' id='word_1_107' title='bbox 809 867 840 916; x_wconf 87' lang='lat' dir='ltr'>at</span> <span class='ocrx_word' id='word_1_108' title='bbox 891 861 956 917; x_wconf 88' lang='lat' dir='ltr'>idco</span> <span class='ocrx_word' id='word_1_109' title='bbox 971 860 1007 917; x_wconf 91' lang='lat' dir='ltr'>ali</span> <span class='ocrx_word' id='word_1_110' title='bbox 1020 869 1047 918; x_wconf 91' lang='lat' dir='ltr'>et</span> <span class='ocrx_word' id='word_1_111' title='bbox 1072 863 1169 918; x_wconf 91' lang='lat' dir='ltr'>curari</span> <span class='ocrx_word' id='word_1_112' title='bbox 1189 863 1286 934; x_wconf 88' lang='lat' dir='ltr'>digna.</span> <span class='ocrx_word' id='word_1_113' title='bbox 1308 864 1355 921; x_wconf 88' lang='lat' dir='ltr'>Nil</span> <span class='ocrx_word' id='word_1_114' title='bbox 1375 865 1498 922; x_wconf 89' lang='lat' dir='ltr'>carnalis</span> <span class='ocrx_word' id='word_1_115' title='bbox 1513 866 1568 922; x_wconf 91' lang='lat' dir='ltr'>sibi</span> <span class='ocrx_word' id='word_1_116' title='bbox 1585 868 1736 936; x_wconf 89' lang='lat' dir='ltr'>patiuntur</span> 
     </span>
     <span class='ocr_line' id='line_1_10' title="bbox 56 946 1736 1022; baseline 0.011 -26"><span class='ocrx_word' id='word_1_117' title='bbox 56 946 132 998; x_wconf 71' lang='lat' dir='ltr'>tieret</span> <span class='ocrx_word' id='word_1_118' title='bbox 145 948 178 1011; x_wconf 82' lang='lat' dir='ltr'>ei,</span> <span class='ocrx_word' id='word_1_119' title='bbox 193 950 218 998; x_wconf 89' lang='lat' dir='ltr'>et</span> <span class='ocrx_word' id='word_1_120' title='bbox 233 947 278 999; x_wconf 86' lang='lat' dir='ltr'>ille</span> <span class='ocrx_word' id='word_1_121' title='bbox 300 947 417 999; x_wconf 82' lang='lat' dir='ltr'>accurrit</span> <span class='ocrx_word' id='word_1_122' title='bbox 431 947 456 999; x_wconf 88' lang='lat' dir='ltr'>ei</span> <span class='ocrx_word' id='word_1_123' title='bbox 473 947 503 998; x_wconf 84' lang='lat' dir='ltr'>in</span> <span class='ocrx_word' id='word_1_124' title='bbox 520 946 625 1001; x_wconf 79' lang='lat' dir='ltr'>Gessen.</span> <span class='ocrx_word' id='word_1_125' title='bbox 647 947 674 1002; x_wconf 89' lang='lat' dir='ltr'>si</span> <span class='ocrx_word' id='word_1_126' title='bbox 696 948 772 1004; x_wconf 92' lang='lat' dir='ltr'>enim</span> <span class='ocrx_word' id='word_1_127' title='bbox 789 963 839 1018; x_wconf 91' lang='lat' dir='ltr'>per</span> <span class='ocrx_word' id='word_1_128' title='bbox 893 950 1014 1006; x_wconf 88' lang='lat' dir='ltr'>residere</span> <span class='ocrx_word' id='word_1_129' title='bbox 1030 951 1168 1020; x_wconf 81' lang='lat' dir='ltr'>licentire3</span> <span class='ocrx_word' id='word_1_130' title='bbox 1182 968 1280 1021; x_wconf 87' lang='lat' dir='ltr'>pecora</span> <span class='ocrx_word' id='word_1_131' title='bbox 1300 958 1325 1006; x_wconf 89' lang='lat' dir='ltr'>et</span> <span class='ocrx_word' id='word_1_132' title='bbox 1342 959 1475 1022; x_wconf 81' lang='lat' dir='ltr'>armenta,</span> <span class='ocrx_word' id='word_1_133' title='bbox 1492 954 1607 1011; x_wconf 78' lang='lat' dir='ltr'>infirma</span> <span class='ocrx_word' id='word_1_134' title='bbox 1627 962 1655 1012; x_wconf 89' lang='lat' dir='ltr'>et</span> <span class='ocrx_word' id='word_1_135' title='bbox 1676 953 1736 1014; x_wconf 85' lang='lat' dir='ltr'>lor-</span> 
     </span>
     <span class='ocr_line' id='line_1_11' title="bbox 56 1030 1734 1117; baseline 0.009 -31"><span class='ocrx_word' id='word_1_136' title='bbox 56 1030 255 1100; x_wconf 78' lang='lat' dir='ltr'>tlantationern</span> <span class='ocrx_word' id='word_1_137' title='bbox 281 1033 387 1103; x_wconf 90' lang='lat' dir='ltr'>peccati</span> <span class='ocrx_word' id='word_1_138' title='bbox 412 1033 448 1087; x_wconf 87' lang='lat' dir='ltr'>ad</span> <span class='ocrx_word' id='word_1_139' title='bbox 473 1032 666 1103; x_wconf 84' lang='lat' dir='ltr'>intelligentiae</span> <span class='ocrx_word' id='word_1_140' title='bbox 693 1049 836 1092; x_wconf 88' lang='lat' dir='ltr'>summam</span> <span class='ocrx_word' id='word_1_141' title='bbox 892 1038 930 1093; x_wconf 92' lang='lat' dir='ltr'>tia</span> <span class='ocrx_word' id='word_1_142' title='bbox 946 1046 1086 1104; x_wconf 90' lang='lat' dir='ltr'>actasua,</span> <span class='ocrx_word' id='word_1_143' title='bbox 1108 1040 1250 1111; x_wconf 86' lang='lat' dir='ltr'>quidquid</span> <span class='ocrx_word' id='word_1_144' title='bbox 1274 1054 1393 1096; x_wconf 89' lang='lat' dir='ltr'>suorum</span> <span class='ocrx_word' id='word_1_145' title='bbox 1418 1043 1452 1097; x_wconf 90' lang='lat' dir='ltr'>ad</span> <span class='ocrx_word' id='word_1_146' title='bbox 1473 1044 1604 1114; x_wconf 89' lang='lat' dir='ltr'>regulam</span> <span class='ocrx_word' id='word_1_147' title='bbox 1628 1046 1734 1117; x_wconf 80' lang='lat' dir='ltr'>corrigi</span> 
     </span>
     <span class='ocr_line' id='line_1_12' title="bbox 56 1120 1567 1194; baseline 0.009 -21"><span class='ocrx_word' id='word_1_148' title='bbox 56 1132 133 1190; x_wconf 81' lang='lat' dir='ltr'>igere</span> <span class='ocrx_word' id='word_1_149' title='bbox 159 1120 294 1177; x_wconf 90' lang='lat' dir='ltr'>volumus</span> <span class='ocrx_word' id='word_1_150' title='bbox 325 1135 374 1190; x_wconf 92' lang='lat' dir='ltr'>per</span> <span class='ocrx_word' id='word_1_151' title='bbox 413 1122 615 1187; x_wconf 71' lang='lat' dir='ltr'>carisessiaaem</span> <span class='ocrx_word' id='word_1_152' title='bbox 656 1123 733 1193; x_wconf 91' lang='lat' dir='ltr'>quod</span> <span class='ocrx_word' id='word_1_153' title='bbox 755 1124 836 1179; x_wconf 84' lang='lat' dir='ltr'>tudae</span> <span class='ocrx_word' id='word_1_154' title='bbox 890 1129 993 1194; x_wconf 90' lang='lat' dir='ltr'>potuit,</span> <span class='ocrx_word' id='word_1_155' title='bbox 1010 1128 1046 1182; x_wconf 92' lang='lat' dir='ltr'>ad</span> <span class='ocrx_word' id='word_1_156' title='bbox 1062 1127 1120 1182; x_wconf 88' lang='lat' dir='ltr'>vim</span> <span class='ocrx_word' id='word_1_157' title='bbox 1136 1128 1285 1184; x_wconf 72' lang='lat' dir='ltr'>duxerunt</span> <span class='ocrx_word' id='word_1_158' title='bbox 1300 1128 1567 1187; x_wconf 85' lang='lat' dir='ltr'>coelestisscientiae.</span> 
     </span>
     <span class='ocr_line' id='line_1_13' title="bbox 57 1207 1733 1284; baseline 0.008 -22"><span class='ocrx_word' id='word_1_159' title='bbox 57 1221 95 1262; x_wconf 92' lang='lat' dir='ltr'>en</span> <span class='ocrx_word' id='word_1_160' title='bbox 114 1216 207 1273; x_wconf 90' lang='lat' dir='ltr'>sonat,</span> <span class='ocrx_word' id='word_1_161' title='bbox 230 1207 358 1263; x_wconf 91' lang='lat' dir='ltr'>notitiam</span> <span class='ocrx_word' id='word_1_162' title='bbox 376 1208 439 1277; x_wconf 87' lang='lat' dir='ltr'>ejus</span> <span class='ocrx_word' id='word_1_163' title='bbox 465 1221 664 1277; x_wconf 67' lang='lat' dir='ltr'>preoccupare</span> <span class='ocrx_word' id='word_1_164' title='bbox 689 1210 834 1266; x_wconf 90' lang='lat' dir='ltr'>debemus.</span> <span class='ocrx_word' id='word_1_165' title='bbox 925 1214 1012 1270; x_wconf 82' lang='lat' dir='ltr'>Vens.</span> <span class='ocrx_word' id='word_1_166' title='bbox 1030 1217 1073 1276; x_wconf 82' lang='grc'>33,</span> <span class='ocrx_word' id='word_1_167' title='bbox 1090 1217 1131 1269; x_wconf 70' lang='lat' dir='ltr'>al.</span> <span class='ocrx_word' id='word_1_168' title='bbox 1151 1246 1184 1254; x_wconf 85' lang='lat'><em>-</em></span> <span class='ocrx_word' id='word_1_169' title='bbox 1202 1217 1321 1284; x_wconf 82' lang='lat' dir='ltr'>Cumque</span> <span class='ocrx_word' id='word_1_170' title='bbox 1342 1220 1477 1272; x_wconf 83' lang='lat' dir='ltr'>vocareril</span> <span class='ocrx_word' id='word_1_171' title='bbox 1497 1234 1543 1273; x_wconf 80' lang='lat' dir='ltr'>aas</span> <span class='ocrx_word' id='word_1_172' title='bbox 1562 1226 1588 1274; x_wconf 89' lang='lat' dir='ltr'>et</span> <span class='ocrx_word' id='word_1_173' title='bbox 1611 1221 1733 1276; x_wconf 81' lang='lat' dir='ltr'>dicerit:</span> 
     </span>
     <span class='ocr_line' id='line_1_14' title="bbox 56 1295 1734 1380; baseline 0.008 -30"><span class='ocrx_word' id='word_1_174' title='bbox 56 1295 174 1366; x_wconf 89' lang='lat' dir='ltr'>clgitur</span> <span class='ocrx_word' id='word_1_175' title='bbox 188 1303 366 1364; x_wconf 78' lang='lat' dir='ltr'>sequestram</span> <span class='ocrx_word' id='word_1_176' title='bbox 383 1298 448 1365; x_wconf 83' lang='lat' dir='ltr'>jure</span> <span class='ocrx_word' id='word_1_177' title='bbox 465 1296 675 1365; x_wconf 86' lang='lat' dir='ltr'>praemittimus,</span> <span class='ocrx_word' id='word_1_178' title='bbox 691 1307 718 1354; x_wconf 91' lang='lat' dir='ltr'>et</span> <span class='ocrx_word' id='word_1_179' title='bbox 739 1313 836 1354; x_wconf 79' lang='lat' dir='ltr'>mane</span> <span class='ocrx_word' id='word_1_180' title='bbox 891 1300 1027 1367; x_wconf 75' lang='lat' dir='ltr'>Qaadeet</span> <span class='ocrx_word' id='word_1_181' title='bbox 1050 1318 1116 1372; x_wconf 87' lang='lat' dir='ltr'>opas</span> <span class='ocrx_word' id='word_1_182' title='bbox 1138 1306 1279 1380; x_wconf 79' lang='lat' dir='ltr'>cestram?</span> <span class='ocrx_word' id='word_1_183' title='bbox 1297 1305 1517 1373; x_wconf 85' lang='lat' dir='ltr'>ltespaadebitis:</span> <span class='ocrx_word' id='word_1_184' title='bbox 1541 1309 1600 1362; x_wconf 81' lang='lat' dir='ltr'>Viri</span> <span class='ocrx_word' id='word_1_185' title='bbox 1613 1314 1734 1376; x_wconf 82' lang='lat' dir='ltr'>pastores</span> 
     </span>
     <span class='ocr_line' id='line_1_15' title="bbox 56 1382 1732 1464; baseline 0.008 -27"><span class='ocrx_word' id='word_1_186' title='bbox 56 1396 87 1439; x_wconf 84' lang='grc' dir='ltr'>ιο</span> <span class='ocrx_word' id='word_1_187' title='bbox 99 1382 175 1438; x_wconf 91' lang='lat' dir='ltr'>illam</span> <span class='ocrx_word' id='word_1_188' title='bbox 192 1383 289 1438; x_wconf 88' lang='lat' dir='ltr'>adesse</span> <span class='ocrx_word' id='word_1_189' title='bbox 315 1382 465 1443; x_wconf 83' lang='lat' dir='ltr'>sentimus,</span> <span class='ocrx_word' id='word_1_190' title='bbox 483 1389 633 1452; x_wconf 88' lang='lat' dir='ltr'>postquam</span> <span class='ocrx_word' id='word_1_191' title='bbox 649 1386 835 1443; x_wconf 87' lang='lat' dir='ltr'>conscientias</span> <span class='ocrx_word' id='word_1_192' title='bbox 889 1404 980 1444; x_wconf 84' lang='lat' dir='ltr'>samus</span> <span class='ocrx_word' id='word_1_193' title='bbox 991 1393 1064 1445; x_wconf 82' lang='lat' dir='ltr'>sarci</span> <span class='ocrx_word' id='word_1_194' title='bbox 1078 1393 1129 1459; x_wconf 85' lang='lat' dir='ltr'>lai,</span> <span class='ocrx_word' id='word_1_195' title='bbox 1149 1391 1183 1445; x_wconf 87' lang='lat' dir='ltr'>ab</span> <span class='ocrx_word' id='word_1_196' title='bbox 1198 1392 1321 1457; x_wconf 79' lang='lat' dir='ltr'>infantia</span> <span class='ocrx_word' id='word_1_197' title='bbox 1342 1397 1436 1446; x_wconf 86' lang='lat' dir='ltr'>nostra</span> <span class='ocrx_word' id='word_1_198' title='bbox 1453 1408 1538 1461; x_wconf 84' lang='lat' dir='ltr'>usqae</span> <span class='ocrx_word' id='word_1_199' title='bbox 1557 1396 1586 1448; x_wconf 81' lang='lat' dir='ltr'>ia</span> <span class='ocrx_word' id='word_1_200' title='bbox 1604 1410 1732 1464; x_wconf 70' lang='lat' dir='ltr'>praseae,</span> 
     </span>
     <span class='ocr_line' id='line_1_16' title="bbox 56 1469 1735 1574; baseline 0.007 -48"><span class='ocrx_word' id='word_1_201' title='bbox 56 1471 149 1526; x_wconf 88' lang='lat' dir='ltr'>ltendo</span> <span class='ocrx_word' id='word_1_202' title='bbox 173 1470 420 1527; x_wconf 88' lang='lat' dir='ltr'>mundaverimus.</span> <span class='ocrx_word' id='word_1_203' title='bbox 449 1469 553 1526; x_wconf 87' lang='lat' dir='ltr'>Gessen</span> <span class='ocrx_word' id='word_1_204' title='bbox 576 1484 702 1542; x_wconf 88' lang='lat' dir='ltr'>namque</span> <span class='ocrx_word' id='word_1_205' title='bbox 726 1473 832 1531; x_wconf 91' lang='lat' dir='ltr'>dicitur</span> <span class='ocrx_word' id='word_1_206' title='bbox 852 1521 870 1574; x_wconf 70' lang='lat' dir='ltr'>B</span> <span class='ocrx_word' id='word_1_207' title='bbox 888 1482 1006 1533; x_wconf 86' lang='lat' dir='ltr'>etaasct</span> <span class='ocrx_word' id='word_1_208' title='bbox 1020 1484 1113 1548; x_wconf 84' lang='lat' dir='ltr'>patres</span> <span class='ocrx_word' id='word_1_209' title='bbox 1132 1481 1229 1533; x_wconf 84' lang='lat' dir='ltr'>nostri.</span> <span class='ocrx_word' id='word_1_210' title='bbox 1245 1482 1307 1534; x_wconf 78' lang='lat' dir='ltr'>Hac</span> <span class='ocrx_word' id='word_1_211' title='bbox 1330 1485 1420 1534; x_wconf 85' lang='lat' dir='ltr'>autem</span> <span class='ocrx_word' id='word_1_212' title='bbox 1437 1481 1543 1546; x_wconf 83' lang='lat' dir='ltr'>dicetis,</span> <span class='ocrx_word' id='word_1_213' title='bbox 1558 1485 1589 1536; x_wconf 86' lang='lat' dir='ltr'>at</span> <span class='ocrx_word' id='word_1_214' title='bbox 1611 1481 1735 1538; x_wconf 86' lang='lat' dir='ltr'>habitare</span> 
     </span>
     <span class='ocr_line' id='line_1_17' title="bbox 56 1558 1735 1640; baseline 0.009 -30"><span class='ocrx_word' id='word_1_215' title='bbox 56 1561 123 1613; x_wconf 78' lang='lat' dir='ltr'>itas.</span> <span class='ocrx_word' id='word_1_216' title='bbox 150 1559 228 1614; x_wconf 88' lang='lat' dir='ltr'>Beati</span> <span class='ocrx_word' id='word_1_217' title='bbox 249 1558 356 1628; x_wconf 84' lang='lat' dir='ltr'>quippe</span> <span class='ocrx_word' id='word_1_218' title='bbox 374 1558 476 1612; x_wconf 91' lang='lat' dir='ltr'>mundi</span> <span class='ocrx_word' id='word_1_219' title='bbox 499 1559 593 1625; x_wconf 90' lang='lat' dir='ltr'>corde,</span> <span class='ocrx_word' id='word_1_220' title='bbox 619 1561 756 1628; x_wconf 89' lang='lat' dir='ltr'>quonlam</span> <span class='ocrx_word' id='word_1_221' title='bbox 776 1563 830 1634; x_wconf 89' lang='lat' dir='ltr'>ipsi</span> <span class='ocrx_word' id='word_1_222' title='bbox 886 1569 996 1635; x_wconf 84' lang='lat' dir='ltr'>possitis</span> <span class='ocrx_word' id='word_1_223' title='bbox 1025 1569 1055 1620; x_wconf 89' lang='lat' dir='ltr'>ia</span> <span class='ocrx_word' id='word_1_224' title='bbox 1082 1572 1155 1622; x_wconf 87' lang='lat' dir='ltr'>terra</span> <span class='ocrx_word' id='word_1_225' title='bbox 1179 1567 1285 1632; x_wconf 82' lang='lat' dir='ltr'>Gessen,</span> <span class='ocrx_word' id='word_1_226' title='bbox 1314 1569 1381 1635; x_wconf 85' lang='lat' dir='ltr'>qaia</span> <span class='ocrx_word' id='word_1_227' title='bbox 1409 1567 1578 1623; x_wconf 82' lang='lat' dir='ltr'>detestantur</span> <span class='ocrx_word' id='word_1_228' title='bbox 1602 1569 1735 1640; x_wconf 78' lang='lat' dir='ltr'>AEppptii</span> 
     </span>
     <span class='ocr_line' id='line_1_18' title="bbox 56 1645 1734 1723; baseline 0.006 -22"><span class='ocrx_word' id='word_1_229' title='bbox 56 1646 397 1715; x_wconf 78' lang='lat' dir='ltr'>nvldebuntldlatth.v,</span> <span class='ocrx_word' id='word_1_230' title='bbox 415 1645 451 1716; x_wconf 84' lang='lat'>8).</span> <span class='ocrx_word' id='word_1_231' title='bbox 885 1666 974 1706; x_wconf 84' lang='lat' dir='ltr'>omnes</span> <span class='ocrx_word' id='word_1_232' title='bbox 996 1658 1120 1721; x_wconf 85' lang='lat' dir='ltr'>pastores</span> <span class='ocrx_word' id='word_1_233' title='bbox 1155 1654 1254 1707; x_wconf 86' lang='lat' dir='ltr'>eciam.</span> <span class='ocrx_word' id='word_1_234' title='bbox 1289 1652 1377 1708; x_wconf 90' lang='lat' dir='ltr'>Vacat</span> <span class='ocrx_word' id='word_1_235' title='bbox 1412 1667 1464 1710; x_wconf 90' lang='lat' dir='ltr'>nas</span> <span class='ocrx_word' id='word_1_236' title='bbox 1492 1654 1615 1723; x_wconf 87' lang='lat' dir='ltr'>Pharao,</span> <span class='ocrx_word' id='word_1_237' title='bbox 1644 1661 1672 1711; x_wconf 91' lang='lat' dir='ltr'>et</span> <span class='ocrx_word' id='word_1_238' title='bbox 1699 1656 1734 1712; x_wconf 92' lang='lat' dir='ltr'>dc</span> 
     </span>
     <span class='ocr_line' id='line_1_19' title="bbox 56 1734 1732 1812; baseline 0.006 -22"><span class='ocrx_word' id='word_1_239' title='bbox 56 1750 106 1790; x_wconf 85' lang='lat' dir='ltr'>ras.</span> <span class='ocrx_word' id='word_1_240' title='bbox 131 1737 175 1789; x_wconf 78' lang='lat'>29.</span> <span class='ocrx_word' id='word_1_241' title='bbox 207 1736 264 1800; x_wconf 88' lang='lat' dir='ltr'>Qae</span> <span class='ocrx_word' id='word_1_242' title='bbox 290 1749 349 1788; x_wconf 85' lang='lat' dir='ltr'>eam</span> <span class='ocrx_word' id='word_1_243' title='bbox 379 1735 555 1802; x_wconf 85' lang='lat' dir='ltr'>pervenisset,</span> <span class='ocrx_word' id='word_1_244' title='bbox 585 1734 694 1803; x_wconf 73' lang='lat' dir='ltr'>iunctas</span> <span class='ocrx_word' id='word_1_245' title='bbox 733 1740 831 1808; x_wconf 79' lang='lat' dir='ltr'>loseph</span> <span class='ocrx_word' id='word_1_246' title='bbox 885 1753 969 1810; x_wconf 90' lang='lat' dir='ltr'>opere</span> <span class='ocrx_word' id='word_1_247' title='bbox 984 1741 1155 1806; x_wconf 90' lang='lat' dir='ltr'>sciscitatur,</span> <span class='ocrx_word' id='word_1_248' title='bbox 1171 1754 1237 1796; x_wconf 90' lang='lat' dir='ltr'>cum</span> <span class='ocrx_word' id='word_1_249' title='bbox 1254 1741 1459 1797; x_wconf 90' lang='lat' dir='ltr'>tentationibus</span> <span class='ocrx_word' id='word_1_250' title='bbox 1484 1742 1591 1812; x_wconf 86' lang='lat' dir='ltr'>pulsat,</span> <span class='ocrx_word' id='word_1_251' title='bbox 1614 1750 1641 1799; x_wconf 89' lang='lat' dir='ltr'>et</span> <span class='ocrx_word' id='word_1_252' title='bbox 1663 1756 1732 1800; x_wconf 92' lang='lat' dir='ltr'>cau·</span> 
     </span>
     <span class='ocr_line' id='line_1_20' title="bbox 56 1821 1731 1899; baseline 0.005 -23"><span class='ocrx_word' id='word_1_253' title='bbox 56 1839 137 1887; x_wconf 81' lang='lat' dir='ltr'>asco,</span> <span class='ocrx_word' id='word_1_254' title='bbox 152 1823 273 1877; x_wconf 86' lang='lat' dir='ltr'>ascendit</span> <span class='ocrx_word' id='word_1_255' title='bbox 297 1823 403 1876; x_wconf 85' lang='lat' dir='ltr'>ebriam</span> <span class='ocrx_word' id='word_1_256' title='bbox 417 1823 493 1889; x_wconf 84' lang='lat' dir='ltr'>patri</span> <span class='ocrx_word' id='word_1_257' title='bbox 515 1821 552 1874; x_wconf 87' lang='lat' dir='ltr'>ad</span> <span class='ocrx_word' id='word_1_258' title='bbox 579 1823 700 1879; x_wconf 85' lang='lat' dir='ltr'>eamdem</span> <span class='ocrx_word' id='word_1_259' title='bbox 728 1825 826 1882; x_wconf 87' lang='lat' dir='ltr'>laeam.</span> <span class='ocrx_word' id='word_1_260' title='bbox 884 1841 930 1881; x_wconf 90' lang='lat' dir='ltr'>sas</span> <span class='ocrx_word' id='word_1_261' title='bbox 944 1842 1063 1898; x_wconf 90' lang='lat' dir='ltr'>operum</span> <span class='ocrx_word' id='word_1_262' title='bbox 1076 1842 1221 1899; x_wconf 90' lang='lat' dir='ltr'>operaque</span> <span class='ocrx_word' id='word_1_263' title='bbox 1241 1827 1299 1897; x_wconf 90' lang='lat' dir='ltr'>ipse</span> <span class='ocrx_word' id='word_1_264' title='bbox 1320 1828 1453 1885; x_wconf 90' lang='lat' dir='ltr'>diabolus</span> <span class='ocrx_word' id='word_1_265' title='bbox 1474 1830 1577 1887; x_wconf 89' lang='lat' dir='ltr'>callido</span> <span class='ocrx_word' id='word_1_266' title='bbox 1598 1831 1731 1887; x_wconf 88' lang='lat' dir='ltr'>rimatur.</span> 
     </span>
     <span class='ocr_line' id='line_1_21' title="bbox 56 1909 1731 1988; baseline 0.005 -21"><span class='ocrx_word' id='word_1_267' title='bbox 56 1926 118 1967; x_wconf 89' lang='lat' dir='ltr'>mus</span> <span class='ocrx_word' id='word_1_268' title='bbox 140 1919 167 1967; x_wconf 91' lang='lat' dir='ltr'>et</span> <span class='ocrx_word' id='word_1_269' title='bbox 183 1911 286 1968; x_wconf 90' lang='lat' dir='ltr'>Gessen</span> <span class='ocrx_word' id='word_1_270' title='bbox 313 1909 446 1979; x_wconf 91' lang='lat' dir='ltr'>superius</span> <span class='ocrx_word' id='word_1_271' title='bbox 472 1910 654 1979; x_wconf 89' lang='lat' dir='ltr'>interpretari</span> <span class='ocrx_word' id='word_1_272' title='bbox 678 1919 829 1984; x_wconf 80' lang='lat' dir='ltr'>appropia·</span> <span class='ocrx_word' id='word_1_273' title='bbox 884 1915 937 1970; x_wconf 89' lang='lat' dir='ltr'>Sed</span> <span class='ocrx_word' id='word_1_274' title='bbox 965 1914 1083 1971; x_wconf 88' lang='lat' dir='ltr'>viriliter</span> <span class='ocrx_word' id='word_1_275' title='bbox 1108 1915 1141 1970; x_wconf 91' lang='lat' dir='ltr'>de</span> <span class='ocrx_word' id='word_1_276' title='bbox 1166 1923 1315 1985; x_wconf 86' lang='lat' dir='ltr'>pastoratu</span> <span class='ocrx_word' id='word_1_277' title='bbox 1339 1917 1531 1988; x_wconf 81' lang='lat' dir='ltr'>simplicitatis</span> <span class='ocrx_word' id='word_1_278' title='bbox 1557 1919 1731 1988; x_wconf 86' lang='lat' dir='ltr'>responden-</span> 
     </span>
     <span class='ocr_line' id='line_1_22' title="bbox 58 1997 1730 2071; baseline 0.006 -18"><span class='ocrx_word' id='word_1_279' title='bbox 58 2001 243 2070; x_wconf 82' lang='lat' dir='ltr'>spalpatiaai</span> <span class='ocrx_word' id='word_1_280' title='bbox 255 2014 356 2053; x_wconf 83' lang='lat' dir='ltr'>aarum.</span> <span class='ocrx_word' id='word_1_281' title='bbox 374 1998 408 2052; x_wconf 85' lang='lat' dir='ltr'>Et</span> <span class='ocrx_word' id='word_1_282' title='bbox 427 1997 546 2067; x_wconf 91' lang='lat' dir='ltr'>spiritus</span> <span class='ocrx_word' id='word_1_283' title='bbox 569 2011 627 2053; x_wconf 89' lang='lat' dir='ltr'>non</span> <span class='ocrx_word' id='word_1_284' title='bbox 648 1999 709 2069; x_wconf 85' lang='lat' dir='ltr'>jam</span> <span class='ocrx_word' id='word_1_285' title='bbox 726 2001 830 2058; x_wconf 90' lang='lat' dir='ltr'>imbel-</span> <span class='ocrx_word' id='word_1_286' title='bbox 884 2001 953 2057; x_wconf 90' lang='lat' dir='ltr'>dum</span> <span class='ocrx_word' id='word_1_287' title='bbox 970 2010 1021 2068; x_wconf 90' lang='lat' dir='ltr'>est,</span> <span class='ocrx_word' id='word_1_288' title='bbox 1044 2009 1072 2058; x_wconf 88' lang='lat' dir='ltr'>et</span> <span class='ocrx_word' id='word_1_289' title='bbox 1092 2001 1156 2057; x_wconf 86' lang='lat' dir='ltr'>licet</span> <span class='ocrx_word' id='word_1_290' title='bbox 1176 2016 1227 2071; x_wconf 93' lang='lat' dir='ltr'>per</span> <span class='ocrx_word' id='word_1_291' title='bbox 1252 2002 1393 2059; x_wconf 76' lang='lat' dir='ltr'>infantilis</span> <span class='ocrx_word' id='word_1_292' title='bbox 1415 2004 1504 2060; x_wconf 90' lang='lat' dir='ltr'>animi</span> <span class='ocrx_word' id='word_1_293' title='bbox 1529 2004 1730 2063; x_wconf 87' lang='lat' dir='ltr'>hebetudinem</span> 
     </span>
     <span class='ocr_line' id='line_1_23' title="bbox 56 2085 1730 2165; baseline 0.004 -22"><span class='ocrx_word' id='word_1_294' title='bbox 56 2097 200 2157; x_wconf 77' lang='lat' dir='ltr'>postquam</span> <span class='ocrx_word' id='word_1_295' title='bbox 226 2100 275 2157; x_wconf 91' lang='lat' dir='ltr'>per</span> <span class='ocrx_word' id='word_1_296' title='bbox 297 2085 484 2141; x_wconf 85' lang='lat' dir='ltr'>subtilitatem</span> <span class='ocrx_word' id='word_1_297' title='bbox 502 2085 683 2154; x_wconf 88' lang='lat' dir='ltr'>dispectionis</span> <span class='ocrx_word' id='word_1_298' title='bbox 699 2089 829 2148; x_wconf 91' lang='lat' dir='ltr'>imminet</span> <span class='ocrx_word' id='word_1_299' title='bbox 883 2088 1045 2146; x_wconf 89' lang='lat' dir='ltr'>anhelando</span> <span class='ocrx_word' id='word_1_300' title='bbox 1076 2090 1105 2145; x_wconf 93' lang='lat' dir='ltr'>in</span> <span class='ocrx_word' id='word_1_301' title='bbox 1125 2091 1277 2159; x_wconf 77' lang='lat' dir='ltr'>prasentia</span> <span class='ocrx_word' id='word_1_302' title='bbox 1300 2098 1327 2147; x_wconf 94' lang='lat' dir='ltr'>et</span> <span class='ocrx_word' id='word_1_303' title='bbox 1357 2091 1456 2148; x_wconf 89' lang='lat' dir='ltr'>lutura</span> <span class='ocrx_word' id='word_1_304' title='bbox 1483 2093 1655 2165; x_wconf 87' lang='lat' dir='ltr'>negligendo</span> <span class='ocrx_word' id='word_1_305' title='bbox 1676 2094 1730 2153; x_wconf 91' lang='lat' dir='ltr'>sibi</span> 
     </span>
     <span class='ocr_line' id='line_1_24' title="bbox 57 2172 1730 2251; baseline 0.004 -21"><span class='ocrx_word' id='word_1_306' title='bbox 57 2174 214 2231; x_wconf 86' lang='lat' dir='ltr'>estianibus</span> <span class='ocrx_word' id='word_1_307' title='bbox 234 2174 342 2245; x_wconf 91' lang='lat' dir='ltr'>quibus</span> <span class='ocrx_word' id='word_1_308' title='bbox 365 2188 417 2228; x_wconf 88' lang='lat' dir='ltr'>aas</span> <span class='ocrx_word' id='word_1_309' title='bbox 440 2172 558 2242; x_wconf 93' lang='lat' dir='ltr'>palpant</span> <span class='ocrx_word' id='word_1_310' title='bbox 581 2173 722 2231; x_wconf 90' lang='lat' dir='ltr'>lenocinia</span> <span class='ocrx_word' id='word_1_311' title='bbox 744 2177 827 2234; x_wconf 88' lang='lat' dir='ltr'>vitio·</span> <span class='ocrx_word' id='word_1_312' title='bbox 882 2177 1075 2242; x_wconf 89' lang='lat' dir='ltr'>servierimus,</span> <span class='ocrx_word' id='word_1_313' title='bbox 1111 2185 1205 2233; x_wconf 91' lang='lat' dir='ltr'>motus</span> <span class='ocrx_word' id='word_1_314' title='bbox 1239 2178 1345 2234; x_wconf 90' lang='lat' dir='ltr'>scilicet</span> <span class='ocrx_word' id='word_1_315' title='bbox 1379 2180 1554 2251; x_wconf 90' lang='lat' dir='ltr'>principales</span> <span class='ocrx_word' id='word_1_316' title='bbox 1583 2182 1673 2239; x_wconf 90' lang='lat' dir='ltr'>nostri</span> <span class='ocrx_word' id='word_1_317' title='bbox 1701 2190 1730 2238; x_wconf 89' lang='lat' dir='ltr'>et</span> 
     </span>
     <span class='ocr_line' id='line_1_25' title="bbox 58 2260 1729 2336; baseline 0.005 -20"><span class='ocrx_word' id='word_1_318' title='bbox 58 2263 153 2331; x_wconf 86' lang='lat' dir='ltr'>jaaeta</span> <span class='ocrx_word' id='word_1_319' title='bbox 172 2263 270 2331; x_wconf 81' lang='lat' dir='ltr'>loseph</span> <span class='ocrx_word' id='word_1_320' title='bbox 290 2277 372 2316; x_wconf 86' lang='lat' dir='ltr'>carro</span> <span class='ocrx_word' id='word_1_321' title='bbox 390 2261 513 2315; x_wconf 81' lang='lat' dir='ltr'>ascendit</span> <span class='ocrx_word' id='word_1_322' title='bbox 531 2260 637 2316; x_wconf 83' lang='lat' dir='ltr'>obviam</span> <span class='ocrx_word' id='word_1_323' title='bbox 655 2269 741 2333; x_wconf 85' lang='lat' dir='ltr'>patri,</span> <span class='ocrx_word' id='word_1_324' title='bbox 758 2267 828 2336; x_wconf 91' lang='lat' dir='ltr'>quia</span> <span class='ocrx_word' id='word_1_325' title='bbox 883 2271 940 2319; x_wconf 90' lang='lat' dir='ltr'>tola</span> <span class='ocrx_word' id='word_1_326' title='bbox 954 2263 1072 2334; x_wconf 90' lang='lat' dir='ltr'>spiritus</span> <span class='ocrx_word' id='word_1_327' title='bbox 1087 2265 1252 2334; x_wconf 89' lang='lat' dir='ltr'>paternitas,</span> <span class='ocrx_word' id='word_1_328' title='bbox 1275 2274 1371 2322; x_wconf 89' lang='lat' dir='ltr'>tamen</span> <span class='ocrx_word' id='word_1_329' title='bbox 1394 2268 1515 2323; x_wconf 90' lang='lat' dir='ltr'>summis</span> <span class='ocrx_word' id='word_1_330' title='bbox 1538 2268 1650 2325; x_wconf 89' lang='lat' dir='ltr'>viribus</span> <span class='ocrx_word' id='word_1_331' title='bbox 1663 2269 1729 2325; x_wconf 89' lang='lat' dir='ltr'>eni-</span> 
     </span>
     <span class='ocr_line' id='line_1_26' title="bbox 56 2348 1726 2426; baseline 0.004 -21"><span class='ocrx_word' id='word_1_332' title='bbox 56 2350 105 2406; x_wconf 84' lang='lat' dir='ltr'>llei</span> <span class='ocrx_word' id='word_1_333' title='bbox 133 2351 263 2406; x_wconf 89' lang='lat' dir='ltr'>timorem</span> <span class='ocrx_word' id='word_1_334' title='bbox 287 2350 448 2406; x_wconf 90' lang='lat' dir='ltr'>coadunato</span> <span class='ocrx_word' id='word_1_335' title='bbox 476 2348 564 2404; x_wconf 87' lang='lat' dir='ltr'>totius</span> <span class='ocrx_word' id='word_1_336' title='bbox 591 2351 739 2419; x_wconf 86' lang='lat' dir='ltr'>sapientiae</span> <span class='ocrx_word' id='word_1_337' title='bbox 768 2369 827 2410; x_wconf 81' lang='lat' dir='ltr'>stare</span> <span class='ocrx_word' id='word_1_338' title='bbox 882 2351 1010 2419; x_wconf 86' lang='lat' dir='ltr'>tertdum,</span> <span class='ocrx_word' id='word_1_339' title='bbox 1025 2360 1057 2407; x_wconf 89' lang='lat' dir='ltr'>ut</span> <span class='ocrx_word' id='word_1_340' title='bbox 1079 2360 1155 2407; x_wconf 92' lang='lat' dir='ltr'>terra</span> <span class='ocrx_word' id='word_1_341' title='bbox 1175 2351 1364 2408; x_wconf 89' lang='lat' dir='ltr'>cultibilitatis</span> <span class='ocrx_word' id='word_1_342' title='bbox 1388 2354 1518 2421; x_wconf 86' lang='lat' dir='ltr'>internae,</span> <span class='ocrx_word' id='word_1_343' title='bbox 1546 2368 1605 2426; x_wconf 90' lang='lat' dir='ltr'>qua</span> <span class='ocrx_word' id='word_1_344' title='bbox 1630 2355 1726 2426; x_wconf 91' lang='lat' dir='ltr'>palpa·</span> 
     </span>
     <span class='ocr_line' id='line_1_27' title="bbox 56 2437 1728 2514; baseline 0.004 -21"><span class='ocrx_word' id='word_1_345' title='bbox 56 2438 212 2495; x_wconf 88' lang='lat' dir='ltr'>lectualitas</span> <span class='ocrx_word' id='word_1_346' title='bbox 233 2439 350 2508; x_wconf 90' lang='lat' dir='ltr'>impetu,</span> <span class='ocrx_word' id='word_1_347' title='bbox 376 2437 411 2492; x_wconf 92' lang='lat' dir='ltr'>ad</span> <span class='ocrx_word' id='word_1_348' title='bbox 434 2437 589 2491; x_wconf 88' lang='lat' dir='ltr'>evertenda</span> <span class='ocrx_word' id='word_1_349' title='bbox 614 2439 718 2495; x_wconf 87' lang='lat' dir='ltr'>diaboli</span> <span class='ocrx_word' id='word_1_350' title='bbox 738 2455 827 2513; x_wconf 85' lang='lat' dir='ltr'>regna</span> <span class='ocrx_word' id='word_1_351' title='bbox 864 2440 951 2513; x_wconf 13' lang='lat' dir='ltr'>&#39;tioni</span> <span class='ocrx_word' id='word_1_352' title='bbox 967 2439 1102 2494; x_wconf 88' lang='lat' dir='ltr'>vitiorum</span> <span class='ocrx_word' id='word_1_353' title='bbox 1117 2439 1271 2506; x_wconf 83' lang='lat' dir='ltr'>assistitur,</span> <span class='ocrx_word' id='word_1_354' title='bbox 1297 2441 1378 2496; x_wconf 92' lang='lat' dir='ltr'>nabis</span> <span class='ocrx_word' id='word_1_355' title='bbox 1391 2442 1548 2499; x_wconf 87' lang='lat' dir='ltr'>habitanda</span> <span class='ocrx_word' id='word_1_356' title='bbox 1562 2450 1589 2498; x_wconf 92' lang='lat' dir='ltr'>et</span> <span class='ocrx_word' id='word_1_357' title='bbox 1602 2444 1728 2514; x_wconf 87' lang='lat' dir='ltr'>regenda</span> 
     </span>
     <span class='ocr_line' id='line_1_28' title="bbox 55 2523 1727 2599; baseline 0.003 -17"><span class='ocrx_word' id='word_1_358' title='bbox 55 2526 106 2593; x_wconf 86' lang='lat' dir='ltr'>tui,</span> <span class='ocrx_word' id='word_1_359' title='bbox 128 2526 211 2582; x_wconf 90' lang='lat' dir='ltr'>idest</span> <span class='ocrx_word' id='word_1_360' title='bbox 231 2525 344 2593; x_wconf 89' lang='lat' dir='ltr'>rationi,</span> <span class='ocrx_word' id='word_1_361' title='bbox 371 2525 417 2581; x_wconf 91' lang='lat' dir='ltr'>cui</span> <span class='ocrx_word' id='word_1_362' title='bbox 434 2523 527 2593; x_wconf 90' lang='lat' dir='ltr'>proles</span> <span class='ocrx_word' id='word_1_363' title='bbox 545 2525 648 2582; x_wconf 88' lang='lat' dir='ltr'>nobilis</span> <span class='ocrx_word' id='word_1_364' title='bbox 670 2536 721 2595; x_wconf 90' lang='lat' dir='ltr'>est,</span> <span class='ocrx_word' id='word_1_365' title='bbox 738 2530 826 2586; x_wconf 83' lang='lat' dir='ltr'>auxi·</span> <span class='ocrx_word' id='word_1_366' title='bbox 881 2527 968 2584; x_wconf 85' lang='lat' dir='ltr'>libere</span> <span class='ocrx_word' id='word_1_367' title='bbox 985 2533 1108 2592; x_wconf 89' lang='lat' dir='ltr'>maneat,</span> <span class='ocrx_word' id='word_1_368' title='bbox 1129 2535 1157 2581; x_wconf 89' lang='lat' dir='ltr'>et</span> <span class='ocrx_word' id='word_1_369' title='bbox 1178 2534 1255 2582; x_wconf 89' lang='lat' dir='ltr'>tanto</span> <span class='ocrx_word' id='word_1_370' title='bbox 1277 2527 1417 2593; x_wconf 89' lang='lat' dir='ltr'>solertius,</span> <span class='ocrx_word' id='word_1_371' title='bbox 1443 2536 1553 2599; x_wconf 87' lang='lat' dir='ltr'>quanto</span> <span class='ocrx_word' id='word_1_372' title='bbox 1575 2529 1727 2587; x_wconf 78' lang='lat' dir='ltr'>saeculares</span> 
     </span>
     <span class='ocr_line' id='line_1_29' title="bbox 74 2612 1725 2687; baseline 0.002 -18"><span class='ocrx_word' id='word_1_373' title='bbox 74 2612 170 2670; x_wconf 89' lang='lat' dir='ltr'>latura</span> <span class='ocrx_word' id='word_1_374' title='bbox 194 2615 352 2684; x_wconf 87' lang='lat' dir='ltr'>consurgit.</span> <span class='ocrx_word' id='word_1_375' title='bbox 385 2613 539 2681; x_wconf 57' lang='lat' dir='ltr'>ridensque</span> <span class='ocrx_word' id='word_1_376' title='bbox 561 2629 621 2668; x_wconf 87' lang='lat' dir='ltr'>eam</span> <span class='ocrx_word' id='word_1_377' title='bbox 639 2617 722 2671; x_wconf 81' lang='lat' dir='ltr'>irruit</span> <span class='ocrx_word' id='word_1_378' title='bbox 745 2632 825 2687; x_wconf 81' lang='lat' dir='ltr'>sapa·</span> <span class='ocrx_word' id='word_1_379' title='bbox 880 2615 989 2686; x_wconf 89' lang='lat' dir='ltr'>quique</span> <span class='ocrx_word' id='word_1_380' title='bbox 1004 2614 1096 2686; x_wconf 81' lang='lat' dir='ltr'>magis</span> <span class='ocrx_word' id='word_1_381' title='bbox 1110 2615 1267 2671; x_wconf 81' lang='lat' dir='ltr'>exhorrent</span> <span class='ocrx_word' id='word_1_382' title='bbox 1284 2615 1453 2671; x_wconf 88' lang='lat' dir='ltr'>innocentiae</span> <span class='ocrx_word' id='word_1_383' title='bbox 1467 2629 1500 2671; x_wconf 91' lang='lat' dir='ltr'>ac</span> <span class='ocrx_word' id='word_1_384' title='bbox 1514 2616 1649 2685; x_wconf 87' lang='lat' dir='ltr'>puritatis</span> <span class='ocrx_word' id='word_1_385' title='bbox 1662 2624 1725 2673; x_wconf 90' lang='lat' dir='ltr'>stu·</span> 
     </span>
    </p>
   </div>
   <div class='ocr_carea' id='block_1_3' title="bbox 56 2702 1726 2947">
    <p class='ocr_par' dir='ltr' id='par_1_3' title="bbox 56 2702 1726 2947">
     <span class='ocr_line' id='line_1_30' title="bbox 56 2702 1726 2775; baseline 0.001 -18"><span class='ocrx_word' id='word_1_386' title='bbox 56 2719 78 2757; x_wconf 85' lang='lat' dir='ltr'>nt</span> <span class='ocrx_word' id='word_1_387' title='bbox 105 2705 175 2771; x_wconf 73' lang='lat' dir='ltr'>ejas,</span> <span class='ocrx_word' id='word_1_388' title='bbox 212 2708 237 2758; x_wconf 89' lang='lat' dir='ltr'>et</span> <span class='ocrx_word' id='word_1_389' title='bbox 279 2705 350 2756; x_wconf 83' lang='lat' dir='ltr'>inter</span> <span class='ocrx_word' id='word_1_390' title='bbox 374 2702 515 2770; x_wconf 77' lang='lat' dir='ltr'>amplectis</span> <span class='ocrx_word' id='word_1_391' title='bbox 539 2702 613 2767; x_wconf 73' lang='lat' dir='ltr'>flevit</span> <span class='ocrx_word' id='word_1_392' title='bbox 638 2702 734 2773; x_wconf 83' lang='lat' dir='ltr'>(Vens.</span> <span class='ocrx_word' id='word_1_393' title='bbox 769 2707 824 2771; x_wconf 79' lang='lat'>30.)</span> <span class='ocrx_word' id='word_1_394' title='bbox 879 2703 936 2758; x_wconf 93' lang='lat' dir='ltr'>dia.</span> <span class='ocrx_word' id='word_1_395' title='bbox 966 2703 1035 2769; x_wconf 85' lang='lat' dir='ltr'>Quae</span> <span class='ocrx_word' id='word_1_396' title='bbox 1064 2710 1228 2772; x_wconf 88' lang='lat' dir='ltr'>sequuntur</span> <span class='ocrx_word' id='word_1_397' title='bbox 1249 2702 1377 2774; x_wconf 82' lang='lat' dir='ltr'>exposita</span> <span class='ocrx_word' id='word_1_398' title='bbox 1402 2710 1488 2775; x_wconf 92' lang='lat' dir='ltr'>sunt;</span> <span class='ocrx_word' id='word_1_399' title='bbox 1519 2718 1576 2760; x_wconf 92' lang='lat' dir='ltr'>nou</span> <span class='ocrx_word' id='word_1_400' title='bbox 1598 2703 1726 2774; x_wconf 87' lang='lat' dir='ltr'>exposita</span> 
     </span>
     <span class='ocr_line' id='line_1_31' title="bbox 56 2789 1082 2862; baseline -0.002 -17"><span class='ocrx_word' id='word_1_401' title='bbox 56 2796 155 2859; x_wconf 83' lang='lat' dir='ltr'>tpater</span> <span class='ocrx_word' id='word_1_402' title='bbox 182 2789 219 2844; x_wconf 82' lang='lat' dir='ltr'>ad</span> <span class='ocrx_word' id='word_1_403' title='bbox 245 2790 357 2858; x_wconf 80' lang='lat' dir='ltr'>sarept:</span> <span class='ocrx_word' id='word_1_404' title='bbox 373 2791 435 2843; x_wconf 77' lang='lat' dir='ltr'>lam</span> <span class='ocrx_word' id='word_1_405' title='bbox 454 2789 530 2842; x_wconf 75' lang='lat' dir='ltr'>lalus</span> <span class='ocrx_word' id='word_1_406' title='bbox 550 2792 662 2857; x_wconf 83' lang='lat' dir='ltr'>moriar,</span> <span class='ocrx_word' id='word_1_407' title='bbox 686 2795 753 2860; x_wconf 83' lang='lat' dir='ltr'>qaia</span> <span class='ocrx_word' id='word_1_408' title='bbox 765 2793 826 2848; x_wconf 85' lang='lat' dir='ltr'>uidi</span> <span class='ocrx_word' id='word_1_409' title='bbox 844 2806 864 2862; x_wconf 81' lang='lat' dir='ltr'><strong>c</strong></span> <span class='ocrx_word' id='word_1_410' title='bbox 880 2804 1082 2861; x_wconf 86' lang='lat' dir='ltr'>proponamus.</span> 
     </span>
     <span class='ocr_line' id='line_1_32' title="bbox 56 2859 1473 2947; baseline 0.005 -15"><span class='ocrx_word' id='word_1_411' title='bbox 56 2894 77 2932; x_wconf 88' lang='lat' dir='ltr'>n</span> <span class='ocrx_word' id='word_1_412' title='bbox 93 2882 178 2945; x_wconf 81' lang='lat' dir='ltr'>taam,</span> <span class='ocrx_word' id='word_1_413' title='bbox 202 2882 227 2932; x_wconf 82' lang='lat' dir='ltr'>el</span> <span class='ocrx_word' id='word_1_414' title='bbox 241 2880 412 2947; x_wconf 80' lang='lat' dir='ltr'>superstitem</span> <span class='ocrx_word' id='word_1_415' title='bbox 435 2881 460 2931; x_wconf 86' lang='lat' dir='ltr'>tc</span> <span class='ocrx_word' id='word_1_416' title='bbox 484 2883 617 2945; x_wconf 80' lang='lat' dir='ltr'>relinquo.</span> <span class='ocrx_word' id='word_1_417' title='bbox 642 2882 711 2934; x_wconf 82' lang='lat' dir='ltr'>Eum</span> <span class='ocrx_word' id='word_1_418' title='bbox 734 2881 825 2937; x_wconf 85' lang='lat' dir='ltr'>ceruit</span> <span class='ocrx_word' id='word_1_419' title='bbox 1137 2864 1208 2914; x_wconf 72' lang='lat'>¹⁰⁰</span> <span class='ocrx_word' id='word_1_420' title='bbox 1226 2859 1342 2916; x_wconf 65' lang='lat' dir='ltr'>CAPUT</span> <span class='ocrx_word' id='word_1_421' title='bbox 1361 2861 1473 2918; x_wconf 67' lang='lat' dir='ltr'>XLVH·</span> 
     </span>
    </p>
   </div>
   <div class='ocr_carea' id='block_1_4' title="bbox 55 2964 1724 5405">
    <p class='ocr_par' dir='ltr' id='par_1_4' title="bbox 55 2964 1724 5405">
     <span class='ocr_line' id='line_1_33' title="bbox 81 2964 1724 3037; baseline 0.001 -16"><span class='ocrx_word' id='word_1_422' title='bbox 81 2965 193 3021; x_wconf 89' lang='lat' dir='ltr'>sibimet</span> <span class='ocrx_word' id='word_1_423' title='bbox 228 2964 388 3022; x_wconf 90' lang='lat' dir='ltr'>intellectus</span> <span class='ocrx_word' id='word_1_424' title='bbox 415 2965 475 3037; x_wconf 90' lang='lat' dir='ltr'>ipse</span> <span class='ocrx_word' id='word_1_425' title='bbox 496 2970 649 3026; x_wconf 88' lang='lat' dir='ltr'>utilitatem</span> <span class='ocrx_word' id='word_1_426' title='bbox 679 2967 824 3024; x_wconf 86' lang='lat' dir='ltr'>excellen-</span> <span class='ocrx_word' id='word_1_427' title='bbox 914 2964 1000 3022; x_wconf 80' lang='lat' dir='ltr'>Vens.</span> <span class='ocrx_word' id='word_1_428' title='bbox 1016 2967 1042 3025; x_wconf 76' lang='lat'>2.</span> <span class='ocrx_word' id='word_1_429' title='bbox 1064 2966 1091 3021; x_wconf 79' lang='grc'>3.</span> <span class='ocrx_word' id='word_1_430' title='bbox 1118 2996 1152 3005; x_wconf 92' lang='grc'>-</span> <span class='ocrx_word' id='word_1_431' title='bbox 1174 2968 1316 3020; x_wconf 83' lang='lat' dir='ltr'>Ectremos</span> <span class='ocrx_word' id='word_1_432' title='bbox 1343 2981 1448 3037; x_wconf 81' lang='lat' dir='ltr'>qaoque</span> <span class='ocrx_word' id='word_1_433' title='bbox 1469 2969 1590 3033; x_wconf 70' lang='lat' dir='ltr'>notram</span> <span class='ocrx_word' id='word_1_434' title='bbox 1614 2982 1724 3022; x_wconf 83' lang='lat' dir='ltr'>suoram</span> 
     </span>
     <span class='ocr_line' id='line_1_34' title="bbox 56 3052 1721 3123; baseline 0.002 -19"><span class='ocrx_word' id='word_1_435' title='bbox 56 3067 106 3122; x_wconf 74' lang='lat' dir='ltr'>que</span> <span class='ocrx_word' id='word_1_436' title='bbox 131 3053 280 3110; x_wconf 80' lang='lat' dir='ltr'>illustratae</span> <span class='ocrx_word' id='word_1_437' title='bbox 311 3056 405 3110; x_wconf 80' lang='lat' dir='ltr'>aneo</span> <span class='ocrx_word' id='word_1_438' title='bbox 437 3056 557 3113; x_wconf 77' lang='lat' dir='ltr'>rationis</span> <span class='ocrx_word' id='word_1_439' title='bbox 581 3054 711 3111; x_wconf 82' lang='lat' dir='ltr'>ostendit.</span> <span class='ocrx_word' id='word_1_440' title='bbox 737 3055 824 3123; x_wconf 79' lang='lat' dir='ltr'>Super</span> <span class='ocrx_word' id='word_1_441' title='bbox 878 3052 1082 3119; x_wconf 82' lang='lat' dir='ltr'>quinqueviros</span> <span class='ocrx_word' id='word_1_442' title='bbox 1096 3055 1194 3107; x_wconf 83' lang='lat' dir='ltr'>statuit</span> <span class='ocrx_word' id='word_1_443' title='bbox 1218 3069 1308 3107; x_wconf 86' lang='lat' dir='ltr'>coram</span> <span class='ocrx_word' id='word_1_444' title='bbox 1329 3069 1399 3122; x_wconf 80' lang='lat' dir='ltr'>rege.</span> <span class='ocrx_word' id='word_1_445' title='bbox 1418 3054 1488 3119; x_wconf 79' lang='lat' dir='ltr'>Quas</span> <span class='ocrx_word' id='word_1_446' title='bbox 1504 3056 1549 3111; x_wconf 84' lang='lat' dir='ltr'>ille</span> <span class='ocrx_word' id='word_1_447' title='bbox 1568 3059 1721 3122; x_wconf 81' lang='lat' dir='ltr'>interroga-</span> 
     </span>
     <span class='ocr_line' id='line_1_35' title="bbox 56 3139 1723 3213; baseline 0.002 -18"><span class='ocrx_word' id='word_1_448' title='bbox 56 3143 256 3206; x_wconf 82' lang='lat' dir='ltr'>nr&#39;rrta&#39;t,cum</span> <span class='ocrx_word' id='word_1_449' title='bbox 271 3142 389 3198; x_wconf 89' lang='lat' dir='ltr'>consilio</span> <span class='ocrx_word' id='word_1_450' title='bbox 413 3144 570 3213; x_wconf 89' lang='lat' dir='ltr'>spiritualis</span> <span class='ocrx_word' id='word_1_451' title='bbox 584 3142 647 3212; x_wconf 86' lang='lat' dir='ltr'>ejus</span> <span class='ocrx_word' id='word_1_452' title='bbox 663 3142 739 3197; x_wconf 83' lang='lat' dir='ltr'>vacis</span> <span class='ocrx_word' id='word_1_453' title='bbox 761 3155 823 3213; x_wconf 89' lang='lat' dir='ltr'>gra·</span> <span class='ocrx_word' id='word_1_454' title='bbox 876 3139 1023 3210; x_wconf 75' lang='lat' dir='ltr'>vitzoaid</span> <span class='ocrx_word' id='word_1_455' title='bbox 1046 3140 1150 3195; x_wconf 82' lang='lat' dir='ltr'>habetis</span> <span class='ocrx_word' id='word_1_456' title='bbox 1173 3144 1282 3210; x_wconf 77' lang='lat' dir='ltr'>eperat</span> <span class='ocrx_word' id='word_1_457' title='bbox 1304 3142 1380 3197; x_wconf 92' lang='lat' dir='ltr'>lllud</span> <span class='ocrx_word' id='word_1_458' title='bbox 1405 3151 1499 3198; x_wconf 91' lang='lat' dir='ltr'>tamen</span> <span class='ocrx_word' id='word_1_459' title='bbox 1522 3143 1614 3199; x_wconf 90' lang='lat' dir='ltr'>nutari</span> <span class='ocrx_word' id='word_1_460' title='bbox 1639 3143 1723 3199; x_wconf 87' lang='lat' dir='ltr'>debet</span> 
     </span>
     <span class='ocr_line' id='line_1_36' title="bbox 56 3227 1722 3300; baseline -0.001 -15"><span class='ocrx_word' id='word_1_461' title='bbox 56 3244 71 3285; x_wconf 92' lang='lat' dir='ltr'>r</span> <span class='ocrx_word' id='word_1_462' title='bbox 93 3229 252 3300; x_wconf 90' lang='lat' dir='ltr'>applaudit.</span> <span class='ocrx_word' id='word_1_463' title='bbox 279 3232 353 3285; x_wconf 84' lang='lat' dir='ltr'>later</span> <span class='ocrx_word' id='word_1_464' title='bbox 376 3233 519 3300; x_wconf 77' lang='lat' dir='ltr'>amplectis</span> <span class='ocrx_word' id='word_1_465' title='bbox 544 3231 601 3297; x_wconf 89' lang='lat' dir='ltr'>liet,</span> <span class='ocrx_word' id='word_1_466' title='bbox 627 3245 693 3286; x_wconf 93' lang='lat' dir='ltr'>cum</span> <span class='ocrx_word' id='word_1_467' title='bbox 717 3229 823 3285; x_wconf 93' lang='lat' dir='ltr'>interni</span> <span class='ocrx_word' id='word_1_468' title='bbox 877 3227 955 3297; x_wconf 92' lang='lat' dir='ltr'>quod</span> <span class='ocrx_word' id='word_1_469' title='bbox 978 3241 1036 3283; x_wconf 93' lang='lat' dir='ltr'>non</span> <span class='ocrx_word' id='word_1_470' title='bbox 1061 3229 1109 3285; x_wconf 95' lang='lat' dir='ltr'>hic</span> <span class='ocrx_word' id='word_1_471' title='bbox 1133 3230 1303 3295; x_wconf 90' lang='lat' dir='ltr'>ascendisse,</span> <span class='ocrx_word' id='word_1_472' title='bbox 1328 3229 1377 3285; x_wconf 89' lang='lat' dir='ltr'>sed</span> <span class='ocrx_word' id='word_1_473' title='bbox 1400 3232 1538 3298; x_wconf 81' lang='lat' dir='ltr'>inpressas</span> <span class='ocrx_word' id='word_1_474' title='bbox 1561 3230 1659 3300; x_wconf 81' lang='lat' dir='ltr'>loseph</span> <span class='ocrx_word' id='word_1_475' title='bbox 1685 3230 1722 3285; x_wconf 85' lang='lat' dir='ltr'>ad</span> 
     </span>
     <span class='ocr_line' id='line_1_37' title="bbox 56 3316 1722 3390; baseline 0 -16"><span class='ocrx_word' id='word_1_476' title='bbox 56 3317 194 3383; x_wconf 84' lang='lat' dir='ltr'>desiderii,</span> <span class='ocrx_word' id='word_1_477' title='bbox 225 3332 283 3389; x_wconf 89' lang='lat' dir='ltr'>quo</span> <span class='ocrx_word' id='word_1_478' title='bbox 310 3318 368 3374; x_wconf 88' lang='lat' dir='ltr'>Deo</span> <span class='ocrx_word' id='word_1_479' title='bbox 402 3325 429 3375; x_wconf 91' lang='lat' dir='ltr'>et</span> <span class='ocrx_word' id='word_1_480' title='bbox 467 3318 611 3388; x_wconf 85' lang='lat' dir='ltr'>spirituali</span> <span class='ocrx_word' id='word_1_481' title='bbox 640 3317 820 3390; x_wconf 82' lang='lat' dir='ltr'>astringitur,</span> <span class='ocrx_word' id='word_1_482' title='bbox 876 3316 1043 3370; x_wconf 76' lang='lat' dir='ltr'>Pharaonem</span> <span class='ocrx_word' id='word_1_483' title='bbox 1061 3316 1167 3372; x_wconf 88' lang='lat' dir='ltr'>dicitur</span> <span class='ocrx_word' id='word_1_484' title='bbox 1189 3331 1259 3385; x_wconf 91' lang='lat' dir='ltr'>esse,</span> <span class='ocrx_word' id='word_1_485' title='bbox 1288 3330 1358 3387; x_wconf 85' lang='lat' dir='ltr'>quta</span> <span class='ocrx_word' id='word_1_486' title='bbox 1380 3331 1446 3373; x_wconf 86' lang='lat' dir='ltr'>cum</span> <span class='ocrx_word' id='word_1_487' title='bbox 1472 3318 1506 3373; x_wconf 95' lang='lat' dir='ltr'>de</span> <span class='ocrx_word' id='word_1_488' title='bbox 1530 3317 1590 3374; x_wconf 91' lang='lat' dir='ltr'>vitii</span> <span class='ocrx_word' id='word_1_489' title='bbox 1614 3317 1722 3375; x_wconf 88' lang='lat' dir='ltr'>desidia</span> 
     </span>
     <span class='ocr_line' id='line_1_38' title="bbox 56 3402 1722 3476; baseline 0.001 -17"><span class='ocrx_word' id='word_1_490' title='bbox 56 3406 236 3462; x_wconf 84' lang='lat' dir='ltr'>mcvidcntia</span> <span class='ocrx_word' id='word_1_491' title='bbox 260 3419 379 3476; x_wconf 88' lang='lat' dir='ltr'>operam</span> <span class='ocrx_word' id='word_1_492' title='bbox 404 3406 516 3476; x_wconf 91' lang='lat' dir='ltr'>pietatis</span> <span class='ocrx_word' id='word_1_493' title='bbox 539 3406 664 3463; x_wconf 85' lang='lat' dir='ltr'>exhibet.</span> <span class='ocrx_word' id='word_1_494' title='bbox 688 3406 729 3461; x_wconf 80' lang='lat' dir='ltr'>En</span> <span class='ocrx_word' id='word_1_495' title='bbox 747 3406 822 3461; x_wconf 93' lang='lat' dir='ltr'>inte-</span> <span class='ocrx_word' id='word_1_496' title='bbox 877 3402 913 3457; x_wconf 89' lang='lat' dir='ltr'>ad</span> <span class='ocrx_word' id='word_1_497' title='bbox 927 3403 1043 3459; x_wconf 88' lang='lat' dir='ltr'>virtutis</span> <span class='ocrx_word' id='word_1_498' title='bbox 1063 3405 1186 3474; x_wconf 89' lang='lat' dir='ltr'>gradum</span> <span class='ocrx_word' id='word_1_499' title='bbox 1210 3404 1470 3472; x_wconf 90' lang='lat' dir='ltr'>conscenderimus,</span> <span class='ocrx_word' id='word_1_500' title='bbox 1499 3405 1584 3476; x_wconf 91' lang='lat' dir='ltr'>quasi</span> <span class='ocrx_word' id='word_1_501' title='bbox 1599 3405 1636 3461; x_wconf 90' lang='lat' dir='ltr'>ad</span> <span class='ocrx_word' id='word_1_502' title='bbox 1655 3406 1722 3461; x_wconf 86' lang='lat' dir='ltr'>Pha-</span> 
     </span>
     <span class='ocr_line' id='line_1_39' title="bbox 61 3490 1722 3562; baseline 0 -15"><span class='ocrx_word' id='word_1_503' title='bbox 61 3505 187 3562; x_wconf 90' lang='lat' dir='ltr'>namque</span> <span class='ocrx_word' id='word_1_504' title='bbox 202 3501 282 3549; x_wconf 91' lang='lat' dir='ltr'>motu</span> <span class='ocrx_word' id='word_1_505' title='bbox 297 3493 333 3549; x_wconf 93' lang='lat' dir='ltr'>ad</span> <span class='ocrx_word' id='word_1_506' title='bbox 358 3494 458 3550; x_wconf 88' lang='lat' dir='ltr'>laciem</span> <span class='ocrx_word' id='word_1_507' title='bbox 484 3494 569 3551; x_wconf 88' lang='lat' dir='ltr'>lletus</span> <span class='ocrx_word' id='word_1_508' title='bbox 587 3494 736 3551; x_wconf 90' lang='lat' dir='ltr'>emittitur.</span> <span class='ocrx_word' id='word_1_509' title='bbox 761 3497 822 3549; x_wconf 85' lang='lat' dir='ltr'>Jam</span> <span class='ocrx_word' id='word_1_510' title='bbox 876 3504 991 3547; x_wconf 87' lang='lat' dir='ltr'>raonem</span> <span class='ocrx_word' id='word_1_511' title='bbox 1007 3491 1196 3562; x_wconf 89' lang='lat' dir='ltr'>ingredimur,</span> <span class='ocrx_word' id='word_1_512' title='bbox 1213 3490 1283 3547; x_wconf 93' lang='lat' dir='ltr'>dum</span> <span class='ocrx_word' id='word_1_513' title='bbox 1299 3492 1334 3547; x_wconf 89' lang='lat' dir='ltr'>ad</span> <span class='ocrx_word' id='word_1_514' title='bbox 1350 3505 1384 3548; x_wconf 88' lang='lat' dir='ltr'>ea</span> <span class='ocrx_word' id='word_1_515' title='bbox 1399 3507 1465 3562; x_wconf 79' lang='lat' dir='ltr'>quae</span> <span class='ocrx_word' id='word_1_516' title='bbox 1481 3493 1509 3549; x_wconf 91' lang='lat' dir='ltr'>in</span> <span class='ocrx_word' id='word_1_517' title='bbox 1529 3494 1610 3550; x_wconf 90' lang='lat' dir='ltr'>nobis</span> <span class='ocrx_word' id='word_1_518' title='bbox 1622 3492 1722 3550; x_wconf 88' lang='lat' dir='ltr'>crude·</span> 
     </span>
     <span class='ocr_line' id='line_1_40' title="bbox 55 3575 1722 3653; baseline -0.001 -16"><span class='ocrx_word' id='word_1_519' title='bbox 55 3581 185 3652; x_wconf 90' lang='lat' dir='ltr'>,inquit,</span> <span class='ocrx_word' id='word_1_520' title='bbox 207 3585 319 3649; x_wconf 85' lang='lat' dir='ltr'>moriar,</span> <span class='ocrx_word' id='word_1_521' title='bbox 345 3582 415 3651; x_wconf 93' lang='lat' dir='ltr'>qoia</span> <span class='ocrx_word' id='word_1_522' title='bbox 440 3595 575 3653; x_wconf 90' lang='lat' dir='ltr'>persensa</span> <span class='ocrx_word' id='word_1_523' title='bbox 596 3581 702 3638; x_wconf 88' lang='lat' dir='ltr'>eoelestl</span> <span class='ocrx_word' id='word_1_524' title='bbox 721 3581 821 3637; x_wconf 91' lang='lat' dir='ltr'>dulce-</span> <span class='ocrx_word' id='word_1_525' title='bbox 876 3578 941 3633; x_wconf 90' lang='lat' dir='ltr'>liter</span> <span class='ocrx_word' id='word_1_526' title='bbox 957 3584 985 3633; x_wconf 90' lang='lat' dir='ltr'>et</span> <span class='ocrx_word' id='word_1_527' title='bbox 1001 3578 1150 3647; x_wconf 83' lang='lat' dir='ltr'>tyrannice</span> <span class='ocrx_word' id='word_1_528' title='bbox 1170 3575 1326 3644; x_wconf 89' lang='lat' dir='ltr'>obtinebat,</span> <span class='ocrx_word' id='word_1_529' title='bbox 1354 3578 1439 3634; x_wconf 92' lang='lat' dir='ltr'>nobis</span> <span class='ocrx_word' id='word_1_530' title='bbox 1463 3578 1584 3635; x_wconf 80' lang='lat' dir='ltr'>fideliter</span> <span class='ocrx_word' id='word_1_531' title='bbox 1604 3579 1722 3649; x_wconf 79' lang='lat' dir='ltr'>ejuspe</span> 
     </span>
     <span class='ocr_line' id='line_1_41' title="bbox 71 3663 1720 3741; baseline -0.001 -20"><span class='ocrx_word' id='word_1_532' title='bbox 71 3668 188 3739; x_wconf 90' lang='lat' dir='ltr'>spiritus</span> <span class='ocrx_word' id='word_1_533' title='bbox 210 3667 270 3738; x_wconf 77' lang='lat' dir='ltr'>iam</span> <span class='ocrx_word' id='word_1_534' title='bbox 291 3669 412 3725; x_wconf 87' lang='lat' dir='ltr'>libenter</span> <span class='ocrx_word' id='word_1_535' title='bbox 426 3676 505 3739; x_wconf 92' lang='lat' dir='ltr'>optat</span> <span class='ocrx_word' id='word_1_536' title='bbox 520 3669 667 3741; x_wconf 81' lang='lat' dir='ltr'>exstingui</span> <span class='ocrx_word' id='word_1_537' title='bbox 690 3668 822 3725; x_wconf 80' lang='lat' dir='ltr'>saeculari</span> <span class='ocrx_word' id='word_1_538' title='bbox 876 3663 998 3721; x_wconf 89' lang='lat' dir='ltr'>netralia</span> <span class='ocrx_word' id='word_1_539' title='bbox 1022 3663 1217 3736; x_wconf 73' lang='lat' dir='ltr'>intelligentia</span> <span class='ocrx_word' id='word_1_540' title='bbox 1245 3664 1357 3720; x_wconf 83' lang='lat' dir='ltr'>viribus</span> <span class='ocrx_word' id='word_1_541' title='bbox 1383 3666 1573 3736; x_wconf 90' lang='lat' dir='ltr'>irrumpentes</span> <span class='ocrx_word' id='word_1_542' title='bbox 1596 3679 1720 3736; x_wconf 92' lang='lat' dir='ltr'>usurpa-</span> 
     </span>
     <span class='ocr_line' id='line_1_42' title="bbox 57 3742 1721 3827; baseline -0.002 -16"><span class='ocrx_word' id='word_1_543' title='bbox 57 3769 91 3812; x_wconf 87' lang='lat' dir='ltr'>us</span> <span class='ocrx_word' id='word_1_544' title='bbox 120 3755 227 3827; x_wconf 77' lang='lat' dir='ltr'>gloriae.</span> <span class='ocrx_word' id='word_1_545' title='bbox 260 3759 367 3811; x_wconf 75' lang='lat' dir='ltr'>Faciem</span> <span class='ocrx_word' id='word_1_546' title='bbox 389 3757 476 3824; x_wconf 93' lang='lat' dir='ltr'>enim,</span> <span class='ocrx_word' id='word_1_547' title='bbox 506 3756 534 3812; x_wconf 91' lang='lat' dir='ltr'>id</span> <span class='ocrx_word' id='word_1_548' title='bbox 565 3763 607 3812; x_wconf 89' lang='lat' dir='ltr'>est</span> <span class='ocrx_word' id='word_1_549' title='bbox 636 3755 822 3811; x_wconf 90' lang='lat' dir='ltr'>clarissimam</span> <span class='ocrx_word' id='word_1_550' title='bbox 876 3765 951 3808; x_wconf 91' lang='lat' dir='ltr'>mus.</span> <span class='ocrx_word' id='word_1_551' title='bbox 968 3742 1100 3808; x_wconf 82' lang='lat' dir='ltr'>Extremi</span> <span class='ocrx_word' id='word_1_552' title='bbox 1123 3752 1246 3808; x_wconf 78' lang='lat' dir='ltr'>fratrum</span> <span class='ocrx_word' id='word_1_553' title='bbox 1262 3752 1393 3822; x_wconf 89' lang='lat' dir='ltr'>quinque</span> <span class='ocrx_word' id='word_1_554' title='bbox 1413 3753 1478 3821; x_wconf 92' lang='lat' dir='ltr'>viri,</span> <span class='ocrx_word' id='word_1_555' title='bbox 1503 3760 1571 3823; x_wconf 84' lang='lat' dir='ltr'>sunt</span> <span class='ocrx_word' id='word_1_556' title='bbox 1589 3752 1721 3823; x_wconf 89' lang='lat' dir='ltr'>quinque</span> 
     </span>
     <span class='ocr_line' id='line_1_43' title="bbox 87 3839 1720 3915; baseline -0.001 -17"><span class='ocrx_word' id='word_1_557' title='bbox 87 3845 213 3913; x_wconf 88' lang='lat' dir='ltr'>speciem</span> <span class='ocrx_word' id='word_1_558' title='bbox 239 3843 443 3915; x_wconf 78' lang='lat' dir='ltr'>intelligentiae,</span> <span class='ocrx_word' id='word_1_559' title='bbox 475 3844 594 3914; x_wconf 88' lang='lat' dir='ltr'>spiritus</span> <span class='ocrx_word' id='word_1_560' title='bbox 630 3843 757 3913; x_wconf 84' lang='lat' dir='ltr'>attigisse</span> <span class='ocrx_word' id='word_1_561' title='bbox 792 3857 822 3899; x_wconf 91' lang='lat' dir='ltr'>se</span> <span class='ocrx_word' id='word_1_562' title='bbox 875 3839 984 3908; x_wconf 88' lang='lat' dir='ltr'>linales,</span> <span class='ocrx_word' id='word_1_563' title='bbox 1000 3847 1027 3895; x_wconf 89' lang='lat' dir='ltr'>et</span> <span class='ocrx_word' id='word_1_564' title='bbox 1040 3854 1106 3909; x_wconf 82' lang='lat' dir='ltr'>quaa</span> <span class='ocrx_word' id='word_1_565' title='bbox 1119 3842 1178 3907; x_wconf 80' lang='lat' dir='ltr'>rix,</span> <span class='ocrx_word' id='word_1_566' title='bbox 1196 3847 1228 3897; x_wconf 93' lang='lat' dir='ltr'>ut</span> <span class='ocrx_word' id='word_1_567' title='bbox 1242 3842 1283 3896; x_wconf 93' lang='lat' dir='ltr'>sic</span> <span class='ocrx_word' id='word_1_568' title='bbox 1296 3840 1399 3908; x_wconf 91' lang='lat' dir='ltr'>dicam,</span> <span class='ocrx_word' id='word_1_569' title='bbox 1421 3842 1558 3897; x_wconf 86' lang='lat' dir='ltr'>extremis</span> <span class='ocrx_word' id='word_1_570' title='bbox 1572 3839 1720 3897; x_wconf 89' lang='lat' dir='ltr'>laboribus</span> 
     </span>
     <span class='ocr_line' id='line_1_44' title="bbox 56 3927 1721 4001; baseline -0.001 -14"><span class='ocrx_word' id='word_1_571' title='bbox 56 3937 90 3995; x_wconf 87' lang='lat' dir='ltr'>et,</span> <span class='ocrx_word' id='word_1_572' title='bbox 106 3945 158 3987; x_wconf 89' lang='lat' dir='ltr'>nec</span> <span class='ocrx_word' id='word_1_573' title='bbox 173 3930 243 4001; x_wconf 91' lang='lat' dir='ltr'>quia</span> <span class='ocrx_word' id='word_1_574' title='bbox 266 3933 375 3988; x_wconf 93' lang='lat' dir='ltr'>mundo</span> <span class='ocrx_word' id='word_1_575' title='bbox 390 3932 526 3988; x_wconf 89' lang='lat' dir='ltr'>occubuit</span> <span class='ocrx_word' id='word_1_576' title='bbox 549 3930 633 3997; x_wconf 89' lang='lat' dir='ltr'>dolet,</span> <span class='ocrx_word' id='word_1_577' title='bbox 658 3936 757 4000; x_wconf 91' lang='lat' dir='ltr'>utpote</span> <span class='ocrx_word' id='word_1_578' title='bbox 770 3929 821 3999; x_wconf 93' lang='lat' dir='ltr'>qui</span> <span class='ocrx_word' id='word_1_579' title='bbox 875 3928 1078 3998; x_wconf 90' lang='lat' dir='ltr'>acquiruntur,</span> <span class='ocrx_word' id='word_1_580' title='bbox 1097 3941 1209 3998; x_wconf 76' lang='lat' dir='ltr'>magnae</span> <span class='ocrx_word' id='word_1_581' title='bbox 1224 3928 1370 3985; x_wconf 88' lang='lat' dir='ltr'>virilitatis</span> <span class='ocrx_word' id='word_1_582' title='bbox 1385 3929 1516 3992; x_wconf 80' lang='lat' dir='ltr'>virtutes,</span> <span class='ocrx_word' id='word_1_583' title='bbox 1532 3944 1598 3999; x_wconf 82' lang='lat' dir='ltr'>quae</span> <span class='ocrx_word' id='word_1_584' title='bbox 1613 3927 1721 3985; x_wconf 73' lang='lat' dir='ltr'>intelle</span> 
     </span>
     <span class='ocr_line' id='line_1_45' title="bbox 56 4015 1721 4086; baseline 0.001 -14"><span class='ocrx_word' id='word_1_585' title='bbox 56 4030 73 4072; x_wconf 90' lang='lat' dir='ltr'>a</span> <span class='ocrx_word' id='word_1_586' title='bbox 104 4025 194 4073; x_wconf 89' lang='lat' dir='ltr'>morte</span> <span class='ocrx_word' id='word_1_587' title='bbox 234 4018 399 4075; x_wconf 90' lang='lat' dir='ltr'>interiorem</span> <span class='ocrx_word' id='word_1_588' title='bbox 433 4018 576 4074; x_wconf 91' lang='lat' dir='ltr'>hominem</span> <span class='ocrx_word' id='word_1_589' title='bbox 609 4015 822 4086; x_wconf 88' lang='lat' dir='ltr'>supereminere</span> <span class='ocrx_word' id='word_1_590' title='bbox 875 4015 934 4072; x_wconf 91' lang='lat' dir='ltr'>ctui</span> <span class='ocrx_word' id='word_1_591' title='bbox 954 4029 1092 4086; x_wconf 88' lang='lat' dir='ltr'>germana</span> <span class='ocrx_word' id='word_1_592' title='bbox 1108 4015 1234 4086; x_wconf 90' lang='lat' dir='ltr'>quadam</span> <span class='ocrx_word' id='word_1_593' title='bbox 1251 4016 1438 4086; x_wconf 85' lang='lat' dir='ltr'>opitulatione</span> <span class='ocrx_word' id='word_1_594' title='bbox 1461 4023 1649 4074; x_wconf 88' lang='lat' dir='ltr'>concurrunt.</span> <span class='ocrx_word' id='word_1_595' title='bbox 1665 4017 1721 4073; x_wconf 80' lang='lat' dir='ltr'>Ex·</span> 
     </span>
     <span class='ocr_line' id='line_1_46' title="bbox 56 4095 1721 4174; baseline 0.002 -14"><span class='ocrx_word' id='word_1_596' title='bbox 56 4105 108 4160; x_wconf 80' lang='lat' dir='ltr'>:ius</span> <span class='ocrx_word' id='word_1_597' title='bbox 122 4105 210 4161; x_wconf 85' lang='lat' dir='ltr'>videt.</span> <span class='ocrx_word' id='word_1_598' title='bbox 841 4095 974 4160; x_wconf 76' lang='lat' dir='ltr'>Diremae</span> <span class='ocrx_word' id='word_1_599' title='bbox 988 4110 1065 4169; x_wconf 92' lang='lat' dir='ltr'>suut,</span> <span class='ocrx_word' id='word_1_600' title='bbox 1085 4104 1132 4159; x_wconf 87' lang='lat' dir='ltr'>vix</span> <span class='ocrx_word' id='word_1_601' title='bbox 1146 4104 1222 4160; x_wconf 91' lang='lat' dir='ltr'>enim</span> <span class='ocrx_word' id='word_1_602' title='bbox 1239 4104 1276 4160; x_wconf 93' lang='lat' dir='ltr'>ad</span> <span class='ocrx_word' id='word_1_603' title='bbox 1299 4105 1350 4160; x_wconf 89' lang='lat' dir='ltr'>has</span> <span class='ocrx_word' id='word_1_604' title='bbox 1370 4104 1460 4174; x_wconf 91' lang='lat' dir='ltr'>aliqui</span> <span class='ocrx_word' id='word_1_605' title='bbox 1482 4112 1533 4162; x_wconf 85' lang='lat' dir='ltr'>aut</span> <span class='ocrx_word' id='word_1_606' title='bbox 1549 4103 1649 4162; x_wconf 85' lang='lat' dir='ltr'>volunt</span> <span class='ocrx_word' id='word_1_607' title='bbox 1669 4113 1721 4163; x_wconf 87' lang='lat' dir='ltr'>aut</span> 
     </span>
     <span class='ocr_line' id='line_1_47' title="bbox 56 4193 1181 4265; baseline -0.003 -15"><span class='ocrx_word' id='word_1_608' title='bbox 56 4205 98 4250; x_wconf 85' lang='lat' dir='ltr'>as.</span> <span class='ocrx_word' id='word_1_609' title='bbox 119 4195 164 4258; x_wconf 83' lang='grc'>31,</span> <span class='ocrx_word' id='word_1_610' title='bbox 186 4195 229 4248; x_wconf 71' lang='lat'>32.</span> <span class='ocrx_word' id='word_1_611' title='bbox 249 4196 334 4248; x_wconf 83' lang='lat' dir='ltr'>-Et</span> <span class='ocrx_word' id='word_1_612' title='bbox 361 4193 407 4247; x_wconf 83' lang='lat' dir='ltr'>ille</span> <span class='ocrx_word' id='word_1_613' title='bbox 427 4193 528 4248; x_wconf 82' lang='lat' dir='ltr'>bactra</span> <span class='ocrx_word' id='word_1_614' title='bbox 551 4198 590 4247; x_wconf 84' lang='lat' dir='ltr'>est</span> <span class='ocrx_word' id='word_1_615' title='bbox 609 4193 647 4246; x_wconf 82' lang='lat' dir='ltr'>ad</span> <span class='ocrx_word' id='word_1_616' title='bbox 667 4193 769 4257; x_wconf 72' lang='lat' dir='ltr'>(ratres</span> <span class='ocrx_word' id='word_1_617' title='bbox 796 4194 822 4245; x_wconf 87' lang='lat' dir='ltr'>et</span> <span class='ocrx_word' id='word_1_618' title='bbox 877 4193 1037 4265; x_wconf 88' lang='lat' dir='ltr'>pertingere</span> <span class='ocrx_word' id='word_1_619' title='bbox 1052 4200 1181 4262; x_wconf 90' lang='lat' dir='ltr'>possunt.</span> 
     </span>
     <span class='ocr_line' id='line_1_48' title="bbox 56 4278 1720 4353; baseline -0.001 -19"><span class='ocrx_word' id='word_1_620' title='bbox 56 4294 128 4336; x_wconf 83' lang='lat' dir='ltr'>ruem</span> <span class='ocrx_word' id='word_1_621' title='bbox 139 4281 246 4334; x_wconf 84' lang='lat' dir='ltr'>domam</span> <span class='ocrx_word' id='word_1_622' title='bbox 272 4282 364 4350; x_wconf 82' lang='lat' dir='ltr'>patris</span> <span class='ocrx_word' id='word_1_623' title='bbox 393 4281 446 4334; x_wconf 84' lang='lat' dir='ltr'>sai.</span> <span class='ocrx_word' id='word_1_624' title='bbox 463 4280 628 4353; x_wconf 64' lang='lat' dir='ltr'>¹nascendam</span> <span class='ocrx_word' id='word_1_625' title='bbox 651 4285 676 4333; x_wconf 90' lang='lat' dir='ltr'>et</span> <span class='ocrx_word' id='word_1_626' title='bbox 690 4278 822 4333; x_wconf 82' lang='lat' dir='ltr'>aarttialle</span> <span class='ocrx_word' id='word_1_627' title='bbox 911 4280 1007 4336; x_wconf 86' lang='lat' dir='ltr'>Prima</span> <span class='ocrx_word' id='word_1_628' title='bbox 1019 4288 1061 4336; x_wconf 91' lang='lat' dir='ltr'>est</span> <span class='ocrx_word' id='word_1_629' title='bbox 1075 4281 1205 4338; x_wconf 91' lang='lat' dir='ltr'>lectionis</span> <span class='ocrx_word' id='word_1_630' title='bbox 1221 4279 1385 4350; x_wconf 83' lang='lat' dir='ltr'>instantiae3</span> <span class='ocrx_word' id='word_1_631' title='bbox 1400 4279 1538 4348; x_wconf 88' lang='lat' dir='ltr'>secunda,</span> <span class='ocrx_word' id='word_1_632' title='bbox 1558 4280 1656 4337; x_wconf 92' lang='lat' dir='ltr'>minus</span> <span class='ocrx_word' id='word_1_633' title='bbox 1673 4278 1720 4336; x_wconf 84' lang='lat' dir='ltr'>ita-.-</span> 
     </span>
     <span class='ocr_line' id='line_1_49' title="bbox 56 4364 1721 4439; baseline 0 -17"><span class='ocrx_word' id='word_1_634' title='bbox 56 4370 126 4434; x_wconf 77' lang='lat' dir='ltr'>uarii,</span> <span class='ocrx_word' id='word_1_635' title='bbox 151 4368 292 4436; x_wconf 79' lang='lat' dir='ltr'>dicamque</span> <span class='ocrx_word' id='word_1_636' title='bbox 306 4368 350 4420; x_wconf 85' lang='lat' dir='ltr'>ei:</span> <span class='ocrx_word' id='word_1_637' title='bbox 375 4369 484 4422; x_wconf 78' lang='lat' dir='ltr'>Fratres</span> <span class='ocrx_word' id='word_1_638' title='bbox 507 4370 560 4421; x_wconf 81' lang='lat' dir='ltr'>mei</span> <span class='ocrx_word' id='word_1_639' title='bbox 577 4371 602 4421; x_wconf 89' lang='lat' dir='ltr'>et</span> <span class='ocrx_word' id='word_1_640' title='bbox 617 4366 710 4421; x_wconf 81' lang='lat' dir='ltr'>doinus</span> <span class='ocrx_word' id='word_1_641' title='bbox 729 4364 821 4435; x_wconf 86' lang='lat' dir='ltr'>patris</span> <span class='ocrx_word' id='word_1_642' title='bbox 876 4367 987 4424; x_wconf 88' lang='lat' dir='ltr'>tellecta</span> <span class='ocrx_word' id='word_1_643' title='bbox 1009 4383 1075 4424; x_wconf 92' lang='lat' dir='ltr'>cum</span> <span class='ocrx_word' id='word_1_644' title='bbox 1091 4368 1267 4424; x_wconf 90' lang='lat' dir='ltr'>doctioribus</span> <span class='ocrx_word' id='word_1_645' title='bbox 1291 4364 1454 4423; x_wconf 88' lang='lat' dir='ltr'>caulerendi</span> <span class='ocrx_word' id='word_1_646' title='bbox 1477 4367 1644 4439; x_wconf 84' lang='lat' dir='ltr'>diligentia3</span> <span class='ocrx_word' id='word_1_647' title='bbox 1662 4371 1721 4422; x_wconf 91' lang='lat' dir='ltr'>ter·</span> 
     </span>
     <span class='ocr_line' id='line_1_50' title="bbox 56 4452 1719 4527; baseline -0.002 -17"><span class='ocrx_word' id='word_1_648' title='bbox 56 4457 102 4527; x_wconf 79' lang='lat' dir='ltr'>qar&#39;</span> <span class='ocrx_word' id='word_1_649' title='bbox 113 4461 190 4511; x_wconf 87' lang='lat' dir='ltr'>eraat</span> <span class='ocrx_word' id='word_1_650' title='bbox 210 4459 240 4510; x_wconf 81' lang='lat' dir='ltr'>ia</span> <span class='ocrx_word' id='word_1_651' title='bbox 265 4461 338 4510; x_wconf 87' lang='lat' dir='ltr'>terra</span> <span class='ocrx_word' id='word_1_652' title='bbox 361 4456 502 4522; x_wconf 80' lang='lat' dir='ltr'>chanaan,</span> <span class='ocrx_word' id='word_1_653' title='bbox 526 4458 655 4508; x_wconf 78' lang='lat' dir='ltr'>emanat</span> <span class='ocrx_word' id='word_1_654' title='bbox 675 4454 782 4519; x_wconf 80' lang='lat' dir='ltr'>adme3</span> <span class='ocrx_word' id='word_1_655' title='bbox 797 4458 823 4507; x_wconf 91' lang='lat' dir='ltr'>et</span> <span class='ocrx_word' id='word_1_656' title='bbox 876 4454 925 4521; x_wconf 91' lang='lat' dir='ltr'>tia,</span> <span class='ocrx_word' id='word_1_657' title='bbox 953 4455 1077 4525; x_wconf 89' lang='lat' dir='ltr'>vigilans</span> <span class='ocrx_word' id='word_1_658' title='bbox 1098 4454 1134 4510; x_wconf 88' lang='lat' dir='ltr'>ad</span> <span class='ocrx_word' id='word_1_659' title='bbox 1158 4455 1345 4511; x_wconf 87' lang='lat' dir='ltr'>retentionem</span> <span class='ocrx_word' id='word_1_660' title='bbox 1371 4453 1537 4510; x_wconf 88' lang='lat' dir='ltr'>auditorum</span> <span class='ocrx_word' id='word_1_661' title='bbox 1563 4452 1719 4522; x_wconf 90' lang='lat' dir='ltr'>memoria;</span> 
     </span>
     <span class='ocr_line' id='line_1_51' title="bbox 56 4541 1721 4613; baseline -0.003 -13"><span class='ocrx_word' id='word_1_662' title='bbox 56 4545 110 4600; x_wconf 82' lang='lat' dir='ltr'>uiri</span> <span class='ocrx_word' id='word_1_663' title='bbox 123 4548 246 4612; x_wconf 84' lang='lat' dir='ltr'>pastores</span> <span class='ocrx_word' id='word_1_664' title='bbox 261 4547 362 4608; x_wconf 84' lang='lat' dir='ltr'>auiam,</span> <span class='ocrx_word' id='word_1_665' title='bbox 383 4558 529 4611; x_wconf 82' lang='lat' dir='ltr'>caramque</span> <span class='ocrx_word' id='word_1_666' title='bbox 552 4541 650 4598; x_wconf 83' lang='lat' dir='ltr'>labent</span> <span class='ocrx_word' id='word_1_667' title='bbox 664 4541 823 4596; x_wconf 78' lang='lat' dir='ltr'>rhedarum</span> <span class='ocrx_word' id='word_1_668' title='bbox 876 4549 991 4611; x_wconf 88' lang='lat' dir='ltr'>quarta,</span> <span class='ocrx_word' id='word_1_669' title='bbox 1018 4542 1136 4599; x_wconf 91' lang='lat' dir='ltr'>humilis</span> <span class='ocrx_word' id='word_1_670' title='bbox 1156 4557 1243 4613; x_wconf 92' lang='lat' dir='ltr'>penes</span> <span class='ocrx_word' id='word_1_671' title='bbox 1264 4555 1395 4612; x_wconf 92' lang='lat' dir='ltr'>quosque</span> <span class='ocrx_word' id='word_1_672' title='bbox 1418 4541 1569 4613; x_wconf 87' lang='lat' dir='ltr'>magistros</span> <span class='ocrx_word' id='word_1_673' title='bbox 1591 4552 1721 4597; x_wconf 84' lang='lat' dir='ltr'>reveren·</span> 
     </span>
     <span class='ocr_line' id='line_1_52' title="bbox 56 4627 1721 4699; baseline -0.003 -12"><span class='ocrx_word' id='word_1_674' title='bbox 56 4647 98 4687; x_wconf 86' lang='lat' dir='ltr'>rat.</span> <span class='ocrx_word' id='word_1_675' title='bbox 116 4634 215 4687; x_wconf 81' lang='lat' dir='ltr'>Pacoro</span> <span class='ocrx_word' id='word_1_676' title='bbox 231 4647 282 4686; x_wconf 87' lang='lat' dir='ltr'>saa</span> <span class='ocrx_word' id='word_1_677' title='bbox 296 4636 321 4685; x_wconf 92' lang='lat' dir='ltr'>et</span> <span class='ocrx_word' id='word_1_678' title='bbox 335 4635 470 4698; x_wconf 79' lang='lat' dir='ltr'>armaria,</span> <span class='ocrx_word' id='word_1_679' title='bbox 495 4635 521 4684; x_wconf 89' lang='lat' dir='ltr'>et</span> <span class='ocrx_word' id='word_1_680' title='bbox 545 4633 637 4685; x_wconf 86' lang='lat' dir='ltr'>amnia</span> <span class='ocrx_word' id='word_1_681' title='bbox 652 4645 710 4698; x_wconf 82' lang='lat' dir='ltr'>qua</span> <span class='ocrx_word' id='word_1_682' title='bbox 725 4630 823 4684; x_wconf 84' lang='lat' dir='ltr'>habere</span> <span class='ocrx_word' id='word_1_683' title='bbox 876 4629 914 4685; x_wconf 90' lang='lat' dir='ltr'>tia</span> <span class='ocrx_word' id='word_1_684' title='bbox 924 4645 932 4699; x_wconf 93' lang='lat'>;</span> <span class='ocrx_word' id='word_1_685' title='bbox 948 4631 1059 4699; x_wconf 89' lang='lat' dir='ltr'>quinta,</span> <span class='ocrx_word' id='word_1_686' title='bbox 1080 4645 1147 4687; x_wconf 90' lang='lat' dir='ltr'>cum</span> <span class='ocrx_word' id='word_1_687' title='bbox 1163 4629 1319 4687; x_wconf 89' lang='lat' dir='ltr'>mundialis</span> <span class='ocrx_word' id='word_1_688' title='bbox 1336 4629 1372 4684; x_wconf 94' lang='lat' dir='ltr'>ad</span> <span class='ocrx_word' id='word_1_689' title='bbox 1392 4629 1537 4699; x_wconf 87' lang='lat' dir='ltr'>integrum</span> <span class='ocrx_word' id='word_1_690' title='bbox 1566 4627 1721 4698; x_wconf 90' lang='lat' dir='ltr'>despicitur</span> 
     </span>
     <span class='ocr_line' id='line_1_53' title="bbox 56 4716 1720 4788; baseline -0.003 -13"><span class='ocrx_word' id='word_1_691' title='bbox 56 4725 131 4783; x_wconf 85' lang='lat' dir='ltr'>rant,</span> <span class='ocrx_word' id='word_1_692' title='bbox 149 4720 326 4775; x_wconf 63' lang='lat' dir='ltr'>wdaaaaat</span> <span class='ocrx_word' id='word_1_693' title='bbox 351 4734 450 4774; x_wconf 84' lang='lat' dir='ltr'>secam.</span> <span class='ocrx_word' id='word_1_694' title='bbox 477 4719 523 4773; x_wconf 83' lang='lat' dir='ltr'>Ad</span> <span class='ocrx_word' id='word_1_695' title='bbox 546 4718 649 4785; x_wconf 68' lang='lat' dir='ltr'>fratres</span> <span class='ocrx_word' id='word_1_696' title='bbox 672 4722 698 4772; x_wconf 87' lang='lat' dir='ltr'>et</span> <span class='ocrx_word' id='word_1_697' title='bbox 716 4717 753 4772; x_wconf 87' lang='lat' dir='ltr'>ad</span> <span class='ocrx_word' id='word_1_698' title='bbox 770 4718 822 4774; x_wconf 87' lang='lat' dir='ltr'>da-</span> <span class='ocrx_word' id='word_1_699' title='bbox 876 4716 977 4788; x_wconf 89' lang='lat' dir='ltr'>gloria.</span> <span class='ocrx_word' id='word_1_700' title='bbox 999 4719 1055 4774; x_wconf 92' lang='lat' dir='ltr'>llos</span> <span class='ocrx_word' id='word_1_701' title='bbox 1069 4733 1138 4775; x_wconf 92' lang='lat' dir='ltr'>sane</span> <span class='ocrx_word' id='word_1_702' title='bbox 1155 4720 1295 4776; x_wconf 89' lang='lat' dir='ltr'>veraciter</span> <span class='ocrx_word' id='word_1_703' title='bbox 1314 4718 1391 4776; x_wconf 87' lang='lat' dir='ltr'>viros</span> <span class='ocrx_word' id='word_1_704' title='bbox 1406 4729 1583 4773; x_wconf 85' lang='lat' dir='ltr'>cumceram</span> <span class='ocrx_word' id='word_1_705' title='bbox 1602 4716 1720 4784; x_wconf 87' lang='lat' dir='ltr'>dispen-</span> 
     </span>
     <span class='ocr_line' id='line_1_54' title="bbox 74 4801 1720 4878; baseline -0.002 -16"><span class='ocrx_word' id='word_1_706' title='bbox 74 4809 166 4878; x_wconf 79' lang='lat' dir='ltr'>patris</span> <span class='ocrx_word' id='word_1_707' title='bbox 206 4807 344 4878; x_wconf 92' lang='lat' dir='ltr'>loquitur,</span> <span class='ocrx_word' id='word_1_708' title='bbox 375 4821 442 4864; x_wconf 90' lang='lat' dir='ltr'>cum</span> <span class='ocrx_word' id='word_1_709' title='bbox 468 4807 554 4863; x_wconf 82' lang='lat' dir='ltr'>lorias</span> <span class='ocrx_word' id='word_1_710' title='bbox 585 4806 675 4861; x_wconf 90' lang='lat' dir='ltr'>animi</span> <span class='ocrx_word' id='word_1_711' title='bbox 706 4806 823 4863; x_wconf 92' lang='lat' dir='ltr'>babitus</span> <span class='ocrx_word' id='word_1_712' title='bbox 875 4814 970 4861; x_wconf 90' lang='lat' dir='ltr'>satore</span> <span class='ocrx_word' id='word_1_713' title='bbox 995 4806 1191 4870; x_wconf 88' lang='lat' dir='ltr'>statuerimus,</span> <span class='ocrx_word' id='word_1_714' title='bbox 1218 4810 1307 4864; x_wconf 90' lang='lat' dir='ltr'>totam</span> <span class='ocrx_word' id='word_1_715' title='bbox 1337 4805 1461 4877; x_wconf 87' lang='lat' dir='ltr'>proiecto</span> <span class='ocrx_word' id='word_1_716' title='bbox 1494 4803 1558 4875; x_wconf 87' lang='lat' dir='ltr'>ejus</span> <span class='ocrx_word' id='word_1_717' title='bbox 1584 4801 1720 4859; x_wconf 90' lang='lat' dir='ltr'>astutiam</span> 
     </span>
     <span class='ocr_line' id='line_1_55' title="bbox 56 4890 1721 4966; baseline -0.003 -15"><span class='ocrx_word' id='word_1_718' title='bbox 56 4908 82 4951; x_wconf 89' lang='lat' dir='ltr'>m</span> <span class='ocrx_word' id='word_1_719' title='bbox 96 4895 160 4965; x_wconf 88' lang='lat' dir='ltr'>ipsa</span> <span class='ocrx_word' id='word_1_720' title='bbox 187 4903 290 4961; x_wconf 90' lang='lat' dir='ltr'>mente,</span> <span class='ocrx_word' id='word_1_721' title='bbox 313 4909 380 4966; x_wconf 82' lang='lat' dir='ltr'>quae</span> <span class='ocrx_word' id='word_1_722' title='bbox 408 4895 510 4952; x_wconf 89' lang='lat' dir='ltr'>domus</span> <span class='ocrx_word' id='word_1_723' title='bbox 537 4893 721 4964; x_wconf 88' lang='lat' dir='ltr'>spiritusest,</span> <span class='ocrx_word' id='word_1_724' title='bbox 737 4893 822 4950; x_wconf 90' lang='lat' dir='ltr'>intel-</span> <span class='ocrx_word' id='word_1_725' title='bbox 876 4893 982 4949; x_wconf 90' lang='lat' dir='ltr'>harum</span> <span class='ocrx_word' id='word_1_726' title='bbox 1005 4894 1197 4951; x_wconf 90' lang='lat' dir='ltr'>unanimitate</span> <span class='ocrx_word' id='word_1_727' title='bbox 1225 4895 1430 4951; x_wconf 89' lang='lat' dir='ltr'>obsidebimus.</span> <span class='ocrx_word' id='word_1_728' title='bbox 1457 4892 1512 4949; x_wconf 91' lang='lat' dir='ltr'>llos</span> <span class='ocrx_word' id='word_1_729' title='bbox 1533 4899 1630 4948; x_wconf 88' lang='lat' dir='ltr'>tamen</span> <span class='ocrx_word' id='word_1_730' title='bbox 1649 4890 1721 4962; x_wconf 93' lang='lat' dir='ltr'>quid</span> 
     </span>
     <span class='ocr_line' id='line_1_56' title="bbox 56 4972 1720 5052; baseline -0.004 -14"><span class='ocrx_word' id='word_1_731' title='bbox 56 4982 279 5039; x_wconf 81' lang='lat' dir='ltr'>aretioeinatur.</span> <span class='ocrx_word' id='word_1_732' title='bbox 304 4981 447 5049; x_wconf 83' lang='lat' dir='ltr'>aseendit,</span> <span class='ocrx_word' id='word_1_733' title='bbox 464 4989 492 5038; x_wconf 92' lang='lat' dir='ltr'>et</span> <span class='ocrx_word' id='word_1_734' title='bbox 514 4982 671 5038; x_wconf 84' lang='lat' dir='ltr'>adrentum</span> <span class='ocrx_word' id='word_1_735' title='bbox 692 4981 781 5050; x_wconf 92' lang='lat' dir='ltr'>patris</span> <span class='ocrx_word' id='word_1_736' title='bbox 795 4987 823 5037; x_wconf 91' lang='lat' dir='ltr'>et</span> <span class='ocrx_word' id='word_1_737' title='bbox 875 4982 969 5051; x_wconf 90' lang='lat' dir='ltr'>operis</span> <span class='ocrx_word' id='word_1_738' title='bbox 986 4981 1113 5037; x_wconf 88' lang='lat' dir='ltr'>habeant</span> <span class='ocrx_word' id='word_1_739' title='bbox 1134 4982 1301 5052; x_wconf 90' lang='lat' dir='ltr'>interrogat,</span> <span class='ocrx_word' id='word_1_740' title='bbox 1325 4994 1392 5036; x_wconf 93' lang='lat' dir='ltr'>cum</span> <span class='ocrx_word' id='word_1_741' title='bbox 1418 4972 1571 5049; x_wconf 88' lang='lat' dir='ltr'>aliquoties</span> <span class='ocrx_word' id='word_1_742' title='bbox 1591 4990 1609 5033; x_wconf 91' lang='lat' dir='ltr'>a</span> <span class='ocrx_word' id='word_1_743' title='bbox 1630 4989 1720 5032; x_wconf 77' lang='lat' dir='ltr'>sacra</span> 
     </span>
     <span class='ocr_line' id='line_1_57' title="bbox 56 5065 1721 5140; baseline -0.004 -14"><span class='ocrx_word' id='word_1_744' title='bbox 56 5083 98 5126; x_wconf 86' lang='lat' dir='ltr'>rm</span> <span class='ocrx_word' id='word_1_745' title='bbox 114 5070 255 5126; x_wconf 81' lang='lat' dir='ltr'>Pharaoni</span> <span class='ocrx_word' id='word_1_746' title='bbox 278 5071 403 5135; x_wconf 88' lang='lat' dir='ltr'>nuntiat,</span> <span class='ocrx_word' id='word_1_747' title='bbox 426 5085 492 5126; x_wconf 92' lang='lat' dir='ltr'>cum</span> <span class='ocrx_word' id='word_1_748' title='bbox 509 5071 570 5140; x_wconf 92' lang='lat' dir='ltr'>ipsa</span> <span class='ocrx_word' id='word_1_749' title='bbox 594 5068 695 5124; x_wconf 90' lang='lat' dir='ltr'>intima</span> <span class='ocrx_word' id='word_1_750' title='bbox 714 5075 821 5136; x_wconf 86' lang='lat' dir='ltr'>nostra,</span> <span class='ocrx_word' id='word_1_751' title='bbox 876 5069 1031 5140; x_wconf 80' lang='lat' dir='ltr'>scriptura</span> <span class='ocrx_word' id='word_1_752' title='bbox 1046 5070 1140 5126; x_wconf 89' lang='lat' dir='ltr'>studio</span> <span class='ocrx_word' id='word_1_753' title='bbox 1159 5069 1323 5135; x_wconf 89' lang='lat' dir='ltr'>dehortans,</span> <span class='ocrx_word' id='word_1_754' title='bbox 1345 5067 1422 5137; x_wconf 89' lang='lat' dir='ltr'>ipsas</span> <span class='ocrx_word' id='word_1_755' title='bbox 1435 5067 1496 5137; x_wconf 92' lang='lat' dir='ltr'>pias</span> <span class='ocrx_word' id='word_1_756' title='bbox 1516 5065 1721 5122; x_wconf 89' lang='lat' dir='ltr'>sollicitudines</span> 
     </span>
     <span class='ocr_line' id='line_1_58' title="bbox 62 5153 1722 5229; baseline -0.002 -16"><span class='ocrx_word' id='word_1_757' title='bbox 62 5157 201 5222; x_wconf 86' lang='lat' dir='ltr'>diximus,</span> <span class='ocrx_word' id='word_1_758' title='bbox 224 5158 320 5213; x_wconf 88' lang='lat' dir='ltr'>omnia</span> <span class='ocrx_word' id='word_1_759' title='bbox 344 5159 381 5214; x_wconf 92' lang='lat' dir='ltr'>ab</span> <span class='ocrx_word' id='word_1_760' title='bbox 404 5158 468 5213; x_wconf 91' lang='lat' dir='ltr'>imis</span> <span class='ocrx_word' id='word_1_761' title='bbox 494 5157 602 5213; x_wconf 85' lang='lat' dir='ltr'>iaciens</span> <span class='ocrx_word' id='word_1_762' title='bbox 622 5156 820 5224; x_wconf 87' lang='lat' dir='ltr'>conscendere,</span> <span class='ocrx_word' id='word_1_763' title='bbox 876 5170 930 5212; x_wconf 92' lang='lat' dir='ltr'>cur</span> <span class='ocrx_word' id='word_1_764' title='bbox 946 5163 1092 5229; x_wconf 90' lang='lat' dir='ltr'>tantopere</span> <span class='ocrx_word' id='word_1_765' title='bbox 1104 5157 1230 5214; x_wconf 73' lang='lat' dir='ltr'>scientia</span> <span class='ocrx_word' id='word_1_766' title='bbox 1246 5155 1445 5226; x_wconf 82' lang='lat' dir='ltr'>comparandae</span> <span class='ocrx_word' id='word_1_767' title='bbox 1460 5155 1565 5211; x_wconf 90' lang='lat' dir='ltr'>instent</span> <span class='ocrx_word' id='word_1_768' title='bbox 1586 5153 1722 5225; x_wconf 90' lang='lat' dir='ltr'>quadarn·</span> 
     </span>
     <span class='ocr_line' id='line_1_59' title="bbox 56 5241 1721 5316; baseline -0.004 -14"><span class='ocrx_word' id='word_1_769' title='bbox 56 5244 92 5304; x_wconf 85' lang='lat' dir='ltr'>tis</span> <span class='ocrx_word' id='word_1_770' title='bbox 110 5252 243 5302; x_wconf 85' lang='lat' dir='ltr'>vatorum</span> <span class='ocrx_word' id='word_1_771' title='bbox 279 5245 517 5303; x_wconf 89' lang='lat' dir='ltr'>destinationibus</span> <span class='ocrx_word' id='word_1_772' title='bbox 549 5245 651 5316; x_wconf 85' lang='lat' dir='ltr'>grandi</span> <span class='ocrx_word' id='word_1_773' title='bbox 684 5244 821 5311; x_wconf 89' lang='lat' dir='ltr'>elllcacia,</span> <span class='ocrx_word' id='word_1_774' title='bbox 876 5245 961 5300; x_wconf 90' lang='lat' dir='ltr'>modo</span> <span class='ocrx_word' id='word_1_775' title='bbox 983 5245 1185 5316; x_wconf 83' lang='lat' dir='ltr'>exprobranda</span> <span class='ocrx_word' id='word_1_776' title='bbox 1226 5244 1363 5313; x_wconf 89' lang='lat' dir='ltr'>increpat.</span> <span class='ocrx_word' id='word_1_777' title='bbox 1402 5245 1536 5310; x_wconf 82' lang='lat' dir='ltr'>Pasteres,</span> <span class='ocrx_word' id='word_1_778' title='bbox 1572 5241 1721 5313; x_wconf 89' lang='lat' dir='ltr'>inquiunt,</span> 
     </span>
     <span class='ocr_line' id='line_1_60' title="bbox 56 5331 1719 5405; baseline -0.004 -15"><span class='ocrx_word' id='word_1_779' title='bbox 56 5351 59 5389; x_wconf 89' lang='lat' dir='ltr'>l</span> <span class='ocrx_word' id='word_1_780' title='bbox 81 5333 209 5405; x_wconf 90' lang='lat' dir='ltr'>quodam</span> <span class='ocrx_word' id='word_1_781' title='bbox 230 5333 347 5398; x_wconf 87' lang='lat' dir='ltr'>nuncia,</span> <span class='ocrx_word' id='word_1_782' title='bbox 368 5333 514 5390; x_wconf 87' lang='lat' dir='ltr'>diabolum</span> <span class='ocrx_word' id='word_1_783' title='bbox 538 5333 658 5390; x_wconf 89' lang='lat' dir='ltr'>lacessit.</span> <span class='ocrx_word' id='word_1_784' title='bbox 684 5331 823 5389; x_wconf 82' lang='lat' dir='ltr'>chanaan</span> <span class='ocrx_word' id='word_1_785' title='bbox 875 5347 969 5390; x_wconf 82' lang='lat' dir='ltr'>ramas</span> <span class='ocrx_word' id='word_1_786' title='bbox 983 5336 1084 5403; x_wconf 82' lang='lat' dir='ltr'>eriam,</span> <span class='ocrx_word' id='word_1_787' title='bbox 1098 5338 1188 5389; x_wconf 87' lang='lat' dir='ltr'>etaaa</span> <span class='ocrx_word' id='word_1_788' title='bbox 1200 5337 1227 5388; x_wconf 88' lang='lat' dir='ltr'>et</span> <span class='ocrx_word' id='word_1_789' title='bbox 1239 5336 1331 5404; x_wconf 83' lang='lat' dir='ltr'>patres</span> <span class='ocrx_word' id='word_1_790' title='bbox 1345 5334 1441 5388; x_wconf 83' lang='lat' dir='ltr'>nestri.</span> <span class='ocrx_word' id='word_1_791' title='bbox 1458 5331 1539 5399; x_wconf 80' lang='lat' dir='ltr'>Quod</span> <span class='ocrx_word' id='word_1_792' title='bbox 1553 5339 1595 5387; x_wconf 88' lang='lat' dir='ltr'>est</span> <span class='ocrx_word' id='word_1_793' title='bbox 1608 5331 1719 5388; x_wconf 91' lang='lat' dir='ltr'>dicere:</span> 
     </span>
    </p>
   </div>
   <div class='ocr_carea' id='block_1_5' title="bbox 0 0 1914 6008">
    <p class='ocr_par' dir='ltr' id='par_1_5' title="bbox 0 0 1914 6008">
     <span class='ocr_line' id='line_1_61' title="bbox 0 0 1914 6008; baseline 0 2"><span class='ocrx_word' id='word_1_794' title='bbox 0 0 1914 6008; x_wconf 95' lang='lat' dir='ltr'> </span> 
     </span>
    </p>
   </div>
  </div>
 </body>
</html>
