3818 6008
111 253 163 306 559
562 251 597 306 V.
628 250 793 305 burchart
821 250 968 307 acharis
990 252 1017 307 S.
1047 253 1165 309 llhhlAE
1194 255 1239 310 bn
1270 253 1463 310 notionum
1808 258 1859 311 tto

109 381 357 438 Domininadiebet
369 381 479 434 eerbrrm
491 382 566 436 illias
580 382 657 450 (Lac.
668 396 696 450 x,
707 382 761 452 39).
774 381 860 438 Serus
871 381 956 451 pedes
974 383 1130 441 Ainternae
1144 383 1233 455 quieti
1246 384 1306 455 jam
1321 391 1372 448 est,
1389 384 1418 439 in
1439 398 1498 455 quo
1521 383 1653 440 laborum
1676 391 1704 440 et
1728 383 1860 441 dolorum
1877 381 1882 384 ⁴

108 471 192 539 sedit,
208 484 275 527 eum
289 470 319 525 in
332 468 435 526 Christi
451 469 639 525 humanitatis
661 470 840 540 susceptione
860 470 956 527 debita
1010 470 1133 528 detentio
1152 472 1254 529 crebra
1278 472 1354 527 hanc
1375 472 1493 528 obsidet.
1516 473 1551 527 Et
1567 471 1617 542 qui
1642 486 1693 543 pro
1717 472 1762 529 bis
1782 472 1860 528 illam

109 575 170 617 sese
185 557 344 615 bumilitate
361 557 514 627 depressit;
531 558 628 614 sedere
647 558 723 614 enlm
741 559 889 615 humiliari
901 566 952 616 ast.
1008 567 1120 616 certum
1132 568 1174 616 est
1191 567 1274 616 extra
1295 575 1335 629 se,
1362 561 1429 617 velit
1452 560 1533 626 nolit,
1556 560 1628 629 steri,
1643 560 1715 630 jube
1735 575 1800 617 eam
1824 561 1861 618 ad

110 648 190 705 Unde
204 652 246 702 εει
265 660 272 699 :
292 647 412 713 surpite,
435 649 581 715 postquem
604 646 729 701 sederitis
753 647 835 717 (Psul.
857 662 953 715 cxxvi,
1009 660 1101 704 unum
1124 648 1299 704 actualitatis
1322 647 1449 705 cilicium
1471 648 1609 716 cohiberi,
1628 648 1708 705 Nulli
1733 662 1862 721 namque

107 736 145 804 ι).
161 738 249 792 Porro
269 734 355 804 pedes
371 734 493 802 Domini,
516 734 607 804 ipsius
621 742 689 791 sunt
710 736 884 803 humanitas,
899 735 953 791 sic·
1008 735 1130 791 dubium
1144 743 1186 792 cst
1200 735 1278 807 quod
1293 736 1322 791 in
1335 736 1418 791 corde
1432 735 1604 793 beatissimae
1620 735 1751 807 Virginis
1766 737 1861 793 maxi·

107 822 404 892 nteaputdivinitas.
431 823 500 878 inde
520 831 548 880 et
569 823 725 879 scabeilum
749 823 811 895 ipsa
832 831 955 881 roratur
1008 837 1056 880 ma
1083 824 1158 881 inter
1184 832 1343 896 utrumque
1371 832 1479 881 statem
1511 838 1599 895 super
1629 824 1684 881 hoe
1711 825 1860 882 altercatio

108 912 193 981 (Ptol.
219 925 277 979 mx,
298 909 337 981 l),
360 911 533 981 adorarique
557 909 587 966 in
605 911 714 981 psalmo
731 910 851 981 jubetur
869 911 951 977 (Psoi.
1008 910 1105 979 luerit,
1125 911 1196 968 dum
1220 912 1289 968 hinc
1309 912 1340 968 in
1363 912 1421 968 Deo
1442 911 1567 969 videndo
1585 911 1756 979 delectatur,
1782 912 1861 969 illinc

104 1014 184 1069 crrrr,
201 999 238 1071 5).
253 1000 284 1054 ln
300 1012 360 1069 qua
375 998 479 1054 Christi
493 1012 558 1055 care
573 999 657 1070 quasi
676 999 809 1069 quadam
823 999 954 1070 ejusex-
1007 999 1146 1069 corporali
1160 999 1224 1070 ejus
1251 1013 1323 1056 cura
1355 999 1535 1056 distrahitur.
1568 998 1622 1056 Sed
1651 1000 1860 1057 attendendum

107 1085 418 1157 tremitasexplioatnr.
440 1086 504 1142 Nou
526 1087 668 1143 immerito
693 1087 783 1158 igitur
806 1087 954 1144 benedicta
1008 1087 1087 1158 quod
1117 1087 1224 1143 dicitur
1249 1089 1345 1143 selom
1378 1086 1406 1144 Si
1434 1087 1494 1144 sola
1520 1087 1672 1145 actualitas
1702 1087 1859 1156 ministrat,

107 1176 157 1233 illa
170 1190 253 1232 secus
276 1175 329 1231 bos
351 1174 437 1245 pedes
461 1175 597 1243 consedit,
623 1176 703 1246 quia,
719 1175 788 1232 dum
805 1175 955 1246 perpendit
1008 1176 1132 1245 prolecto
1150 1175 1351 1246 conumpletio
1372 1182 1465 1232 vacat.
1481 1174 1550 1242 Quae
1567 1175 1667 1245 utique
1680 1174 1705 1231 si
1720 1174 1860 1244 aliquan·

107 1271 236 1336 quantus
250 1277 268 1319 a
283 1277 313 1320 se
333 1263 495 1333 concipitur
514 1263 730 1333 incomparabili
746 1278 806 1320 snae
819 1263 954 1335 dejectio·
1007 1264 1043 1320 do
1064 1263 1223 1320 actualitati
1245 1263 1411 1331 inilectitur,
1436 1262 1537 1334 procul
1559 1262 1648 1320 dubio
1673 1261 1857 1319 annullatur.

106 1353 153 1411 nis
167 1353 284 1420 intuitu,
306 1352 369 1423 ejus
384 1365 471 1422 quem
492 1351 586 1422 gignit
600 1359 650 1408 aut
666 1351 787 1423 bajulat,
804 1350 887 1422 qnasi
899 1365 954 1407 ex·
1007 1351 1075 1420 Quae
1089 1366 1158 1424 ergo
1172 1351 1233 1408 sine
1246 1351 1359 1408 interna
1374 1352 1470 1422 quiete
1492 1351 1534 1408 nil
1554 1365 1640 1424 agere
1654 1352 1771 1420 sinitur,
1788 1350 1860 1407 dum

107 1443 205 1500 tremis
225 1439 405 1497 contactibus
426 1440 523 1495 haret.
542 1439 632 1510 Cujus
647 1448 756 1511 quante
771 1438 896 1510 proniori
912 1452 954 1494 re-
1006 1452 1077 1510 erga
1098 1438 1224 1508 plurima
1248 1439 1449 1507 conturbatur,
1470 1439 1506 1494 ad
1526 1438 1687 1507 spiritualia
1706 1452 1766 1494 nou
1781 1437 1860 1494 leva·

107 1530 235 1588 verentia
248 1535 351 1585 tractat
370 1541 497 1594 carnem,
513 1535 593 1584 tanto
608 1527 789 1599 spiritualius
803 1526 953 1583 acumina·
1007 1535 1065 1584 tur.
1081 1527 1227 1593 Quomodo
1243 1527 1341 1598 itaque
1357 1527 1406 1583 illa
1419 1539 1525 1597 quaese
1540 1527 1629 1583 selam
1643 1526 1771 1597 relinqui
1786 1540 1858 1598 quc·

106 1627 156 1675 tur
169 1618 205 1674 ad
229 1617 343 1683 divinae,
362 1630 428 1686 qua
449 1623 491 1672 εει
514 1615 653 1685 Verbum,
677 1614 847 1672 substantie
871 1613 953 1670 visio
1007 1615 1091 1683 riter,
1108 1615 1144 1670 ab
1156 1629 1264 1685 eaquae
1274 1616 1349 1671 inter
1362 1615 1504 1672 molestias
1519 1614 1600 1671 nulla
1610 1622 1663 1682 est,
1680 1613 1860 1687 adjuratur?

106 1721 183 1763 nem.
197 1706 225 1762 Si
239 1705 348 1762 enima
370 1704 477 1760 sanctis
492 1704 563 1761 viris
588 1705 657 1762 dum
672 1703 774 1762 Christi
790 1703 955 1759 humanitas
972 1679 994 1743 Β
1008 1702 1061 1759 Sed
1085 1702 1147 1773 ipsa
1170 1703 1321 1759 actualitas
1344 1716 1362 1759 a
1385 1702 1624 1773 contemplatione
1646 1701 1793 1760 auxilinm
1808 1701 1859 1758 ba·

88 1788 328 1866 'praecordialiter
337 1799 452 1849 amatur
467 1799 494 1848 ει
509 1792 645 1861 creditur,
656 1793 693 1848 ad
705 1790 954 1862 contemplandam
1008 1790 1075 1847 bere
1104 1791 1228 1858 ridetur,
1254 1806 1320 1848 cum
1345 1805 1427 1848 mens
1453 1791 1636 1848 unilormiter
1662 1791 1742 1862 qnod
1771 1791 1800 1847 in
1829 1805 1858 1848 se

106 1884 212 1941 sensim
236 1881 395 1939 divinitatis
420 1882 483 1953 ejus
510 1881 633 1951 speeiem
657 1879 833 1951 pervenitur,
863 1878 952 1948 illam,
1009 1879 1218 1949 praeponderat,
1235 1879 1419 1950 exsequitur3
1435 1892 1502 1935 narn
1522 1893 1589 1935 cum
1601 1880 1754 1936 actualitas
1769 1878 1858 1937 alior-

106 1982 172 2038 quae
186 1968 278 2024 Deum
301 1973 329 2022 et
353 1965 496 2022 bominem
523 1966 552 2020 in
578 1979 607 2021 se
622 1965 787 2036 congenuit,
804 1970 955 2034 totumque
1007 1982 1072 2024 sum
1102 1967 1201 2036 tendit,
1227 1975 1254 2024 ει
1281 1981 1361 2023 mens
1387 1966 1598 2036 contemplandi
1626 1967 1713 2023 avida
1748 1975 1858 2025 secreta

106 2056 183 2112 intra
202 2069 232 2111 se
248 2053 443 2110 indifferenter
466 2053 578 2120 babuit,
602 2052 637 2108 de
653 2052 701 2109 Dei
719 2052 810 2123 gloria
823 2051 894 2123 quid
910 2051 955 2108 la·
1008 2057 1140 2128 requirit,
1154 2070 1189 2111 ex
1203 2069 1237 2112 eo
1262 2056 1322 2126 ipso
1341 2069 1399 2126 quo
1422 2055 1456 2112 de
1479 2069 1618 2112 curarum
1642 2056 1857 2127 multiplicitate

107 2143 181 2201 tuiti
193 2142 283 2214 Cujus
304 2141 334 2197 in
347 2142 402 2197 hac
416 2139 654 2211 contemplatione
669 2148 778 2211 quanto
794 2140 848 2196 luit
862 2140 954 2196 beati·
1007 2157 1037 2199 se
1051 2143 1182 2210 retrahit,
1199 2142 1282 2213 quasi
1303 2142 1395 2199 sorori
1420 2141 1554 2199 officiosae
1577 2141 1714 2212 opitulari
1736 2143 1855 2200 desistit.

106 2231 176 2289 tudo
206 2229 348 2298 secretior,
380 2235 459 2285 tanta
488 2227 650 2284 intellectus
675 2227 711 2283 ad
739 2227 839 2284 divina
865 2240 954 2296 pene-
1007 2231 1108 2301 ltaque
1122 2230 1284 2300 adjuvaret,
1295 2229 1497 2287 siadesiderio
1506 2230 1674 2300 speculandi
1684 2231 1855 2301 quiesceret.

105 2320 209 2377 tranda
231 2333 268 2375 ex
289 2316 411 2387 simplici
434 2324 463 2373 ει
493 2316 608 2386 penitus
640 2315 765 2371 indivisa
797 2314 954 2371 intentione
1007 2318 1101 2375 Solam
1118 2317 1207 2389 igitur
1220 2332 1279 2374 non
1291 2317 1438 2388 relinquit,
1454 2317 1478 2374 si
1493 2332 1574 2374 mens
1588 2333 1653 2389 quae
1668 2319 1857 2391 contemplari

105 2408 255 2478 prolusior.
272 2408 303 2462 lu
315 2403 515 2476 spiritualibus
530 2417 587 2459 non
602 2403 682 2460 aliud
695 2410 738 2459 est
752 2403 850 2459 ridere
864 2416 952 2473 quam
1007 2412 1204 2477 proposuerat,
1226 2405 1400 2463 actualitatis
1420 2419 1505 2462 curas
1519 2419 1576 2462 non
1592 2406 1707 2477 refugit.
1724 2409 1856 2464 Contem-

104 2496 216 2562 audire,
232 2495 333 2552 audire
357 2506 446 2564 quam
462 2492 573 2548 audire.
596 2490 671 2555 Quid
695 2498 737 2547 est
762 2504 831 2562 ergo
851 2490 953 2547 audire
1006 2495 1094 2565 piatio
1108 2509 1177 2566 ergo
1194 2493 1325 2565 quandiu
1340 2494 1397 2550 Deo
1416 2493 1592 2565 speculando
1616 2493 1749 2560 feriatur,
1765 2496 1856 2553 solem

103 2583 244 2649 verbum,
261 2581 317 2637 nisi
332 2579 491 2650 intelligere
506 2578 619 2634 ileum?
642 2577 747 2635 sedem
766 2578 864 2647 itaque
885 2592 953 2634 ver·
1006 2582 1201 2639 actualitatem
1214 2597 1272 2638 non
1288 2583 1417 2652 adjuvat.
1433 2582 1471 2638 At
1484 2582 1598 2638 menssi
1610 2595 1628 2638 a
1642 2583 1856 2656 contemplandi

104 2670 175 2728 bum
190 2670 282 2738 audit,
299 2669 369 2741 quia
384 2681 509 2738 peream
534 2682 600 2738 quae
613 2667 775 2723 humilibus
788 2668 875 2723 datur
889 2681 954 2738 gra·
1006 2684 1104 2727 amore
1126 2669 1248 2739 fatiscat,
1277 2671 1308 2726 ln
1329 2677 1473 2741 quantum
1497 2670 1534 2726 ab
1556 2684 1588 2726 eo
1612 2670 1719 2738 delicit,
1737 2672 1857 2729 liberius

104 2760 185 2826 tiam,
197 2757 367 2815 beatissime
382 2755 509 2828 Virginis
524 2756 633 2823 matris,
651 2755 792 2822 animum,
803 2770 861 2812 non
876 2770 950 2826 prae-
1003 2759 1065 2831 jam
1080 2758 1265 2816 actionalitati
1278 2759 1392 2827 insistit,
1408 2766 1436 2816 et
1449 2773 1487 2815 ex
1499 2759 1553 2815 boc
1567 2758 1657 2816 solam
1674 2759 1806 2830 adiurat.

104 2847 259 2919 gusmndo,
290 2845 339 2903 scd
363 2859 393 2901 se
416 2843 618 2901 universaliter
639 2844 796 2914 ingerendo
816 2843 953 2900 diviuitas
1042 2849 1186 2905 Nistheus
1207 2862 1235 2901 se
1255 2863 1336 2903 corae
1361 2851 1532 2915 coniecisset,
1555 2863 1698 2914 nunquam
1720 2849 1792 2915 terei
1800 2864 1856 2919 pc·

104 2935 217 2993 imbuit.
246 2934 274 2991 Si
298 2933 375 2990 enim
411 2931 502 2989 deitas
522 2932 652 3001 lseipsam
676 2931 764 2989 latere
796 2938 895 3002 potest,
925 2940 953 2987 et
970 2938 1111 3025 cluisset.
1134 2936 1269 2992 Attamen
1290 2935 1430 2992 Dominus
1454 2949 1546 2992 unum
1575 2949 1635 2992 esse
1659 2936 1856 2994 necessariam

103 3023 197 3095 ipsam
223 3021 378 3078 benedictis
400 3020 545 3087 omnibus,
574 3026 606 3076 ut
629 3019 669 3075 ita
688 3018 819 3088 dixerim,
837 3019 952 3075 benedi·
1007 3023 1184 3094 pronuntiat,
1209 3031 1241 3080 ut
1263 3025 1339 3080 enim
1363 3024 1399 3080 de
1412 3022 1537 3095 gloriosa
1557 3022 1607 3079 illa
1627 3022 1737 3081 lemine
1757 3032 1857 3081 meaa-

98 3112 221 3168 ctiorem
236 3109 346 3181 aliquid
361 3108 495 3166 divinum
512 3108 600 3164 latere
617 3108 719 3178 potuit,
735 3107 820 3179 cuius
833 3107 910 3164 cordi
924 3114 952 3164 et
1006 3125 1082 3178 mus,
1099 3127 1165 3182 quta
1181 3126 1232 3182 per
1242 3111 1445 3178 ministerium,
1461 3111 1540 3181 quod
1554 3112 1634 3167 carni
1652 3110 1694 3167 illi
1708 3125 1858 3169 sacrosan-

103 3203 186 3258 ntero
202 3198 347 3270 quidquid
363 3197 435 3254 illud
449 3203 500 3265 est,
516 3196 594 3267 quod
610 3196 686 3252 Deus
698 3203 752 3265 est,
765 3196 796 3252 in
811 3195 892 3252 nullo
904 3195 952 3252 de·
1006 3207 1058 3256 ctae
1072 3200 1215 3267 exhibuit,
1231 3200 1267 3255 ad
1291 3199 1451 3256 divinitatis
1470 3212 1606 3269 suprema
1619 3199 1746 3271 pertigit,
1762 3201 1856 3258 omnis

103 3288 169 3345 luit.
331 3337 336 3347 .
1006 3296 1123 3344 sanetus
1144 3286 1274 3343 nonnisi
1297 3300 1347 3356 per
1361 3285 1446 3343 iidem
1462 3299 1649 3357 amoremque
1664 3286 1856 3345 humanitatis

138 3374 249 3432 llortbn
269 3379 360 3430 eutem
378 3373 522 3441 sotepebet
536 3374 750 3438 circosreqneas
769 3374 952 3427 ministerium
1005 3375 1042 3430 ad
1065 3376 1213 3432 scientiam
1237 3375 1367 3445 pervenit
1391 3374 1563 3431 divinitatis.
1591 3375 1673 3432 Unde
1692 3384 1736 3432 εει
1762 3392 1769 3432 :
1796 3380 1856 3435 illst

102 3465 178 3538 (bac.
193 3479 222 3534 x,
239 3463 295 3532 to).
316 3463 463 3534 Frequens
485 3459 676 3517 ministerium
701 3460 777 3516 circa
795 3459 873 3529 quod
898 3468 953 3516 sat-
1005 3478 1053 3532 eqo
1074 3463 1175 3525 obtare,
1197 3464 1355 3518 Paracletus
1383 3478 1437 3517 nen
1459 3467 1549 3517 ueniet
1569 3463 1855 3536 (loon.xr1,7).01·

63 3584 67 3596 ·
103 3554 173 3626 agit,
190 3552 250 3623 ipsa
264 3558 306 3609 est
317 3549 477 3607 sollicitudo
492 3548 569 3604 circa
583 3561 684 3603 euram
695 3547 833 3604 Dominici
848 3561 952 3618 cerpo-
1006 3551 1071 3608 iicia
1085 3566 1211 3622 quoque,
1229 3566 1295 3622 quae
1310 3565 1373 3618 suo,
1389 3551 1459 3607 dum
1475 3551 1622 3608 adviveret
1637 3552 1749 3622 corpori
1768 3553 1855 3609 exbi-

104 3643 152 3710 ris,
175 3654 265 3712 qnam
284 3639 314 3696 in
338 3636 487 3694 benedicta
501 3635 620 3707 Virgine
635 3634 786 3692 actualitas
799 3636 840 3692 sic
862 3635 951 3693 mini·
1005 3640 1156 3708 bebantur,
1181 3640 1345 3711 approbans
1368 3640 1408 3696 ait
1430 3654 1437 3694 :
1462 3642 1599 3709 Pauperes
1620 3654 1727 3709 scalper
1748 3639 1854 3695 bebetis

106 3737 178 3788 strat
206 3736 239 3786 ut
260 3725 411 3785 exterioris
433 3724 557 3780 hominis
585 3723 724 3793 obsequio
745 3724 836 3794 magis
860 3736 950 3794 quarn
1003 3730 1151 3792 vobiscum,
1175 3743 1218 3783 me
1243 3732 1335 3783 nutem
1361 3744 1416 3782 eon
1439 3743 1545 3798 semper
1572 3727 1708 3782 babebitis
1741 3728 1853 3799 (liniti.

104 3817 322 3889 contemplando
350 3816 407 3872 Deo
434 3812 586 3884 aliquoties
619 3812 809 3868 insistendum
837 3811 949 3882 credat3
1004 3818 1151 3887 xxvqtl).
1165 3816 1238 3884 Quid
1248 3831 1317 3888 ergo
1327 3817 1483 3873 benedictae
1498 3816 1538 3872 illi
1549 3817 1642 3888 magis
1658 3817 1854 3873 necessarium

102 3909 180 3978 quod
193 3908 270 3963 eninr
288 3903 441 3961 carnaliter
454 3908 604 3972 genuerat,
617 3908 645 3957 et
660 3915 719 3971 prae
734 3900 824 3957 oculis
837 3912 950 3970 semper
1004 3919 1093 3977 quarn
1115 3906 1243 3976 corporis
1262 3904 1402 3962 numidici
1417 3910 1492 3959 θυι)
1505 3905 1757 3976 integumentum?
1772 3905 1854 3974 Quod

101 3996 237 4064 habebat,
265 3993 403 4050 nimirum
437 3989 603 4046 terrentium
631 3989 726 4046 studio
756 3988 950 4045 indesinenter
1004 3994 1074 4050 dum
1089 3993 1170 4060 texit,
1192 3993 1308 4064 superni
1329 3993 1458 4049 numinis
1477 4000 1701 4061 sacramentum,
1726 3993 1854 4050 multum

103 4084 230 4141 ardebat.
247 4082 327 4149 Quod
343 4081 427 4151 plane
451 4079 487 4134 ad
503 4091 621 4162 manum
637 4084 739 4148 praesto
752 4083 872 4144 constat,
886 4075 947 4131 ani·
1002 4081 1029 4136 ei
1044 4088 1076 4138 ut
1094 4083 1130 4138 ad
1152 4083 1298 4138 internum
1323 4081 1420 4138 lumen
1440 4082 1587 4152 integeret,
1610 4082 1741 4152 praestitit
1768 4082 1854 4154 adju·

102 4187 168 4230 mus
183 4172 381 4242 multomagis
396 4168 524 4239 abactam
546 4176 574 4224 et
599 4168 676 4238 quod
697 4167 793 4224 minus
817 4166 949 4223 sensibus
1003 4177 1142 4226 mentum.
1159 4170 1186 4226 Si
1202 4171 1277 4225 enim
1294 4169 1424 4227 Christus
1443 4183 1473 4225 se
1488 4183 1574 4226 carne
1588 4184 1646 4225 nou
1662 4176 1779 4240 tegeret,
1797 4185 1854 4241 pu-

101 4262 224 4333 adjacet,
240 4261 269 4317 id
284 4257 537 4316 intellectualitatis
549 4256 624 4312 acies
638 4254 791 4312 dilircultcr
807 4261 946 4324 penetrat.
968 4262 1054 4318 brus
1076 4258 1122 4315 ille
1143 4259 1257 4314 deitatis
1280 4258 1429 4328 ignisque
1453 4272 1483 4314 se
1502 4260 1635 4328 caperet?
1660 4260 1697 4315 lit
1718 4267 1797 4316 certe
1819 4273 1855 4315 ne

102 4352 240 4409 Animum
256 4363 358 4421 nempe
371 4347 504 4418 colligere
518 4346 555 4402 ad
574 4343 852 4414 contemplationem,
867 4343 947 4413 quie·
1005 4346 1067 4417 ipsa
1082 4347 1199 4417 quidem
1215 4360 1291 4414 caro,
1313 4345 1371 4402 lleo
1393 4347 1422 4401 in
1447 4360 1477 4402 se
1500 4346 1614 4416 latente,
1631 4346 1789 4403 tolerabilis
1809 4361 1854 4404 es-

102 4447 161 4496 tam
180 4438 305 4511 postulat
323 4452 341 4493 a
363 4437 484 4505 strepitu
506 4431 638 4489 lorastico
653 4431 850 4488 intentionem.
869 4431 950 4488 Unde
1003 4442 1054 4502 εει,
1072 4435 1128 4490 nisi
1150 4434 1252 4490 mentis
1274 4433 1339 4504 ejus
1360 4434 1455 4490 sinum
1472 4433 1566 4490 virtus
1587 4432 1726 4490 ditissimi
1744 4434 1853 4491 obum-

100 4537 128 4587 et
143 4536 219 4586 stare
233 4528 348 4591 dieitur,
364 4524 435 4597 quia
449 4521 558 4579 crebris
573 4521 609 4577 ab
624 4534 658 4576 ea
673 4519 854 4577 cardioribus
868 4518 948 4576 labo·
1003 4523 1111 4579 braret.

101 4625 192 4675 ratur.
221 4618 296 4672 Dum
316 4613 393 4671 enim
415 4612 452 4668 ab
475 4609 586 4667 llerode
604 4607 779 4665 occidendus
794 4607 946 4679 quaeritur,
1040 4611 1172 4667 Contineo
1196 4612 1366 4665 decisione
1388 4613 1418 4664 in
1440 4614 1514 4665 terro
1532 4613 1626 4680 posita
1649 4614 1688 4666 est
1703 4611 1735 4664 ll.
1756 4611 1850 4680 Virro.

99 4706 171 4763 dum
183 4705 302 4762 ludaico
313 4703 375 4774 jam
388 4699 504 4771 jtrvenis
519 4697 607 4753 livore
622 4695 779 4766 impetitur,
794 4695 864 4753 dum
880 4709 949 4766 prae·
1002 4701 1094 4753 Morio
1114 4701 1244 4768 eptimam
1261 4702 1370 4768 purtem
1394 4700 1483 4767 clepit,
1509 4713 1570 4765 qaae
1586 4715 1640 4753 non
1656 4700 1804 4766 nutaretur
1818 4699 1852 4754 ob

101 4793 202 4866 cipicio
214 4793 383 4854 intentatur,
399 4788 470 4844 dum
484 4784 616 4842 convitiis
635 4784 779 4852 obruitur,
795 4784 864 4841 dum
880 4783 947 4841 ulti·
1002 4800 1034 4839 en
1055 4786 1132 4856 (Luc.
1155 4801 1183 4853 x,
1200 4784 1257 4856 it).
1283 4786 1359 4841 Licet
1375 4784 1463 4856 igitur
1486 4785 1649 4843 beatissima
1674 4786 1764 4856 Virgo
1784 4787 1852 4843 dul·

100 4897 147 4941 mc
173 4881 253 4938 cruci
278 4878 421 4935 addicitur
445 4874 536 4933 multo
564 4872 716 4930 actualitas
743 4875 773 4929 in
798 4885 832 4929 ea
858 4871 948 4927 animi
1001 4873 1108 4929 cissimi
1122 4873 1185 4930 Filii
1199 4873 1399 4944 corporalibus
1422 4874 1545 4930 nimium
1566 4874 1686 4930 distrahi
1703 4875 1852 4932 videretur

100 4971 173 5028 beno
187 4967 369 5027 distenditur.
1001 4961 1201 5028 incommodis,
1217 4969 1245 5017 et
1257 4961 1449 5018 exterioribus
1461 4961 1637 5019 detineretur
1647 4961 1762 5028 ciliciis,
1779 4963 1850 5020 nulli

134 5063 257 5126 nemim,
280 5054 385 5127 inquit,
410 5068 464 5107 aee
483 5054 524 5105 est
551 5050 601 5104 libi
623 5064 695 5104 cura
714 5047 787 5115 quod
811 5062 874 5103 sera
888 5062 947 5103 men
1001 5056 1096 5106 tamen
1111 5049 1247 5106 credibile
1261 5048 1323 5104 sani
1336 5050 1437 5119 capitis
1457 5050 1599 5106 habeatur
1618 5049 1691 5120 quin
1708 5049 1768 5120 illa,
1785 5066 1850 5122 que

99 5151 232 5214 relinquit
251 5162 293 5201 me
315 5146 401 5199 solnm
424 5141 601 5196 ministrare?
625 5138 718 5207 (ibid.)
743 5136 824 5204 Quod
845 5144 886 5193 εει
910 5136 947 5192 ad
999 5137 1092 5195 Deum
1119 5137 1313 5194 universitatis
1341 5144 1487 5194 auctorem
1515 5138 1591 5193 intra
1616 5151 1646 5194 se
1673 5138 1848 5202 contulerat,

99 5237 194 5308 ipsum
224 5233 363 5299 Verbum,
387 5229 435 5287 eui
456 5227 599 5285 audiendo
625 5224 826 5295 contemplatio
849 5231 945 5293 vacat,
1001 5239 1132 5296 unquam
1146 5225 1304 5296 ejusquem
1316 5225 1401 5281 semel
1416 5232 1508 5283 totum
1522 5226 1668 5293 hauserat,
1684 5228 1765 5298 quod
1776 5226 1848 5286 nulli

98 5326 192 5382 dicere
208 5337 215 5377 ε
231 5322 303 5380 Cum
329 5321 429 5376 simet
449 5317 575 5375 iniantiae
589 5314 745 5387 obsequiis,
766 5320 794 5370 et
815 5313 945 5384 juventae
1000 5313 1136 5370 humanae
1154 5318 1294 5369 creaturae
1309 5320 1350 5369 εει
1372 5312 1494 5382 licitum,
1513 5314 1652 5372 continua
1675 5317 1849 5388 contempla-

98 5409 265 5471 lniortuniis
278 5407 423 5465 continuis
437 5405 640 5463 vexationibus
659 5410 809 5473 occupata,
824 5409 852 5458 ει
866 5415 946 5458 oom-
1000 5401 1076 5459 tione
1090 5400 1136 5457 rel
1151 5401 1187 5456 ad
1200 5401 1300 5456 horam
1309 5399 1509 5472 fraudaretur;
1521 5402 1759 5476 quibuscumque
1773 5405 1846 5463 enim

97 5501 230 5574 passione
250 5495 363 5563 detrita,
382 5494 482 5551 nullus
501 5494 549 5551 hio
572 5493 653 5550 locus
666 5488 898 5561 contemplationi
918 5497 946 5548 et
999 5489 1064 5548 Filii
1078 5496 1234 5560 augeretur
1244 5488 1401 5581 doloribus,
1416 5503 1569 5561 nunquam
1582 5498 1680 5551 mmen
1694 5492 1764 5552 lidei
1775 5494 1844 5567 ejus,
