3818 6008
78 266 132 319 549
764 262 810 316 DE
831 261 948 318 latitud
968 261 994 316 S.
1015 261 1147 318 battle.
1780 269 1831 322 ato

74 395 200 451 Laudari
220 401 368 463 tantopere
383 408 422 458 se,
438 391 512 448 etab
531 406 661 462 coquam
683 391 818 462 angelum
842 390 927 447 indu·
947 391 1080 456 ditiores,
1096 392 1221 448 scientie
1249 406 1279 448 se
1305 392 1448 450 aestimant
1470 395 1637 466 egentiores.
1659 394 1771 463 Quibus
1789 403 1831 452 ιιι

74 484 121 541 bie
136 490 268 547 noverat,
292 482 382 538 audit.
402 482 438 537 Et
450 495 515 552 que
535 494 622 536 causa
636 488 741 548 motus,
759 494 825 550 que
839 492 928 536 causa
982 480 1226 550 philsosophicum
1242 480 1315 537 illud
1332 497 1338 537 :
1354 503 1367 531 a
1388 482 1447 538 lloc
1462 492 1574 540 tautam
1592 486 1663 553 scio,
1684 484 1762 555 quod
1777 497 1830 540 ue-

76 571 253 628 turbarum?
272 570 333 625 Etsi
354 569 453 625 mirari
475 569 575 638 potuit,
602 576 633 624 ut
662 576 789 636 putatur,
815 567 927 623 turbari
979 567 1076 623 seio.»
1107 569 1193 626 Porro
1217 571 1268 640 qui
1293 570 1364 626 alios
1392 572 1566 642 contemptui
1598 573 1709 642 primus
1733 572 1829 638 duxit,

74 674 133 716 uon
157 659 267 716 debuit.
289 659 343 715 lies
370 666 412 713 est
439 672 504 728 (ιιι
534 656 605 712 viris
633 656 719 711 etiam
738 655 926 711 sanctissimis

74 748 201 804 multum
212 754 314 817 argute
329 745 465 815 subripit,
480 752 513 801 ιι
521 759 588 801 ιιιι
603 744 734 800 videlicet
748 745 785 799 ab
799 744 926 800 instabili

74 851 133 892 non
148 836 209 891 sino
222 834 386 891 adulatione
402 833 554 903 aliquoties
568 836 655 903 vulgo
666 833 832 899 laudantur,
851 832 926 888 illico

75 924 142 980 illac
158 939 229 995 peno
248 922 473 993 precordialiter
492 922 686 978 inflectantur.
709 920 746 976 At
761 934 829 976 vero
856 920 927 976 istac

74 1011 154 1067 omni
171 1012 242 1067 miro
257 1010 419 1067 mirabilius
433 1017 475 1066 est
491 1010 568 1080 quod
584 1009 705 1079 angelus
721 1023 770 1078 per
785 1022 816 1064 se
831 1008 927 1065 unde-

73 1114 193 1170 cunque
207 1112 306 1166 veroa,
321 1111 357 1154 ιι
374 1097 474 1152 (ιιιιιι
485 1098 510 1153 ιι
522 1096 608 1152 etiam
618 1095 759 1151 sententia
780 1095 926 1165 proloqui·

73 1194 133 1253 tur,
158 1194 186 1242 ιι
209 1193 304 1242 tamen
328 1198 415 1253 super
439 1187 518 1239 tanta
550 1182 702 1239 testimonii
726 1182 832 1238 latione
862 1191 926 1239 tur-

75 1275 174 1331 batur.

111 1365 161 1419 Est
174 1377 243 1434 ergo
267 1362 307 1419 rei
336 1362 425 1434 hujus
451 1360 596 1417 attentiori
612 1360 709 1416 animo
739 1360 926 1430 contemplari

75 1451 237 1508 materiam.
267 1450 465 1506 Persectissimi
487 1450 553 1506 boni
579 1456 684 1504 natura
702 1456 755 1517 est,
780 1463 838 1519 quo
868 1462 927 1504 arn-

75 1540 159 1613 pliori
175 1553 272 1595 amore
287 1540 403 1595 virtutis
417 1540 561 1606 inaestuat,
580 1546 659 1593 tanto
673 1538 726 1593 sibi
738 1537 853 1594 miseria
868 1537 925 1594 tra·

74 1629 202 1702 gilitatis,
219 1639 269 1684 aut
286 1627 464 1698 perminima
478 1641 562 1684 notae
572 1627 743 1697 cuiuspiam,
759 1627 805 1682 cui
821 1627 926 1697 subjici

980 657 1198 713 sublimeomne
1215 658 1358 728 quidquid
1381 667 1432 727 est,
1457 660 1542 717 videt.
1565 659 1646 716 Unde
1665 667 1693 717 et
1706 661 1830 718 verbum

980 744 1057 815 quod
1074 754 1116 801 est
1131 745 1284 816 despicere,
1311 747 1393 804 idest
1417 749 1551 805 deorsam
1567 749 1694 818 aspicere
1712 749 1828 818 dicitur,

979 831 1049 900 quia
1082 832 1205 890 inirase
1226 833 1327 903 aspicit
1350 849 1425 905 quos
1449 838 1614 892 contemnit.
1642 836 1729 907 Virgo
1761 851 1830 908 ergo

979 920 1057 975 omni
1081 929 1215 977 creatura
1237 923 1431 991 excellentior,
1463 923 1574 981 insolito
1595 924 1762 996 archangeli
1783 926 1830 981 ta-

979 1021 1049 1065 rore
1064 1009 1208 1077 turbatur,
1224 1024 1289 1080 qua
1303 1021 1413 1081 quanto
1425 1012 1574 1082 copiosiori
1589 1013 1668 1084 apud
1679 1027 1709 1070 se
1728 1013 1831 1070 merito

979 1105 1144 1165 coornatur,
1159 1105 1237 1154 tanto
1251 1099 1304 1155 sibi
1326 1100 1470 1171 indignior
1483 1115 1520 1157 ιι
1544 1115 1597 1157 ιιι
1616 1101 1699 1170 (ιιιιι
1723 1100 1832 1158 inutili·

980 1193 1037 1242 tate
1051 1194 1172 1256 putatur
1185 1204 1192 1240 :
1207 1187 1271 1257 ipsa
1293 1188 1369 1244 enirn
1395 1203 1460 1258 (ιιι
1481 1189 1658 1261 singularius
1681 1190 1757 1246 omui
1773 1205 1830 1246 au-

980 1274 1042 1344 geio
1067 1289 1100 1330 ac
1122 1275 1237 1331 homine
1259 1276 1373 1332 Domini
1395 1277 1526 1347 pedibus,
1551 1283 1626 1332 τοι
1647 1278 1736 1349 juxta
1758 1278 1830 1335 illud

979 1361 1146 1431 blosaicum,
1189 1365 1443 1435 appmpinquarit,
1473 1366 1626 1435 specialius
1656 1367 1767 1424 eaeteris
1793 1367 1828 1424 de

981 1450 1071 1519 ipsius
1094 1451 1224 1507 doctrina
1244 1452 1362 1521 aceepit,
1389 1466 1455 1522 quae
1478 1453 1610 1508 nonnisi
1635 1455 1825 1511 bumilitatem

981 1538 1044 1594 Filii
1060 1539 1105 1594 ιιι
1122 1539 1343 1608 vorboacopere
1358 1541 1464 1606 sonuit,
1481 1542 1565 1597 abeo
1581 1542 1657 1597 enirn
1680 1543 1755 1598 utitis
1769 1556 1830 1598 esse

981 1641 1015 1682 ac
1027 1627 1144 1683 humilis
1158 1627 1241 1683 corde
1256 1629 1403 1684 didicerat.
1423 1628 1513 1700 Cujus
1535 1629 1742 1698 plenitudinem
1758 1644 1829 1701 gra-

73 1717 172 1773 adhuc
185 1731 215 1773 se
236 1716 368 1784 aestlmat,
395 1715 665 1772 inconsideratione
687 1715 829 1772 redundat
850 1730 857 1769 :
874 1731 928 1772 nec
982 1717 1026 1773 tiae
1041 1725 1197 1787 antequam
1212 1725 1378 1774 nasceretur
1390 1732 1427 1774 ex
1439 1718 1501 1788 ipsa
1518 1718 1704 1775 combiberat.

74 1807 227 1877 perpendit
241 1806 311 1876 quid
332 1806 445 1872 habeat,
462 1806 509 1861 sed
525 1804 572 1861 cui
591 1805 752 1861 necessitati
766 1805 925 1876 subjaceat.

74 1895 200 1950 Etcum
228 1894 319 1950 divini
345 1893 498 1949 instinctus
520 1906 621 1962 saporo
644 1901 775 1949 nectareo
805 1893 928 1950 interius

76 1983 220 2039 irremisse
243 1990 384 2052 pascatur,
411 1994 597 2051 nequaquam
619 1982 653 2037 de
678 1981 723 2037 bis
746 1995 812 2052 quat
846 1982 927 2053 adja-

75 2078 141 2127 cent
154 2073 329 2143 gratulatur,
349 2071 376 2125 id
392 2071 489 2139 potius
509 2070 654 2126 tantillum
672 2069 749 2140 quod
769 2070 865 2125 adbuc
879 2071 927 2124 vi-

75 2159 163 2215 detur
188 2158 313 2227 allicere,
341 2159 525 2214 lamentatur.
554 2157 634 2214 Unde
659 2158 750 2213 David
771 2173 800 2214 se
827 2157 926 2213 crebro

74 2261 201 2318 egenum
213 2255 241 2305 et
258 2261 411 2318 pauperem
430 2248 511 2314 (Psat.
530 2260 630 2314 ιιιιι,
645 2246 682 2314 ι).
707 2246 846 2303 ieremias
866 2246 927 2302 cla-

75 2343 145 2391 mat.
164 2337 221 2404 Epo
245 2341 289 2390 uir
310 2337 405 2391 uideas
433 2339 627 2406 paupertatem
646 2351 732 2389 mnata
756 2336 868 2404 (Three.
884 2350 926 2403 ιιι,

1015 1861 1048 1916 lu
1063 1858 1157 1930 angeli
1175 1860 1273 1930 itaque
1287 1873 1345 1916 non
1361 1859 1480 1925 visione,
1504 1861 1553 1917 sed
1582 1875 1711 1917 sermone
1734 1860 1832 1917 turba-

980 1957 1037 2016 tur,
1053 1962 1119 2019 que
1145 1947 1218 2003 nibil
1242 1962 1341 2004 eorum
1366 1963 1432 2019 (ιιι
1447 1948 1623 2016 terebantur,
1641 1950 1669 2005 in
1684 1965 1713 2005 se
1729 1949 1830 2006 haberi

979 2035 1152 2092 omnimodis
1171 2036 1341 2092 arbitratur.
1362 2037 1419 2093 Nec
1440 2046 1522 2107 putes
1544 2038 1621 2107 quod
1638 2038 1727 2107 ipsam
1743 2037 1831 2093 etiam

980 2125 1033 2180 sibi
1049 2124 1185 2181 virtutem
1215 2124 1385 2181 humilitatis
1407 2126 1543 2192 ascribat,
1565 2139 1653 2196 quant
1674 2127 1831 2195 respexisse

980 2213 1071 2270 Deum
1092 2212 1177 2281 dicat,
1203 2212 1251 2268 sed
1275 2212 1464 2270 humiliatem
1481 2215 1555 2284 (lae.
1579 2213 1670 2283 add),
1686 2227 1744 2271 non
1775 2211 1831 2269 nisi

979 2303 1041 2358 suis
1053 2302 1141 2371 ipsius
1154 2301 1292 2357 vilitatem
1307 2301 1440 2371 appellat.
1458 2302 1615 2369 Turbatur,
1632 2303 1762 2372 inquam,
1783 2316 1832 2359 cu·

77 2423 115 2494 l).
129 2424 217 2480 Plane
229 2424 301 2480 alter
315 2426 447 2481 audierat
463 2439 469 2477 :
486 2425 580 2478 lavent
602 2428 692 2478 cirtam
710 2424 858 2477 secattdam
881 2439 928 2478 cor
977 2391 1027 2461 1¹¹⁸
1039 2390 1103 2445 ¹³⁰⁸
1117 2389 1202 2445 enam
1224 2403 1350 2460 superna
1374 2404 1433 2445 ”⁰¹¹
1459 2398 1588 2458 penem
1614 2388 1829 2445 ⁰⁰n⁸⁰ie¹¹²ia¹ffi

74 2529 165 2568 mcum
181 2512 255 2584 (Act.
273 2528 332 2575 ιιιι,
355 2512 410 2583 ιι),
427 2512 498 2569 alter
520 2511 618 2582 procul
635 2511 738 2582 dubio;
761 2514 927 2578 Priusquam

75 2605 166 2655 ratres
194 2601 227 2655 dc
251 2603 334 2656 valea
352 2605 522 2671 sanctificavi
537 2606 561 2654 te
585 2599 650 2670 (ter.
673 2616 691 2666 r,
715 2600 753 2669 ι).
772 2603 806 2656 ιιι
832 2609 926 2657 tamen

77 2697 202 2761 uterque
217 2689 325 2759 quibus
339 2703 368 2745 se
381 2689 593 2745 humilitatibus
603 2689 779 2745 addixerunt
793 2689 823 2744 in
835 2703 929 2759 prom·

77 2784 130 2848 ptu
143 2785 195 2833 est.
209 2779 348 2833 loannem
365 2791 423 2833 non
435 2777 540 2833 latebat
550 2776 693 2847 quidquid
704 2776 740 2833 ab
754 2777 927 2848 archangelo

78 2880 151 2937 pene
170 2866 223 2937 ipsi
249 2866 361 2923 Christo
385 2866 523 2936 supparia
547 2866 582 2921 de
608 2879 638 2921 se
664 2865 739 2921 dicta
759 2865 882 2933 tuerent,
900 2873 928 2921 et

77 2964 175 3011 amen
187 2955 276 3012 verbo
289 2968 322 3011 ac
340 2969 433 3025 opere,
450 2969 509 3026 quo
527 2953 684 3011 humiliora
704 2961 813 3025 poterat
829 2953 929 3025 praete-
946 2986 966 3041 c

77 3044 170 3101 rebat.

113 3133 222 3199 Οιαηιο
236 3137 298 3199 quis
319 3137 465 3187 sanctitate
480 3132 632 3196 sublimior,
649 3135 725 3186 tanto
750 3135 779 3185 ia
794 3147 822 3185 aa
843 3131 929 3186 trami-

78 3224 140 3277 lior.
161 3252 196 3262 —
223 3221 276 3278 Sed
299 3221 472 3292 impossibile
495 3221 611 3277 videtur
632 3219 781 3290 aliquibus
805 3226 838 3274 ut
861 3233 927 3275 cum

77 3311 142 3367 aliis
167 3310 285 3367 meliora
301 3325 366 3381 quts
389 3310 516 3381 gesserit,
544 3309 684 3364 deteriora
706 3309 741 3363 de
765 3322 796 3364 se
812 3307 926 3363 sentiat.

76 3399 159 3468 Quod
181 3399 321 3470 exemplis
338 3399 472 3455 tacilibns
492 3399 533 3454 sic
557 3398 705 3468 probatur.
730 3396 816 3452 Vides
836 3396 928 3452 bomi-

76 3501 129 3545 ιιι
153 3488 343 3559 pecuniarum
363 3487 491 3553 avidum,
516 3485 591 3558 gazis
614 3486 774 3542 exuberare
797 3485 929 3541 sublimi·
984 3533 988 3543 .

76 3576 142 3642 bus,
158 3584 185 3632 et
201 3576 271 3632 nulli
290 3575 410 3632 utilibus
429 3574 578 3630 exundare
598 3574 714 3629 divitiis.
730 3571 783 3639 Qui
808 3587 867 3643 quo
880 3586 929 3628 eas

76 3664 295 3734 multipliciores
310 3662 439 3729 attendit,
460 3677 493 3718 eo
508 3676 537 3718 ιι
556 3663 591 3717 ad
613 3661 746 3717 habenda
768 3661 930 3730 proripiens

76 3754 174 3810 animo
188 3752 346 3824 egentiores
360 3751 484 3819 testinat,
505 3758 533 3806 et
555 3750 655 3806 habita
669 3764 726 3804 non
751 3749 931 3820 appretiatur

78 3843 149 3898 dum
165 3840 306 3896 habendis
320 3839 438 3909 aspirat.
456 3841 517 3904 Quo
529 3853 599 3909 ergo
615 3847 657 3894 est
671 3838 757 3894 ditior
773 3851 930 3908 pauperem

77 3943 108 3986 se
130 3935 253 3998 reputat,
276 3928 346 3983 dum
376 3927 472 3984 aliena
494 3926 616 3983 allectat.
639 3927 676 3982 Et
705 3926 842 3982 aliorsum
866 3926 931 3982 vide

77 4016 225 4089 quispiam
241 4016 270 4072 in
286 4023 367 4088 gestu
383 4030 526 4083 amorum,
542 4015 571 4070 in
585 4014 741 4071 directione
765 4015 929 4082 missilium,

77 4107 107 4162 in
124 4120 229 4162 vocam
243 4104 417 4171 discrimine,
432 4104 462 4160 in
487 4104 664 4160 aulractibus
688 4112 739 4160 aut
765 4104 931 4160 choraulica

79 4193 241 4263 disciplina,
257 4199 293 4257 et,
319 4207 354 4248 ne
378 4206 482 4257 morer,
503 4193 596 4248 omnis
618 4207 674 4247 non
704 4191 797 4248 solum
823 4193 874 4263 qui
902 4196 932 4248 in

979 2478 1162 2536 Oiniinitum
1192 2478 1282 2534 robur
1307 2478 1406 2545 animi,
1435 2479 1482 2534 cul
1506 2478 1529 2533 si
1552 2478 1647 2543 vellet,
1671 2486 1747 2534 certe
1771 2492 1831 2534 non

980 2573 1073 2638 posset
1091 2567 1283 2638 archangelus
1306 2566 1439 2622 adulari!
1465 2582 1481 2622 o
1508 2566 1678 2623 beatissimae
1705 2565 1831 2623 insoleus

981 2658 1079 2722 robur,
1096 2671 1161 2727 (ιιιι
1176 2656 1262 2712 etiam
1280 2669 1317 2711 ιι
1333 2656 1424 2725 ipsius
1440 2655 1488 2711 liei
1511 2655 1718 2725 approbatione
1738 2668 1831 2711 vexa-

981 2745 1043 2808 tur;
1060 2737 1108 2794 sed
1125 2738 1188 2794 lieet
1201 2752 1298 2794 coram
1315 2740 1371 2793 beo
1391 2739 1467 2808 apud
1489 2752 1519 2793 se
1532 2738 1602 2793 dum
1615 2736 1708 2794 ollerri
1729 2751 1759 2794 se
1782 2750 1832 2793 au-

981 2826 1032 2894 dit,
1048 2826 1185 2896 pudorem
1201 2827 1276 2883 unde
1290 2826 1425 2884 turbatur
1440 2827 1487 2897 pia
1503 2827 1630 2896 pratiatur
1645 2825 1774 2893 intentio,
1787 2839 1832 2882 ce

981 2915 1053 2986 gitat
1085 2921 1182 2971 tamen
1211 2915 1306 2985 qualis
1336 2916 1373 2970 sit
1406 2915 1459 2971 ista
1483 2915 1618 2971 salutatio
1651 2914 1741 2984 (ibid,
1775 2916 1830 2982 ιι),

982 3003 1075 3059 νιιιιι
1089 3003 1165 3059 enitu
1191 3002 1336 3059 insensata
1356 3018 1408 3059 uec
1421 3002 1486 3071 dici,
1502 3017 1554 3059 uec
1569 3011 1658 3073 potest
1673 3017 1743 3059 esse.
1760 3001 1830 3068 Quae

980 3091 1032 3148 etsi
1056 3091 1133 3162 quod
1146 3091 1282 3147 laudatur
1296 3091 1450 3147 exhorrere
1471 3106 1528 3147 non
1555 3099 1655 3157 cessat,
1672 3088 1833 3146 accidentes

981 3186 1077 3235 tamen
1091 3193 1128 3236 ιι
1153 3179 1261 3235 ιιιιιιιι
1282 3192 1385 3235 causas
1408 3180 1582 3236 subdivina
1606 3181 1652 3250 agi
1680 3178 1833 3251 aliquoties

982 3267 1166 3338 dispositione
1193 3275 1340 3324 retractat.
1368 3267 1437 3334 Qua
1469 3268 1552 3338 plano
1581 3269 1629 3324 Dei
1662 3266 1833 3339 sapientiam

983 3357 1113 3427 paritura
1129 3355 1232 3422 luerat,
1250 3369 1308 3411 uon
1324 3355 1359 3410 ad
1377 3356 1511 3412 stolidum
1529 3357 1635 3426 sapuit,
1650 3355 1700 3412 sed
1720 3357 1749 3412 in
1772 3354 1833 3411 dis-

982 3445 1123 3501 cutiendis
1135 3443 1301 3500 divinarum
1326 3443 1540 3501 ordinationum
1561 3444 1714 3500 eventibus
1728 3442 1782 3500 tuit
1796 3457 1833 3499 ιι

983 3547 1044 3603 ιιιιι
1070 3532 1239 3588 mirabiliter
1268 3532 1429 3588 bumilitate
1453 3532 1577 3597 subtilis,
1603 3533 1680 3603 quod
1700 3531 1786 3587 etiam
1806 3538 1835 3587 ιι

982 3626 1033 3686 ιιι,
1047 3627 1075 3675 ιι
1086 3619 1221 3689 competit
1236 3619 1265 3674 in
1279 3619 1413 3675 erunibus
1430 3620 1536 3675 sanetis
1556 3620 1639 3690 viris3
1654 3620 1706 3674 etsi
1731 3631 1833 3688 nempe

983 3705 1147 3762 beatissima
1163 3707 1212 3762 illa
1225 3715 1332 3764 statum
1346 3722 1432 3764 suum
1448 3708 1653 3778 parvipendere
1669 3706 1831 3773 ridebatur,

983 3810 1041 3851 uon
1065 3802 1160 3851 tamen
1177 3795 1262 3851 inane
1285 3795 1455 3863 astitnabat,
1480 3797 1556 3865 quod
1581 3794 1718 3864 peculiari
1746 3808 1834 3865 super

983 3898 1081 3940 omues
1108 3883 1136 3938 iu
1154 3898 1185 3939 se
1200 3883 1290 3939 divini
1307 3883 1413 3939 atnoris
1437 3898 1557 3940 munere
1578 3883 1741 3956 gerebatur.
1771 3881 1833 3940 Nisi

983 3986 1053 4028 sane
1068 3987 1134 4043 quae
1145 3971 1220 4029 iutra
1237 3987 1267 4028 se
1281 3973 1443 4043 agebantur
1458 3973 1493 4027 ad
1520 3971 1664 4044 liquidum
1686 3972 1833 4030 discerne-

985 4068 1036 4128 ret,
1054 4075 1169 4130 rompos
1194 4060 1309 4117 virtutis
1339 4060 1446 4116 intime
1463 4061 1631 4117 nullatenus
1658 4068 1745 4132 esset3
1767 4074 1834 4132 quae

985 4150 1155 4206 contuendae
1179 4165 1239 4206 suae
1260 4149 1347 4206 menti
1370 4150 1441 4206 adeo
1461 4150 1640 4221 majestativa
1662 4148 1834 4207 auctoritate

950 4237 1128 4335 Dpraesedit,
1152 4245 1183 4294 ut
1207 4238 1312 4294 tiducia
1332 4251 1392 4293 suae
1416 4237 1725 4308 incomprehensibilis,
1745 4238 1833 4309 eujus

986 4326 1040 4382 sibi
1054 4327 1179 4394 conscia,
1191 4325 1339 4383 munditie
1356 4325 1524 4383 dictocitius
1539 4327 1674 4399 angelice
1699 4325 1835 4398 legationi

983 4415 1188 4472 subscriberet.

79 4282 212 4354 qualibet
231 4281 305 4349 utili,
330 4281 378 4337 sed
395 4281 445 4351 qui
462 4289 586 4337 vexatur
612 4281 641 4336 in
667 4288 728 4337 arte
752 4280 873 4349 ludicra,
894 4296 929 4338 ιι

78 4386 144 4438 ιιι,
161 4370 296 4442 quamvis
315 4369 444 4441 ignobili,
470 4370 660 4425 intumescere
682 4369 840 4437 consuerit,
857 4378 929 4427 etse

78 4459 240 4515 aliisetlam
260 4458 386 4514 honestis
402 4458 535 4528 praeferre
551 4457 680 4514 scientia.
705 4457 733 4512 Si
753 4457 843 4529 igitur
857 4472 930 4514 ara-

78 4562 133 4604 rus
147 4548 231 4617 quasi
241 4561 278 4603 ex
288 4546 376 4616 copiis
394 4547 585 4617 pauperascit,
602 4545 717 4602 virtutis
727 4559 809 4602 arnor
821 4553 930 4604 tractus
1018 4539 1116 4595 erata
1139 4555 1191 4608 ero
1226 4542 1385 4594 remissione
1419 4544 1595 4609 peccatoram
1622 4542 1750 4593 sumetur.
1785 4540 1835 4596 Se·

77 4637 196 4692 interua
216 4634 366 4692 dulcedine
394 4641 504 4706 quanto
521 4633 647 4704 amplius
670 4634 747 4703 apud
767 4646 796 4687 ιι
815 4648 867 4689 ιιι
882 4634 930 4689 in·
983 4627 1102 4681 cendam
1125 4628 1265 4705 Phttonent
1286 4631 1367 4696 prius
1385 4632 1514 4681 creantur
1534 4629 1650 4696 spiritus
1669 4642 1752 4692 qaam
1772 4643 1836 4684 cor-

76 4723 158 4781 tuitu
175 4723 331 4780 inanescit?
352 4725 380 4780 Si
395 4724 473 4780 euim
494 4737 596 4779 verum
616 4730 668 4788 est,
684 4723 762 4792 quod
785 4731 838 4788 cst,
860 4723 930 4793 quia
979 4732 1060 4785 pora·
1080 4745 1114 4754 -
1134 4720 1169 4771 Αῐ
1191 4729 1259 4771 vero
1279 4715 1353 4772 elabi
1379 4730 1436 4771 11011
1455 4716 1538 4771 debet
1553 4715 1623 4786 quid
1644 4715 1680 4770 tit
1702 4728 1769 4785 (111ae
1794 4715 1835 4771 illi

77 4812 132 4870 ubi
149 4811 305 4868 intenderis
320 4811 478 4883 ingenium,
496 4811 535 4867 ibi
549 4811 633 4878 valet,
651 4815 720 4881 quia
740 4810 865 4881 quisque
879 4818 930 4867 aut
983 4804 1157 4874 predicatur
1171 4802 1259 4861 atiore
1274 4805 1375 4873 gratia.
1392 4802 1461 4870 Quae
1474 4805 1560 4859 etiarn
1582 4801 1710 4873 eiusdem
1733 4805 1835 4872 gratiae

76 4913 159 4967 vera,
175 4908 226 4955 aut
246 4899 316 4955 laisa
331 4899 529 4956 intentionese
544 4898 665 4965 debriat,
686 4899 716 4953 in
737 4899 801 4970 ejus
817 4899 856 4954 rei
872 4905 931 4954 stu·
983 4891 1139 4963 plenitudo.
1161 4893 1257 4948 Gratia
1285 4906 1337 4963 pro
1362 4891 1527 4948 remissione
1555 4892 1672 4962 ponitur
1698 4901 1834 4962 peecato-

77 4988 127 5045 (ιιι
151 4987 261 5044 caeteris
287 4996 423 5058 praestare
445 5002 474 5044 se
505 4995 596 5058 putat.
622 4987 695 5043 Duru
716 4986 793 5042 enim
819 4986 856 5043 ad
877 4987 930 5044 boe
983 4994 1058 5049 rum,
1076 4988 1108 5035 ιι
1122 4989 1163 5036 ιιι
1178 4980 1207 5036 ιι
1230 4979 1390 5050 apostolicis
1414 4979 1536 5035 littaris:
1560 4979 1666 5047 Gratia,
1691 4979 1836 5050 inquitet

77 5075 174 5133 solum
187 5075 304 5131 oculum
323 5075 431 5147 dirigit,
449 5076 478 5131 iu
494 5090 552 5146 quo
567 5075 612 5132 vel
638 5075 762 5131 inaniter
775 5074 829 5130 sibi
845 5073 930 5145 quasi
978 5085 1040 5139 pate
1056 5070 1132 5124 uobis
1151 5070 1349 5138 multiplicetur
1363 5069 1387 5134 (ι
1408 5070 1480 5123 Petr.
1502 5083 1520 5136 ι,
1539 5068 1576 5138 ιι.
1600 5066 1735 5124 ιιιιιιιιιι
1755 5069 1835 5126 enim

77 5163 270 5235 praeeminere
294 5164 418 5232 videtur,
442 5165 512 5221 dum
532 5163 656 5219 aliorum
681 5163 854 5219 utilitatibus
878 5162 930 5218 de·
983 5159 1106 5228 peccatis
1134 5157 1321 5229 pacilicamur
1348 5157 1414 5214 beo.
1431 5157 1459 5214 Si
1488 5157 1522 5213 de
1545 5165 1660 5227 peccato
1679 5157 1725 5214 ret
1749 5157 1835 5230 origi-

77 5252 234 5324 spiciendis
265 5252 441 5323 supersedet,
472 5267 509 5309 ιι
542 5252 659 5322 propria
686 5251 853 5322 arrogantia
878 5251 931 5308 (ιι-
982 5255 1053 5323 nati,
1067 5255 1112 5311 vel
1128 5254 1234 5312 actuali
1248 5254 1313 5325 eius
1331 5257 1439 5326 agitur,
1460 5269 1509 5325 per
1528 5263 1659 5311 sanctum
1675 5255 1726 5325 (ιιι
1746 5254 1772 5312 ιι
1796 5268 1834 5311 ιι

78 5349 239 5399 mentatur.
484 5392 488 5399 ,
984 5351 1065 5400 utero
1078 5344 1183 5401 coaluit
1207 5342 1355 5413 Spiritum,
1372 5344 1401 5400 id
1419 5353 1571 5416 purgatur.
1594 5344 1622 5400 Si
1637 5344 1682 5399 ria
1704 5343 1763 5400 Deo
1782 5357 1833 5413 per

116 5433 236 5490 Samma
252 5437 282 5487 in
305 5434 338 5487 lt.
359 5434 471 5501 Virgine
499 5432 664 5486 hamilitatis
688 5435 769 5485 ratio.
794 5460 828 5471 -
858 5429 930 5488 Sunt
983 5445 1071 5503 quam
1087 5432 1123 5488 ad
1138 5445 1188 5488 cor
1203 5432 1299 5488 veniat
1318 5431 1462 5504 cujusque
1482 5433 1574 5490 tidelis
1587 5432 1685 5505 parari
1701 5432 1831 5504 jubetur,

79 5522 182 5592 itaque
195 5520 380 5578 valentissimi
398 5530 426 5579 ιι
442 5522 577 5589 ιιιιιιιιι,
594 5522 644 5592 (ιιι
665 5535 724 5592 quo
743 5527 811 5577 suut
835 5520 930 5577 scicn-
984 5528 1075 5577 mater
1098 5520 1144 5577 cui
1159 5535 1190 5576 ιι
1208 5521 1404 5591 generandum
1423 5521 1545 5578 contulit
1561 5521 1689 5594 squalori
1706 5529 1732 5577 ct
1753 5518 1834 5576 incu-
