3794 6008
59 224 94 281 4³
511 217 541 274 v.
559 215 727 274 obtenuit
749 211 895 270 neutris
920 211 948 267 S.
971 207 1089 266 llelAE
1106 208 1154 268 DE
1174 211 1368 271 uovtuttttro

61 360 151 418 minet
166 357 221 430 pite
234 369 304 430 erga
324 356 416 412 Deum
438 351 607 420 devotionis,
625 350 796 409 creberrime
813 356 908 405 tamen
923 349 947 402 Δ
965 346 1048 404 modo
1062 345 1167 412 videat,
1184 346 1211 403 id
1230 353 1273 405 est
1287 348 1378 406 videri
1399 349 1484 408 laciat
1498 352 1575 410 Deus
1598 355 1714 425 bonum,

64 447 184 505 involvit
205 445 366 503 obscuritas
388 442 524 514 pristinae.
544 440 600 496 imo
619 439 771 506 naturalis,
792 451 910 495 consue
962 434 1048 491 vitari
1067 441 1095 491 et
1127 435 1204 493 credi
1230 450 1248 492 a
1275 437 1434 496 uobisvult
1466 439 1659 511 deceptorium
1686 460 1713 500 m

63 536 181 594 tudinis.
209 532 423 593 obtenebrascit
445 530 561 587 animus
578 544 616 586 ex
631 529 700 586 vitio
719 535 838 584 terrene
854 540 910 581 mo
964 523 1117 596 Apostolus
1129 525 1234 581 clamat
1250 540 1257 580 :
1275 528 1358 582 iliter
1371 544 1436 600 erpa
1450 530 1537 597 bomo,
1552 534 1615 600 qais
1629 550 1671 589 me
1685 535 1714 590 iil

65 626 109 694 lis,
124 640 160 682 ne
190 622 393 694 superbiamus
414 633 451 675 ex
471 617 574 689 gratia,
598 618 655 674 Deo
670 616 698 672 id
728 615 911 685 dispensante
963 611 1120 681 decarpere
1143 616 1237 668 mortis
1253 614 1356 684 huiusi
1380 617 1466 685 (Ram.
1491 633 1539 684 ru,
1564 621 1608 689 tt)
1635 629 1661 678 et
1677 637 1714 679 no

65 729 115 787 pro
139 712 231 774 nobis,
262 709 309 766 sed
334 721 435 764 rumas
459 705 616 762 irradiatur
642 704 744 760 ardore
767 714 910 771 campan·
964 699 1056 756 tiones
1079 700 1301 771 quesierimus,
1327 716 1433 776 pugnae
1454 707 1593 764 carnisin
1618 709 1715 780 spiritu

64 800 175 868 ettonis,
199 813 235 854 ue
249 797 358 854 delluat
382 795 411 851 in
433 793 604 851 barathrum
631 789 837 862 desperationis
860 793 912 844 aut
965 787 1082 859 spiritus
1107 787 1136 846 ia
1150 804 1265 847 carnem
1293 791 1364 862 (dat.
1380 809 1406 860 v,
1434 794 1597 864 tithonum
1621 807 1715 868 putari

64 887 202 945 criminis.
224 886 337 956 Sicque,
360 885 429 941 dum
444 881 608 939 alternatim
627 878 805 937 ascendendo
819 890 912 948 usqne
965 878 1046 935 Etsi
1072 878 1147 935 bona
1179 886 1329 951 utcunque
1362 881 1575 955 agimus,quia
1607 885 1636 941 in
1667 886 1715 944 lini

64 978 101 1035 ad
125 976 210 1034 coelos
232 983 260 1032 et
276 973 471 1031 desi-andenam
495 985 587 1043 usque
611 970 647 1027 ad
670 969 798 1040 abyssos,
822 979 912 1022 manu
967 966 1074 1039 peccati
1090 967 1217 1038 periculo
1232 965 1345 1039 sem'per
1358 985 1470 1041 snmus,
1488 981 1520 1029 ut
1534 972 1583 1030 illa
1596 973 1654 1031 Noe
1669 974 1711 1032 ool

66 1077 192 1135 superna
207 1063 366 1135 remigante
389 1059 569 1126 deducimur,
586 1057 617 1114 llt
631 1064 663 1113 ut
677 1069 728 1127 per
743 1052 914 1110 haecdiscri-
966 1056 1036 1127 quia
1067 1056 1113 1113 hic
1136 1056 1264 1128 requiem
1296 1073 1354 1114 non
1379 1059 1529 1128 babemus,
1562 1063 1598 1118 ad
1621 1062 1691 1129 Noe,

67 1153 145 1208 mina
177 1151 291 1219 adhoc,
314 1157 346 1206 ut
377 1148 467 1204 simus
489 1146 550 1203 sine
582 1143 748 1202 discrimine
763 1149 791 1200 et
813 1140 914 1198 timore
967 1143 1121 1212 Christum,
1146 1145 1197 1216 qui
1227 1146 1405 1217 requiescere
1425 1163 1476 1205 nos
1505 1149 1600 1218 iaciat,
1625 1152 1716 1223 suspb

65 1240 153 1299 etiam
178 1238 362 1305 discriminis,
381 1237 416 1292 ed
432 1235 520 1292 vitam
541 1233 647 1291 seilicet
662 1232 791 1290 caelibem
811 1229 914 1287 reaia·
968 1234 1003 1290 ttt
1020 1239 1095 1289 recte
1110 1232 1154 1291 die
1177 1235 1304 1291 meando
1321 1234 1390 1306 qaia
1408 1237 1513 1294 honum
1539 1238 1575 1296 sit
1596 1253 1655 1296 non
1671 1240 1715 1296 vid

68 1343 142 1386 mus.
159 1329 194 1385 lit
210 1329 233 1384 is
247 1327 304 1382 dies
318 1325 451 1382 secandus
474 1331 526 1392 est,
542 1322 612 1394 qnia
625 1335 642 1378 a
657 1321 768 1390 timore,
787 1319 838 1391 qai
851 1317 914 1390 pri·
968 1321 1038 1392 qnia
1063 1330 1214 1393 postquam
1248 1323 1333 1393 primi
1356 1324 1412 1380 diei
1436 1325 1465 1381 in
1493 1327 1627 1397 paradiso
1650 1328 1715 1384 habi

66 1432 131 1476 mus
155 1418 264 1489 gradus
278 1423 330 1483 εει,
358 1415 447 1486 pietas
471 1412 616 1469 secundus
630 1417 682 1468 est.
708 1410 800 1467 Pietas
817 1415 915 1465 autem
968 1408 1148 1480 protoplasto
1165 1410 1268 1480 perditi
1279 1411 1401 1482 gloriam
1422 1413 1571 1472 amisimus
1594 1414 1667 1473 istuc
1689 1416 1715 1473 dt

67 1506 103 1563 ad
119 1506 168 1563 liei
193 1505 304 1562 cultum
322 1503 455 1574 pertinet,
478 1508 510 1558 ut
532 1507 574 1557 est
597 1499 669 1556 illud
692 1495 821 1569 Apostoli
839 1511 845 1551 :
861 1497 915 1550 So·
969 1497 1088 1565 dolores,
1105 1512 1162 1554 non
1188 1498 1263 1555 hona
1278 1501 1446 1571 reperimus.
1464 1501 1543 1569 Quod
1560 1503 1628 1560 satis
1644 1513 1709 1574 apte

67 1596 134 1663 brie,
160 1600 206 1650 15
220 1598 246 1649 et
265 1594 350 1663 juste,
365 1596 390 1647 et
420 1593 466 1662 pie
489 1592 613 1645 vivamus
636 1588 704 1658 (rit.
727 1602 756 1652 n,
774 1585 808 1654 t).
833 1583 914 1652 Quod
970 1586 999 1642 in
1018 1586 1141 1643 Sabbata
1163 1587 1289 1658 paschali
1306 1597 1369 1660 post
1383 1591 1504 1646 Alleluia
1519 1598 1627 1648 tractus
1643 1592 1715 1663 quit

66 1685 106 1741 sic
125 1682 301 1753 exponitur:
318 1682 412 1737 Sobria
432 1680 461 1735 in
477 1678 568 1746 nohis,
583 1679 658 1747 iuste
679 1675 714 1732 ad
737 1673 912 1745 proximum,
928 1646 948 1702 Β
967 1674 1046 1743 εοιει,
1065 1674 1114 1745 qni
1139 1675 1265 1732 laborem
1283 1677 1380 1733 saculi
1401 1678 1491 1750 bajus
1506 1687 1567 1750 post
1583 1679 1710 1737 letitiam

63 1775 111 1844 pie
124 1770 160 1828 ad
185 1771 285 1828 Deum.
306 1770 386 1828 Unde
400 1776 428 1825 et
444 1768 523 1839 impii
538 1767 652 1838 proprie
670 1765 810 1822 dicuntur
827 1761 913 1819 alieni
968 1762 1021 1819 disi
1037 1775 1088 1818 nos
1101 1762 1256 1820 incurrisse
1272 1764 1362 1821 docet.

67 1860 163 1918 alrde.
187 1859 338 1928 Qnaevero
369 1857 463 1928 major
486 1857 587 1927 pietas,
612 1854 679 1925 quis
709 1868 746 1911 ex
776 1851 859 1909 nobis
877 1849 913 1906 ad
1004 1849 1088 1908 Vsus.
1108 1853 1136 1905 9.
1160 1880 1194 1892 -
1222 1854 1376 1909 Dicitaero
1404 1855 1495 1909 Deus:
1512 1855 1713 1925 Goaqeepeutur

67 1949 159 2007 Deum
174 1948 266 2019 maior
286 1946 404 2004 allectus
423 1960 484 2003 esse
504 1951 604 2016 potest,
620 1957 709 2014 quarn
724 1948 812 1998 totam
831 1952 914 1996 men·
969 1953 1028 2008 qua
1043 1939 1092 1993 sah
1111 1940 1177 1995 coeio
1190 1946 1254 1995 suat
1268 1943 1297 1995 ia
1312 1943 1397 1997 locam
1417 1959 1512 2011 uuam,
1527 1948 1552 1998 et
1572 1948 1707 2015 appareat

67 2040 103 2096 tis
120 2037 305 2095 intentionem
328 2034 358 2091 in
372 2033 478 2089 divinae
490 2029 636 2102 saptentiae
649 2029 747 2085 sinum
762 2025 912 2091 reclinare,
969 2032 1067 2096 Aqua,
1089 2043 1148 2097 qua
1171 2029 1220 2084 sub
1235 2031 1310 2099 eoetc,
1327 2038 1395 2087 sunt
1417 2032 1563 2089 saecularis
1588 2034 1716 2090 versutia

66 2134 94 2184 ει
109 2124 203 2182 oasin
218 2123 307 2193 hujus
322 2119 423 2178 mundi
438 2118 568 2189 negotiis,
587 2117 615 2173 in
630 2116 738 2188 quibus
753 2113 913 2185 sequidem
969 2115 999 2170 in
1034 2115 1100 2172 solis
1133 2117 1255 2189 negotiis
1293 2117 1455 2176 forensibus
1486 2127 1513 2176 et
1546 2120 1583 2175 ad
1614 2120 1716 2191 decipit

67 2214 226 2287 plurimum
242 2210 380 2266 vaiereet
396 2220 496 2277 sapere
518 2205 691 2278 gloriantur,
715 2200 871 2260 imbecilles
887 2207 915 2257 et
970 2204 1094 2261 maxime
1123 2205 1216 2274 callet,
1245 2213 1276 2263 et
1309 2206 1363 2264 sub
1393 2207 1464 2280 ingo
1495 2215 1591 2265 tamen
1623 2209 1716 2274 intelli¹

68 2303 163 2360 latnos
186 2300 301 2356 laceret
325 2299 352 2354 is
366 2302 429 2368 post
443 2295 492 2352 liei
515 2295 645 2352 timorem
666 2292 786 2349 idoneus
799 2296 827 2348 et
841 2304 914 2346 eom·
970 2301 1073 2350 nostrae
1111 2294 1304 2366 restringitur.
1344 2296 1394 2353 Hae
1426 2302 1640 2369 congregantur
1671 2300 1700 2352 ia

68 2400 167 2466 patens
180 2390 263 2448 valde
278 2388 386 2461 gradus
397 2394 448 2444 est.
969 2396 1062 2448 anam,
1079 2381 1149 2452 qnia
1164 2390 1228 2438 totae
1252 2384 1319 2451 Deo,
1337 2385 1388 2455 qni
1417 2384 1496 2443 locus
1524 2392 1620 2443 noster
1638 2395 1689 2454 est,
1714 2406 1716 2434 a

103 2483 158 2540 Sed
188 2479 309 2552 quaestio
324 2477 422 2550 gravis
451 2475 497 2532 hic
520 2474 622 2542 oritur,
643 2485 696 2530 cur
728 2485 794 2528 cum
825 2468 915 2540 pridie
968 2471 1097 2538 vicimus,
1126 2485 1263 2526 moretur
1283 2476 1309 2527 et
1332 2488 1424 2529 samus
1451 2477 1531 2541 (Act.
1562 2490 1628 2543 xvir,
1645 2476 1702 2543 ιδ),

67 2582 96 2632 ει
120 2570 240 2642 reliquis
260 2567 448 2638 sequentibus
467 2566 568 2623 diebus
592 2565 728 2622 dicatur:
748 2562 826 2619 Vidit
843 2562 914 2615 Deras
969 2555 1070 2625 nolint,
1087 2557 1294 2617 sollicitudines
1309 2568 1423 2630 nostrae,
1449 2577 1515 2633 quae
1529 2576 1612 2635 vagae
1625 2568 1652 2619 et
1671 2562 1714 2618 ins

69 2661 141 2732 qaod
159 2662 227 2714 esset
251 2656 357 2722 bonam,
374 2653 458 2711 hodie
473 2652 717 2724 praetermittatur.
734 2649 787 2706 Sed
809 2647 915 2704 scimus
969 2652 1054 2701 antea
1074 2646 1256 2717 distinebant,
1279 2649 1387 2706 servire
1406 2658 1562 2721 coguntur.
1588 2653 1659 2707 hoca
1675 2650 1714 2707 lie

69 2746 197 2820 quotide
219 2744 332 2802 diabolo
348 2743 453 2800 dicitur
476 2741 545 2813 quia
566 2742 730 2798 inveritate
748 2738 914 2808 noustetit3
969 2733 1049 2792 locus
1072 2735 1168 2794 lldeles
1189 2738 1300 2809 quique
1322 2738 1351 2795 in
1378 2738 1535 2811 scripturis
1558 2740 1615 2797 dici
1639 2739 1716 2797 solen

69 2837 119 2911 qui
134 2834 267 2908 qnandiu
292 2845 412 2888 summae
435 2829 548 2886 veritati
572 2828 696 2894 inhaesit,
721 2827 751 2884 in
771 2833 914 2904 qnantum
970 2824 1061 2881 multo
1077 2827 1169 2896 magis
1185 2827 1299 2898 proprie
1314 2827 1399 2897 Deus,
1416 2836 1499 2885 extra
1513 2843 1598 2900 quem
1616 2843 1668 2886 nec
1689 2843 1717 2884 nr

69 2927 110 2986 illi
131 2926 304 2996 conjunctus
336 2925 388 2987 εει,
413 2920 520 2976 veritas
541 2923 570 2974 et
593 2917 651 2988 ipse
672 2915 737 2972 tuit.
756 2916 810 2982 Qui
836 2913 1079 3000 enimcaliquid
1107 2918 1159 2984 εει,
1191 2915 1272 2973 locus
1297 2925 1394 2974 noster
1425 2925 1556 2974 vocatur.
1578 2916 1632 2985 Qui
1656 2916 1717 2988 quit

71 3017 191 3074 adierat
211 3012 334 3076 domiuo,
349 3022 419 3064 urias
440 3013 481 3064 est
495 3007 617 3077 Spiritus
636 3006 665 3074 (l
677 3006 743 3060 Cor.
759 3019 797 3072 vr,
810 3007 862 3072 it).
878 3004 914 3060 Et
967 3002 1074 3074 excipit
1087 3001 1142 3059 sibi
1165 3003 1302 3072 vivificat,
1323 3019 1401 3061 unus
1415 3011 1490 3062 recte
1505 3004 1621 3061 dicitnr.
1636 3005 1706 3061 Tota

69 3108 151 3164 deeo
167 3104 196 3160 in
216 3098 630 3158 lobscrihitur:llahiteatin
651 3093 823 3152 tahemaaaia
843 3093 912 3161 eius,
968 3097 1084 3160 nostra,
1116 3106 1205 3162 quam
1231 3092 1266 3148 de
1298 3091 1404 3149 saeculo
1426 3093 1623 3164 possidemus,
1652 3107 1717 3164 prur

69 3194 176 3252 scilicet
191 3187 269 3259 impii
293 3188 359 3243 socii
374 3186 443 3256 ejus,
468 3187 583 3256 qainon
605 3188 645 3239 est
663 3183 732 3252 (tad.
758 3198 836 3252 xvru,
860 3185 912 3247 ti).
969 3187 1039 3236 tuuc
1061 3178 1144 3250 plene
1157 3180 1192 3237 ad
1216 3180 1309 3238 Deum
1328 3182 1516 3252 convertitur,
1542 3196 1609 3241 eum
1632 3181 1667 3238 ad
1690 3196 1717 3254 ap

69 3283 139 3351 Quis
152 3286 195 3337 est
209 3280 258 3349 qai
272 3291 325 3331 aaa
347 3279 387 3330 est
400 3273 454 3331 nisi
470 3272 611 3332 diabolus.
627 3271 679 3344 qui
694 3271 724 3327 in
739 3279 914 3343 quantuma
969 3267 1153 3325 ecclesiarum
1185 3283 1307 3337 causas,
1340 3277 1368 3327 et
1404 3271 1581 3327 extrinsecas
1612 3283 1708 3340 curas,

69 3386 137 3430 vero
152 3383 212 3427 esse
235 3365 350 3433 decidit,
363 3365 423 3435 jam
438 3376 499 3419 esse
521 3362 607 3419 etiam
630 3361 746 3418 destitit.
767 3359 915 3427 Quomodo
969 3355 1084 3413 litterati
1112 3357 1169 3414 viri
1200 3357 1298 3415 minus
1329 3358 1401 3415 scire
1433 3359 1535 3428 solent,
1570 3358 1629 3415 zelo
1659 3366 1687 3416 et

69 3461 146 3519 enim
161 3465 213 3526 est,
239 3455 290 3527 qni
306 3460 364 3510 tam
387 3451 537 3509 infeliciter
557 3456 610 3514 est,
627 3450 683 3506 imo
704 3449 756 3521 qui
770 3447 915 3505 aternati-
969 3444 1148 3502 deserviendi
1173 3445 1218 3503 his
1232 3446 1283 3518 qni
1305 3447 1538 3518 contemplationi
1564 3448 1718 3505 inserviunt

69 3559 113 3608 ter
128 3549 156 3603 in
171 3552 261 3602 morte
281 3542 342 3598 sine
367 3548 458 3597 morte
471 3545 522 3595 εει.
542 3536 622 3605 Quod
640 3537 714 3594 idem
729 3544 756 3594 et
775 3537 811 3595 de
833 3535 916 3593 nobis
970 3532 1090 3591 liberius
1102 3534 1161 3591 Deo
1179 3542 1292 3604 vacent,
1314 3535 1466 3593 saeculares
1489 3535 1599 3607 quique
1613 3536 1717 3608 aceing

69 3637 219 3702 sentimus,
241 3630 312 3703 quia
331 3628 417 3685 abel
436 3625 546 3682 risione
570 3624 715 3695 inprimis
746 3625 916 3696 parentibus
970 3622 1077 3679 llinon
1100 3622 1137 3679 ad
1158 3623 1338 3695 decipiendos
1368 3638 1509 3695 pauperes
1530 3638 1582 3681 sno
1612 3623 1672 3695 jam
1693 3637 1718 3682 u'

69 3726 142 3797 lapsi
161 3735 272 3787 sumus,
299 3718 334 3775 de
363 3715 483 3773 veritate
509 3714 537 3769 in
560 3713 716 3770 vanitatem
735 3712 913 3781 devenimus,
970 3709 1095 3782 ingenio,
1118 3710 1166 3767 sed
1191 3723 1298 3768 aarum
1320 3720 1348 3769 et
1369 3719 1523 3784 argentum
1539 3712 1617 3783 quod
1637 3712 1671 3768 de
1694 3711 1718 3768 A

69 3823 98 3873 et
126 3810 265 3869 veraciter
292 3821 353 3864 esse
377 3801 565 3875 perdidimus,
587 3800 641 3857 nisi
668 3801 747 3872 quod
778 3799 827 3857 Dei
855 3801 915 3858 sola
969 3800 1146 3867 extulerunt,
1161 3799 1198 3855 ad
1210 3801 1419 3857 exstruendum
1434 3800 1485 3856 Dei
1501 3799 1718 3858 tabernaculum

71 3901 164 3973 gratia
186 3904 282 3954 nostro
306 3901 401 3950 tamen
423 3889 528 3947 sudore
543 3887 696 3944 durissimo
715 3902 748 3945 ac
779 3887 915 3945 condictu
968 3887 1099 3955 litudine,
1123 3888 1217 3956 idest,
1233 3895 1317 3945 extra
1335 3888 1436 3945 turbas
1452 3887 1589 3944 vitiorum
1605 3888 1708 3946 devota

71 3986 182 4046 restitui
200 3983 353 4041 credimus.
370 3979 444 4035 Hinc
457 3977 527 4034 dum
548 3975 583 4033 ad
602 3976 779 4048 glutiendam
794 3977 914 4034 salivam
968 3975 1145 4046 expendant.
1168 3976 1202 4032 lli
1224 3984 1292 4033 sunt
1307 3976 1400 4033 cilicia
1415 3975 1518 4034 domus
1542 3977 1602 4045 Dei,
1628 3977 1718 4049 quise

69 4075 171 4148 capitis
186 4070 285 4138 nostri,
304 4069 338 4125 ad
352 4064 582 4138 praegustandam
598 4064 730 4122 videlicet
744 4066 914 4138 sapientiam
969 4065 1045 4122 rium
1062 4077 1201 4121 curarum
1224 4064 1357 4134 pulveres
1382 4064 1513 4134 tolerant,
1532 4073 1564 4122 nt
1589 4065 1718 4136 hyacinti

70 4162 233 4221 conditoris
251 4158 338 4216 nostri
352 4154 464 4228 magnis
477 4153 609 4224 suspiriis
630 4154 824 4222 elaboramus,
848 4169 913 4212 nos·
969 4165 1102 4224 purpura
1129 4159 1296 4209 sanctarum
1325 4153 1466 4210 mentium
1494 4152 1566 4209 nibil
1593 4153 1718 4210 exterior

70 4251 203 4321 metipsos
224 4245 307 4304 nohis
328 4244 413 4301 valde
434 4242 593 4300 contrarios
615 4243 721 4314 positos
735 4243 948 4313 experimenti
968 4239 1144 4311 quietudinis
1169 4240 1271 4308 lerant,
1304 4241 1354 4298 sed
1377 4256 1429 4299 sno
1453 4240 1647 4298 indesinenter
1672 4255 1718 4312 prr

69 4348 97 4397 et
113 4340 141 4396 in
156 4336 258 4394 salutis
272 4348 356 4405 opere
370 4332 513 4389 neminem
532 4331 710 4398 viciniorem,
724 4330 913 4389 infestiorem·
966 4328 1080 4385 instent.
1112 4331 1147 4384 at
1160 4334 1294 4399 appareat
1316 4330 1409 4396 crida,
1428 4330 1523 4401 inquit
1534 4350 1544 4396 ,·
1559 4345 1610 4401 per
1622 4331 1677 4387 hoc
1690 4344 1718 4387 nt

69 4442 127 4498 qne
141 4427 251 4483 bostem
280 4436 368 4494 quam
390 4435 442 4478 nos
467 4420 602 4491 patimur.
632 4419 825 4491 Conqueritur
848 4420 914 4476 inde
966 4415 1044 4488 quod
1064 4416 1238 4473 conscientia
1262 4418 1372 4488 pridem
1393 4417 1484 4474 liuida
1504 4419 1540 4474 ad
1561 4419 1652 4475 Deum
1674 4433 1718 4475 cot

70 4513 219 4573 Psalmista
249 4527 256 4567 :
287 4511 410 4577 ρεαειαε
437 4507 579 4564 ostendisti
608 4509 678 4562 mihi
706 4508 912 4574 tribulationes,
967 4503 1055 4574 gitur,
1077 4510 1153 4560 terra
1175 4505 1270 4561 cordis
1293 4505 1381 4562 nostri
1397 4519 1413 4561 a
1429 4506 1637 4577 cogitationum
1652 4521 1719 4577 supe

69 4603 169 4657 mattas
191 4605 217 4654 at
235 4598 322 4652 maias
349 4596 433 4667 (Psoi.
459 4611 520 4658 axx,
549 4593 605 4664 til.
631 4593 665 4650 Et
688 4593 756 4650 alibi
782 4593 838 4650 sub
863 4608 913 4664 spe
967 4603 1031 4646 rum
1047 4589 1274 4663 ingurgitatione
1291 4593 1397 4651 siccata
1413 4594 1474 4665 jam
1489 4594 1614 4652 terendis
1634 4593 1702 4652 boni

70 4686 161 4744 lutari
182 4685 248 4742 boni
270 4685 386 4741 laetatur
405 4697 411 4736 :
428 4685 479 4738 Pro
500 4681 606 4750 diebus,
630 4681 728 4751 quidus
754 4680 913 4737 humitiatas
966 4677 1101 4749 lrugibus
1117 4688 1235 4750 apparet
1250 4689 1327 4751 apta.

68 4782 118 4844 est,
132 4778 212 4830 anais
234 4774 332 4845 quidus
354 4772 426 4828 uidit
449 4772 533 4842 (Paci.
550 4786 659 4837 exxxrx,
687 4771 743 4838 Π),
760 4768 844 4826 idest
865 4786 914 4827 ex·
1003 4766 1088 4823 Vnus.
1107 4771 1152 4825 td.
1169 4797 1206 4811 -
1220 4769 1259 4824 Ει
1281 4773 1388 4825 sacravit
1405 4772 1474 4826 Deus
1497 4771 1606 4826 aridam
1632 4776 1719 4826 teman

70 4870 169 4935 pertus
193 4869 234 4918 εει
248 4861 330 4916 mata.
352 4861 424 4917 cum
439 4874 506 4930 ergo
527 4858 588 4914 dies
602 4856 669 4914 mali
690 4855 747 4913 sint
760 4858 869 4927 (aptes.
885 4875 911 4927 r,
966 4857 1136 4924 prepatioaes
1154 4872 1290 4927 aquarum
1305 4873 1368 4913 uero
1387 4861 1539 4929 appellauit
1553 4861 1651 4913 maria.
1677 4856 1719 4912 Ter

71 4954 125 5018 tii),
148 4957 176 5006 et
198 4948 326 5005 mundus
348 4948 376 5003 in
393 4946 521 5017 maligno
546 4944 786 5014 positustttoaa.
802 4959 830 5011 r,
857 4948 912 5018 ιε),
967 4944 1087 5001 humore
1118 4945 1243 5002 carnalis
1272 4946 1436 5017 petulantie
1461 4945 1648 5016 avaritiaeque
1680 4943 1719 5000 let

68 5045 96 5093 et
117 5035 195 5091 bunc
216 5034 380 5092 condictum
395 5032 565 5090 inferiorum
580 5043 736 5100 aquarum,
760 5031 914 5103 inquibus
966 5037 1034 5101 apta
1059 5030 1176 5102 quidem
1194 5032 1286 5090 cultui
1302 5047 1337 5090 ac
1360 5033 1469 5091 lruetui
1496 5039 1538 5089 est
1553 5032 1661 5097 divino,
1691 5046 1719 5087 se

68 5132 111 5181 est
141 5123 276 5193 superbia
305 5123 447 5178 adversus
476 5117 647 5187 superiores,
673 5118 782 5189 quibus
801 5127 914 5176 constat
966 5122 1134 5188 prepatimtes
1148 5136 1284 5191 aquaram
1300 5122 1354 5179 sub
1367 5123 1433 5194 jure
1453 5121 1572 5177 rationis
1587 5133 1644 5174 non
1663 5135 1692 5176 se
1708 5134 1719 5175 t

68 5211 217 5269 humilitas
240 5218 268 5269 et
284 5209 420 5268 sanctitas
435 5205 464 5262 in
485 5205 560 5261 ralla
575 5205 780 5277 lacrymarum,
802 5206 831 5264 in
848 5207 913 5266 lacn
967 5207 1037 5265 taric
1069 5209 1244 5277 cohibentes,
1269 5210 1463 5267 amarissimos
1493 5207 1683 5264 tentationum
1709 5209 1719 5264 l

68 5299 199 5366 miserie,
223 5298 327 5356 saeculo
356 5293 463 5351 scilicet
494 5293 626 5364 prasenti
659 5293 822 5362 toleremus,
843 5309 912 5366 pro·
968 5294 1093 5353 innohis
1116 5299 1302 5355 exsuscitant.
1329 5298 1408 5355 Unde
1429 5297 1716 5354 etmariavoeabulo

68 5384 180 5456 phetica
208 5381 421 5456 apostolicaque
454 5379 555 5452 lingua
588 5379 640 5436 hoc
671 5394 728 5437 non
759 5381 846 5440 vitam
879 5398 913 5440 ao
966 5398 1095 5458 congruo
1116 5386 1308 5458 appellantur.
1332 5387 1424 5441 diaria
1446 5382 1524 5440 enirn
1538 5384 1701 5442 amaritudo

69 5473 201 5543 patriam,
226 5471 274 5528 sed
297 5468 432 5526 exsilium
460 5476 638 5538 mortemque
661 5468 819 5534 denuntiet,
840 5484 912 5541 quo·
966 5480 1105 5544 pretatur.
1122 5473 1340 5532 intemeratum
1351 5472 1472 5541 irarum,
1488 5471 1642 5530 libidinum
1652 5479 1680 5530 et
1690 5472 1717 5529 al
