3818 6008
347 109 580 168 Thoeobooim
600 111 634 167 ΙΝ
655 111 751 174 OSEE.
773 112 865 170 AMOS
883 113 926 169 ht
943 114 1015 170 tuh.
1031 144 1066 155 -
1078 115 1142 172 tin.
1163 116 1213 173 ili.
1237 117 1271 172 lit
1291 116 1390 173 OSEE.
1689 123 1741 176 40⁴2

62 238 146 310 quasi
169 239 304 296 columba
328 240 363 296 de
389 247 465 298 terra
489 240 684 312 Assyriorum,
700 249 727 298 et
746 242 835 299 collo-
853 244 1067 302 Asaeculariter
1092 245 1204 316 placem
1229 246 1372 305 desiderat
1401 249 1436 305 de
1471 257 1653 308 excremento
1681 253 1741 308 vir-

56 327 95 384 bo
107 341 155 384 aas
168 326 198 384 in
210 327 344 385 domibus
358 329 429 385 suis.
448 350 459 379 ι
477 331 542 385 Filii
558 333 642 385 noane
657 347 691 386 ea
712 331 838 401 AEqqpto
894 340 1000 390 tutum.

58 417 142 471 iacis
157 416 283 485 avolant,
299 418 369 474 dum
386 417 537 474 instinctus
549 419 702 489 soperbia,
718 421 770 490 qui
787 434 838 490 per
928 422 1014 480 Vnus.
1029 426 1054 478 ι.
1071 454 1106 465 -
1123 447 1134 474 ι
1157 424 1302 481 iudicium
1326 439 1396 498 ergo
1423 426 1537 482 Domini
1563 441 1629 484 enm
1655 428 1739 497 tuda,

56 504 251 576 auguratur,
276 520 312 562 ex
336 506 443 562 intimis
464 507 654 564 sedesideriis
676 507 787 577 allevat,
810 516 838 565 ot
894 518 951 568 »et
983 513 1107 569 visitatio
1137 528 1224 583 super
1245 514 1341 570 Jacob.
1369 535 1383 564 o
1408 515 1474 571 Cum
1501 516 1575 570 iuda
1604 517 1741 584 iudicium

56 600 158 649 tentem
196 607 346 650 maerorem
366 595 472 665 gaudio
498 595 641 666 spirituali
672 604 837 654 commutat.
892 601 1061 669 Dominiest,
1080 601 1149 672 quia
1168 602 1198 657 in
1222 603 1327 659 virtute
1342 602 1538 671 confessionis,
1562 603 1742 660 discretionis

56 689 128 752 ptus
154 681 231 738 enim
258 698 396 738 merorem
425 685 528 755 signat.
561 687 645 752 Quasi
665 686 837 742 columbeio
892 689 1047 759 spirituum
1061 691 1204 747 subtilitas
1219 691 1396 761 permaxime
1413 691 1573 747 necessaria
1584 697 1636 748 est.
1651 693 1741 764 Super

56 771 112 828 tine
124 771 197 840 felle,
213 772 261 828 sed
276 771 393 830 seducta
406 775 469 831 sine
483 774 577 843 eorde,
595 776 630 830 de
648 780 722 831 terra
746 779 838 846 Asan—
890 779 979 833 Jacob
992 782 1116 834 visitatio
1132 780 1172 848 ht,
1186 793 1252 835 eum
1268 780 1297 835 in
1307 780 1529 850 supplantandis
1539 779 1617 836 vitiis
1636 780 1740 838 rationi

56 877 91 916 eu
113 860 218 930 avolat,
246 876 313 918 oum
334 877 418 919 omne
434 864 504 921 illud
528 877 546 919 a
569 879 598 920 se
618 873 745 922 removet
759 865 837 936 quod
891 876 997 924 nostrae
1012 874 1104 923 metus
1118 868 1224 924 divinae
1249 867 1365 925 ultionis
1391 882 1504 938 semper
1519 869 1634 925 assistit.
1664 872 1740 925 Visi-

56 949 151 1020 posius
174 950 203 1004 iu
226 950 280 1006 hoe
306 953 416 1008 mundo
440 967 473 1007 ae
502 953 641 1010 curialius
667 961 757 1022 putat.
779 954 838 1010 lloe
875 958 960 1010 ·tetio
974 957 1051 1012 enim
1068 957 1220 1027 aliquoties
1247 971 1298 1026 pro
1324 960 1465 1026 punitione
1479 959 1606 1027 ponitur.
1625 982 1635 1008 r
1652 959 1741 1014 iuxta

56 1055 63 1094 t
87 1039 216 1095 aulicum
244 1049 337 1096 soant.
362 1043 393 1096 ln
417 1042 539 1097 domibus
561 1045 617 1096 suis
643 1058 685 1096 eos
707 1040 835 1108 collocat,
893 1044 985 1100 »vias
1002 1045 1066 1115 ejus
1080 1052 1107 1100 et
1128 1044 1214 1115 juxta
1234 1045 1453 1101 adinventiones
1469 1047 1533 1116 eius
1560 1047 1737 1103 reddctei.»

72 1126 109 1183 ad
138 1128 343 1185 conscientiam
372 1138 519 1186 revocatos
545 1143 634 1186 asua
661 1130 836 1201 dispersione
885 1133 972 1201 juata
990 1135 1053 1187 eius
1077 1131 1175 1202 ejusei
1201 1132 1340 1198 redditur,
1367 1146 1433 1188 cum
1462 1133 1622 1190 intellectus
1645 1142 1740 1192 noster

57 1223 138 1272 unat.
891 1220 1107 1292 proculusque
1139 1221 1245 1276 erroris
1280 1221 1440 1290 quantitate
1465 1224 1682 1293 compungitur,
1712 1231 1740 1279 et

56 1318 106 1363 tas.
132 1308 176 1361 li.
205 1336 237 1345 —
257 1324 272 1357 a
294 1305 487 1363 circumdedit
517 1322 561 1363 me
588 1307 617 1363 iu
644 1307 835 1379 negotiatione
890 1309 974 1379 quasi
1006 1324 1056 1379 pro
1087 1309 1238 1365 commisso
1266 1310 1395 1379 vapulat,
1420 1310 1490 1366 dum
1515 1310 1622 1367 doloris
1645 1312 1738 1367 intimi

58 1391 162 1462 braim,
193 1394 276 1451 etin
319 1395 382 1451 dolo
401 1395 503 1452 domus
526 1397 624 1453 lsrael.
658 1396 835 1467 »Ephraim
890 1397 1024 1455 talionem
1053 1397 1193 1468 petulanti
1228 1398 1375 1469 quondam
1412 1399 1508 1455 animo
1544 1406 1738 1469 representat.

55 1484 127 1537 nin
141 1483 324 1551 negotiatione
346 1483 515 1551 circumdat,
546 1499 612 1539 curn
638 1483 833 1554 presidentem
854 1486 1100 1577 Badinventiones
1127 1493 1224 1544 autem
1245 1494 1314 1543 sunt
1341 1501 1526 1558 quaeounque
1554 1486 1582 1543 in
1605 1487 1741 1543 humanis

71 1566 101 1624 in
130 1569 187 1625 Deo
230 1569 371 1625 rationein
397 1569 495 1641 glorian
523 1569 617 1626 inanis
650 1571 834 1628 mercimonio
891 1575 992 1632 usibus
1005 1575 1099 1632 debito
1112 1583 1224 1631 naturae
1246 1583 1413 1646 supersunt.
1438 1576 1537 1631 Hasei
1554 1575 1656 1641 reddit,
1672 1590 1737 1632 eum

56 1663 163 1729 gustat.
178 1656 253 1724 Quid
276 1657 353 1714 enirn
380 1666 422 1713 est
439 1658 491 1713 nisi
509 1659 657 1730 negotiari,
686 1674 735 1730 pro
752 1660 834 1732 vulgi
890 1663 944 1720 sibi
974 1663 1025 1734 ipsi
1053 1663 1266 1721 intellectuallis
1292 1663 1338 1719 ille
1363 1663 1454 1735 judex
1482 1663 1537 1720 sub
1553 1664 1739 1734 penitudinis

56 1745 214 1802 ibusbene
241 1745 526 1816 operariiprraim
545 1761 612 1819 ergo
635 1749 726 1805 Deum
752 1765 833 1818 neqo-
889 1750 1060 1808 accerbitate
1071 1750 1205 1807 restituit.

56 1851 94 1888 me
127 1834 297 1899 circumdat,
317 1849 384 1891 curn
411 1836 447 1891 ad
472 1836 649 1906 recipiendas
676 1852 727 1908 pro
747 1838 833 1895 bene·
924 1839 1009 1896 Vnus.
1036 1842 1144 1895 34.-
1173 1862 1183 1888 ι
1215 1841 1248 1896 ln
1280 1847 1361 1897 utem
1401 1838 1600 1910 supplantavit
1621 1840 1737 1895 lratrem

56 1937 62 1978 ι
87 1922 197 1991 laudes,
220 1925 387 1980 sentientem
410 1939 477 1981 cum
499 1924 556 1980 Deo
571 1925 705 1995 spiritum
726 1926 833 1982 volun·
887 1941 1025 1996 usuum3
1041 1935 1068 1984 et
1092 1929 1120 1983 in
1148 1928 1314 1985 tortitudine
1339 1941 1393 1983 sua
1411 1927 1537 1983 directus
1550 1935 1591 1983 est
1606 1941 1672 1983 oum
1686 1940 1738 1983 au-

79 2014 193 2070 vanitas
222 2014 375 2084 persuadet
396 2022 423 2070 et
441 2014 547 2070 incitat.
577 2017 676 2069 Domus
696 2017 785 2070 lsrael
803 2019 833 2070 in
890 2038 900 2065 »
923 2017 994 2089 gelo.
1012 2017 1048 2074 Et
1063 2016 1186 2072 invaluit
1196 2017 1231 2072 ad
1247 2015 1394 2088 angelum,
1410 2023 1438 2072 ει
1463 2015 1639 2071 confortatus
1652 2023 1732 2071 est.»

69 2100 240 2167 circumdat,
260 2117 326 2159 enm
348 2104 521 2158 conscientia
545 2103 654 2159 carnali
682 2103 831 2174 appetitui,
886 2107 917 2160 ln
929 2109 1004 2159 utero
1022 2107 1148 2172 fratrem,
1163 2104 1337 2174 supplantat,
1354 2118 1419 2160 cum
1436 2103 1512 2159 intra
1535 2102 1735 2159 conscientiam

56 2196 118 2244 ¹est
133 2188 231 2256 lsrael,
247 2202 338 2259 prona
357 2188 385 2245 ln
402 2189 552 2259 superficie
571 2190 760 2262 cogitationis,
783 2192 833 2247 im·
886 2193 1011 2249 earnalis
1024 2192 1199 2264 rigiditatem
1220 2193 1365 2262 appetitus
1384 2191 1553 2262 praecipitat.
1567 2193 1602 2246 ln
1620 2194 1733 2258 sortitu-

56 2297 59 2324 ·
88 2277 206 2332 rationis
235 2276 431 2346 obtemperare
446 2292 475 2332 so
490 2278 624 2344 simulat;
646 2294 711 2349 quae
736 2283 831 2336 tamen
886 2281 1086 2335 dinesaocam
1114 2282 1217 2346 Anneio
1235 2279 1381 2350 dirigitur,
1396 2293 1463 2335 cum
1478 2278 1595 2335 libertas
1610 2279 1733 2346 arbitrii,

56 2365 222 2421 rtuuitatem
235 2365 371 2434 peccandi
387 2374 560 2435 aucupatur,
571 2368 594 2421 si
610 2366 701 2434 liceat,
715 2387 729 2415 α
742 2367 832 2423 ludas
885 2383 945 2441 qua
959 2369 1059 2427 lortius
1075 2369 1145 2425 nihil
1161 2377 1212 2436 est,
1228 2368 1351 2425 sermoni
1367 2368 1475 2434 divino,
1501 2368 1552 2437 qui
1566 2368 1616 2423 Dei
1629 2368 1666 2425 ad
1684 2383 1736 2424 uos

56 2459 111 2509 tem
140 2454 219 2510 testis
242 2454 556 2520 desconditcumlleo‚
582 2462 697 2512 etcum
725 2456 832 2511 sanctis
876 2458 1081 2514 vinternuntius
1104 2465 1157 2523 est,
1194 2455 1339 2511 irremisse
1361 2453 1503 2510 innititur.
1528 2455 1577 2508 Ad
1600 2456 1735 2523 Ampelum

56 2540 115 2598 elis.
132 2540 243 2608 »Quod
268 2550 310 2598 est
330 2542 446 2598 dicere:
468 2542 670 2600 Poenitentialis
693 2543 830 2600 confessio
885 2545 1042 2612 invalescit,
1080 2558 1147 2601 curn
1177 2558 1214 2600 ex
1252 2542 1360 2614 eloquii
1388 2542 1616 2613 frequentatione
1644 2541 1735 2599 divini

60 2631 139 2701 quod
161 2630 190 2685 in
205 2630 287 2687 nobis
303 2631 378 2688 Deus
399 2631 521 2702 judicat,
547 2632 608 2702 ipsa
622 2634 709 2689 etiam
723 2633 854 2708 pariter,
884 2641 984 2692 contra
1004 2632 1162 2690 contrarias
1186 2630 1365 2688 tortitudines
1386 2631 1536 2701 spirituale
1564 2630 1592 2686 in
1619 2628 1680 2686 dies
1694 2644 1736 2685 ro·

56 2726 159 2787 emnat,
177 2739 188 2767 ι
203 2719 227 2775 si
241 2718 318 2775 enim
343 2719 530 2788 nosmetipsos
547 2718 754 2790 judicaremus,
771 2735 828 2776 non
884 2723 940 2779 bur
966 2721 1111 2779 accrescit.
1139 2720 1333 2786 Conlortatur,
1354 2719 1423 2776 dum
1449 2719 1523 2774 inter
1545 2718 1734 2775 tentationum

55 2820 81 2864 te
102 2806 343 2878 judicaremurll
367 2809 470 2872 cor.u,
506 2807 560 2879 at).
590 2829 603 2856 »ι
629 2808 661 2863 ln
683 2808 737 2863 hoo
767 2809 1040 2879 ipsodmolimina,
1056 2821 1203 2876 nusquam
1219 2805 1323 2863 mentis
1336 2805 1415 2877 rigor
1429 2813 1533 2861 nutare
1544 2805 1730 2875 permittitur.

56 2898 106 2951 ileo
134 2897 210 2949 testis
234 2895 380 2964 deseendit,
398 2896 425 2952 id
447 2902 490 2951 est
504 2894 683 2962 humiliatur,
710 2895 780 2966 quia
791 2896 828 2952 ab
886 2916 896 2944 ι
915 2895 1007 2952 Flevit
1018 2902 1046 2951 et
1065 2893 1178 2965 rogavit
1202 2907 1280 2949 eum.
1301 2913 1311 2940 »
1334 2891 1368 2947 ln
1388 2891 1457 2948 lietu
1481 2891 1586 2947 humor
1612 2889 1730 2948 interior

56 2981 117 3040 aitn
135 2990 163 3040 et
178 2983 275 3051 lsrael,
296 2991 354 3040 tam
384 2984 515 3054 superbis
529 2997 617 3053 quam
633 2984 770 3051 subdolis,
791 2985 827 3040 ad
882 2984 918 3039 ad
932 2983 1074 3065 exteriora
1089 2982 1211 3038 elicitur.
1229 2981 1309 3037 Flere
1332 2994 1400 3052 ergo
1416 2981 1532 3049 dicitur,
1551 2980 1603 3050 qui
1617 2995 1732 3036 omnem

70 3071 192 3142 simplici
216 3072 371 3144 dejectione
390 3072 558 3129 recurritur.
582 3073 622 3127 Et
648 3089 707 3127 cum
725 3075 828 3127 sanetis
882 3071 1048 3129 interiorem
1063 3070 1210 3127 mollitiem
1237 3083 1394 3126 exsuccare
1414 3075 1545 3132 conatur,
1571 3068 1662 3139 liogat
1676 3081 1732 3123 au-

56 3167 143 3228 rest,
167 3160 236 3216 dnm
262 3161 463 3225 humilitatem,
481 3175 568 3230 quam
590 3161 632 3216 eis
651 3161 827 3232 inpraesenti
882 3160 989 3231 gelum,
1017 3161 1066 3229 qui
1098 3161 1126 3214 iu
1150 3173 1265 3216 summa
1289 3159 1375 3215 habet
1401 3157 1585 3214 veneratione
1600 3165 1627 3213 et
1648 3171 1731 3215 revo-

56 3255 110 3316 rat‚
134 3248 163 3321 in
185 3248 332 3318 sequentis
355 3247 454 3305 saeculi
474 3247 649 3304 exaltatione
675 3249 825 3319 glorificat.
881 3248 974 3306 rentia
989 3249 1037 3305 Dei
1060 3248 1229 3304 verbum:«
1251 3249 1283 3303 in
1299 3246 1396 3304 Bethel
1419 3247 1620 3314 iuveniteum,
1648 3253 1677 3302 et
1691 3246 1731 3301 ibi

56 3335 84 3391 'is
109 3349 178 3408 ergo
202 3335 318 3402 dicitnr,
335 3336 405 3407 quia
429 3337 508 3408 quod
536 3337 618 3393 modo
643 3337 762 3407 spondet
772 3336 827 3393 ilde
882 3359 893 3387 ι
916 3338 1029 3395 loeutus
1044 3344 1086 3394 est
1105 3340 1174 3391 m
1192 3336 1350 3392 nobiseum.
1364 3333 1572 3407 (irasmi
1590 3334 1730 3391 Dominus

56 3422 152 3481 iterna
166 3422 274 3480 sanctis
288 3424 469 3494 exsequitur.
882 3448 893 3476 ι
913 3428 989 3483 Deus
1001 3425 1192 3493 exercituum,
1210 3424 1350 3480 Dominus
1364 3422 1528 3479 memoriale
1542 3421 1615 3493 ejus.
1642 3443 1653 3471 ι
1673 3423 1729 3478 Be-

300 3512 416 3569 CAPUT
428 3513 492 3569 xii.
880 3514 938 3571 thel
961 3514 1168 3583 interpretatur
1193 3513 1287 3567 domm
1312 3513 1370 3566 Dei.
1404 3509 1437 3566 ln
1468 3509 1563 3566 Bethcl
1592 3509 1726 3580 angelum

56 3615 98 3658 as.
118 3602 225 3656 l.-«
245 3600 383 3670 Ephraim
410 3600 499 3671 pascit
519 3607 638 3657 ventum
653 3608 680 3656 et
694 3600 827 3672 sequitur
879 3605 992 3669 inuenit,
1022 3615 1088 3657 cum
1108 3601 1199 3656 Deum
1225 3598 1448 3655 inhabitatorem
1482 3597 1729 3669 geranoperejus

56 3697 123 3745 tum.
139 3709 154 3739 o
180 3688 317 3758 Ephraim
341 3693 449 3743 eentum
477 3689 577 3760 pascit,
594 3688 664 3744 dnm
687 3689 824 3753 ventosis.
880 3687 1082 3760 aspirationem
1110 3685 1202 3743 divini
1225 3686 1332 3757 eloquii
1359 3699 1466 3742 areana
1488 3683 1614 3754 discutit,
1631 3699 1689 3755 quo
1701 3690 1729 3741 et

56 3784 77 3834 tt
104 3776 287 3848 loquacibus,
308 3790 450 3832 novarum
478 3776 696 3832 sciliectrcrum
715 3776 827 3846 cupidis
880 3778 992 3848 prolata
1019 3783 1136 3833 auctore
1169 3777 1312 3847 cognovit.
1333 3774 1471 3844 Quisquis
1497 3773 1574 3829 enirn
1594 3773 1729 3843 mysteria

56 3866 112 3923 indi
141 3866 319 3923 suaslaudcs
344 3880 447 3921 causas
470 3865 611 3921 attribuit.
633 3865 691 3921 Hoc
719 3865 826 3922 dieitur
879 3867 1094 3936 scripturarum
1107 3864 1169 3920 sine
1183 3863 1232 3920 Dei
1244 3862 1352 3934 Spiritu
1367 3875 1494 3919 reserare
1509 3876 1590 3932 posse
1603 3876 1633 3918 se
1651 3862 1727 3918 aesti-

57 3952 115 4009 aim
131 3953 233 4021 lacere,
250 3954 320 4024 quia
334 3952 445 4024 adjacet
460 3951 724 4009 voluntatilaudnrl
742 3952 822 4008 velle.
879 3962 948 4020 mat,
974 3954 1059 4024 plane
1088 3953 1176 4009 veluti
1209 3953 1271 4009 sine
1291 3952 1450 4008 luminibus
1479 3951 1587 4007 alienos
1606 3950 1728 4021 parietes

56 4043 107 4096 har
125 4047 231 4100 astum.
260 4043 406 4112 quiaque
428 4040 520 4112 magis
549 4040 677 4096 exterius
704 4039 824 4095 restrin—
878 4055 1016 4098 erroneus
1030 4040 1136 4111 palpat.
1153 4040 1196 4097 lbi
1210 4040 1349 4095 nobiseum
1375 4039 1514 4110 loquitur,
1543 4039 1613 4109 quia
1627 4053 1727 4096 secun-

56 4144 122 4198 ,eo
146 4129 268 4187 interius
291 4130 385 4201 magis
406 4128 510 4200 flagrat
539 4128 700 4185 tertoribus
718 4142 823 4184 carna·
842 4105 947 4186 Ddum
977 4129 1055 4200 quod
1082 4143 1099 4183 a
1127 4128 1183 4185 Deo
1214 4135 1311 4199 peetns
1336 4127 1456 4199 legentis
1479 4127 1631 4195 imbuitur,
1657 4142 1724 4183 mox

73 4218 297 4274 incentivorum.
328 4218 369 4273 dc
401 4217 425 4272 sl
453 4218 581 4273 diceret:
608 4217 731 4272 Favorcs
757 4215 825 4273 loris
876 4232 966 4275 sacrae
990 4217 1102 4288 paginae
1126 4216 1320 4273 consentiente
1345 4217 1496 4285 sententia,
1512 4215 1656 4287 quidquid
1671 4216 1725 4272 ob-

56 4306 93 4375 tit,
105 4306 153 4362 sed
169 4314 247 4362 tanto
261 4319 327 4361 eum
348 4305 506 4375 petulantia
526 4305 630 4361 durius
642 4304 711 4361 urit.
730 4326 741 4353 ι
755 4305 825 4361 'lota
876 4315 1005 4364 strusum
1017 4305 1127 4376 pridem
1139 4306 1286 4361 obstiterat
1300 4304 1411 4376 liquido
1425 4305 1563 4374 aperitur.
1635 4317 1636 4320 ’

68 4393 253 4450 mendacium
276 4401 304 4449 et
318 4395 480 4450 vastitatem
496 4393 677 4463 multiplicat,
691 4401 718 4449 et
733 4392 825 4449 dedus
912 4391 1077 4449 Notandum
1104 4391 1182 4462 quod
1202 4390 1388 4462 singulariter
1403 4391 1437 4447 de
1460 4405 1490 4446 se
1517 4390 1638 4460 loquens
1652 4390 1724 4446 sub-

56 4496 78 4538 n
94 4483 217 4553 Assyriis
233 4482 317 4548 intiit,
326 4489 353 4538 et
365 4483 458 4538 oleum
473 4482 504 4538 in
513 4482 670 4552 AEgyptum
680 4481 822 4538 terebat.»
875 4479 975 4550 junxit
997 4486 1137 4545 extremo,
1161 4479 1309 4533 nobiscum.
1325 4478 1464 4534 Inventus
1485 4478 1560 4532 enim
1581 4479 1611 4531 in
1629 4477 1725 4532 Bethct

56 4571 102 4626 die
124 4570 294 4626 mendacium
320 4570 570 4641 multiplicat,1qui
592 4570 700 4640 jugiter
722 4569 824 4626 alienis
876 4568 1017 4621 nobiseum
1031 4565 1172 4636 loquitur,
1187 4566 1258 4636 qnia
1272 4573 1378 4622 sancta
1393 4564 1557 4636 cujuspiam
1576 4565 1725 4622 eonscien-

56 4673 61 4714 t
88 4672 139 4729 per
165 4672 247 4714 suam
275 4657 448 4728 hypocrisim
475 4659 637 4714 occasiones
668 4658 823 4714 mentiendi
876 4654 1016 4723 timente
1037 4654 1094 4709 lieo
1118 4654 1357 4724 bospitegaudet,
1380 4652 1525 4709 sensuale
1548 4652 1724 4709 sacraSeri-

56 4743 186 4801 iluistrat.
212 4743 433 4800 Sedoaetitetem
461 4744 641 4813 multiplicat,
668 4745 739 4816 quia
766 4760 823 4817 quo
878 4752 964 4814 ptura
991 4743 1184 4811 perscrutanti
1212 4742 1333 4810 divinos,
1350 4755 1415 4798 oum
1432 4741 1544 4812 aliquid
1568 4741 1723 4799 obscurum

56 4847 70 4890 s
93 4832 192 4889 extolli
207 4845 237 4888 se
252 4831 343 4899 audit,
366 4847 398 4888 eo
423 4832 605 4889 desolationis
628 4834 747 4890 internae
771 4834 822 4890 de-
878 4830 1055 4897 inelaruerit,
1088 4829 1213 4901 prolecto
1241 4829 1302 4886 sine
1328 4829 1473 4886 invidiaa
1499 4830 1556 4885 lieo
1576 4828 1631 4884 sibi
1657 4829 1724 4886 data

64 4920 176 4985 dilatat,
188 4921 259 4977 dum
274 4920 429 4977 verboram
445 4920 562 4977 florente
576 4922 669 4991 copia,
685 4937 751 4992 quae
765 4936 823 4977 non
876 4919 969 4976 celare
979 4918 1141 4988 impatiens,
1152 4926 1203 4975 aut
1218 4917 1359 4975 locutione
1374 4925 1424 4973 aut
1442 4916 1549 4987 scripto
1576 4931 1630 4973 neo
1645 4931 1725 4973 mora

56 5016 111 5066 itur
139 5008 259 5066 incuriae
295 5009 450 5078 mancipat.
488 5009 586 5064 Eudae
610 5024 671 5064 cum
697 5010 823 5079 Assyriis
876 5015 904 5064 et
918 5007 982 5064 aliis
1004 5019 1163 5077 propagare
1175 4999 1321 5077 gaudebit.
1336 5006 1393 5063 Neo
1411 5005 1505 5062 solum
1527 5005 1658 5076 angelus,
1676 5006 1723 5063 sed

60 5097 133 5155 dnm
152 5111 219 5154 oum
245 5097 290 5154 bis
303 5096 355 5168 qui
370 5096 564 5167 temporaliter
574 5096 737 5168 gloriantur
748 5111 823 5153 una·
875 5103 902 5153 et
932 5096 1062 5151 hominm
1076 5097 1147 5151 heus
1163 5096 1331 5149 coercituum
1346 5094 1482 5149 nobiscum
1497 5093 1636 5164 loquitur,
1654 5095 1725 5164 quia

56 5184 126 5242 t'llt.
149 5185 241 5242 Oleum
269 5187 300 5241 in
317 5187 464 5255 Eppptum
487 5193 592 5255 portat,
622 5185 674 5255 qui
699 5185 822 5255 gratiam
876 5183 1019 5255 quidquid
1043 5182 1072 5240 in
1091 5183 1188 5241 eodem
1212 5197 1293 5240 sacro
1316 5183 1429 5254 eloquio
1444 5182 1597 5254 reperitur,
1612 5182 1649 5239 ab
1666 5183 1725 5253 ipso

57 5273 88 5331 in
111 5287 239 5330 vacnum
267 5287 297 5330 se
320 5273 458 5344 recepisse
481 5287 538 5329 non
560 5273 682 5343 trepidat
706 5275 742 5342 (ll
761 5274 821 5330 Gor.
877 5271 995 5329 indubie
1007 5272 1154 5344 panditur,
1174 5272 1226 5342 qui
1249 5271 1376 5342 priorum
1392 5270 1596 5330 exercitiorum
1610 5281 1725 5329 nostro-

56 5359 78 5435 ).
94 5361 173 5418 litia
197 5363 344 5432 Eapptam
361 5360 415 5419 lert
434 5361 531 5428 oleam,
555 5360 607 5432 qui
635 5361 823 5419 secutaribus
875 5375 941 5419 rum
966 5360 1110 5434 benignus
1133 5359 1272 5431 incentor,
1300 5374 1366 5431 quae
1400 5361 1446 5420 hio
1484 5359 1591 5418 sanetis
1622 5361 1726 5418 studiis
