3818 6008
17 294 21 302 .
104 254 154 306 291
528 251 564 307 l.
595 248 761 305 cvtsdnvt
787 248 934 305 ABBthS
957 248 985 304 S.
1014 249 1133 305 hatum
1161 249 1207 305 DE
1236 246 1430 304 ltovldlsllto
1799 249 1851 302 2112

106 387 295 459 cognitionem
323 386 426 442 iterum
455 385 616 442 confitendo
639 385 801 454 submonet,
827 393 859 441 ut
885 399 951 441 cnm
971 385 1089 442 hiessio
1106 387 1133 441 in
1154 386 1312 456 praeteritas
1327 385 1415 441 relabi
1435 398 1536 441 verens
1551 384 1648 440 sordes
1662 397 1741 455 spem
1765 383 1852 454 dirigi

106 475 243 532 redierint
267 475 366 530 adcor
387 474 431 529 vel
447 473 558 529 modica
581 473 684 528 interni
700 474 809 543 saporis
822 486 870 528 eos
889 485 954 527 esca
1007 475 1035 529 in
1052 475 1141 531 licum
1158 474 1302 541 admonet,
1322 482 1354 532 ut
1369 475 1404 530 ad
1419 473 1560 529 virtutum
1577 473 1672 529 studia
1688 472 1853 542 provehan-

106 563 245 620 sublevet.
1006 570 1064 629 tur,
1082 571 1113 618 nt
1127 564 1215 618 vitam
1233 562 1352 619 interius
1364 563 1520 628 obtineant,
1535 569 1562 617 et
1580 561 1647 630 ipsae
1664 560 1739 616 vires
1751 560 1851 625 animi,

142 652 229 708 Vens.
255 652 281 710 3,
298 651 323 712 i,
349 653 374 704 5.
391 681 427 690 -
440 649 481 704 lt
495 649 583 704 Iudas
598 665 604 703 :
619 652 798 706 denuntiauit
819 657 896 711 nobis
911 661 954 710 nir
1006 665 1072 706 cum
1091 651 1227 721 primaeva
1248 651 1359 720 piorum
1376 658 1492 706 actuum
1511 649 1689 705 exhibitione
1704 663 1763 705 non
1778 647 1853 704 occi-

31 774 36 781 ,
105 743 152 796 itte
178 741 227 794 sub
255 743 441 808 testificatione
457 739 559 808 jurans
584 755 590 792 :
619 739 678 794 ilion
704 741 830 796 uidebitis
855 748 952 812 fortem
1006 738 1085 794 dant.
1110 739 1235 795 Puerum
1260 738 1366 794 idcirco
1380 752 1458 807 spem
1480 739 1586 807 accipe,
1612 739 1681 808 quia
1702 750 1765 793 eam
1780 751 1855 806 opus

104 845 192 884 mecm
214 833 270 882 nisi
283 829 399 894 fratrem
415 832 535 882 nestrum
558 831 701 881 minimum
722 829 905 887 adduxeritis.
924 837 953 886 s't
1006 835 1098 882 estex
1113 841 1232 896 opernm
1248 827 1388 882 bonorum
1410 827 1502 895 specie
1515 826 1608 895 seipsa
1627 839 1738 895 semper
1757 825 1855 881 novio·

106 930 167 983 erqo
187 918 238 981 uis,
262 917 339 967 mitte
362 928 422 966 cum
450 913 599 973 nobiscum,
616 916 641 966 et
663 928 808 981 perqemtts
835 923 951 987 puriter,
1007 929 1067 971 rem
1083 929 1153 970 csse.
1179 915 1239 983 Epo
1260 917 1379 984 suscipio
1392 928 1516 984 puerum,
1538 913 1607 970 dum
1625 913 1679 969 sub
1693 926 1743 983 spe
1760 911 1854 968 vcniae

105 1017 275 1068 ememusque
302 1003 365 1055 used
392 1005 553 1055 accessorio.
580 1000 610 1056 Si
632 1005 723 1055 nutem
749 1019 804 1058 non
824 1011 876 1066 nis,
899 1023 953 1061 non
1007 1004 1180 1074 poenitentiae
1202 1003 1315 1074 pondus
1336 1002 1456 1073 excipio.
1479 1001 1507 1058 st
1522 1003 1615 1072 petire
1637 1002 1800 1072 contigerit,
1817 1002 1854 1057 ab

104 1092 214 1146 ibimus.
230 1090 319 1147 ludas
339 1097 366 1145 et
381 1089 493 1156 huben,
509 1088 647 1145 ronlessio
666 1089 798 1147 videlicet
813 1103 839 1148 et
854 1095 954 1165 gratiae
1007 1093 1091 1148 inerti
1119 1094 1282 1162 operatione
1310 1106 1373 1148 mea
1401 1091 1524 1149 exitium
1548 1090 1612 1162 ejus
1636 1091 1722 1161 repeti
1750 1090 1854 1147 debere

104 1179 290 1251 experientia.
314 1178 392 1248 quod
418 1185 459 1234 est
480 1178 531 1233 dlii
555 1177 637 1244 visio,
661 1178 748 1235 Jacob
776 1180 954 1239 intellectua—
1007 1194 1117 1249 ocnseo,
1130 1181 1153 1235 sl
1166 1194 1244 1250 spem
1259 1195 1317 1236 non
1334 1179 1382 1236 tibi
1405 1178 1564 1236 exhibuero
1583 1193 1633 1249 per
1647 1194 1717 1242 rem,
1733 1187 1761 1235 et
1775 1179 1853 1249 qnod

105 1268 159 1325 lem
175 1276 307 1324 nostrum
321 1267 482 1337 specialiter
506 1266 707 1335 alloquuntur,
729 1268 799 1337 quia
814 1284 849 1325 ne
873 1270 955 1329 labor
1007 1282 1105 1339 speras
1118 1282 1177 1326 non
1191 1269 1240 1325 tihi
1258 1268 1404 1325 tradidero
1425 1268 1580 1324 lruendnm
1603 1267 1673 1323 lacis
1689 1268 1723 1323 ad
1740 1267 1852 1333 taciem,

44 1401 46 1406 .
105 1355 290 1413 confessionis
319 1369 352 1410 ac
377 1354 563 1424 paenitudinis
591 1363 661 1410 actae
687 1354 831 1425 depereat,
853 1367 881 1415 et
900 1359 955 1416 hoc
1007 1357 1084 1414 omni
1112 1356 1284 1413 saeculorum
1312 1364 1438 1426 tempore
1471 1355 1549 1412 lnam
1578 1356 1719 1426 supplicia
1745 1357 1853 1427 pcccati

105 1447 200 1516 ipsum
225 1445 301 1515 quod
321 1443 380 1512 iant
396 1443 501 1498 divinae
524 1443 724 1500 misericordiae
745 1458 777 1501 ac
793 1445 954 1505 dulcedinis
1007 1454 1104 1502 reatus
1127 1446 1156 1500 in
1182 1454 1217 1513 te,
1243 1446 1328 1515 cujus
1357 1444 1584 1514 promotionibus
1611 1445 1705 1500 destiti
1730 1445 1851 1500 inhiare.

106 1535 195 1591 sensit
208 1547 241 1588 ac
261 1532 368 1602 sapuit,
387 1539 462 1598 ruat,
488 1532 631 1601 precipue
646 1534 832 1604 recogitantis
854 1537 954 1593 intelli·
1006 1536 1038 1591 Si
1058 1550 1111 1589 non
1139 1536 1331 1588 intercessisset
1355 1533 1524 1589 humanitus
1551 1542 1634 1589 molae
1660 1533 1854 1589 altercationis

106 1621 209 1694 gentiae
223 1634 319 1687 canos,
343 1620 405 1690 qui,
420 1620 506 1690 iuxta
529 1620 708 1689 prophetam,
725 1635 788 1678 eam
810 1623 870 1693 jam
887 1639 953 1694 per-
1007 1623 1113 1690 dilatio,
1139 1623 1199 1693 jam
1212 1623 1302 1678 altera
1329 1621 1402 1677 lacta
1427 1622 1526 1678 luisset
1541 1636 1593 1691 pro
1616 1622 1668 1678 hoc
1691 1622 1751 1691 ipso
1775 1623 1853 1692 qnod

105 1709 249 1776 luderent,
266 1715 293 1763 et
318 1709 510 1778 ignoraverat,
532 1714 702 1765 vetustatem
726 1710 833 1767 scilicet
847 1726 881 1767 ac
903 1713 952 1769 de·
973 1683 1135 1781 Bpatimur
1159 1719 1272 1781 torpore
1295 1710 1450 1779 conlessio;
1468 1710 1547 1780 quod
1571 1717 1623 1776 est,
1639 1711 1675 1765 ad
1697 1710 1853 1780 AEgyptum

105 1797 211 1854 lec-tum
225 1795 342 1868 stringit
362 1803 389 1852 et
409 1796 537 1851 innovat.
555 1797 607 1853 Vir
632 1797 678 1852 ille
698 1798 749 1868 qui
766 1805 879 1855 terrena
893 1815 953 1855 coe-
1007 1813 1059 1869 pro
1074 1799 1118 1854 sui
1136 1799 1323 1870 vestigatione
1338 1798 1487 1869 ingressio,
1510 1805 1537 1854 et
1552 1812 1655 1855 rursus
1671 1797 1706 1854 ad
1722 1798 1855 1853 sanctita·

106 1884 221 1940 lestium
249 1884 424 1939 incremento
460 1885 603 1953 postponit
631 1884 752 1941 viriliter
782 1885 954 1943 ellenrinatis
1007 1887 1489 1958 tisoperaexsequendareversio.
1529 1947 1532 1951 ,

106 1972 267 2039 denuntiat,
283 1979 311 2028 et
340 1972 394 2028 snb
407 1972 604 2028 testilicatione
628 1972 793 2042 scriptura,
817 1984 846 2031 et
862 1976 952 2046 ipsius

106 2061 236 2134 vepitatis
250 2067 404 2128 asseverat,
421 2060 499 2130 quod
514 2074 598 2115 nemo
612 2060 638 2116 ei
664 2061 764 2117 intivna
781 2063 955 2134 cogitatione

105 2147 291 2216 mmmmm,
309 2146 363 2202 nisi
386 2160 466 2216 spem
491 2160 557 2216 quae
571 2159 622 2215 pm
637 2160 697 2202 Μ,
718 2147 887 2204 summatis
902 2164 954 2220 pe·
1008 2125 1050 2164 eos
1066 2126 1075 2162 .·
1092 2108 1121 2162 81
1135 2111 1174 2160 sic
1197 2110 1364 2208 neccssclest,
1378 2108 1477 2208 'facite'
1492 2105 1566 2171 quod
1584 2106 1688 2208 nullm:
1709 2106 1856 2208 sumiteldc

105 2249 157 2291 nes
184 2236 275 2291 Deum
302 2248 361 2290 sese
390 2235 541 2290 vivacitate
564 2232 692 2300 comem,
725 2237 832 2304 pariles
856 2252 953 2294 seeum
1007 2201 1118 2267 optimis
1134 2200 1211 2249 terrac
1223 2195 1360 2261 (ructibus
1373 2211 1402 2248 m
1418 2210 1491 2248 noste
1506 2199 1612 2256 uestras,
1629 2197 1656 2248 et
1669 2194 1773 2261 deserte
1796 2210 1854 2248 vtro

105 2324 206 2389 duem
225 2338 290 2394 Μ
313 2323 527 2393 quidemnuna
552 2330 605 2384 est,
627 2330 812 2393 ammomus
835 2326 954 2395 puerilis
1006 2301 1131 2345 murima,
1146 2284 1280 2338 modicum
1296 2287 1401 2344 resina,
1420 2287 1446 2335 et
1459 2283 1555 2345 meilis,
1572 2287 1597 2336 ct
1616 2286 1739 2344 storacis,
1756 2287 1783 2336 et
1797 2287 1852 2336 sto-

105 2420 133 2467 et
147 2411 257 2479 infima,
282 2413 338 2467 nisi
361 2411 488 2477 tratrem,
515 2410 542 2466 td
558 2420 600 2468 cst
624 2411 793 2468 meritorum
809 2412 885 2470 banc
906 2429 954 2470 so-
1007 2380 1071 2440 m’
1086 2378 1112 2427 et
1126 2371 1280 2426 'memmii
1297 2377 1323 2427 ει
1337 2370 1559 2441 “mwdalmm'
1575 2370 1632 2437 Μ’
1656 2371 1705 2441 qm
1720 2371 1856 2441 superius

106 2499 202 2567 cletas,
218 2500 326 2571 cingat.
343 2499 408 2555 Sine
424 2500 477 2597 hac
491 2512 560 2569 ergo
578 2500 617 2554 ire
632 2513 689 2597 non
705 2513 866 2568 possumus,
884 2503 955 2571 qula
1007 2462 1094 2607 ἒῖῗῧῗ
1116 2461 1356 2622 ἕᾙῑζὲῃίᾝ
1368 2475 1559 2606 ggsssfflnzp
1561 2460 1689 2622 13έὲξῖΓό
1683 2474 1856 2605 ἳῒὲἓθᾞ

106 2586 220 2730 ffium
235 2598 430 2689 estqnaerere,
445 2601 468 2642 ⁸¹
485 2600 543 2643 ¹¹⁰⁰
558 2595 680 2687 qum
692 2601 852 2656 speram
866 2590 955 2659 spem
1008 2591 1142 2709 poscitur,
1167 2637 1267 2700 lsrael,
1297 2637 1324 2692 id
1345 2645 1387 2692 est
1406 2637 1531 2693 directus
1551 2649 1618 2692 cum
1639 2634 1697 2691 ileo
1723 2644 1854 2704 vocatur,

178 2690 234 2746 que
252 2692 282 2729 m
307 2677 428 2738 Domino,
452 2676 533 2740 ellac
549 2674 694 2729 borntotem
716 2676 800 2743 (Psoi.
824 2692 889 2746 xxx,
914 2678 953 2747 3),

106 2762 191 2819 nobis
211 2764 319 2818 dictum
342 2761 474 2832 'egimus‘
499 2761 595 2832 (vm
623 2761 662 2831 6.)
677 2764 711 2818 In
734 2780 830 2833 meam,
848 2765 952 2836 inquit,
1008 2727 1085 2782 unde
1108 2733 1135 2782 et
1156 2733 1236 2796 patcr
1250 2739 1351 2781 corum
1371 2740 1437 2795 quae
1458 2726 1528 2782 bene
1548 2738 1631 2780 sensa
1645 2731 1714 2780 sunt
1737 2724 1854 2781 dicitnr.

107 2850 155 2905 boc
176 2853 280 2917 fecistis
302 2852 448 2911 miserium,
470 2854 500 2903 ut
525 2850 685 2904 indicaretis
702 2857 728 2905 et
752 2854 837 2907 olium
857 2853 955 2907 hebere
1007 2815 1038 2870 Si
1056 2816 1105 2910 εἷθ’
1127 2820 1233 2883 Ιῃᾳωι’
1250 2825 1340 2909 spem.
1353 2810 1416 2868 ⁸5⁰⁰
1432 2811 1574 2868 mmmm
1588 2825 1622 2866 ³⁰
1638 2811 1856 2869 ratwnabfflum

107 2953 153 2993 vos
168 2940 294 3002 fratrem.
317 2938 412 2993 Verba
438 2937 608 2994 lastidientis
634 2947 711 3006 sum,
734 2939 785 3009 qui
805 2954 857 2995 nec
873 2941 954 2996 initia
1008 2900 1169 2956 studiorum
1185 2912 1245 2954 csse
1269 2905 1405 2954 comitatu
1424 2898 1465 2954 las
1478 2912 1535 2954 non
1559 2905 1612 2961 est,
1629 2905 1662 2953 ut
1682 2897 1856 2954 alterutrum

107 3026 175 3083 boni
190 3026 370 3097 proposuisse
393 3026 536 3094 maluerit,
553 3041 620 3096 quae
636 3026 794 3098 incoepisse,
810 3043 890 3099 spem
905 3044 953 3085 sn·
972 2975 1068 3046 Csine
1097 2987 1185 3044 anem
1199 2987 1319 3082 ΨΜ
1331 3072 1337 3083 .
1349 2986 1425 3083 33116
1448 2986 1525 3057 qum]
1550 2987 1750 3085 Pmpffimws'
1763 2994 1804 3081 .⁰¹
1826 2985 1854 3042 in

108 3126 264 3184 pernotum
288 3112 426 3183 appetitui
455 3113 594 3170 indicasse
618 3114 668 3183 sit,
692 3123 720 3171 et
741 3115 778 3172 ab
800 3115 845 3171 his
867 3116 955 3171 desci-
1007 3072 1221 3144 ⁰⁰⁰⁰⁰m³bu¹¹³
1243 3082 1424 3128 ⁰⁰⁰⁵⁰¹⁶¹¹²¹ae
1450 3072 1483 3126 de
1507 3076 1616 3141 mm
1644 3075 1733 3139 ‘m‘
1763 3072 1790 3126 ω
1813 3078 1855 3127 ⁰⁵⁸

107 3203 181 3258 visse
195 3200 310 3256 miseria
324 3202 427 3257 nerum
442 3200 488 3257 sit·
1006 3161 1111 3220 Christi
1125 3159 1263 3259 exemplis
1276 3158 1495 3261 actvirtutibus,
1514 3158 1598 3229 cuius
1612 3158 1652 3257 ad
1664 3157 1783 3215 modum
1797 3166 1855 3215 ter-

143 3288 227 3345 vm
251 3292 279 3344 l.
305 3321 339 3332 -
358 3289 540 3356 Memfim
563 3304 611 3343 nos
628 3289 715 3351 homo,
740 3290 879 3361 inquiunt
902 3308 951 3346 no·
1007 3265 1046 3308 rec
1071 3251 1215 3306 feracitate
1243 3255 1399 3314 nutrimur,
1423 3253 1579 3312 remulcet
1603 3259 1673 3318 qttra
1695 3246 1731 3301 ad
1759 3243 1853 3301 locum

107 3382 193 3433 strom
204 3381 371 3446 proqenr'em,
388 3378 575 3446 perordinem
602 3383 837 3449 sipoterviueret
863 3385 888 3434 si
906 3381 954 3435 ho·
1008 3340 1085 3396 unde
1120 3344 1228 3394 exeunt
1256 3335 1388 3400 ssuntina,
1422 3342 1618 3432 revertuntur.
1639 3334 1738 3432 (ω’
1770 3348 1789 3400 ¹'
1819 3335 1853 3401 η’

109 3467 229 3521 bcrernus
249 3467 383 3532 fratrem·
398 3472 425 3521 ct
439 3481 487 3521 nos
506 3419 696 3536 respondimus
717 3472 741 3522 ei
761 3420 955 3535 consequenter
1008 3427 1060 3497 ipSi
1074 3440 1108 3483 ω
1133 3440 1209 3523 quae.
1225 3425 1262 3523 ,ἷώ
1282 3423 1344 3495 ἰρεο
1368 3423 1536 3520 sumpsistis.
1553 3421 1711 3487 ambmoe’
1739 3419 1853 3518 1⁰⁵³&

103 3556 190 3624 jum
214 3555 244 3610 id
258 3555 331 3621 quod
353 3508 446 3622 m,
461 3559 615 3610 renuentes
642 3557 776 3622 quuid
796 3561 864 3612 scm
897 3561 953 3611 Ote-
1008 3513 1149 3585 spirituali
1172 3513 1278 3568 scillcet
1298 3518 1392 3568 vestro
1418 3510 1567 3577 desiderio,
1593 3514 1676 3564 utex
1701 3506 1855 3564 henelactls

107 3660 201 3699 ramus
217 3643 290 3710 quod
305 3644 428 3698 dicturus
449 3649 517 3698 esset
531 3660 538 3698 ἔ
554 3598 692 3699 mm
705 3647 821 3712 mmm
834 3573 954 3699 weseram
1008 3603 1044 3658 ad
1060 3601 1177 3658 meliora
1192 3599 1310 3665 letatur,
1334 3599 1478 3670 apponite.
1495 3597 1547 3654 Per
1569 3597 1787 3693 resinamque
1802 3595 1854 3652 ali·

106 3733 268 3788 uobiscum?
290 3735 372 3787 llomo
396 3732 559 3803 progeniem
594 3739 720 3788 nostram
749 3746 799 3804 per
824 3732 954 3789 ordinem
1008 3689 1185 3787 quamnim
1209 3684 1326 3830 rlfd⁰¹⁸⁸’
1351 3685 1456 3828 ¹³⁰⁰?
1476 3683 1623 3827 ..Ὦιζέι
1637 3696 1786 3826 ¹³:13qu?
1811 3681 1855 3825 h}

108 3821 275 3892 interrogat,
291 3834 357 3876 cum
371 3820 477 3876 interni
500 3820 646 3877 studiosus
660 3822 808 3893 augmenti
824 3821 955 3877 rationa-
1009 3791 1097 3845 Μ’
1122 3789 1252 3919 comete
1279 3786 1533 3916 mssrussameiffim
1550 3864 1578 3914 et
1606 3858 1719 3914 [sumus
1739 3785 1789 3913 ⁸55
1807 3784 1854 3913 ξι
1900 3803 1901 3815 ’

107 3908 310 3979 lisappetitus,
334 3908 431 3964 modos
451 3909 617 3979 gradusque
639 3917 743 3965 nostrae
762 3910 954 3966 conversatio·
1008 3873 1112 3922 mm
1142 3877 1218 3919 ΗΜ
1235 3877 1282 3919 um
1323 3875 1375 3932 rag
1513 3900 1521 3926 ’
1725 3899 1732 3922 ‘

109 3998 163 4064 nis,
187 4010 222 4052 ac
243 3995 439 4051 conversionis
458 3996 595 4052 eventilat
606 4011 616 4067 ;
641 3997 727 4066 cujus
749 3996 820 4053 ordo
844 4004 888 4052 est
907 4011 914 4050 :
931 3998 956 4050 si

106 4090 186 4156 poter
200 4091 228 4140 et
251 4092 345 4140 rector
359 4083 492 4140 mentalis
515 4083 629 4140 lamiliae
655 4084 817 4141 intellectus
835 4083 954 4156 vigeat:

108 4172 132 4228 si
148 4171 296 4229 individue
320 4171 462 4228 bonorum
487 4171 622 4241 illiorum,
648 4170 739 4228 idest
762 4185 881 4242 operum
898 4185 957 4242 ger-

108 4274 224 4330 manus,
240 4260 299 4331 spei
319 4261 452 4317 videlicet
476 4269 581 4317 nostrae
604 4275 697 4331 usqne
720 4260 750 4315 in
772 4260 871 4316 divina
885 4271 996 4327 con-1)
1045 4263 1130 4320 Vens.
1157 4261 1200 4314 11.
1224 4287 1259 4297 -
1285 4259 1431 4311 Pecuniam
1454 4254 1589 4324 duplicem
1612 4253 1682 4321 [erte
1706 4253 1852 4312 uobiscum,

109 4349 208 4417 11111118,
225 4348 307 4405 1101118
320 4349 480 4416 31111131θᾶῑὶ
493 4349 529 4404 ³11
540 4364 605 4419 quat
621 4361 734 4404 1166θὲ311
750 4354 801 4416 951,
819 4348 952 4404 10133111·
1007 4361 1040 4411 ut
1054 4350 1096 4408 sic
1109 4349 1180 4405 alios
1195 4346 1353 4404 lorinsecus
1365 4343 1488 4400 doceatis
1503 4352 1648 4413 quatenus
1662 4354 1713 4396 vos
1728 4341 1855 4411 primum

1042 2019 1127 2076 Vens,
1152 2018 1201 2074 ll.
1220 2047 1254 2056 —
1280 2018 1371 2085 lqt'tur
1394 2018 1480 2071 lsrael
1500 2022 1583 2086 poter
1604 2033 1696 2071 corum
1718 2017 1790 2071 dicit
1818 2017 1855 2071 ad

1009 3952 1128 4009 actionis
1151 3949 1303 4006 utilitatem
1333 3947 1439 4018 accipe.
1466 3947 1533 4001 llaec
1558 3944 1679 4001 viriliter
1704 3945 1854 4001 terrenita-

1010 4048 1072 4098 tum
1088 4039 1170 4095 ssuxa
1193 4037 1314 4109 regenti,
1332 4037 1444 4105 piorum
1460 4042 1650 4105 provectuum
1665 4033 1795 4089 studioso
1810 4048 1855 4088 no

1009 4136 1068 4186 stro
1083 4123 1220 4197 appetitui
1234 4123 1330 4181 oberei
1343 4131 1370 4178 ct
1386 4121 1504 4194 suggeri
1517 4119 1605 4192 digna
1619 4119 1768 4176 videnlur.

108 4436 149 4494 ¹1¹1
170 4437 215 4493 113
241 4451 274 4493 ³ss
293 4436 480 4503 1311011111138,
511 4451 568 4492 ¹¹0ss
594 4436 691 4504 verbo,
715 4435 763 4492 sed
791 4436 952 4493 studiorum
1007 4440 1128 4498 interius
1152 4433 1315 4507 peneadem
1336 4433 1508 4490 documenta
1528 4428 1659 4500 pascatis.
1683 4429 1855 4486 Deriventur

109 4524 213 4582 adactu
242 4538 271 4581 so
285 4524 331 4581 his
351 4538 409 4580 non
436 4537 533 4581 carere
560 4523 739 4594 respondeat,
762 4523 824 4581 sinc
846 4525 954 4594 quibus
1007 4529 1098 4588 tontes
1123 4526 1164 4582 tui
1186 4525 1271 4590 toras,
1291 4528 1319 4577 ct
1342 4521 1420 4577 solus
1439 4527 1534 4576 tamen
1561 4531 1609 4574 eos
1632 4517 1744 4588 absque
1761 4528 1855 4574 extra·

110 4620 299 4686 angmentum
320 4611 470 4683 spirituale
491 4611 569 4682 qnod
584 4611 743 4682 querimus
766 4610 889 4667 obtineri
900 4625 954 4667 ne-
1006 4616 1068 4673 nels
1093 4613 1185 4671 bibas.
1213 4613 1248 4666 Et
1270 4612 1347 4665 illurn
1370 4624 1453 4679 quom
1479 4606 1623 4661 inuenietis
1649 4611 1797 4676 reportate,
1824 4623 1855 4670 m

110 4709 206 4773 queat.
237 4701 386 4771 Nunquid,
413 4709 570 4771 antequam
610 4698 732 4770 gratiam
761 4699 955 4756 conversionis
1006 4706 1079 4773 sorte
1104 4716 1193 4756 errore
1220 4701 1256 4754 stt
1281 4699 1395 4764 foetum.
1425 4694 1453 4751 sl
1481 4695 1563 4766 quid
1579 4693 1758 4750 discretionis
1787 4707 1854 4765 erga

109 4797 280 4861 peteremus,
302 4792 374 4844 scire
394 4793 560 4858 poteramus,
577 4786 648 4858 qnid
670 4788 785 4844 anobis
800 4786 954 4858 prolessio-
1008 4789 1175 4862 passionum
1192 4784 1372 4843 insolentiam
1391 4781 1563 4849 carnalium,
1581 4793 1708 4851 quarum
1721 4781 1855 4851 asperita-

110 4893 181 4936 num
196 4879 308 4935 devotio
322 4876 469 4948 religionis
484 4876 633 4948 exigeret?
895 4915 896 4918 ,
1008 4877 1203 4950 accingimur,
1226 4888 1278 4930 vos
1297 4869 1534 4941 oeconomiam,
1551 4869 1588 4925 ad
1611 4868 1761 4939 sapientie
1777 4869 1855 4927 cele

145 4967 232 5025 Vsus.
257 4970 283 5028 8,
306 4969 332 5028 9,
359 4967 401 5022 10.
418 4994 453 5007 -
471 4967 558 5027 Mitte,
575 4964 614 5021 ait
637 4964 735 5026 Jndas,
756 4980 875 5034 puerum
897 4979 955 5017 me·
1008 4965 1059 5023 stis
1080 4976 1203 5021 examen
1227 4960 1339 5026 relerte,
1362 4972 1398 5014 ne
1421 4970 1481 5029 qua
1496 4970 1547 5012 vos
1570 4956 1646 5028 ipsos
1659 4956 1790 5013 humana
1813 4970 1856 5013 ra·

111 5071 181 5119 cum,
206 5059 464 5126 utprottctsccmur,
479 5058 505 5108 et
522 5055 661 5123 pessimus
682 5057 781 5115 nieme,
807 5056 956 5108 remmio·
1009 5055 1086 5110 tione
1101 5050 1215 5109 latialis.
1229 5050 1325 5120 ipsum
1346 5046 1423 5103 euim
1437 5044 1552 5114 loseph,
1573 5058 1660 5113 quem
1684 5048 1856 5111 augmentum
1900 5053 1902 5060 ·

110 5159 183 5205 mur,
198 5158 247 5198 nos
271 5148 297 5198 et
312 5144 425 5213 pomuli
447 5147 543 5197 nostri.
561 5144 618 5211 ltqo
632 5146 750 5212 suscipio
771 5156 909 5212 puerum:
923 5140 957 5195 dc
1010 5143 1142 5208 dicimus,
1163 5139 1200 5195 ad
1215 5135 1433 5208 intelligentiam
1447 5146 1651 5204 supernorum,
1667 5133 1777 5203 quibus
1791 5134 1856 5190 solis

110 5247 195 5286 manu
208 5246 269 5286 mest
290 5236 399 5298 require
411 5232 500 5287 tunm.
517 5233 577 5288 Nitt'
600 5231 744 5292 redulcero,
769 5233 795 5284 ti
817 5229 957 5283 tradidero
1011 5233 1110 5305 augeri
1130 5231 1239 5287 bonum
1251 5234 1303 5295 est,
1320 5223 1480 5282 relerimus.
1496 5223 1629 5279 Terrenis
1642 5237 1745 5293 nempe
1758 5223 1855 5294 angeri

112 5335 173 5376 eum
199 5319 258 5380 tibi,
276 5335 319 5374 ere
331 5324 437 5389 peccati
451 5335 513 5375 reus
532 5324 561 5374 tn
582 5325 606 5374 te
620 5323 694 5374 omni
715 5322 843 5388 ternpore.
858 5317 889 5373 Si
902 5333 957 5371 noa
1010 5319 1154 5376 neminem
1176 5315 1267 5373 lacilis
1289 5313 1419 5384 probatio
1437 5319 1488 5368 est.
1512 5310 1609 5382 (Vens.
1637 5312 1695 5380 13.)
1710 5311 1756 5366 nd
1779 5309 1856 5367 hunc

111 5413 305 5464 intercessisset
329 5409 436 5471 ditatio,
447 5410 508 5477 jorn
523 5413 580 5463 viee
601 5409 690 5463 attero
714 5410 888 5461 accusemus.
910 5405 958 5462 Ju-
1011 5407 1117 5471 virum,
1133 5419 1200 5461 cum
1215 5403 1344 5468 tratrem,
1367 5401 1403 5457 ab
1420 5394 1670 5457 eadem'videlioet
1692 5398 1806 5455 coelitns
1825 5397 1856 5454 it·

112 5498 165 5554 das
178 5510 301 5568 puerum
323 5498 397 5553 mitti
412 5502 494 5567 rogat
511 5503 543 5553 ut
564 5495 793 5566 pronciscantur,
814 5509 881 5552 cum
897 5509 960 5550 con·
1010 5492 1133 5549 lustrata
1152 5490 1262 5547 ratione
1278 5487 1406 5560 genitam
1427 5498 1507 5556 spem
1528 5484 1564 5540 ad
1581 5483 1681 5541 intima
1700 5484 1855 5555 eupiditate
