3818 6008
123 235 170 287 aar
564 229 595 284 ιι.
615 227 781 285 scissuri
800 228 946 289 acuaris
964 202 997 285 s.
1019 229 1138 284 unare
1158 229 1203 285 nu
1224 229 1419 286 noviorum

1819 237 1873 290 652

63 398 66 403 -
122 365 193 419 lecto
220 359 350 417 materies
366 360 446 416 nulla
458 361 634 432 suggeritur.
651 359 797 430 Quidquid
813 360 960 429 vitupera·
979 365 1002 417 Α
1018 361 1240 417 minumlesum
1267 361 1405 416 mendacii
1428 361 1522 417 velitis
1543 375 1698 418 accersere.
1716 363 1743 419 Si
1768 363 1874 420 aPro-

122 453 188 520 bile,
212 460 239 509 et
264 451 350 508 etiam
375 450 555 506 alienationis
572 462 589 505 a
604 450 660 504 lieo
676 448 803 519 plenum,
824 457 852 505 et
867 448 967 505 Eccle-

121 541 242 599 siasticis
259 537 480 595 auctoritatibus
500 537 617 593 omuino
637 538 766 603 obvium,
789 537 858 593 dum
883 535 967 608 quasi

121 628 301 701 praedicabile
311 628 471 698 iactitatur,
484 635 511 682 et
525 625 676 697 privilegio
691 626 842 696 cujusdam
863 627 967 696 siugu-

120 718 241 775 laritatis
255 715 419 778 ascribitur,
436 728 588 785 nunquam
605 714 640 769 ad
656 713 786 785 reguiam
803 715 863 770 veri
879 713 967 770 studii

120 808 179 864 ullo
194 805 278 861 modo
293 805 460 875 castigatur.
487 804 517 858 ln
534 817 591 873 qno
613 816 740 872 namque
760 802 884 873 alicuius
901 802 964 872 pia·

120 896 177 953 culi
204 891 384 950 conscientiae
408 890 564 960 penetralia
589 897 682 946 metus
706 901 799 961 urget,
824 904 888 960 spes
903 904 967 946 cor·

97 977 251 1042 ‘rectionis
266 981 391 1052 plurima
411 987 585 1047 commovet;
604 980 652 1035 ubi
677 993 743 1035 vero
761 979 877 1035 cultura
898 993 964 1034 sau-

118 1071 224 1128 ctitatis
239 1068 414 1135 obtenditur,
436 1067 464 1121 iu
489 1082 549 1138 quo
567 1074 662 1123 tamen
688 1066 790 1122 mentis
810 1067 929 1123 intentio
949 1080 966 1123 a

116 1160 202 1232 iustae
224 1156 399 1215 crudelitatis
420 1157 556 1228 aequitate
577 1155 731 1224 diducitur,
753 1170 907 1227 uunquam
928 1155 965 1212 ad

118 1250 223 1306 lineam
235 1245 441 1304 emendationis
456 1245 628 1316 assurgitur.

155 1336 217 1408 511.
236 1337 354 1390 Dantem
369 1330 522 1388 salvatoris
540 1332 643 1386 habere
666 1347 697 1385 se
717 1330 891 1386 contendunt
907 1345 966 1385 mo

26 1424 29 1430 '
117 1423 205 1480 naabi
220 1425 248 1480 S.
271 1421 406 1477 Medardi
428 1421 648 1478 suessionensis.
669 1450 703 1460 -
718 1420 786 1475 lude
810 1427 863 1487 est,
887 1419 964 1490 quod

119 1512 233 1570 linitimi
246 1510 335 1568 nostri
356 1510 667 1567 Sancti-hedardeuses
688 1508 820 1564 monachi
843 1510 965 1580 antiquo

118 1615 204 1671 penes
228 1600 315 1656 corda
336 1600 470 1655 hebetum
496 1599 628 1655 coaluere
651 1598 810 1665 mendacio,
839 1597 966 1653 dumea

118 1690 171 1745 sibi
195 1702 282 1760 super
314 1689 398 1743 deute
429 1687 592 1754 salvatoris,
621 1700 707 1757 quem
742 1685 883 1742 novennis
912 1699 964 1754 pro
985 1665 1102 1744 thato
1120 1688 1148 1742 in
1177 1695 1254 1743 terra
1281 1687 1466 1757 relinquitur,
1491 1695 1519 1743 et
1543 1688 1723 1757 sempiterna
1747 1687 1863 1744 miseria

118 1786 223 1833 natura
238 1775 367 1843 ediderit,
389 1775 568 1842 attribuunt;
594 1773 746 1844 inquibus
762 1773 822 1844 spei
843 1773 965 1829 uuiver-

116 1866 185 1921 salis
198 1866 329 1921 columen
345 1870 432 1934 atque
445 1863 594 1934 fastigium
616 1863 700 1932 quasi
720 1861 867 1932 phalarico
883 1861 964 1932 jactu

116 1954 286 2019 destituunt,
303 1959 330 2008 et
346 1952 416 2007 dum
431 1967 460 2006 se
475 1951 619 2007 celebrare
633 1957 783 2020 appetunt,
806 1949 870 2005 ndei
886 1964 963 2005 com-

116 2043 214 2098 munis
235 2042 379 2111 praecipua
398 2041 578 2096 munimenta
601 2039 785 2110 provolvunt.
811 2039 864 2095 Cui
886 2039 962 2094 euim

116 2137 179 2198 post
195 2128 258 2184 hdei
274 2128 447 2200 agnitionem
464 2128 523 2198 spei
543 2127 626 2198 vigor
643 2126 787 2193 obruitur,
814 2125 865 2196 qui
883 2123 963 2181 aliud

114 2230 203 2288 quam
227 2216 312 2272 radix
339 2216 425 2272 totius
449 2214 515 2270 boui
537 2215 679 2285 appetitus
701 2221 729 2271 et
751 2212 963 2270 exercitationis

114 2304 276 2361 exciditur?
301 2302 328 2359 Si
348 2318 467 2361 succum
490 2304 608 2373 integrae
623 2302 799 2359 credulitatis
824 2302 961 2371 habuero,

114 2399 142 2449 et
159 2402 325 2449 sanctorum
345 2396 463 2448 actuum
479 2392 673 2461 undecunque
695 2394 807 2462 thyrsos
832 2393 960 2460 emisero,

115 2481 242 2537 arelacta
266 2481 325 2552 spei
344 2480 449 2546 radice,
476 2493 535 2550 qua
557 2493 669 2536 caudex
694 2486 781 2549 atque
804 2480 962 2536 ramusculi

114 2568 328 2637 humectantur,
364 2573 433 2622 851
464 2567 505 2623 nil
534 2567 564 2622 iu
589 2567 668 2623 omni
692 2568 803 2624 arboris
827 2568 962 2624 machina

114 2657 191 2728 quod
220 2657 337 2713 delectet
369 2663 419 2712 aut
451 2655 585 2725 expediat
619 2657 801 2725 exspectabo.
833 2655 860 2712 Si
890 2658 962 2712 bene

113 2747 194 2812 seris,
214 2747 237 2801 si
260 2747 330 2801 beue
353 2744 528 2815 proveniunt
552 2744 727 2800 incrementa
749 2746 892 2813 sementis,
919 2753 960 2800 to·

111 2842 232 2905 tamque
246 2834 356 2905 grando
371 2832 507 2902 dilapidet
522 2832 592 2888 dum
609 2830 711 2888 falcem
727 2832 824 2900 mittis,
841 2832 962 2903 quidex

113 2923 166 2979 hoc
179 2919 365 2979 emolumenti
383 2920 581 2991 prosequeris‘.l

148 3012 254 3067 Probol
269 3010 424 3066 Guiberlua
432 3008 547 3064 dentem
560 3026 702 3081 nusquam
715 3008 746 3063 in
762 3008 847 3066 terris
874 3008 959 3064 cari-

111 3103 187 3157 sium
199 3097 361 3170 reliquisse.
379 3097 519 3154 —Velim
536 3111 552 3153 a
568 3098 649 3154 vobis
659 3111 813 3168 agnoscere
826 3111 959 3168 quaenam

112 3191 147 3246 de
170 3190 377 3246 resurrectione
398 3187 518 3244 sentitis.
545 3187 581 3244 Ut
605 3188 634 3242 in
660 3187 716 3242 line
740 3187 838 3243 sreculi
868 3188 961 3243 tienda

111 3280 257 3346 reticeam,
279 3278 432 3333 llominum
454 3274 560 3345 ipsum,
583 3274 668 3346 cujus
687 3275 801 3331 dentem
819 3289 876 3346 prae
896 3289 961 3331 ma·

64 3390 67 3395 ·
112 3367 199 3425 uibus
222 3366 327 3423 habere
344 3379 393 3421 vos
413 3366 534 3432 traditis,
558 3377 744 3434 nequaquam
768 3363 961 3420 resurrexisse

112 3456 232 3528 negatis.
250 3454 277 3511 Si
295 3454 461 3517 resurrexit,
482 3453 705 3522 particulariter,
730 3467 837 3522 quaeso,
860 3467 960 3509 resur-

112 3547 187 3602 rexit
201 3558 237 3600 an
258 3544 350 3600 totus?
366 3541 394 3598 Si
410 3549 502 3598 totuin
519 3540 710 3597 resurrexisse
735 3541 888 3610 testamiui,
909 3541 959 3597 ubi

112 3649 186 3705 quas
203 3633 283 3690 vobis
297 3631 444 3688 assumitis
462 3638 558 3701 partes
577 3630 683 3685 erunt‘l
706 3629 733 3685 Si
756 3632 869 3699 partim,
894 3645 961 3700 quse

111 3724 146 3779 de
162 3724 243 3779 nobis
259 3721 465 3778 resurrecturis
483 3719 613 3775 edixerat
633 3718 772 3788 promissa
793 3719 865 3788 quid
891 3732 960 3788 pro-

112 3813 237 3869 derunt?
265 3812 351 3867 Plane
379 3812 401 3865 si
427 3809 542 3879 probari
575 3808 697 3877 potuerit
726 3809 755 3863 lu
777 3808 870 3877 seipso
893 3823 960 3878 quae

111 3901 193 3957 uobis
205 3901 240 3955 de
261 3899 343 3955 nobis
360 3896 549 3966 spoponderat
568 3910 624 3951 noo
649 3896 790 3966 implesse,
812 3895 960 3965 ambigui-

113 3997 197 4045 tatem
214 4003 271 4043 non
286 3987 434 4041 minimam
449 3987 554 4040 uostris
570 3984 830 4054 videbiturspebus
842 3984 957 4040 iulcrre.

1023 450 1107 520 pheta
1131 448 1259 505 dicitur:
1279 472 1289 496 ι
1312 449 1373 504 Non
1397 450 1479 506 dabis
1501 459 1634 507 sanctum
1661 459 1745 508 tuum
1776 452 1874 509 videre

1022 537 1231 606 corruptionem
1249 537 1341 606 (Pscl.
1367 552 1414 605 xv,
1443 541 1496 606 llll,
1524 538 1648 608 prolecto
1667 538 1813 610 Propheta
1838 541 1875 595 is-

1021 625 1085 681 dem
1114 639 1170 680 nou
1201 624 1342 681 immerito
1366 625 1495 682 lalsitatis
1516 628 1661 698 arguitur,
1692 628 1763 699 quia
1789 626 1874 700 {Deus

1021 713 1081 784 lpse
1097 714 1158 768 sine
1184 712 1272 770 dubio
1294 721 1436 783 perpetuae
1459 714 1635 785 corruptioni
1655 716 1811 773 addicitur.
1839 718 1874 773 Et

1022 801 1091 873 quid
1112 802 1203 873 magis
1221 802 1390 872 corruptela
1412 803 1473 859 sine
1491 817 1542 873 spe
1568 805 1797 874 recuperationis
1819 819 1874 862 ex-

1021 891 1145 960 positum
1166 905 1256 961 quam
1277 892 1350 946 licus
1369 891 1416 947 ille
1434 899 1485 959 est,
1503 906 1589 962 quem
1610 906 1627 947 a
1651 893 1874 950 resurrectionis

1021 979 1114 1052 gloria
1126 989 1153 1036 et
1165 980 1379 1050 incorruptione
1393 988 1505 1036 constat
1519 981 1695 1037 extrusum?

1055 1069 1131 1124 Deus
1145 1082 1236 1135 meus,
1253 1068 1322 1138 quid
1338 1068 1489 1124 iulortonii
1510 1069 1613 1125 accidit
1627 1069 1706 1126 deuti
1723 1069 1777 1140 illi,
1795 1084 1871 1126 nuu-
1902 1024 1905 1103 1

1020 1171 1109 1228 quam
1125 1171 1177 1228 ego
1191 1172 1257 1212 eum
1273 1156 1457 1213 lateborcum
1480 1157 1591 1227 reliquo
1615 1171 1734 1228 corpore
1754 1158 1790 1215 de
1804 1172 1870 1215 sau·

1020 1253 1064 1301 cto
1081 1244 1189 1316 Spiritu
1201 1245 1229 1300 in
1245 1244 1310 1300 alvo
1325 1245 1456 1316 virginea
1477 1253 1668 1315 procreatum,
1687 1247 1737 1303 sed
1753 1246 1870 1304 aliunde

1020 1334 1222 1391 adventantem
1235 1333 1390 1390 Dominicis
1420 1334 1535 1391 haesisse
1558 1333 1703 1403 faucibus,
1730 1348 1766 1390 ac
1790 1335 1869 1391 side

1019 1431 1146 1478 externae
1177 1423 1294 1478 surculo
1327 1422 1439 1478 arboris
1474 1423 1631 1479 insitivum.
1665 1423 1868 1495 Corrumpitur

1019 1525 1088 1582 ergo
1103 1510 1173 1566 deus
1189 1509 1243 1577 ille,
1262 1510 1341 1580 quia,
1358 1518 1390 1566 ut
1412 1510 1532 1566 verbum
1554 1512 1646 1579 ipsum
1663 1525 1700 1566 ex
1723 1511 1802 1582 seipo
1823 1526 1864 1567 re·
1901 1506 1904 1555 ῗ

1019 1600 1138 1666 solvam,
1155 1598 1257 1654 duma
1276 1612 1328 1654 suo
1343 1612 1461 1668 corpore
1481 1599 1666 1670 abrumpitur
1680 1609 1708 1655 et
1732 1615 1767 1657 eo
1783 1601 1864 1656 clari·
1898 1632 1902 1707 ἑ

1018 1777 1218 1843 addemnatur,
1234 1776 1314 1843 dum,
1330 1776 1373 1831 sin
1390 1775 1471 1843 alias,
1489 1774 1533 1830 vel
1555 1774 1582 1829 in
1603 1772 1659 1829 siue
1681 1773 1783 1830 saeculi
1801 1788 1861 1829 cum

1018 1864 1088 1922 ooelo
1114 1872 1249 1936 terraque
1277 1865 1463 1920 cremabitur.
1493 1864 1586 1934 lgitur
1605 1872 1654 1919 aut
1683 1864 1860 1934 arrogantie,

1019 1962 1069 2011 aut
1084 1954 1224 2010 mendacii
1238 1953 1412 2024 arguemini,
1434 1961 1462 2009 et
1480 1968 1539 2008 nou
1555 1952 1771 2022 qualiscunque
1788 1965 1861 2007 men·
1897 1950 1901 2005 i

1018 2042 1102 2111 dacii,
1129 2042 1177 2097 sed
1204 2042 1276 2112 eius,
1298 2041 1376 2112 quod
1400 2041 1430 2096 in
1454 2040 1553 2096 divina
1574 2039 1769 2109 blasphemos,
1793 2048 1819 2095 et
1841 2038 1861 2093 sl
1895 2008 1901 2135 J

1017 2131 1189 2188 obstinatius
1221 2131 1398 2201 repugnetis,
1428 2129 1504 2185 circa
1536 2128 1706 2185 catholicam
1736 2143 1789 2185 vos
1821 2128 1862 2183 do
1895 2158 1900 2239 ἱ

1016 2219 1138 2276 ctrinam
1154 2218 1272 2275 reddam
1290 2218 1445 2274 hereticos.

1052 2307 1143 2377 Major
1168 2306 1266 2377 itaque
1284 2305 1367 2361 uobis
1394 2303 1561 2376 suggeritur
1584 2318 1657 2374 spes,
1681 2317 1773 2372 quam
1795 2301 1860 2374 parti
1895 2296 1900 2421 Ι

1016 2402 1043 2450 et
1058 2394 1167 2450 auctori
1185 2395 1242 2464 spei
1259 2403 1363 2448 nostrae
1377 2393 1445 2449 lesu
1467 2392 1597 2461 Domino,
1613 2392 1682 2448 dum
1706 2395 1862 2464 peripsum

1016 2483 1111 2554 colligi
1126 2497 1304 2553 accrporum
1321 2490 1485 2537 nostrorum
1504 2480 1694 2552 dispersiones
1709 2496 1762 2538 nos
1776 2480 1862 2537 credi·
1894 2444 1899 2575 1

1016 2586 1091 2639 mus,
1108 2571 1136 2626 in
1151 2586 1209 2641 quo
1225 2571 1318 2640 ipsum
1343 2570 1509 2626 labelactari
1523 2570 1732 2640 conspicimus!
1754 2571 1791 2626 Et
1803 2583 1862 2627 ecce
1896 2578 1899 2599 ¹

1016 2661 1103 2716 vestri
1124 2659 1217 2731 gratia
1237 2672 1290 2714 nos
1319 2657 1384 2728 plus
1404 2673 1493 2729 quam
1514 2661 1594 2714 lesus
1614 2660 1670 2714 hic.
1691 2659 1750 2716 Nos
1776 2660 1862 2732 igitur

1016 2748 1181 2804 omnimoda
1204 2746 1379 2818 regeneratio
1404 2756 1514 2817 manet;
1536 2749 1603 2804 lesu
1629 2756 1728 2804 autem
1756 2748 1785 2805 iu
1807 2756 1863 2805 tau-

1014 2844 1076 2893 tum
1096 2836 1279 2906 particularis
1294 2844 1335 2891 est
1349 2836 1433 2904 lacta,
1450 2844 1481 2892 ut
1504 2843 1555 2892 aut
1570 2851 1725 2907 nunquam
1747 2838 1776 2893 in
1791 2852 1862 2894 scm-

979 2927 1169 2999 gpiternum,
1184 2924 1234 2980 sed
1255 2938 1346 2994 usque
1370 2924 1406 2979 ad
1426 2939 1607 2981 communem
1625 2926 1862 2983 resurrectionem

1015 3013 1112 3084 perlici
1140 3020 1233 3068 restet.
1263 3014 1344 3068 Tune
1373 3011 1489 3069 lorsitau
1521 3021 1645 3069 venturo
1674 3014 1760 3070 lesus
1786 3014 1862 3071 denti

1015 3103 1109 3158 locum
1124 3103 1242 3171 aperiet,
1263 3109 1315 3157 aut
1330 3101 1428 3157 hiulca
1449 3102 1544 3157 adhuc
1559 3102 1641 3158 lance
1663 3103 1780 3159 dentem
1797 3110 1862 3160 tuuc

1013 3190 1224 3262 vagabundum
1253 3189 1405 3260 hucusque
1430 3189 1560 3260 recipiet3
1588 3190 1687 3261 sicque
1714 3191 1810 3248 dentis
1832 3207 1861 3247 ac

1013 3276 1152 3340 umbilici,
1181 3283 1208 3333 et
1236 3277 1260 3332 si
1286 3291 1344 3348 qua
1368 3285 1436 3333 sunt
1465 3277 1531 3345 alia,
1561 3277 1664 3334 iterata
1684 3277 1859 3345 elariiicatio,

1013 3367 1088 3424 sicut
1103 3367 1155 3422 luit
1172 3366 1239 3423 olim
1252 3367 1379 3423 secunda
1394 3367 1583 3432 circumcisio,
1600 3367 1657 3423 fiet.

1049 3453 1125 3525 §lli
1148 3453 1473 3511 Sancti-Medcrdenses
1495 3456 1674 3510 vehementer
1692 3453 1859 3512 insectatur.

1013 3575 1048 3584 -
1060 3543 1213 3608 Attendite,
1231 3543 1349 3611 laberii,
1366 3558 1453 3614 quam
1480 3558 1588 3614 parvus
1602 3545 1679 3616 ignis
1700 3545 1748 3601 hie
1773 3553 1861 3600 vester

1014 3638 1157 3703 quantum
1172 3632 1296 3688 virorem
1314 3633 1441 3689 veritatis
1468 3633 1636 3689 Christiana
1656 3632 1859 3691 consumans

1013 3721 1104 3788 nulla,
1122 3729 1225 3790 praeter
1245 3721 1444 3791 propheticum
1462 3722 1539 3792 quod
1561 3721 1765 3792 premisimus,
1792 3736 1860 3792 sup-

1014 3817 1141 3880 peterent
1156 3811 1327 3877 testimonia,
1354 3810 1509 3879 prasertim
1530 3825 1597 3866 curn
1617 3811 1742 3880 idipsum
1758 3810 1859 3867 beatis-

1013 3898 1105 3953 simus
1117 3899 1217 3953 Petrus
1232 3907 1332 3953 contra
1350 3899 1463 3954 ludaeos
1486 3913 1572 3968 super
1595 3898 1752 3956 Dominlcae
1768 3913 1860 3956 resur·

1013 3983 1146 4040 rectionis
1171 3987 1326 4041 assertione
1348 3985 1497 4055 protulerit
1520 3988 1592 4056 (Act.
1619 4001 1649 4052 ιι,
1664 3986 1723 4057 27),
1739 3988 1795 4044 sub
1811 3987 1860 4042 hoc

111 4076 295 4132 lniereudum
310 4074 386 4129 cuim
404 4088 437 4128 ac
456 4073 478 4128 si
504 4073 646 4143 proposito
659 4073 765 4143 aliquis
788 4081 959 4144 argumento
1012 4080 1090 4128 arcto
1115 4074 1214 4143 positis
1236 4075 1316 4131 vobis
1339 4074 1438 4130 saltem
1458 4089 1544 4145 super
1564 4075 1616 4131 isto
1642 4076 1772 4145 capitulo
1792 4076 1860 4132 mul·

111 4164 246 4235 putabit:
273 4163 356 4230 Quid,
382 4162 526 4232 iuquiens,
551 4164 659 4218 caeteris
683 4164 882 4233 sequentibus,
907 4162 958 4233 qui
1012 4168 1159 4218 tumesset
1175 4163 1541 4231 responderecouveniens.
1568 4164 1740 4233 Prophetam
1757 4171 1857 4222 etenim

113 4256 142 4310 iu
157 4255 248 4322 seipso
264 4254 348 4308 iidem
373 4252 515 4307 dictorum
536 4265 657 4307 suorum
681 4266 737 4306 uon
756 4251 891 4321 explicat,
912 4251 958 4306 la·
977 4240 1083 4307 Dadeo
1095 4252 1254 4321 egregium,
1273 4259 1301 4307 et
1317 4251 1388 4307 tanti
1403 4252 1582 4323 principatus
1600 4253 1765 4323 apostolum
1781 4255 1859 4311 relel·

112 4344 184 4399 ciet?
202 4342 249 4414 (¹¹)
264 4341 406 4410 Capillum
430 4340 574 4410 decapite
599 4348 695 4396 nostro
715 4354 773 4396 noo
798 4340 958 4409 periturum
1012 4338 1071 4394 lere
1087 4352 1166 4402 ,oum
1190 4339 1365 4411 vehementis
1390 4341 1508 4396 insaniae
1532 4342 1578 4407 sit,
1604 4341 1694 4397 miror
1716 4343 1859 4412 quomodo

111 4432 224 4488 dixerat
249 4430 328 4501 (Luc.
353 4431 486 4500 xx1,l8l,
511 4437 540 4484 et
564 4429 632 4499 ipse,
657 4430 769 4499 corpori
793 4443 846 4484 suo
874 4429 958 4499 quasi
1013 4426 1108 4482 dicere
1124 4427 1307 4495 praesumitis,
1328 4427 1405 4483 uude
1423 4428 1636 4486 evidentissime
1654 4431 1743 4487 tantis
1764 4441 1859 4489 aucto·

24 4591 28 4597 Ι
111 4520 290 4577 subcisivum
306 4520 441 4586 ellieieus,
458 4517 616 4588 particulas
640 4525 722 4574 terrm
742 4519 870 4582 mandat,
885 4520 958 4574 resi·
1013 4515 1095 4570 ribus
1116 4515 1273 4570 contraitis.
1294 4518 1374 4572 Certe
1398 4516 1422 4572 si
1444 4517 1618 4574 multimodae
1634 4519 1717 4575 vobis
1737 4521 1859 4576 rationes

111 4611 203 4666 duum
218 4609 288 4664 coelo
306 4607 431 4663 inlereus
445 4620 474 4661 se
494 4604 684 4661 resurrexisse
698 4606 884 4674 pronuntiat?
896 4605 957 4676 lQui

111 4698 173 4754 istis
202 4695 353 4766 implendis
380 4695 433 4751 sibi
461 4701 571 4750 constat
603 4693 790 4762 insollicieus,
824 4695 874 4764 qui
905 4708 958 4750 sua

110 4786 201 4855 ipsius
232 4784 367 4854 colligere
393 4783 424 4838 lit
448 4783 597 4852 impotens,
629 4791 726 4838 nostra
751 4783 880 4838 membra
907 4796 958 4851 per

110 4874 270 4931 humanam
287 4871 428 4928 incuriam
445 4873 499 4927 hac
518 4871 642 4941 illacque
666 4870 794 4940 dispersa
813 4871 957 4942 quomodo

109 4961 241 5032 colliget?

145 5051 220 5106 Dum
240 5046 386 5105 ecclesiam
410 5055 534 5104 vestram
558 5046 717 5119 peregrinis
741 5046 843 5116 opibus
869 5045 957 5102 vultis

110 5139 247 5206 attollere,
268 5146 296 5195 et
316 5128 357 5194 de¹
374 5146 466 5193 vestro
484 5145 562 5193 statu
590 5137 675 5207 longo
699 5134 850 5203 nobiliora,
872 5134 956 5206 louge

109 5229 146 5285 ab
161 5227 224 5283 aliis
237 5227 438 5283 excellentiora
448 5226 567 5296 jactare,
585 5225 622 5280 ad
638 5224 665 5279 id
679 5232 814 5280 extremae
833 5225 956 5281 vesanias

108 5317 145 5373 ad
161 5318 247 5371 vestri
264 5329 365 5372 sensus
380 5314 493 5385 reprobi
514 5314 664 5369 cumulum
685 5311 830 5380 erupistis,
852 5320 956 5370 utnon

55 5428 61 5433 ·
108 5404 213 5470 solum,
230 5404 308 5473 quod
328 5403 406 5460 dictu
425 5403 567 5459 netarium
588 5402 757 5467 aestimatur,
786 5400 841 5457 dici
860 5409 955 5458 tamen

107 5508 193 5566 opere
208 5495 331 5565 pretium
343 5500 395 5561 est,
418 5489 583 5564 prophetica
608 5490 695 5559 dieta,
713 5490 762 5547 sed
782 5490 878 5561 ipsum
902 5491 954 5546 Do

1012 4602 1075 4659 alise
1089 4611 1304 4670 concurrerent,
1319 4619 1385 4674 quar
1401 4620 1519 4675 quoquo
1535 4606 1617 4663 modo
1630 4608 1675 4663 vel
1690 4607 1727 4662 ad
1740 4623 1861 4664 momen·

1012 4700 1072 4749 tum
1090 4692 1143 4748 boc
1157 4705 1321 4748 asseverare
1345 4692 1483 4760 valerent,
1505 4708 1680 4766 magnopere
1695 4703 1794 4754 tamen
1810 4698 1860 4752 hoc

1011 4781 1130 4851 aggredi
1154 4782 1335 4837 conscientiae
1356 4790 1456 4837 vestrae
1477 4784 1592 4839 horrere
1621 4783 1769 4853 deberent,
1797 4799 1859 4856 quas

1010 4877 1110 4926 contra
1125 4869 1294 4941 ulloslonge
1310 4870 1452 4927 inferioris
1474 4871 1571 4942 gloriae
1591 4871 1679 4941 viros,
1703 4875 1860 4945 superbae

1010 4972 1041 5014 re
1054 4958 1225 5030 neutiquam
1241 4959 1341 5015 merito
1356 4959 1400 5015 vel
1412 4960 1561 5017 mutirent.

1046 5045 1126 5110 Quod
1138 5048 1161 5103 si
1182 5048 1275 5103 dicitis
1299 5049 1513 5118 corruptionem
1533 5064 1590 5105 non
1609 5065 1681 5115 esse,
1703 5060 1746 5109 est
1766 5051 1857 5124 plane,

1009 5136 1062 5192 etsi
1096 5135 1224 5192 noudum
1254 5145 1408 5207 corruptus
1426 5145 1477 5205 est,
1510 5139 1657 5210 corrumpi
1677 5154 1802 5198 neccsse.
1827 5142 1858 5197 lit

1010 5224 1062 5295 qui
1087 5224 1179 5282 valeat
1207 5225 1345 5283 deteriore
1363 5226 1446 5282 modo
1470 5229 1615 5298 corrumpi
1631 5243 1722 5299 quam
1752 5229 1857 5287 clarid·

1003 5322 1075 5389 ‚cato
1089 5327 1207 5384 corpore
1224 5313 1359 5371 universo
1381 5324 1525 5385 perpetuae
1546 5317 1755 5388 desperationis
1773 5334 1856 5390 squa-

1009 5401 1062 5458 lori
1083 5401 1207 5458 dimittii
1225 5403 1260 5458 Et
1275 5403 1418 5473 quomodo
1437 5404 1549 5460 audetis
1567 5419 1628 5462 rem
1643 5406 1715 5464 adeo
1732 5408 1856 5480 ineptam

1008 5503 1146 5559 asserere,
1163 5505 1230 5548 cum
1245 5505 1312 5548 eum
1329 5506 1387 5549 non
1402 5492 1512 5565 uegetis
1528 5495 1702 5567 surrexisse,
1714 5497 1856 5568 quomodo
