3818 6008
72 262 120 317 ltu

521 262 551 316 V.
573 260 738 320 anteeant
760 261 905 319 annuns
923 262 952 319 S.
974 258 1092 318 hlhRIAE
1111 257 1156 316 DE
1177 258 1372 317 ncvtunnnu

1773 260 1819 313 lli

69 392 139 466 qnid
168 391 328 450 dulcedinis
341 364 453 449 'habeat
472 391 576 448 3333313
592 391 730 448 irrsrrvire
753 393 913 449 3333311313
933 397 952 447 h
970 388 1496 459 131131131133111313111333111331,31
1519 390 1570 448 tibi
1584 391 1650 462 jure
1674 389 1819 447 subditam

71 482 208 554 placitum
223 483 335 538 arbitrii
350 482 406 538 sui.

106 600 192 657 Vnus.
216 600 256 660 n,
273 601 318 654 15.
338 600 453 654 —Cam
469 599 561 668 itaque
582 598 798 666 ingressusesset
813 600 918 654 Abram

71 691 227 759 egyptum,
256 687 384 741 uiderant
417 687 547 757 AEgyptii
572 687 721 755 mulierem,
747 688 819 759 quod
851 695 918 743 esset

69 779 187 848 pulchra
206 777 301 831 trimis.
326 776 366 830 El
389 779 585 830 nuntiauerant
606 778 745 847 principes
765 778 916 843 Pharaoni,

71 868 98 919 et
120 863 303 919 laudauerant
318 879 376 918 earn
391 863 467 934 apud
488 865 577 930 illum,
597 869 622 919 et
640 865 749 921 sublata
763 874 802 920 est
822 867 919 921 mulier

72 956 102 1007 in
125 952 234 1007 11313331
261 952 424 1007 Pharaonis.
455 953 639 1024 ingredimar
666 955 823 1023 AEqutum,
852 968 918 1011 curn

73 1041 155 1098 bonae
179 1040 347 1097 intentionis
361 1040 464 1097 amissa
479 1041 588 1098 lumine
599 1042 803 1099 obscuritatem
817 1043 920 1099 incidi-

73 1144 139 1186 tnus
163 1129 304 1185 mentium
322 1143 328 1184 :
354 1131 488 1200 AEgyptti
501 1130 643 1184 mulierem
661 1132 734 1199 qrrarl
745 1133 861 1202 pulchra
885 1135 920 1189 sit

73 1217 182 1286 vident,
207 1232 273 1274 cum
291 1217 455 1288 corporales
470 1226 574 1283 nauus,
597 1219 648 1289 qni
663 1219 817 1291 aliquoties
835 1222 920 1278 etiarn

74 1306 135 1364 siue
158 1306 328 1377 cogitatione
350 1307 522 1363 naturaliter
537 1315 564 1363 et
585 1315 685 1378 sponte
704 1309 840 1376 citantur,
868 1310 921 1380 pire

73 1395 231 1451 voluntatis
247 1394 454 1465 pulchritudini
470 1396 609 1464 invident,
629 1402 655 1451 et
679 1397 858 1454 sollicitando
870 1414 922 1455 ur-

75 1489 157 1554 gent3
180 1482 232 1539 etsi
247 1483 323 1538 enim
347 1483 517 1555 plerumque
536 1499 678 1552 erramus,
694 1487 811 1542 omnino
826 1494 920 1543 tamen

74 1585 128 1627 nos
142 1584 241 1628 errare
260 1571 401 1640 dolemus,
417 1573 496 1651 qa‘qa,
520 1573 606 1644 juxta
630 1572 820 1643 Apostolum:
841 1573 920 1641 Quod

75 1659 212 1718 nolumus
236 1660 357 1730 31313111,
380 1661 435 1718 1133
457 1661 570 1733 agimus
584 1664 671 1729 11133.
692 1678 742 1731 vn,
760 1663 812 1730 19).
840 1663 921 1717 Prin-

75 1752 146 1819 cipes
173 1749 312 1804 Pharaoni
337 1750 484 1818 nuntiant,
507 1764 573 1806 cum
604 1750 632 1806 hi
662 1750 770 1822 quibus
797 1751 921 1807 dicitur:

77 1835 179 1894 Tollite
206 1844 312 1908 portas,
341 1838 495 1909 principes,
526 1847 638 1897 vestras
665 1839 748 1910 (Psat.
776 1855 855 1909 xxviv,
885 1840 922 1910 7),

78 1940 180 1984 sensus
201 1927 356 1984 exteriores
379 1928 469 1985 nostri
494 1928 608 1985 31133131
624 1928 733 1985 carnali
753 1929 788 1984 de
811 1929 925 1984 residuo

79 2015 119 2089 pii
142 2015 277 2073 desiderii
308 2016 458 2088 conquesti
481 2016 631 2086 intimant;
662 2031 712 2085 per
746 2017 924 2073 Pharaonem

78 2104 155 2160 enim
171 2104 295 2160 33133113
310 2112 385 2161 13313
404 2104 523 2162 31133133
538 2105 689 2176 accipitur,
704 2106 754 2175 qui
777 2106 925 2176 dissipans,

79 2192 124 2249 vel
149 2193 345 2263 discooperiens
365 2208 434 2262 mm,
459 2194 536 2251 haud
553 2194 675 2251 dubium
696 2194 770 2264 quin
793 2194 924 2264 spiritum

80 2282 230 2338 destruens
264 2281 396 2348 interius,
440 2290 468 2339 et
495 2282 631 2354 detegens
661 2291 739 2340 veste
772 2283 925 2351 virtutum,

81 2371 299 2439 interpretatum
323 2369 401 2425 illam
424 2378 521 2426 autem
545 2370 674 2440 laudant,
695 2385 761 2427 eum
786 2372 927 2442 sagacita-

82 2464 138 2514 tem
154 2457 271 2529 ingenii,
287 2467 314 2515 et
335 2459 466 2515 habitum
480 2460 607 2530 corporis
622 2459 658 2515 ad
671 2459 768 2516 3333311
785 2461 929 2530 captanda

81 2545 231 2601 commoda
263 2546 423 2603 adulatorie
464 2549 646 2620 suggerendo
688 2548 854 2618 predicant.
897 2551 929 2604 in

82 2634 190 2689 domam
223 2636 374 2691 Pharaonis
406 2638 504 2692 mulier
532 2638 713 2705 transiertur‚
741 2652 807 2693 3313
837 2637 929 2694 3131113

80 2721 142 2794 jam
156 2722 326 2794 enervisque
344 2724 479 2781 voluntas
498 2732 713 2797 perseveranter
738 2733 840 2782 actara
862 2741 928 2782 cum

84 2807 189 2865 ellectu
212 2810 322 2866 carnali
341 2810 502 2880 inducitur;
520 2827 570 2884 per
584 2813 702 2869 domum
722 2813 798 2869 enim
814 2813 928 2869 diutar-

83 2897 159 2954 nitas
174 2897 343 2970 intelligitur
357 2901 525 2957 mansionis.

119 3012 205 3071 Vnns.
233 3017 275 3069 tu.
301 3044 338 3057 -
359 3016 467 3071 Abram
491 3033 553 3073 aera
582 3018 646 3074 hene
667 3033 732 3073 usus
755 3022 794 3073 est
818 3022 930 3090 propter

84 3102 177 3169 illam3
203 3105 369 3176 fueruntque
383 3107 408 3159 ei
433 3121 493 3161 aues
517 3111 542 3161 et
558 3106 645 3173 hanes,
661 3108 735 3162 asini
756 3109 781 3161 el
806 3109 888 3171 serui,
905 3113 930 3161 ct

83 3191 204 3258 tantula,
234 3196 363 3249 elusinae
381 3199 406 3248 et
432 3195 536 3250 cameli.
568 3195 633 3250 Oues
653 3193 822 3263 fatuitatem,
853 3195 929 3251 hoves

86 3278 221 3350 nequitia
256 3281 506 3352 ponderositatem,
531 3285 606 3338 asini
632 3282 832 3353 petulantiam,
859 3287 931 3338 suoi

86 3368 271 3437 proterviam,
293 3371 407 3441 samaia
421 3370 617 3429 seductibilem
632 3380 659 3427 et
673 3372 710 3427 ad
724 3371 821 3428 oculos
835 3372 928 3428 solum

86 3455 230 3513 humanos
245 3457 374 3515 timidam
391 3460 603 3526 conscientiam,
624 3463 709 3515 33133
730 3461 930 3531 cogitationem

87 3545 223 3601 continua
253 3546 410 3617 pollutione
439 3549 600 3616 iucundam,
631 3551 726 3604 carneli
750 3563 874 3620 pravum
898 3564 932 3606 33

86 3633 239 3691 distortum
268 3637 437 3706 appetitum,
455 3644 483 3693 et
507 3636 542 3692 ad
569 3644 678 3694 nictum
702 3639 789 3696 totius
814 3653 931 3708 perver-

87 3723 178 3780 sitatis
192 3724 345 3794 aeclinem;
361 3725 489 3781 camelus
506 3741 632 3796 hiatuque
648 3741 665 3782 a
678 3729 820 3784 curvitate
834 3727 933 3784 Graeca

87 3812 263 3870 derivatione
278 3822 407 3870 vocatur.
428 3814 503 3870 Bene
521 3823 616 3872 autem
632 3816 768 3882 exterius,
785 3831 843 3872 non
863 3817 934 3871 inte

89 3901 151 3958 rins
172 3902 284 3958 Pharao
299 3903 402 3959 Abram
420 3905 520 3971 utitur,
538 3905 608 3961 dum
628 3919 685 3960 non
701 3905 777 3962 veris
791 3906 839 3960 sed
857 3906 932 3960 ima-

89 3989 218 4060 ginariis,
248 3991 276 4046 id
300 3998 342 4047 est
365 3993 570 4063 temporalibus
593 3993 685 4060 benis,
711 3991 933 4064 provoluntate

88 4087 225 4150 corrupta
239 4080 311 4136 ratio
326 4080 362 4136 ab
378 4080 482 4138 3113313
496 4082 642 4139 delinitur.

124 4185 213 4242 Vnus.
241 4189 281 4250 11,
300 4188 343 4250 18,
371 4190 413 4242 19.
432 4217 469 4230 -
497 4190 658 4255 Flrrgcilauit
685 4192 775 4243 autem
802 4191 934 4244 Dominus

971 479 1061 536 sivisti
1090 485 1148 536 tam
1178 479 1277 536 leviter
1304 478 1425 535 distrahi
1454 492 1470 533 a
1499 485 1526 535 te
1552 492 1604 549 per
1626 478 1728 549 ineptae
1754 492 1821 534 mea

971 568 1129 624 affectionis
1149 567 1397 625 iraudulentiami
1413 568 1524 624 Pacatis
1544 567 1643 638 itaque
1659 582 1730 624 mcae
1753 567 1821 622 irri-

973 659 1087 714 laliunis
1109 658 1221 714 cunctis
1245 657 1411 713 incur-ibus
1434 660 1526 727 accipe
1552 654 1821 724 coamentem

973 746 1149 804 coritinentiu
1180 761 1197 802 3
1222 748 1306 802 medo
1330 748 1377 801 tit:
1405 747 1544 816 restringe
1573 759 1745 813 connexam,
1774 746 1821 800 sed

973 842 1067 891 tamen
1094 835 1274 905 postmodum
1298 834 1470 904 quantocius
1491 835 1567 897 eade,
1585 834 1612 889 id
1634 841 1687 902 est,
1712 834 1740 888 in
1763 848 1822 889 me-

974 923 1032 980 llus
1067 924 1201 994 prolicere
1232 923 1324 991 stude,
1359 923 1472 978 declina
1499 938 1516 979 3
1548 922 1632 991 31313,
1663 929 1690 979 31
1721 922 1823 978 deinde

975 1012 1097 1082 impiger
1116 1012 1199 1069 iacitc
1217 1012 1325 1068 bonum
1341 1011 1428 1082 (Psoi.
1446 1025 1544 1078 xxxva,
1560 1012 1615 1080 11).

1013 1101 1094 1156 Vnus.
1121 1103 1165 1155 ab.
1191 1130 1224 1139 —-
1251 1102 1432 1169 Precepilqac
1470 1102 1576 1155 Pharao
1605 1115 1688 1169 supet·
1721 1099 1821 1154 hurum

975 1192 1055 1257 uiris,
1082 1195 1107 1244 ct
1123 1190 1295 1244 deduxerunt
1316 1205 1376 1243 eunt
1393 1195 1418 1243 et
1442 1205 1553 1244 tenorem
1581 1190 1650 1258 eiua,
1680 1194 1707 1244 et
1733 1193 1824 1243 omnia

976 1296 1035 1348 quae
1060 1279 1184 1332 habebat.
1210 1279 1346 1346 -11113,
1372 1278 1540 1345 1111311333.
1568 1277 1607 1347 1).
1639 1278 1822 1347 ascenditque

978 1367 1085 1420 Abram
1105 1383 1137 1420 ra
1153 1369 1279 1434 AEqppto,
1307 1368 1365 1433 ipse
1383 1370 1408 1420 et
1432 1381 1503 1419 aanor
1520 1366 1590 1433 ejus,
1604 1369 1630 1419 et
1649 1367 1741 1418 amaria
1765 1381 1824 1434 quae

977 1454 1101 1521 habebat,
1125 1460 1151 1508 et
1174 1455 1243 1509 Loth
1266 1470 1325 1507 cam
1340 1469 1369 1507 eo
1384 1454 1421 1508 ari
1435 1455 1583 1508 austratem
1602 1454 1724 1524 plagam.
1752 1456 1825 1508 Pha·

976 1557 1025 1596 rno
1053 1557 1135 1612 saper
1157 1542 1263 1597 Abram
1294 1544 1360 1597 31113
1389 1542 1527 1613 praecipit,
1559 1557 1624 1598 cum
1651 1542 1700 1598 Dei
1724 1542 1825 1598 timore

977 1637 1169 1698 compunctus
1207 1631 1333 1686 carnalis
1364 1631 1508 1702 appetitus
1543 1631 1677 1687 virilibus
1707 1629 1827 1686 rationis

944 1695 1111 1776 Bsensibus
1134 1720 1333 1776 auctoritatem
1359 1719 1482 1789 propria
1504 1718 1702 1788 opitulationis
1718 1719 1828 1789 adiun-

961 1808 1034 1879 .git;
1050 1807 1198 1865 deducant
1211 1822 1288 1874 curn,
1313 1813 1338 1863 et
1359 1824 1481 1877 anaceto,
1505 1815 1533 1864 et
1556 1822 1622 1878 quae
1646 1808 1741 1875 babet,
1760 1822 1827 1864 cam

978 1898 1015 1952 ad
1038 1896 1245 1967 expediendam
1268 1896 1551 1964 intellectualitatem,
1579 1895 1827 1968 subjungendam-

980 2000 1036 2055 que
1063 1984 1219 2042 intellectni
1259 1985 1447 2051 voluntatem,
1484 1992 1512 2041 et
1549 1984 1694 2041 residuam
1723 1984 1827 2040 3313133

981 2073 1145 2139 benitatem,
1167 2073 1309 2145 quidquid
1334 2081 1375 2130 est
1395 2072 1501 2129 virium
1525 2072 1577 2128 sibi
1604 2072 1719 2128 animus
1741 2071 1827 2128 exbi-

981 2163 1050 2219 bet:
1079 2162 1202 2217 ascenolit
1217 2162 1321 2217 Abram
1337 2177 1404 2218 cuni
1423 2163 1493 2230 sais,
1524 2176 1625 2227 uxore,
1649 2168 1676 2217 et
1696 2162 1768 2217 batn
1792 2176 1828 2216 311

980 2253 1113 2324 AEgypto,
1129 2267 1194 2308 carn
1207 2253 1326 2322 spiritus
1339 2260 1434 2308 noster
1448 2251 1571 2323 cantgrat
1589 2265 1604 2306 3
1618 2250 1718 2306 mundi
1740 2251 1829 2319 hujus

981 2340 1130 2407 desideria,
1159 2349 1187 2396 et
1213 2340 1361 2397 voluntate
1395 2355 1428 2396 au
1453 2339 1558 2396 allecta
1583 2353 1635 2394 suo
1661 2352 1679 2394 a
1707 2339 1829 2408 pristina

982 2429 1171 2486 declinatione
1197 2437 1325 2486 correcto
1351 2429 1389 2483 aot
1421 2430 1569 2483 australem
1601 2427 1730 2484 concedit
1764 2443 1829 2495 qairr-

983 2524 1044 2584 tern,
1071 2518 1107 2574 ad
1139 2517 1297 2587 spiritualis
1322 2517 1429 2574 scilicet
1458 2519 1525 2573 vita
1550 2518 1701 2573 servorem.
1730 2517 1826 2584 Surge,

983 2607 1087 2678 inquil,
1102 2608 1205 2676 aquilo,
1221 2612 1246 2661 et
1259 2609 1329 2661 ceni.
1348 2611 1439 2659 auster·
1449 2605 1526 2674 (Cura.
1542 2620 1580 2668 vv,
1600 2608 1656 2673 16).

1018 2696 1104 2752 Vnas.
1136 2698 1161 2749 1.
1190 2725 1222 2735 -
1248 2699 1318 2750 Erat
1340 2699 1430 2749 autem
1458 2695 1533 2749 diaes
1559 2694 1639 2748 ualde
1667 2696 1697 2746 in
1723 2708 1828 2763 posses-

983 2786 1056 2839 sione
1080 2786 1188 2850 arqerrti
1213 2788 1238 2839 et
1266 2785 1338 2838 uari.
1365 2783 1520 2853 Postquam
1548 2797 1565 2837 a
1589 2782 1694 2852 peccati
1718 2791 1831 2852 torpore

983 2872 1019 2928 ad
1035 2872 1206 2929 ardentioris
1225 2871 1311 2928 studii
1329 2872 1460 2927 instituta
1474 2871 1687 2941 consurgimus
1711 2878 1830 2941 argento

949 2959 1108 3047 Cseientiae
1151 2959 1288 3026 ditamur,
1330 2957 1400 3028 qaia
1427 2958 1626 3014 discretionem
1661 2957 1829 3027 spiriteum,

983 3047 1179 3117 vitiorumque
1204 3056 1333 3111 naturas,
1353 3046 1487 3101 humanae
1501 3044 1586 3100 etiam
1606 3046 1832 3101 conversationis

983 3136 1079 3192 varios
1098 3143 1190 3191 status
1213 3143 1292 3191 tanta
1320 3133 1408 3190 altius
1431 3133 1640 3204 cognoscimus,
1669 3141 1781 3203 quanto
1804 3141 1832 3189 et

984 3225 1045 3281 haec
1069 3224 1226 3295 aliquando
1252 3223 1336 3294 passi,
1363 3223 1423 3293 iam
1448 3237 1526 3278 nunc
1551 3223 1605 3278 bec
1631 3223 1754 3293 iuvante
1781 3235 1833 3278 aas

983 3313 1107 3369 evasisse
1131 3313 1306 3384 garidemus;
1335 3325 1406 3367 aare
1435 3311 1581 3380 sapientia
1609 3310 1830 3380 locupletamur,

984 3416 1050 3458 curn
1063 3403 1124 3473 jam
1141 3403 1188 3458 Dei
1205 3398 1446 3470 contemplatione
1461 3399 1612 3462 satiamur,
1635 3407 1662 3455 et
1685 3399 1828 3456 virtutum

984 3505 1035 3547 seu
1062 3490 1257 3561 quarumlibet
1284 3489 1485 3557 mysteriorum
1515 3487 1702 3556 intelligentia
1735 3487 1833 3556 perlu-

985 3587 1121 3635 stramur.
1152 3580 1244 3634 Potest
1269 3585 1296 3633 et
1319 3577 1458 3647 sapientia
1473 3576 1509 3631 ad
1529 3574 1674 3647 religionis
1694 3575 1835 3631 excellen-

986 3669 1066 3734 tiam,
1093 3667 1212 3723 scientia
1241 3679 1307 3722 vero
1335 3665 1424 3734 accipi
1451 3665 1610 3721 secundum
1649 3664 1833 3720 ecclesiastici

986 3755 1149 3813 documenti
1164 3755 1357 3826 sagacitatem.

1022 3845 1108 3901 Vnus.
1125 3848 1150 3910 3,
1171 3843 1196 3898 4.
1211 3873 1245 3883 —
1259 3845 1441 3912 decursusque
1459 3846 1499 3896 est
1513 3858 1561 3911 per
1576 3843 1637 3907 iter,
1650 3857 1701 3910 qao
1712 3846 1833 3907 ueneat,

987 3933 1128 3988 amerlolie
1145 3935 1173 3986 iu
1188 3932 1289 3996 Bethel,
1311 3929 1446 4000 usquead
1461 3931 1546 3984 locum
1564 3931 1612 3984 ubi
1630 3931 1708 3999 prius
1731 3933 1836 3999 flueren

988 4021 1190 4076 lubmtaculum
1216 4023 1287 4074 inter
1316 4019 1406 4074 Bethcl
1431 4023 1457 4073 et
1481 4019 1563 4072 Hui:
1590 4020 1620 4072 in
1649 4018 1704 4073 ioco
1736 4018 1835 4073 altaris

988 4110 1060 4179 quod
1084 4112 1185 4178 [333331
1198 4112 1287 4178 prius,
1306 4113 1331 4162 et
1346 4109 1484 4162 inuocauit
1503 4107 1542 4161 ihi
1559 4122 1653 4161 ttamen
1672 4108 1834 4163 1133113111

987 4198 1101 4253 monite
1115 4201 1145 4252 ia
1159 4198 1250 4253 hethei
1274 4195 1416 4262 venimus,
1436 4210 1502 4250 cnm
1523 4209 1540 4250 3
1563 4195 1657 4251 calore
1673 4195 1743 4250 bene
1764 4209 1836 4265 ope·

90 4276 257 4330 Pissttwltem
278 4276 370 4345 Plauti
393 4281 534 4343 mttaeiml'b
556 4283 581 4332 el
603 4278 711 4333 &limum
728 4279 798 4346 tt'lss,
821 4283 933 4349 proult*
952 4293 973 4346 b
990 4287 1080 4343 rantis
1106 4286 1170 4342 ssdei
1194 4285 1230 4341 ad
1245 4284 1337 4341 selum
1359 4283 1462 4339 demus
1478 4283 1539 4352 Dei,
1564 4283 1642 4354 qued
1657 4291 1699 4339 est
1725 4283 1834 4344 Betbel.

90 4365 173 4420 sarai
192 4379 304 4419 unarum
328 4367 441 4421 alarum.
467 4368 631 4435 Vccaeitqae
644 4367 751 4422 Pharao
775 4367 887 4435 hbrunt,
909 4374 933 4422 et

91 4451 164 4507 dicit
190 4455 233 4506 ei:
261 4452 397 4520 Quidnam
420 4454 545 4524 estquod
563 4456 752 4521 fecistimihi?
773 4472 857 4524 quare
880 4472 935 4511 raon

91 4541 223 4598 indicasti
256 4543 329 4613 quod
352 4559 423 4598 uuor
449 4550 495 4598 tua
526 4543 614 4598 esset?
641 4546 718 4601 Nunc
758 4547 847 4614 igitar
878 4561 935 4600 eece

91 4629 192 4701 conjua
207 4635 264 4698 tna,
285 4635 376 4701 accipe
396 4633 598 4698 comitanda.
617 4633 786 4688 Pharaonem
804 4635 935 4689 Dominus

92 4718 227 4790 tlagellat,
244 4721 313 4776 dum
330 4721 506 4792 quandoque
528 4736 684 4778 asuerum
707 4721 808 4780 ellectu
838 4723 933 4779 libidi-

91 4822 162 4864 num
186 4815 342 4880 torpentem
357 4809 490 4866 allectum
512 4811 695 4880 presentiam
712 4812 936 4883 iuturorumquc

92 4896 233 4953 maiorum
253 4899 329 4954 Deus
348 4898 576 4956 consideratione
592 4900 761 4957 exterritat:
787 4900 845 4971 rjus
871 4915 934 4971 per-

90 4985 162 5042 cutit
187 4986 305 5054 domum,
334 4989 405 5044 dum
431 4990 596 5058 temporalis
619 4992 721 5047 timore
742 4990 867 5057 ultionis,
891 4987 934 5043 vel

91 5075 191 5131 aeterni
202 5075 313 5146 judicii,
326 5079 528 5146 perseverandi
544 5079 573 5134 in
589 5079 665 5135 male
679 5084 822 5148 nuquam
840 5091 936 5148 propa

91 5170 188 5220 suerat
204 5163 324 5220 destruit
344 5165 520 5237 appetitum3
536 5175 563 5223 et
579 5168 632 5224 hoc
652 5167 682 5221 lit
696 5171 808 5235 propter
825 5181 936 5222 acorem

93 5252 199 5307 Abram
214 5252 297 5308 sarai
315 5253 421 5311 scilicet
441 5257 529 5313 donec
553 5254 687 5312 voluutas
711 5255 795 5323 33331
818 5255 936 5326 conjirgi

93 5340 207 5412 proprio
248 5342 386 5399 reddatur
422 5345 545 5401 rationi:
574 5351 655 5400 vocat
676 5345 785 5399 Pharao
817 5343 935 5408 Abram,

92 5430 209 5500 qnando
225 5429 344 5488 allectus
362 5433 422 5504 jam
438 5433 556 5489 bannilis
576 5432 629 5488 sibi
646 5430 770 5503 applicat
785 5433 934 5489 rationem.

91 5518 159 5588 Cur,
176 5519 282 5591 iuquit,
305 5534 321 5577 o
341 5520 541 5579 intellectualis
560 5534 685 5578 33113313
696 5520 809 5592 iudicii,
829 5520 937 5577 volua-

988 4372 1118 4427 decurem
1132 4368 1323 4440 diligendum,
1342 4366 1615 4438 exquirendumque
1638 4367 1834 4438 attingimus:

988 4460 1091 4518 domus
1105 4467 1201 4515 autem
1222 4457 1283 4523 Ilei,
1302 4464 1353 4512 aut
1375 4470 1455 4512 mens
1471 4464 1578 4523 nostra,
1596 4464 1646 4512 331
1664 4456 1712 4511 1113
1733 4456 1836 4512 1313111-

989 4549 1076 4619 gitur,
1106 4547 1134 4602 in
1165 4559 1224 4618 qna
1254 4545 1351 4601 multae
1373 4559 1435 4601 esse
1456 4545 1619 4600 mansiones
1645 4545 1836 4615 perhibentur

989 4637 1077 4706 (toan.
1106 4649 1165 4701 xiv,
1188 4633 1225 4703 1).
1251 4633 1337 4688 Porro
1363 4646 1412 4702 per
1442 4633 1516 4688 idem
1539 4634 1667 4703 iterque
1690 4632 1833 4700 venimus,

989 4724 1023 4780 de
1047 4724 1169 4793 AEgvpte
1193 4720 1376 4788 revertimur,
1401 4735 1468 4776 cum
1493 4720 1666 4792 peneadem
1692 4721 1835 4777 virtutum

988 4810 1136 4877 exercitia,
1152 4824 1169 4864 a
1187 4809 1294 4880 quibus
1313 4808 1490 4866 dellnnimus
1511 4809 1541 4864 in
1561 4809 1687 4879 culpam,
1705 4811 1836 4880 regredi-

991 4912 1056 4955 mur
1078 4897 1106 4953 in
1123 4898 1257 4969 gratiam,
1271 4897 1376 4954 scilicet
1391 4912 1483 4969 usque
1499 4898 1535 4955 ad
1559 4898 1653 4954 lacum
1668 4898 1718 4954 ubi
1734 4899 1837 4955 haera-

990 5002 1055 5043 mas
1071 4986 1298 5053 tabernaculum,
1315 4986 1343 5042 id
1365 4994 1407 5043 est
1423 5001 1515 5058 usque
1531 4988 1567 5044 ad
1583 4987 1700 5044 sincerae
1716 4976 1838 5044 humitt-

991 5075 1056 5133 tatis
1078 5075 1275 5144 stabilitatem,
1298 5090 1363 5147 qnae
1378 5078 1544 5133 sanctarum
1561 5075 1700 5133 mentium
1719 5077 1747 5132 in
1764 5093 1838 5148 pree·

990 5165 1063 5222 senti
1085 5165 1165 5221 locas
1179 5173 1229 5233 est,
1246 5165 1321 5222 sieut
1337 5179 1493 5238 pravarum
1511 5165 1656 5236 superbia,
1682 5165 1732 5222 ubi
1759 5167 1838 5236 spiri·

992 5255 1098 5312 tualem
1122 5269 1173 5310 nos
1196 5262 1321 5322 aeluros,
1340 5255 1410 5311 dum
1430 5256 1549 5324 spiritus
1574 5255 1625 5311 bos
1650 5256 1723 5327 regit
1747 5265 1837 5322 artus,

991 5344 1199 5415 spopondimus
1226 5344 1369 5413 militiam,
1398 5343 1426 5399 in
1447 5343 1508 5399 lccc
1531 5343 1640 5410 altaris,
1662 5343 1740 5413 quod
1766 5344 1840 5401 inter

992 5433 1088 5489 Betbel
1106 5440 1134 5490 et
1149 5433 1200 5488 1131
1217 5433 1298 5504 prius
1320 5433 1450 5499 lecimus,
1466 5432 1494 5488 in
1512 5431 1567 5488 ide
1584 5432 1714 5488 videlicet
1735 5433 1840 5491 Christi

992 5527 1083 5578 totum
1105 5521 1159 5577 bec
1173 5530 1300 5592 agentes,
1324 5521 1352 5576 in
1367 5535 1426 5592 quo
1444 5520 1526 5591 quasi
1552 5520 1739 5577 fundamenta
1760 5536 1839 5592 spem
