3818 6008
69 197 120 250 *287
197 144 200 149 ⁸
517 193 546 245 V.
567 191 732 246 unlustau
753 189 899 244 sanans
917 188 946 243 S.
968 188 1088 244 MARIAE
1108 188 1152 242 DE
1172 186 1369 243 uovlnnuto
1765 190 1818 242 288

71 334 149 384 ratas
171 344 245 395 sam,
270 329 454 397 exploratores
482 329 546 381 estis
571 326 639 393 (lit.
669 325 785 381 'tharsis
810 324 916 380 elicitur
934 324 957 376 Α
972 330 1063 389 retur,
1080 323 1108 378 in
1122 330 1261 378 aeternum
1285 336 1400 378 caruem
1422 336 1479 378 non
1494 323 1651 380 manducat
1666 324 1820 394 Apostolus

69 417 231 488 exploratio
244 417 352 490 gaudii,
370 416 399 471 in
413 415 515 484 spiritu
530 421 625 470 autem
643 413 802 469 vehementi
819 421 918 468 conte·
973 414 997 484 (l
1010 415 1074 466 Gor.
1100 427 1159 477 vm,
1187 411 1240 477 13).
1264 412 1361 482 (Vens.
1379 414 1436 478 tt.)
1459 414 1482 466 Ε
1505 413 1604 480 quibos
1630 427 1701 467 unus
1726 414 1820 468 liuben

72 505 109 562 rit
129 506 205 562 Deus
228 519 316 561 naves
340 504 456 560 'tharsis
481 503 561 570 [Psoi.
587 516 675 568 xcvii,
693 502 732 572 8).
755 502 816 556 Jam
839 514 919 556 nunc
972 506 1036 557 ait:
1060 501 1192 571 Nuaqaid
1207 517 1261 554 aon
1279 501 1342 554 diei
1355 500 1452 554 uobis:
1477 502 1566 555 Nolite
1578 516 1689 570 peecare
1711 505 1739 556 ia
1753 517 1819 571 pae-

71 595 302 665 experimentum
312 593 424 661 capiam
439 590 588 646 mundana
603 604 655 645 vos
667 590 763 645 adhue
777 587 918 658 aucupari
972 608 1044 661 raim,
1068 597 1094 646 et
1113 606 1165 644 non
1182 591 1300 644 audistis
1319 589 1378 643 me?
1397 605 1430 643 ea
1450 593 1563 657 sorrecis
1584 590 1643 656 ejrrs
1662 592 1821 657 exquiritur

74 683 188 755 gaudia.
213 680 918 749 (Vsus.15.)PersaiulemPharaonisnoaeqre-
972 679 1196 748 conquerantur
1222 677 1316 732 taliter
1349 677 1502 732 adversum
1534 691 1563 730 se
1591 685 1685 732 motus
1717 675 1822 732 interni

74 770 188 824 diemini
202 770 274 835 hiae,
301 767 382 822 donee
397 769 488 822 veniat
500 768 591 833 trater
605 772 691 821 aester
703 765 844 820 minimas.
873 763 921 820 Sa·
973 768 1023 823 sed
1037 766 1149 831 Rubcn,
1174 766 1224 834 qui
1240 763 1346 820 dicitur
1368 764 1463 818 rideris
1483 767 1513 818 ia
1536 765 1633 832 medio,
1649 765 1676 820 id
1691 773 1733 820 est
1747 765 1822 820 ratio

73 858 119 914 lus
131 857 288 913 Pharaonis
300 864 351 916 est.
368 870 425 911 non
440 870 500 926 qua
514 855 625 910 Pharao
641 854 780 918 salvatur,
797 853 845 909 sed
861 867 920 924 qua
974 870 1039 925 quae
1054 854 1212 925 corporalia
1227 854 1417 909 communiter
1439 854 1658 923 spiritualiaque
1670 855 1820 923 dijudicat,

73 946 204 1015 potiusa
228 944 313 1014 typici
339 944 497 999 Pharaonis
512 942 676 999 incursione
691 942 849 998 salvamur.
865 943 917 1008 lta,
973 958 1060 1014 super
1083 957 1136 1000 sua
1158 958 1206 999 eos
1228 942 1432 1013 redargutione
1455 950 1667 1009 commemorat,
1694 943 1823 1012 quadiu

72 1032 179 1104 inquit,
201 1033 375 1089 abonorum
390 1033 520 1088 omnium
536 1031 704 1101 dissipatore
722 1031 826 1097 salvor,
841 1031 919 1101 quod
974 1048 1003 1089 sc
1019 1034 1144 1089 hebetem
1161 1032 1268 1088 scilicet
1288 1031 1392 1096 adbuc,
1416 1031 1493 1087 etad
1509 1031 1693 1087 conflictuum
1711 1031 1823 1088 iabores

72 1137 130 1178 non
158 1122 239 1188 hine,
261 1121 290 1177 id
314 1128 356 1178 cst
383 1122 420 1178 ab
444 1120 573 1190 appetitu
598 1119 719 1175 noettslis
746 1119 918 1191 augmenti,
974 1131 1106 1180 tenerum
1129 1135 1246 1191 peccare
1271 1119 1394 1176 venierit
1419 1127 1446 1176 et
1474 1120 1590 1187 audire,
1618 1121 1823 1190 spernentibus

72 1210 210 1267 excedere
229 1210 265 1265 ad
286 1213 401 1265 terrena
427 1222 477 1264 vos
500 1207 593 1269 liceat,
618 1206 708 1263 donec
724 1206 783 1277 spei
807 1214 920 1262 aeternae
975 1210 1093 1282 peccati,
1109 1210 1186 1280 quod
1200 1208 1416 1280 cstsangulnis,
1434 1209 1509 1265 Deus
1523 1222 1621 1279 poenas
1635 1209 1773 1265 intulerit.

72 1298 196 1363 lructus,
218 1296 270 1368 qui
285 1296 314 1353 in
338 1295 416 1352 eoelis
432 1296 509 1365 apud
531 1295 644 1362 ,Patrem
667 1294 852 1351 absconditus
867 1302 918 1364 est,
1009 1300 1098 1356 Vens.
1121 1300 1165 1365 tt,
1188 1298 1233 1365 nt,
1262 1299 1306 1351 ιδ.
1328 1327 1362 1336 -
1387 1298 1546 1352 h'eseieboat
1569 1303 1658 1351 aretem
1682 1298 1754 1366 quod
1776 1301 1822 1352 ia-

73 1386 181 1443 veniat.
198 1387 326 1442 Minimas
339 1385 425 1441 etiam
448 1383 509 1440 ideo
524 1390 575 1451 est,
598 1383 667 1453 quia
682 1391 710 1439 et
729 1382 841 1438 minimi
857 1397 920 1439 am·
975 1390 1105 1455 telliqcrct
1125 1386 1232 1455 loseph,
1257 1401 1285 1439 eo
1307 1385 1380 1455 qaod
1403 1401 1451 1455 per
1476 1388 1649 1453 interpretem
1668 1387 1822 1455 loqueretur

75 1474 152 1545 plius
173 1472 264 1544 diligi,
280 1480 308 1530 ct
324 1471 420 1528 curari
443 1471 544 1538 solent,
560 1470 638 1541 qnod
658 1477 749 1526 totum
769 1471 869 1527 attinet
884 1471 918 1527 ad
974 1477 1012 1530 od
1027 1490 1079 1529 ros.
1096 1477 1260 1543 Avertitque
1273 1488 1301 1528 se
1323 1489 1480 1541 parumper,
1506 1479 1531 1526 et
1544 1475 1635 1541 derit:
1658 1479 1683 1527 et
1698 1491 1821 1529 reuersus

73 1576 163 1632 spem.
975 1566 1079 1618 localia
1104 1568 1144 1618 est
1170 1562 1208 1616 ad
1234 1577 1287 1616 eos.
1317 1563 1418 1617 Talleas
1445 1562 1565 1626 Simeon,
1595 1566 1621 1616 et
1647 1563 1736 1628 ttqoos
1763 1564 1821 1618 iilis

109 1649 195 1707 Vsus.
221 1653 264 1705 l6.
291 1679 326 1688 -
352 1651 452 1704 Mittite
475 1649 602 1703 eusebis
624 1663 724 1716 anam,
747 1652 773 1702 et
799 1647 921 1703 adducat
940 1617 1161 1722 Bpraesentitur.
1184 1650 1258 1705 Dum
1282 1650 1321 1705 ita
1347 1650 1381 1706 de
1408 1650 1572 1706 animorum
1598 1650 1822 1719 egritudinibus

73 1754 133 1792 mm
160 1753 165 1792 τ
188 1753 234 1792 tut
259 1742 348 1791 uultui
363 1738 440 1791 eritis
463 1739 493 1790 in
513 1736 639 1799 vinantis,
665 1735 746 1789 dunel
773 1735 921 1804 protelatur
974 1755 1076 1797 sensus
1101 1739 1205 1795 interni
1223 1741 1383 1809 ingemunt,
1406 1740 1481 1796 hanc
1494 1740 1584 1809 ipsam
1602 1739 1821 1810 intelligentiam

74 1841 133 1896 qua
152 1826 360 1892 diiudicatis,
384 1830 476 1878 utrum
494 1839 559 1878 aera
582 1839 619 1876 ors
642 1824 717 1888 salsa
740 1825 808 1877 sint.
834 1822 919 1878 ltlum
974 1829 1122 1898 amystico
1146 1827 1251 1898 loseph
1272 1827 1324 1884 sibi
1341 1827 1454 1884 iuluudi
1470 1829 1640 1898 plerumque
1663 1828 1819 1885 nesciant:

73 1930 158 1969 unum
172 1913 357 1984 principalem
372 1914 481 1979 mittite,
498 1926 531 1967 ac
552 1911 575 1967 si
596 1918 778 1982 sequestrum
794 1911 921 1967 ebarita—
974 1917 1028 1974 nisi
1053 1916 1128 1972 euim
1162 1916 1361 1986 spiritualibus
1383 1916 1546 1987 augmentis
1571 1916 1721 1983 instarent,
1741 1932 1822 1972 nun-

75 2003 111 2059 tis
124 2001 268 2067 allectum,
293 2008 324 2056 ut
338 2001 414 2071 quod
430 1999 592 2070 ltt⁰SPitttt⁸
614 2013 662 2069 spe
680 1998 816 2055 exhibeat
841 1998 921 2055 Vtilis
974 2019 1062 2076 quam
1077 2020 1125 2061 eos
1136 2003 1298 2074 corporalia
1322 2003 1392 2059 vitia
1405 2003 1567 2073 fatigarent,
1590 2018 1623 2059 eo
1638 2003 1714 2073 quod
1729 2004 1824 2058 media

75 2090 104 2146 in
129 2103 169 2146 te.
192 2091 243 2144 Vos
268 2096 375 2156 autern,
402 2088 513 2144 interim
539 2101 556 2142 a
579 2087 711 2142 saecsulari
735 2086 918 2150 cohibendus.
974 2092 1049 2148 inter
1073 2101 1211 2161 utrosque
1231 2089 1412 2160 cogitationis
1439 2089 1556 2160 quercla
1582 2088 1728 2158 discurrit,
1756 2105 1822 2160 equae

74 2178 129 2235 sub
144 2177 301 2247 disciplinae
325 2176 449 2232 vinculis
464 2175 562 2232 scitote
585 2174 711 2241 lascivia,
736 2182 769 2230 ut
784 2175 921 2245 probetur
974 2189 1069 2238 tamen
1095 2180 1220 2250 idipsum
1237 2179 1314 2248 quod
1338 2178 1450 2234 lastidio
1473 2178 1656 2248 presentium
1680 2178 1821 2248 tangitur,

74 2266 127 2322 sub
142 2267 213 2320 meis
230 2263 470 2330 accusationibus,
487 2271 589 2319 vestra
604 2262 761 2318 devotionis
775 2275 809 2317 ac
825 2276 918 2331 perse·
974 2269 1111 2340 quodque
1124 2269 1158 2323 de
1184 2269 1236 2323 hoo
1252 2267 1311 2336 ipso
1331 2266 1409 2336 apud
1430 2280 1459 2321 se
1478 2266 1645 2327 altercatur,
1660 2266 1696 2321 ab
1710 2266 1820 2331 eodeni,

74 2353 212 2412 verantiae
240 2354 366 2409 delensio
395 2353 480 2408 lacta.
509 2351 604 2420 (Vaas-
636 2354 678 2416 Π,
709 2349 764 2421 ili.)
793 2351 920 2406 Tradidit
974 2356 1026 2427 qni
1057 2356 1225 2413 melioribus
1252 2354 1493 2425 augeriexoptat,
1523 2353 1695 2411 infunditur.
1712 2355 1823 2410 Avertit

73 2458 136 2510 erqo
152 2458 194 2497 aas
218 2445 247 2496 in
271 2442 393 2497 custodio
410 2441 498 2495 tribas
518 2440 623 2493 diebus.
652 2439 703 2492 Die
729 2441 819 2493 orclem
841 2441 920 2492 tertio
973 2459 1041 2516 ergo
1069 2459 1097 2499 se
1114 2458 1263 2513 porrrroper
1285 2451 1311 2499 et
1338 2442 1395 2511 net,
1419 2457 1486 2498 cum
1512 2456 1529 2497 a
1554 2442 1638 2498 cnrdc
1658 2441 1823 2498 transitoria

72 2531 205 2586 eductise
226 2547 341 2599 careae,
363 2533 405 2584 ait
429 2547 434 2584 :
458 2530 550 2584 Facite
574 2527 646 2597 quod
666 2527 737 2592 diei,
762 2529 918 2583 etoiretis:
974 2533 1113 2597 dimovet,
1141 2539 1168 2587 et
1192 2532 1333 2601 quidquid
1359 2531 1437 2587 noxii
1465 2531 1493 2585 in
1517 2529 1667 2586 attactibus
1692 2530 1823 2587 humoris

74 2622 159 2676 Deam
173 2622 243 2674 enim
260 2622 347 2674 timeo.
365 2620 460 2674 Prima
472 2617 533 2673 dios
546 2623 588 2671 est
604 2615 765 2684 conversim
782 2614 918 2683 monada,
973 2621 1079 2687 existit,
1097 2635 1114 2676 a
1135 2634 1164 2675 se
1180 2627 1308 2689 patenter
1326 2625 1488 2689 extorquet.
1504 2621 1655 2688 Paramper
1670 2616 1697 2674 ld
1713 2619 1820 2687 agitur,

73 2707 217 2763 virtutum
241 2706 396 2776 promotio;
425 2706 531 2771 tertia,
566 2703 687 2759 celestis
715 2703 918 2760 remuneratio.
975 2710 1138 2779 quiatanta
1160 2707 1449 2763 suiatrctoritasnou
1470 2707 1623 2762 diumeuti
1645 2706 1821 2774 conceditur,

74 2793 133 2850 Sub
153 2794 347 2850 conversionis
369 2808 437 2864 ergo
461 2792 622 2856 vuuutiuuu.
653 2793 707 2848 snb
733 2791 921 2862 promotionis
976 2797 1052 2852 unde
1069 2803 1097 2852 ct
1109 2811 1231 2851 reuersas
1246 2796 1283 2849 ad
1298 2809 1340 2850 eos
1358 2796 1496 2865 loquitur,
1513 2795 1583 2864 quia
1598 2795 1683 2850 citius
1697 2796 1733 2850 ad
1748 2809 1824 2866 prte-

72 2882 285 2953 justillcatlone,
308 2883 363 2938 sub
387 2880 626 2937 remunerationis
642 2881 737 2936 arlhuc
761 2888 855 2935 tamea
871 2893 921 2950 per
940 2893 960 2947 e
976 2885 1052 2941 dieta
1076 2885 1225 2953 ratiocinia
1247 2885 1316 2940 velit
1337 2884 1409 2940 nolit
1432 2891 1594 2940 reiteratur.
1620 2883 1744 2949 Simeon,
1773 2883 1823 2954 qui

74 2985 153 3041 suein
168 2970 382 3042 glorificatione,
408 2968 527 3024 rationis
547 2968 748 3038 mancipamur
769 2968 919 3038 custodiae;
977 2973 1084 3030 dicitur
1099 2973 1213 3027 audiens
1237 2975 1390 3038 tristitiom,
1417 2972 1474 3041 ipse
1495 2971 1613 3042 spiritus
1636 2979 1688 3038 est,
1714 2971 1765 3039 qui
1789 2972 1825 3028 de

75 3059 122 3116 sud
145 3074 212 3115 oum
231 3058 266 3114 <tu
285 3058 395 3114 tintul'is
419 3058 462 3111 die
478 3060 555 3111 tutttl
570 3057 701 3112 eruimur
722 3070 845 3123 castini,
859 3058 919 3126 jam
976 3077 1030 3119 sna
1054 3075 1166 3131 semper
1188 3061 1374 3118 instabilitate
1396 3060 1536 3116 tristatur.
1565 3061 1593 3114 ls
1616 3060 1734 3124 tollitur,
1756 3073 1822 3116 cum

75 3148 217 3220 placidius
233 3154 327 3202 monet
345 3147 431 3202 vitam
449 3146 649 3201 mandatorum
666 3145 829 3215 impletione
843 3159 921 3200 mer·
976 3151 1013 3208 ab
1033 3151 1139 3206 intimis
1164 3150 1303 3212 elevatur,
1329 3151 1386 3204 illis
1410 3148 1587 3219 presentibus
1611 3148 1728 3218 ligatur,
1753 3148 1824 3218 quia

75 3236 134 3292 cari
163 3240 243 3290 Deum
266 3237 346 3302 elsim,
372 3235 476 3305 inquit,
493 3237 582 3296 liutto.
605 3248 662 3289 nun
687 3233 919 3303 poeualiterjam,
976 3241 1130 3296 matruelis
1146 3239 1180 3293 ad
1197 3239 1276 3293 lione
1298 3237 1390 3307 ipsum
1410 3237 1537 3293 externis
1560 3235 1740 3306 internisque
1755 3249 1824 3291 seu-

75 3324 124 3381 sed
145 3338 182 3380 81
205 3333 285 3393 batte
306 3323 485 3393 paternitatis
503 3323 653 3378 desideriu-
682 3323 779 3392 (Vtut
811 3325 865 3389 lu.)
893 3321 921 3377 Si
976 3329 1067 3390 sibus,
1090 3326 1181 3383 divini
1211 3326 1319 3382 timoris
1348 3325 1437 3381 clavis
1462 3326 1643 3395 astringitur.
1675 3325 1770 3380 Potest
1796 3331 1824 3378 et

75 3426 144 3483 ergo
157 3426 252 3482 pacem
269 3412 379 3467 avitiis
395 3425 507 3466 mecum
518 3410 576 3480 jam
594 3411 699 3466 habere
711 3410 843 3481 cupistis.
860 3412 922 3475 sra-
977 3431 1028 3488 per
1050 3416 1208 3472 Simeonem
1231 3414 1350 3471 attactus
1373 3414 1497 3470 carnalis
1517 3413 1619 3483 accipi,
1635 3413 1685 3484 qui
1707 3412 1824 3469 crebras

75 3504 116 3555 ttl’
129 3505 216 3555 vttttr
238 3515 307 3555 tulit
322 3501 431 3567 tipelor,
447 3499 572 3555 thaitttt
594 3498 641 3553 titi
665 3498 777 3568 nlljam
792 3504 923 3567 suspecta
977 3505 1167 3561 tentationum
1192 3504 1341 3573 experitur
1362 3503 1500 3559 tristitias.
1526 3505 1667 3571 iussitque
1688 3503 1823 3555 ministris

76 3589 111 3645 de
126 3588 265 3659 supplicio
289 3602 431 3644 carcerem
457 3586 560 3643 amodo
576 3585 683 3658 lugeat,
704 3600 762 3656 quo
782 3586 923 3642 retinetur
976 3598 1007 3648 at
1021 3594 1145 3663 impleret
1164 3607 1253 3646 soccos
1276 3606 1366 3646 eoram
1390 3594 1490 3656 triaco,
1510 3594 1536 3645 et
1558 3594 1717 3659 reponerent
1738 3605 1823 3659 pecn-

76 3692 215 3750 aragne:
238 3693 284 3732 cos
308 3682 397 3732 autern
412 3675 484 3730 obite
503 3675 539 3731 ab
553 3675 710 3731 intentione
730 3673 873 3741 forastica,
894 3681 923 3729 et
976 3684 1038 3736 ntae
1059 3682 1273 3748 reppereramus
1291 3680 1405 3735 ementis
1429 3682 1497 3746 sois,
1518 3679 1591 3734 dotis
1609 3693 1695 3747 sopra
1710 3679 1823 3733 ciboriis

76 3766 167 3822 divini
183 3766 293 3837 saporis
312 3765 348 3821 ad
372 3765 554 3835 singularum
574 3762 745 3819 diverticula
763 3763 921 3823 virtutum:
976 3772 1005 3822 ia
1027 3771 1090 3835 oia,
1107 3771 1156 3837 qui
1177 3770 1298 3833 seruant
1322 3771 1372 3821 ita.
1396 3767 1518 3823 Ministri
1534 3765 1721 3837 cogitationes
1744 3774 1822 3833 sunt,

75 3855 417 3923 (retransmisimus.
438 3853 496 3920 iil.)
514 3854 559 3908 Ex
583 3866 641 3922 quo
663 3851 801 3908 minimus
823 3850 922 3919 trater,
977 3856 1086 3926 qulbus
1105 3855 1234 3925 iubetur,
1258 3863 1291 3911 ut
1314 3869 1411 3910 saccos
1426 3854 1520 3911 tritico
1546 3853 1693 3924 impleant,
1718 3854 1824 3911 scilicet

77 3957 141 4013 spes
159 3943 291 3999 videlicet
315 3943 384 3997 mibi
406 3942 542 4011 ampliata
560 3941 719 4010 proveniat,
741 3947 768 3995 ct
793 3939 923 3994 veracior
976 3943 1169 4012 corporalium
1193 3944 1358 4013 passionum
1385 3942 1528 3999 molestias
1550 3942 1641 3998 divini
1667 3942 1750 3999 verbi
1775 3957 1824 4014 pa·

76 4039 178 4088 restrui
197 4031 377 4102 allegationis
397 4030 433 4086 ad
456 4031 522 4085 vitae
539 4029 687 4100 praemium
711 4026 848 4098 protensio
872 4041 921 4097 pa·
976 4031 1045 4088 bulo
1068 4031 1209 4087 consolari
1232 4032 1377 4098 studeant,
1403 4039 1435 4087 nt
1458 4030 1613 4087 Psalmistae
1639 4030 1821 4086 concinant:

75 4125 142 4175 teat.
977 4119 1141 4176 conscidisti
1155 4135 1261 4174 saroam
1282 4135 1380 4187 matra,
1395 4125 1422 4174 et
1440 4119 1644 4174 circumdedisti
1664 4134 1707 4172 me
1726 4119 1823 4173 laetitia

113 4206 200 4264 Vnus.
227 4209 272 4262 tl.
299 4238 333 4247 -
362 4208 491 4263 Fecerant
514 4211 545 4260 at
560 4207 680 4270 dieram,
703 4209 729 4259 et
753 4205 836 4258 loosui
857 4208 920 4259 sunl
940 4173 961 4227 Β
978 4208 1062 4280 (Psoi.
1087 4221 1171 4275 xxix,
1191 4210 1242 4271 l‘l).
1262 4208 1313 4263 Per
1326 4207 1377 4262 hos
1395 4207 1540 4264 ministros
1564 4206 1700 4277 qualibet
1719 4207 1823 4262 hausta

77 4298 116 4351 aa
130 4299 242 4351 invicem
265 4311 271 4351 :
295 4298 390 4351 nterim
409 4297 694 4366 hesperiumque
712 4295 923 4363 peccavimusin
976 4296 1134 4353 lorinsecus
1158 4303 1358 4368 suggeruntur
1380 4295 1530 4351 tractando
1552 4293 1666 4352 rationi.
1692 4296 1823 4349 Paeonios

77 4388 194 4452 fratreas
219 4391 361 4450 nostram,
396 4385 517 4438 videntes
550 4385 706 4451 aequalium
743 4383 841 4435 aalma
865 4385 923 4450 eius
976 4386 1146 4452 singulorum
1171 4387 1201 4438 in
1236 4385 1351 4440 socordis
1382 4389 1546 4453 reponunt,
1577 4395 1642 4439 cum
1667 4382 1823 4438 sententias

78 4492 138 4531 eam
152 4475 343 4543 deprecmetar
364 4489 420 4536 aas,
435 4478 461 4526 et
477 4488 530 4527 noa
549 4471 711 4526 audirimus.
729 4470 836 4525 Idcirco
848 4474 923 4526 uenit
977 4474 1144 4545 quibusque
1167 4473 1299 4529 sensibus
1320 4471 1485 4528 muniendis
1512 4478 1595 4541 aptas
1620 4470 1649 4525 in
1677 4470 1822 4527 memoriis

77 4565 132 4618 isto
161 4564 303 4617 tribulatio
328 4576 409 4631 sapa·
434 4577 491 4616 nos.
516 4561 670 4630 Postquam
696 4559 836 4615 desiderio
863 4575 922 4616 coe-
976 4562 1115 4618 condunt.
1142 4561 1256 4616 Cibaria
1284 4562 1402 4630 iusuper
1429 4561 1518 4626 (lant,
1544 4573 1610 4616 eum
1635 4558 1745 4615 debitas
1771 4573 1822 4614 su·

78 4651 138 4708 lesti
155 4651 237 4707 tactis
260 4649 480 4719 acquiescimus,
496 4658 523 4706 et
547 4648 760 4719 gravitudinem
776 4649 842 4703 vitae
858 4662 922 4704 mu·
977 4664 1071 4720 pernae
1085 4652 1185 4720 gratiae
1197 4649 1362 4705 relectiones
1373 4649 1402 4704 in
1414 4649 1503 4719 hujus
1517 4648 1612 4704 saculi
1630 4653 1733 4708 tractu.
1748 4646 1823 4703 intel·

78 4741 194 4796 tationis
213 4739 398 4801 attendimus,
423 4739 497 4793 intra
513 4752 564 4793 uos
580 4738 631 4793 ista
648 4736 843 4792 conterimus:
863 4738 923 4792 liae
977 4739 1068 4795 lectus
1083 4737 1229 4794 desideriis
1244 4737 1365 4793 fideliter
1378 4737 1558 4794 obaudiendo
1577 4734 1751 4792 ministrant.

76 4832 170 4882 meato
195 4825 399 4883 difficultatum
415 4826 491 4881 mala
516 4825 651 4896 patimur,
677 4825 747 4894 qula
762 4831 863 4880 contra
880 4825 924 4880 in·
1013 4827 1097 4882 Vens.
1115 4829 1158 4881 tn.
1181 4855 1215 4867 -
1239 4829 1278 4881 At
1298 4827 1351 4893 illi,
1368 4830 1507 4895 portantes
1520 4828 1660 4892 frumento
1682 4826 1712 4877 in
1726 4825 1822 4885 asiais,

77 4916 208 4972 teriorem
235 4915 380 4971 hominem
402 4915 594 4984 peccavimus,
619 4928 678 4968 cam
703 4913 760 4983 ipse
785 4913 838 4984 legi
857 4913 922 4982 Dci;
976 4918 1177 4986 prosectisunt,
1195 4915 1222 4971 id
1247 4924 1289 4972 est
1305 4916 1334 4971 iu
1358 4915 1617 4985 corporibusque
1635 4914 1824 4983 quantumin

77 5004 214 5073 quoniam
236 5004 312 5059 bona
326 5010 378 5068 est,
394 5003 583 5067 consentiens,
600 5002 675 5057 iuter
698 5001 849 5071 angustias
864 5010 923 5056 ten·
976 5019 1006 5061 se
1031 5011 1083 5069 est,
1106 5003 1178 5059 rude
1202 5004 1340 5072 quiddam
1365 5004 1394 5058 in
1422 5004 1539 5059 modum
1568 5002 1716 5058 asinorum
1746 5008 1822 5067 sunt,

78 5091 192 5147 tationis
209 5093 326 5154 invitus,
351 5098 378 5146 et
400 5090 482 5160 quasi
503 5090 679 5146 ratiocinans
704 5088 866 5145 traheretur
888 5088 923 5143 ad
977 5093 1128 5148 thesauros
1158 5091 1265 5148 diriore
1292 5090 1439 5161 sapientiae
1467 5099 1551 5146 caule
1576 5102 1609 5146 ea
1638 5088 1765 5160 regendo
1792 5102 1825 5143 ac

77 5179 204 5256 culpam,
226 5185 318 5234 elnon
340 5179 507 5234 audiuimus.
528 5179 631 5233 idcireo
659 5179 687 5233 iu
710 5193 768 5246 aquo
792 5176 882 5247 gratis
897 5184 924 5232 et
978 5181 1133 5251 premendo
1161 5181 1197 5237 ad
1227 5179 1374 5251 proposita
1400 5178 1532 5234 tendunt.
1561 5178 1658 5249 (Vens.
1687 5180 1738 5245 27,
1767 5176 1823 5246 28.)

77 5264 157 5322 nullo
172 5273 289 5336 cogente
302 5268 425 5332 ruimus,
439 5267 516 5337 inste
528 5267 582 5323 sub
597 5265 769 5322 indesinenti
782 5265 923 5321 malorum
977 5270 1132 5338 apertoque
1156 5284 1225 5323 aurs
1244 5282 1331 5333 saeco,
1355 5272 1385 5321 nt
1400 5266 1479 5320 daret
1498 5265 1620 5337 jumento
1641 5267 1773 5335 pabulam
1795 5267 1825 5318 ia

78 5354 185 5409 tribula
196 5354 334 5424 jacemus.
358 5357 474 5426 Propter
490 5357 568 5411 hune
585 5355 712 5421 tratrem,
729 5368 765 5409 nc
781 5353 923 5409 scandali·
977 5359 1139 5426 dioermrio,
1155 5358 1349 5426 contemplatos
1368 5358 1510 5425 pecaniam
1524 5358 1553 5409 ia
1568 5370 1613 5409 ore
1625 5355 1736 5421 emenii,
1752 5354 1825 5409 diris

114 5477 171 5549 tls)
186 5477 323 5535 Nonnihil
338 5479 383 5534 hic
397 5479 493 5535 deesse
508 5479 630 5535 videtur.
