3818 6008
70 242 120 299 stt
516 238 549 293 V.
572 235 736 295 dolesum
752 235 897 293 destris
915 237 944 293 S.
965 237 1085 294 titulis
1106 237 1152 294 DE
1171 235 1370 294 dovldsddo

71 375 191 446 spiritns
205 387 286 430 meus
298 378 350 428 aut
363 368 552 427 dictaturiens
566 368 744 433 arctabatur,
763 375 815 425 ant
831 367 921 439 quid·
938 367 1034 437 dipse
1053 366 1105 440 qui
1118 368 1235 439 patitur,
1248 367 1373 439 idipsum
1388 366 1466 439 quod
1485 367 1605 438 patitur,
1623 365 1824 438 floccipendat,

71 466 149 534 piam
164 463 274 533 objecta
289 460 390 528 lodice,
406 459 476 515 dnm
490 458 603 530 judicia
626 471 728 514 vereor
752 456 857 526 aliena,
882 457 920 513 le-
974 456 1055 513 nulla
1070 465 1167 514 tamen
1182 456 1352 514 auctoritate
1371 456 1500 528 spiritus,
1525 455 1575 513 ubi
1601 470 1631 513 se
1657 456 1767 526 sopori,
1781 455 1827 512 vel

72 553 185 625 gebam.
974 559 1077 616 parurn
1110 545 1283 602 immerserit
1313 546 1462 602 horrentia
1500 544 1564 602 visa
1596 544 1731 608 recutiat,
1771 543 1826 599 imo

106 644 228 698 Strenue
252 636 360 694 litteris
373 636 425 694 dat
440 652 569 708 operam.
586 636 685 693 Sedet
707 634 809 693 leudes
823 635 921 706 captet
973 647 1106 691 somnum
1126 641 1253 704 repetere
1277 647 1360 690 mens
1386 634 1547 704 gravitcra
1570 631 1727 690 timoribus
1753 632 1827 689 irre·

70 727 321 785 humanae-Et
346 733 389 792 tu,
416 726 484 782 lesu
512 725 567 796 pic,
601 738 659 779 noo
687 721 835 780 nesciebas
859 736 918 792 qna
972 722 1070 792 quieta
1082 721 1241 792 pertimeat.
1258 721 1311 778 Cui
1336 721 1479 792 siquidem
1509 722 1634 792 passioni
1652 723 1743 777 etiarn
1770 721 1826 777 trc-

70 816 228 872 intentione
252 814 281 870 id
309 813 443 881 lacerem,
467 812 674 883 conquirendae
697 812 800 882 utique
826 810 921 881 gratia
973 811 1093 880 quentia
1120 817 1147 866 et
1162 810 1285 867 solitudo
1310 810 1390 882 paria
1404 816 1482 877 sunt,
1507 810 1577 867 dum
1593 809 1716 866 societas
1729 809 1826 865 timori

70 902 174 968 laudis,
197 909 224 958 et
240 909 271 959 ut
291 901 440 971 praesentis
460 899 558 955 saculi
587 898 805 955 honoriticentia
828 898 921 969 major
972 912 1031 954 non
1046 897 1148 964 obstat,
1163 907 1191 955 et
1206 898 1333 955 solitaria
1350 911 1463 968 semper
1482 897 1622 955 habitatio
1645 907 1699 955 ant
1719 898 1824 969 magis,

70 998 242 1049 occurreret.
274 989 418 1045 ilabebam
446 988 531 1059 plano
545 994 647 1044 contra
663 1000 707 1044 me
731 987 849 1054 amicos,
866 985 917 1056 qni
973 993 1024 1043 aut
1037 986 1216 1042 tantumdem
1229 986 1307 1057 qnod
1322 987 1470 1044 consuevit
1483 987 1600 1043 ettlciat.

70 1079 121 1137 etsi
136 1081 211 1136 bona
223 1078 294 1134 mihi
309 1077 481 1142 suadebant,
494 1077 596 1134 crebro
611 1084 706 1133 tamen
730 1084 759 1132 et
777 1075 878 1133 laudes
892 1079 920 1132 et
1013 1073 1094 1130 Viaio
1109 1075 1251 1146 terrifica.
1267 1074 1302 1116 -'-
1317 1075 1451 1138 diuitum,
1468 1073 1686 1142 Dominelleus,
1702 1075 1784 1132 abeo
1800 1075 1827 1131 in

70 1180 107 1222 ex
122 1164 225 1222 litteris
239 1163 426 1221 claritudines
435 1163 617 1234 ingerebant,
632 1171 660 1219 et
675 1176 725 1233 per
739 1163 800 1219 baec
814 1161 921 1219 culmi·
974 1178 1033 1235 quo
1047 1178 1128 1221 nnnc
1141 1178 1193 1236 ego
1203 1171 1281 1220 statu
1295 1164 1410 1221 diversa
1424 1163 1573 1235 gerebam3
1588 1172 1661 1220 tunc
1677 1161 1765 1233 plane
1774 1164 1828 1220 sub

70 1268 142 1310 num
157 1266 305 1324 opumque
322 1251 525 1308 assecutiones.
550 1253 619 1320 Spes
634 1251 725 1323 igitur
742 1251 822 1307 omni
844 1249 921 1320 aspi·
975 1263 1081 1324 magua
1095 1259 1152 1310 tuas
1169 1252 1239 1324 legis
1249 1252 1419 1321 reverentia,
1435 1259 1463 1309 et
1479 1251 1592 1308 inlinita
1611 1252 1700 1308 totius
1720 1253 1827 1323 peccati

70 1341 140 1396 dum
157 1354 212 1396 ovo
232 1338 385 1395 deteriores
412 1337 489 1393 cordi
517 1336 676 1406 improvido
698 1336 865 1404 afferebant,
893 1342 921 1392 el
974 1341 1171 1398 exsecratione
1185 1341 1462 1412 vivebamquaeqne
1475 1354 1512 1397 ex
1524 1346 1551 1397 te
1565 1346 1593 1396 ct
1607 1339 1675 1408 dici,
1689 1348 1717 1396 et
1733 1339 1827 1396 audiri

71 1443 137 1486 cum
152 1427 250 1485 omnia
271 1441 337 1498 quae
356 1426 546 1497 spondebant,
576 1425 712 1483 citissime
738 1424 922 1496 adimplenda
973 1438 1002 1486 et
1023 1430 1091 1486 sciri
1110 1437 1242 1501 poterant
1259 1428 1484 1485 ambientissime
1510 1427 1723 1484 combibebam.
1754 1426 1825 1496 Scio,

71 1526 216 1588 putarem,
231 1515 397 1572 vanissimis
412 1527 457 1570 me
471 1513 721 1583 expectationibus
736 1512 921 1569 deludebant.
975 1519 1095 1576 coelestis
1121 1519 1214 1587 Pater,
1244 1518 1315 1589 quia
1340 1516 1448 1574 talibus
1462 1515 1577 1587 pueruli
1600 1515 1706 1572 studiis
1730 1515 1825 1571 saevis-

71 1603 152 1672 Quod
166 1604 243 1659 enlm
256 1603 285 1658 in
297 1601 453 1673 grandaevo
462 1609 603 1657 eventura
613 1601 755 1665 dicebant,
772 1615 826 1670 080
837 1598 922 1670 plane
976 1609 1046 1665 sime
1061 1606 1193 1663 diabolus
1209 1606 1388 1674 irritabatur,
1417 1620 1433 1661 a
1460 1619 1507 1661 me
1533 1604 1716 1675 postmodum
1740 1605 1825 1660 totins

72 1690 246 1747 adolescenti
260 1696 348 1760 atque
361 1687 519 1759 juvenculo
533 1701 680 1744 accessum
694 1689 842 1758 putabam.
853 1688 920 1744 Pro·
941 1672 962 1726 Β
976 1695 1015 1766 pit
1032 1694 1152 1752 terroris
1166 1694 1325 1751 desertione
1337 1693 1506 1764 placandus.
1523 1692 1604 1749 Unde
1617 1700 1646 1749 et
1656 1699 1743 1749 nocte
1753 1705 1825 1761 qus-

72 1779 215 1850 poncbant
228 1791 331 1847 nempe
349 1776 419 1833 mihi
433 1783 461 1833 et
474 1790 537 1832 eam
562 1789 628 1845 qum
645 1783 670 1832 te
684 1782 800 1832 auctore
816 1777 845 1831 in
860 1775 921 1831 dies
974 1780 1041 1835 darn
1067 1794 1132 1836 cum
1158 1786 1238 1836 tanta
1267 1780 1372 1836 misera
1398 1778 1593 1835 sollicitudine
1624 1786 1823 1849 experrectus,

72 1866 256 1924 excrescebat
270 1865 416 1922 scientiam
442 1872 470 1921 et
495 1864 584 1921 bonos
598 1864 633 1919 ad
645 1862 784 1920 saeculum
811 1863 921 1919 natales
975 1868 1106 1936 biberno,
1135 1874 1167 1924 ut
1198 1867 1311 1939 opinor,
1334 1874 1460 1938 tempore
1488 1867 1520 1924 in
1546 1881 1609 1923 meo
1639 1881 1687 1923 mo
1716 1866 1825 1923 lectudo

72 1962 100 2011 et
128 1953 269 2023 lormam3
292 1953 340 2008 sed
367 1967 425 2009 non
450 1951 680 2008 recordabantur
702 1951 772 2022 duit
791 1964 841 2022 per
870 1951 921 2007 hos
975 1959 1162 2024 continerem,
1178 1964 1207 2013 et
1234 1955 1365 2027 lampade
1387 1955 1521 2027 proxima
1539 1955 1737 2012 clarissimum
1765 1955 1824 2012 red·

72 2043 181 2115 gradus
207 2040 323 2098 vetuisti
351 2040 466 2097 ascendi
494 2040 530 2095 ad
546 2040 636 2096 altare
653 2047 749 2107 tuum,
778 2039 855 2110 quod
881 2039 922 2095 sio
975 2045 1059 2102 dente
1075 2043 1175 2100 lumen
1201 2045 1329 2101 securior
1343 2059 1405 2101 esse
1428 2045 1551 2114 viderer,
1578 2058 1645 2101 ecce
1667 2052 1784 2114 repente
1800 2050 1825 2100 et

72 2131 161 2188 soleat
186 2129 335 2201 turpitudo
357 2128 489 2186 revelari.
504 2127 557 2195 Qui
572 2129 650 2185 enim
663 2128 792 2184 ascendit
804 2127 921 2185 aliunde
975 2133 1055 2190 baud
1083 2132 1167 2204 louge
1188 2133 1224 2190 de
1245 2132 1451 2203 superioribus,
1481 2140 1513 2190 nt
1528 2132 1640 2204 putavi,
1667 2132 1825 2189 multarum

74 2219 119 2276 ille
148 2218 196 2276 tur
227 2224 270 2275 est
295 2225 322 2274 et
352 2218 425 2274 latro
448 2219 548 2288 (Jonn.
568 2231 601 2284 x,
616 2215 651 2287 t),
665 2216 744 2287 quod
766 2223 808 2273 est
826 2216 919 2288 turpi·
974 2236 1090 2291 vocum,
1104 2235 1169 2278 cum
1196 2236 1254 2278 nox
1268 2229 1342 2279 esset
1368 2223 1547 2293 intempesta,
1570 2221 1682 2279 clamor
1699 2221 1824 2279 emersit.

73 2308 153 2365 tudo.
975 2312 1040 2370 Vox
1057 2318 1154 2368 antem
1169 2311 1232 2367 sine
1247 2311 1335 2368 verbo
1351 2310 1415 2379 luit,
1433 2308 1515 2382 ομ,
1530 2309 1589 2381 sed]
1611 2309 1708 2367 solnm
1735 2311 1826 2367 vica-

108 2397 222 2464 Otttmta
242 2396 458 2466 compunctione
479 2391 793 2465 adolesceniptaedt'lw
803 2394 877 2460 ml,
893 2394 922 2446 0²
975 2398 1120 2457 lamitatis.
1137 2399 1173 2454 Et
1188 2398 1263 2454 illico
1274 2398 1422 2455 concussis
1435 2398 1525 2455 vclnti
1545 2398 1580 2454 ad
1595 2412 1734 2455 somnum
1756 2407 1827 2456 tenr-

72 2499 161 2556 goom
176 2481 289 2538 utiliter
306 2479 425 2540 bettoni
435 2481 610 2537 intendebat.
627 2511 661 2522 -
675 2481 729 2538 Sed
743 2482 771 2537 in
794 2481 839 2538 his
852 2480 923 2538 mois
977 2488 1095 2559 poribus
1108 2501 1218 2544 asensu
1233 2486 1340 2556 rapior,
1356 2495 1384 2543 et
1394 2494 1540 2543 mortuum
1552 2486 1730 2557 quempiam,
1742 2499 1827 2557 quem

73 2579 100 2630 ῑθ
115 2572 286 2643 inspirabit>
299 2570 474 2641 bllmOtdlss,
492 2570 517 2626 Sl
528 2570 605 2626 illud
635 2569 785 2639 sapuisset,
814 2582 922 2638 lllaella·
975 2575 1078 2634 obiissa
1098 2576 1127 2630 in
1144 2574 1255 2632 balneis
1268 2574 1386 2645 qnidam
1410 2573 1619 2641 conclamabat,
1635 2573 1738 2630 videre
1759 2572 1827 2629 mibi

72 2661 165 2718 rande
183 2660 254 2716 mibi
278 2658 377 2715 luisset
402 2657 500 2715 anima
518 2658 553 2714 ad
581 2659 776 2715 tentationem.
794 2659 828 2713 Et
846 2666 922 2714 certe
976 2662 1084 2718 videor.
1108 2661 1170 2729 Qua
1192 2662 1399 2732 imaginatione
1423 2662 1607 2730 conterritus,
1635 2675 1705 2718 cum
1719 2676 1738 2724 c
1752 2669 1829 2719 statu

74 2757 145 2806 tnnc
155 2746 290 2817 temporis
304 2746 515 2817 quodammodo
535 2746 656 2816 insipide
665 2745 822 2816 sapiebam.
845 2744 922 2801 Licet
975 2749 1125 2821 prosiliens
1150 2748 1386 2818 subclamassem,
1409 2749 1515 2820 inipso
1540 2751 1633 2821 primo
1653 2758 1737 2808 motu
1767 2765 1829 2806 meo

73 2837 150 2893 euim
174 2835 300 2907 pueriles
328 2835 484 2891 admodum
506 2833 682 2905 gaudiorum
698 2833 804 2889 scilicet
818 2846 851 2889 ac
864 2833 921 2889 ira·
975 2839 1137 2909 respiciens,
1155 2837 1315 2908 lampadem
1336 2837 1394 2894 vidi
1411 2838 1633 2906 exstinctam,et
1651 2852 1705 2908 per
1722 2838 1829 2895 medias

74 2938 140 2980 tum
159 2930 254 2980 motus
269 2922 415 2989 haberem,
431 2937 448 2976 ⁰
462 2922 575 2978 utinam
592 2929 664 2990 lum,
691 2921 819 2984 Dssmille·
837 2928 921 2978 illum
942 2950 963 3008 ρ
977 2926 1118 2998 rugientis
1132 2925 1243 2983 umbrae
1258 2925 1395 2998 caligines
1408 2939 1462 2984 sua
1481 2926 1571 2997 ipsius
1599 2927 1696 2997 specie
1721 2927 1829 2983 dremn-

73 3011 216 3084 judicium
245 3011 286 3067 sic
307 3011 447 3077 timerem,
477 3017 593 3080 peccata
613 3011 698 3066 ctiam
727 3010 857 3066 maxima
883 3009 925 3065 sic
977 3028 1042 3070 nem
1071 3021 1193 3070 stantem
1223 3027 1311 3083 prope
1336 3012 1458 3070 intueor.
1487 3013 1579 3084 cnjus
1606 3013 1721 3070 visione
1746 3021 1828 3070 teter·

75 3101 159 3157 modo
185 3101 340 3165 horrerem,
373 3098 517 3169 quomodo
542 3104 613 3154 tuno
640 3097 761 3153 minima
779 3104 807 3154 et
835 3111 924 3169 prope
978 3103 1051 3159 rima
1069 3115 1143 3173 pene
1171 3100 1307 3159 efferarer
1338 3101 1367 3157 in
1390 3101 1510 3170 rabiem,
1538 3101 1594 3158 nisi
1623 3115 1670 3158 me
1697 3101 1827 3174 magistri

75 3187 157 3244 nulla
180 3184 352 3244 horrebaml
376 3185 548 3242 AEmulabar
572 3198 651 3253 saue,
666 3193 694 3242 et
707 3199 795 3256 quam
817 3185 922 3242 avidis·
977 3197 1052 3247 m
1068 3191 1142 3258 mei,
1166 3189 1217 3262 qui
1237 3190 1282 3246 bis
1312 3190 1469 3248 terroribus
1492 3190 1675 3247 moderandis
1700 3190 1827 3248 crebrlm

74 3276 145 3334 sime
159 3290 217 3343 ens,
230 3289 304 3346 onas
321 3289 375 3331 sua
400 3275 532 3332 videbam
554 3273 708 3332 commissa
729 3274 876 3342 dctlcntes,
895 3281 924 3331 et
975 3279 1148 3348 excubabat,
1162 3278 1365 3350 perturbatum
1389 3286 1416 3335 et
1442 3286 1585 3335 amentem
1605 3279 1727 3336 solertia
1754 3278 1826 3337 reto·

74 3364 152 3422 visui
165 3364 338 3435 audituique
347 3378 411 3420 meo
422 3367 506 3420 erant
514 3363 678 3434 gratissima
690 3377 874 3434 quecunque
886 3377 924 3419 ax
976 3369 1070 3425 visset.

74 3462 102 3510 te
127 3461 219 3510 erant.
246 3453 282 3509 dt
308 3452 359 3522 qui
388 3451 417 3507 ln
430 3450 580 3522 scripturis
605 3465 684 3508 nunc
704 3451 873 3522 jactantiam
896 3458 924 3507 et
1017 3455 1223 3513 Vehementius
1235 3455 1266 3512 tn
1286 3472 1385 3512 recem
1399 3455 1639 3514 macerasseaccit
1660 3455 1826 3514 demon.-

74 3542 164 3600 verba
178 3555 287 3612 quaero,
299 3540 357 3597 imo
372 3540 501 3611 ipsorum
515 3539 699 3597 ethnicorum
715 3539 835 3596 intamia
847 3539 924 3595 dicta
976 3545 1034 3602 Nec
1053 3559 1098 3601 me
1113 3545 1229 3610 latebat,
1246 3547 1321 3601 bcus
1335 3558 1427 3612 meus,
1444 3544 1473 3601 in
1489 3545 1550 3615 ipsa
1564 3557 1712 3602 annorum
1730 3544 1826 3617 pneri-

74 3646 125 3702 pro
151 3629 321 3701 garrulitate
348 3629 499 3698 contineo;
526 3636 596 3685 tnnc
610 3628 706 3696 tletus,
732 3627 923 3699 dolorumque
977 3631 1047 3688 lium
1075 3630 1276 3694 teneritudine,
1293 3631 1364 3703 quia
1392 3631 1521 3688 studium
1545 3634 1627 3689 bouae
1650 3630 1825 3699 intentionis,

74 3733 176 3777 causas
187 3718 292 3775 exinde
314 3717 476 3789 exigebam,
497 3731 549 3774 nec
574 3730 619 3772 me
645 3716 747 3789 legisse
769 3716 919 3787 putabam,
977 3734 1132 3792 quomens
1160 3719 1275 3776 animus
1301 3727 1371 3776 tunc
1387 3719 1533 3788 terrebat,
1561 3720 1742 3778 incentorem
1760 3733 1827 3776 mee

75 3808 188 3880 quoties
208 3807 236 3863 in
256 3808 319 3878 ipsa
334 3806 455 3863 lectione
467 3805 540 3863 nibil
557 3804 822 3876 contemplativum,
852 3805 923 3862 nibil
977 3807 1165 3879 malignitatis
1180 3807 1326 3865 diabolum
1354 3821 1413 3863 non
1437 3808 1545 3864 modice
1567 3806 1719 3864 incitabat.
1747 3808 1828 3875 lito

75 3894 289 3966 compunctioni
300 3893 393 3951 babile
407 3894 592 3965 attingebam,
607 3893 729 3950 scienter
742 3908 796 3965 ego
809 3894 924 3951 nescius
977 3897 1024 3968 pie
1051 3897 1138 3967 Deus,
1150 3896 1221 3967 quid
1236 3896 1435 3965 victoriarum,
1452 3896 1521 3967 quid
1538 3910 1590 3967 pro
1603 3895 1736 3953 victoriis
1749 3911 1828 3954 com·

75 3985 117 4041 sic
131 3983 262 4054 agebam.
977 3999 1082 4041 narum
1099 3985 1183 4041 hodie
1210 3984 1454 4050 commeruissem,
1479 3983 1502 4040 si
1526 3983 1714 4042 immobiliter
1738 3985 1776 4041 ad
1801 3984 1828 4040 id

115 4069 261 4127 feriente
278 4085 343 4124 eom
357 4068 484 4126 maxime
509 4068 650 4126 madent.
666 4101 700 4110 —
715 4071 752 4126 At
767 4069 857 4126 bostis
877 4069 924 4127 ille
977 4072 1143 4129 certaminis
1159 4073 1367 4143 perstitissem?
1388 4071 1524 4129 Plurimis
1546 4072 1633 4128 ctiam
1656 4073 1824 4131 auditarum

76 4158 226 4229 antiquus,
243 4157 293 4228 qui
309 4170 360 4227 pro
378 4156 502 4214 statibus
517 4156 692 4224 animorum,
708 4171 759 4229 pro
773 4156 924 4228 qualitati·
977 4173 1075 4217 rerum
1089 4160 1263 4232 conjecturis
1276 4160 1411 4231 experior
1431 4161 1571 4217 adversus
1584 4174 1680 4231 nuper
1707 4176 1828 4219 conver·

77 4247 132 4304 bns
147 4252 266 4303 etatum
279 4259 309 4301 se
323 4244 430 4302 babere
445 4245 575 4318 longaeva
590 4245 781 4303 diuturnitate
796 4245 924 4316 perdidi·
943 4243 1034 4313 Dsos,
1048 4259 1099 4302 seu
1113 4259 1161 4302 cos
1176 4245 1228 4315 qni
1243 4245 1280 4301 ad
1296 4246 1349 4302 hnc
1363 4248 1542 4316 propositum
1558 4259 1674 4317 semper
1688 4247 1827 4319 aspirant,

76 4335 133 4405 cit;
151 4333 207 4401 ille,
224 4333 356 4404 inquam,
375 4345 426 4404 pro
445 4333 562 4390 modulo
588 4333 691 4390 mentis
712 4346 746 4390 ao
759 4333 924 4405 corpusculi
978 4333 1177 4391 vehementius
1190 4332 1334 4390 demones
1356 4333 1495 4390 acerbari.
1517 4333 1597 4391 Unde
1622 4335 1744 4393 utemini
1765 4344 1830 4393 tem

77 4423 133 4479 roei
148 4435 224 4479 nova
237 4421 306 4479 mibi
333 4420 409 4478 bella
432 4420 578 4492 parturiit.
594 4420 666 4478 liam
684 4420 713 4477 iu
728 4421 836 4477 somnis
850 4435 925 4479 mor·
979 4435 1047 4492 porc
1060 4420 1200 4478 (luidonis
1212 4421 1429 4479 Bellovacorum
1445 4421 1570 4493 episcopi
1583 4421 1683 4494 (cujus
1697 4425 1831 4496 superius

78 4499 196 4567 tinorum
225 4509 376 4567 bominum
404 4508 508 4565 mentis
532 4522 603 4565 meaa
617 4507 767 4565 obtutibus
793 4508 925 4566 crebrius
978 4509 1157 4566 mentionem
1175 4508 1300 4574 teceriml
1321 4509 1476 4580 quemdam
1493 4510 1568 4566 inter
1591 4508 1752 4569 tamiliaree
1766 4527 1831 4569 snos

76 4599 219 4670 imagines
233 4598 370 4665 intercus,
388 4603 417 4654 et
435 4596 562 4653 maxime
579 4609 680 4652 eorum
710 4610 784 4668 quos
810 4598 924 4668 uspiam
976 4597 1113 4670 juvenem
1137 4597 1171 4653 de
1191 4597 1376 4668 equestribus
1397 4598 1550 4666 exstitisse,
1577 4612 1666 4669 quem
1697 4601 1830 4670 presule

77 4686 190 4758 gladiis,
209 4693 261 4743 ant
286 4685 415 4756 quolibet
441 4683 644 4740 internecionis
658 4697 763 4755 genere
787 4692 838 4745 aut
851 4684 925 4742 vide·
978 4699 1051 4756 pene
1087 4684 1345 4742 contubernalibus
1375 4685 1526 4756 episcopus
1567 4685 1643 4742 idem
1668 4687 1831 4758 specialiter

77 4789 150 4841 ram,
165 4781 216 4831 aut
229 4773 397 4831 occubuisse
406 4771 565 4840 audieram,
580 4771 667 4829 tantis
678 4770 813 4842 spiritum
825 4786 924 4829 somno
978 4772 1141 4830 affectabat.
1158 4772 1247 4841 Quem
1255 4787 1322 4830 cum
1330 4774 1505 4844 pravitatum
1518 4787 1640 4830 suarum
1655 4776 1831 4833 atrocissimo

77 4863 204 4919 solutum
219 4861 369 4932 speciebus
384 4858 547 4916 exterrebat
563 4866 595 4919 ut
618 4859 763 4927 noctibus,
793 4859 848 4916 nisi
861 4874 925 4917 «me
977 4861 1137 4932 poeniteret,
1154 4862 1229 4918 etde
1243 4861 1375 4918 saeculari
1392 4862 1609 4919 conversatione
1627 4863 1725 4921 modis
1737 4864 1829 4921 omni·

78 4951 205 5021 predicti
223 4949 351 5020 magistri
367 4947 423 5004 mei
436 4947 588 5018 vigilantia
602 4947 805 5016 communiret,
830 4961 924 5018 nerpue
977 4948 1033 5007 bus
1058 4949 1206 5006 moliretur
1218 4947 1380 5023 etlngium;
1404 4964 1471 5007 cnm
1487 4964 1575 5020 snper
1598 4949 1654 5007 bao
1669 4953 1830 5009 novitatum

78 5037 149 5096 lecto
163 5037 300 5105 cobiberi,
314 5049 410 5106 neque
424 5048 442 5091 a
456 5034 632 5092 clamoribus
647 5035 750 5103 arceri,
766 5034 823 5091 lrno
837 5042 865 5091 et
874 5035 925 5092 vix
978 5037 1158 5095 revolutione
1173 5037 1313 5096 acerrime
1327 5039 1488 5106 roderetur,
1509 5044 1593 5095 nocte
1605 5041 1739 5110 quadam
1767 5053 1830 5098 cum

78 5214 187 5284 quibus
202 5213 358 5284 inexpertis
374 5211 493 5283 puerilis
511 5218 675 5282 essentque
690 5210 813 5267 ridicula
827 5211 923 5267 videa·
978 5213 1097 5270 modum
1111 5214 1157 5270 vir
1171 5213 1290 5285 quidam
1306 5216 1356 5271 lvo
1371 5215 1487 5272 nomine
1514 5215 1610 5273 Sancti
1631 5215 1831 5281 Quintinensls

77 5310 136 5370 tur,
156 5308 244 5358 tantae
258 5301 336 5371 apud
348 5315 395 5357 eos
409 5300 462 5371 qni
475 5314 510 5357 ea
526 5307 668 5372 urgentur
680 5299 852 5356 calamitatis
870 5299 925 5357 ba·
977 5300 1124 5373 indigena,
1140 5302 1171 5359 ni
1184 5301 1279 5371 latior,
1293 5302 1395 5360 litteris
1407 5303 1593 5371 clarissimus,
1613 5304 1755 5363 tacnndia
1770 5318 1832 5377 pro·

77 5389 163 5447 betur
176 5393 208 5444 ut
218 5389 303 5445 timor
316 5388 387 5459 ipse,
403 5387 453 5460 qui
469 5400 487 5443 a
506 5387 654 5458 plerisque
665 5393 786 5458 putatur
798 5385 923 5458 ineptus,
977 5390 1130 5460 pemodnm
1158 5389 1280 5448 clariore
1295 5391 1476 5463 prepollens.
1506 5391 1711 5451 Cluniaoensie
1732 5407 1831 5451 mona·

77 5475 160 5533 nulla
174 5472 267 5531 voleat
282 5474 401 5545 ratione,
417 5473 799 5545 nulloconsillotomperari,
814 5481 922 5534 etcum
976 5475 1193 5548 conspuisse
1212 5478 1369 5538 benedicte
1381 5479 1526 5538 memoriae
1545 5481 1651 5540 abbata
1667 5482 1761 5555 hujus
1779 5480 1828 5542 loci
