3818 6008
308 243 433 302 rittcr.
455 245 501 301 DE
518 243 783 303 inclamatione
800 247 942 305 notitiis
958 248 1109 307 JUDAEOS.
1123 278 1158 292 —
1170 249 1239 308 utu.
1263 251 1284 307 f.
1620 255 1674 310 tot

56 380 125 433 fieus
147 378 220 434 uidit
246 379 319 447 quod
341 386 410 435 esset
433 381 530 435 bonnm
554 381 636 455 (dett,
665 397 683 450 ι,
715 383 812 450 iti),il
1189 418 1311 460 sommo,

56 474 128 523 nstat
142 482 198 523 non
210 467 271 523 sine
293 469 427 538 mysterio
442 469 559 538 factum,
584 478 680 527 tamen
699 480 771 528 esset

56 556 89 611 da
102 555 279 612 absurditate
298 556 507 626 plenissimum,
521 557 545 615 sl
560 559 684 616 humiles
696 574 772 616 crea-

56 645 176 700 iminum
210 645 337 702 subsidio
375 646 466 713 factio,
495 648 579 704 valde
606 648 772 706 dicerentur

57 740 67 790 t
97 734 185 804 isqui
202 734 239 790 ad
265 734 315 789 bei
340 734 493 806 imaginem
508 744 552 792 est
565 737 698 794 conditus
723 738 770 793 in-

56 828 115 878 erct
144 821 280 878 bonitate.
310 822 371 877 Imo
399 823 528 880 valenter
542 824 674 893 excellit3
701 839 768 882 nam

56 923 92 966 ire
108 909 243 966 Conditor
259 910 427 978 ordinasset,
444 913 468 967 si
489 912 576 969 bruta
590 913 768 971 intellectua-

56 998 195 1054 etulisset.
224 996 250 1053 Si
279 1012 348 1069 ergo
367 999 443 1055 bona
467 1001 559 1058 alico
587 1009 629 1058 est
654 1003 769 1059 condita

861 525 952 591 Quare
971 525 1117 582 bunionem
1142 530 1211 583 ficus
1230 531 1322 597 potius
1344 544 1427 597 quain
1450 531 1601 596 angelicum
1624 546 1673 587 ut-

824 616 941 683 sumpsit
955 619 1092 671 ncturnm.
1109 646 1144 655 -
1168 616 1241 672 Bene
1253 629 1337 672 sensa
1351 625 1420 672 sunt
1437 617 1508 674 bac.
1528 618 1674 677 Debuerat

824 714 893 773 ergo
915 702 990 759 licus
1006 711 1122 773 propter
1142 703 1292 759 evitandos
1307 704 1402 760 carnis
1426 704 1536 774 fetores,
1560 706 1672 779 angeli-

824 804 872 846 cos
898 791 953 847 sibi
981 799 1078 849 uteros
1111 806 1283 863 praeparare.
1315 794 1371 849 llos
1397 793 1516 850 forsitan
1548 795 1672 866 aptiores

823 879 1001 949 conceptioni
1025 880 1115 951 ipsius
1140 881 1269 952 poteritis
1288 882 1429 952 judicare.
1461 883 1577 939 Minime
1598 898 1671 955 gen-

824 967 909 1024 tium.
927 968 990 1025 Non
1005 969 1113 1040 legistis
1127 971 1197 1040 quia
1215 972 1277 1026 coeli
1293 986 1347 1025 non
1371 977 1434 1027 sunt
1449 974 1546 1026 inuida·
1559 975 1589 1027 in
1603 989 1670 1029 con-

56 1086 224 1152 norfflpum,
240 1086 318 1156 quod
333 1088 435 1157 mique
450 1095 501 1156 est,
518 1089 588 1159 quid
604 1091 768 1159 aspernaris
821 1062 914 1125 spectu
928 1057 987 1125 eius
1003 1058 1071 1128 (iob.
1087 1073 1133 1123 xv,
1152 1058 1205 1129 15).
1223 1061 1274 1116 Et:
1301 1061 1335 1115 fn
1359 1062 1462 1128 augelis
1485 1061 1542 1116 suis
1569 1065 1670 1131 reperit

56 1181 166 1231 gamm
195 1174 424 1232 conditionaliter
459 1177 541 1234 hona,
572 1177 637 1249 pius
667 1187 768 1237 auctor
820 1147 1008 1245 pronitatem?
1027 1146 1092 1217 (fob.
1116 1161 1154 1214 iv,
1173 1146 1234 1244 Ι18.)
1251 1146 1278 1202 Si
1302 1147 1337 1203 de
1351 1149 1491 1219 dignitate
1506 1149 1613 1221 agitur,
1628 1151 1669 1208 nil

57 1262 119 1320 gggp
820 1234 946 1290 Creatori
960 1248 989 1291 iu
1005 1242 1138 1292 creatura
1151 1235 1281 1307 dignum.
1306 1236 1419 1293 Etcum
1443 1237 1479 1293 sit
1493 1245 1574 1294 tanta
1595 1250 1669 1296 con·

56 1352 147 1418 final,-
171 1355 290 1421 peccato·
312 1351 495 1408 emmim
511 1359 536 1408 θ,
558 1356 695 1424 samm-a
716 1370 767 1424 per
819 1320 919 1379 ditoris
935 1323 1055 1394 puritas,
1074 1331 1106 1380 ut
1131 1324 1311 1380 conditorum
1336 1327 1465 1381 omnium
1487 1327 1606 1398 justitie
1620 1327 1669 1384 ba·

56 1440 139 1506 ‚sm
160 1441 330 1496 unders-
356 1439 766 1515 Quodsideorigmanspec,
819 1410 906 1467 beant
933 1412 1011 1468 unde
1037 1412 1215 1482 displiceant,
1241 1412 1320 1469 illam
1347 1414 1525 1482 rationalem,
1552 1416 1669 1485 quaevi-

56 1528 121 1599 ΨΟ
148 1528 459 1598 dequommenapud
480 1531 593 1586 ΜΝ
618 1531 763 1589 suentium
819 1500 942 1556 debatur
967 1499 1117 1566 infirmior,
1151 1509 1287 1557 naturam
1321 1503 1581 1573 congruentissima
1614 1505 1667 1560 sibi

56 1627 89 1679 π,
105 1570 233 1671 (ficamus
252 1615 322 1685 quia
336 1615 440 1686 quiqui
466 1616 519 1672 hoc
537 1618 661 1675 remedio
675 1633 766 1690 egue-
818 1587 929 1644 ratione
955 1589 1122 1656 connexuit,
1153 1589 1203 1644 ubi
1227 1597 1331 1659 preter
1356 1590 1444 1645 utlaiii
1468 1590 1560 1647 meriti
1585 1605 1665 1661 spem

59 1716 76 1759 θ
99 1716 152 1758 sua
168 1703 271 1772 potins,
301 1710 333 1759 u,
355 1711 518 1773 paramum,
535 1718 622 1775 quam
639 1705 762 1762 circum,
783 1675 880 1737 ttsola
905 1676 999 1775 gratia
1024 1675 1205 1775 dignationis.
1221 1677 1373 1777 apparuit.
1401 1677 1521 1777 Namusi
1545 1679 1668 1778 'angelos

56 1803 101 1847 ,eu
120 1790 295 1847 caesemoniis
309 1792 441 1848 mundati
456 1801 532 1848 sum·
556 1793 642 1851 Verbi
658 1795 762 1865 gratia,
817 1763 1058 1833 apprehenderet,
1087 1765 1274 1836 supparilitas
1298 1767 1431 1836 ouaedam
1461 1767 1562 1835 videri,
1598 1780 1668 1837 quia

56 1877 122 1948 ,pud
146 1878 260 1934 Judaeos
280 1879 427 1948 quondam
451 1880 547 1936 fideles
571 1894 669 1938 recens
689 1890 763 1940 nam
818 1851 979 1922 incorporei
989 1859 1067 1921 sunt,
1092 1867 1129 1909 eir
1145 1853 1341 1923 assumptione
1356 1853 1492 1926 contigua
1517 1854 1665 1924 potuisset.

56 1981 89 2034 θ’
105 1981 158 2023 nec
175 1967 260 2022 eliam
276 1968 313 2022 ad
329 1969 465 2038 templum
482 1984 548 2025 cum
573 1971 671 2027 Μῦς
685 1972 763 2028 dem,
818 1939 899 1997 Unde
922 1947 949 1997 et
961 1940 991 1996 in
1013 1940 1094 1997 libris
1107 1943 1219 2010 vestris,
1235 1943 1321 1999 rebus
1342 1943 1442 1998 crebro
1458 1943 1667 2014 indignissimis

817 2028 992 2098 comparatio
1012 2029 1112 2086 diviua
1127 2030 1291 2100 subjicitur,
1318 2037 1349 2085 ut
1366 2030 1508 2100 quidquid
1525 2031 1603 2101 apud
1618 2032 1666 2087 lio

817 2117 908 2172 mines
922 2117 1040 2188 dignius
1065 2119 1234 2185 estimatur,
1260 2118 1355 2173 inlici
1377 2119 1589 2187 comparatione
1604 2133 1666 2190 pre

817 2212 924 2272 matur,
940 2213 968 2262 et
983 2206 1033 2262 ubi
1048 2207 1104 2263 Deo
1120 2206 1202 2263 bonis
1229 2205 1354 2277 indigna
1369 2205 1534 2263 bominibus
1562 2208 1665 2263 simili-

817 2292 1060 2361 tudinesdantur,
1080 2293 1247 2351 nullatenus
1265 2295 1291 2350 ei
1313 2293 1485 2350 conferenda
1514 2310 1580 2366 ιιι
1596 2303 1665 2353 sunt

817 2380 983 2439 bominibus
1011 2381 1134 2452 pretiosa
1166 2389 1314 2451 putentur.
1349 2383 1421 2438 ilinc
1447 2391 1508 2440 est:
1539 2384 1664 2440 stridebo

817 2469 909 2524 subter
931 2485 977 2525 vos
1001 2473 1071 2525 sicut
1093 2472 1248 2541 plaustrum
1270 2476 1395 2525 cunctum
1418 2474 1480 2539 sono
1509 2472 1603 2541 (Ainos
1631 2488 1662 2541 ιι,

819 2558 942 2629 13).,Ει;
970 2561 1114 2614 Excitatus
1140 2564 1180 2613 est
1205 2561 1337 2628 tanquam
1360 2559 1496 2614 dormiens
1523 2563 1661 2630 Dominus,

56 2055 111 2126 [uid
127 2056 184 2112 iere
208 2054 375 2126 perditum‘l
397 2057 478 2114 Certe
493 2057 562 2114 fides
577 2073 635 2114 non
651 2074 701 2130 per
717 2075 763 2116 sa-

56 2145 98 2201 ied
121 2144 250 2200 sacritica
273 2144 392 2202 valuere
407 2160 458 2216 per
477 2146 580 2214 fidem,
595 2154 623 2203 et
639 2149 718 2205 locus
734 2150 761 2205 in

56 2232 255 2289 :ircnmcisioni
275 2247 333 2290 non
358 2241 430 2290 erat.
446 2236 581 2306 Respexit
600 2240 670 2292 enim
694 2241 763 2293 Deus

56 2316 138 2390 i[al.,
163 2323 189 2373 et
211 2319 258 2390 od]
280 2321 338 2389 ejus
353 2337 465 2376 munero
480 2323 554 2392 (Gen.
571 2340 608 2392 iv,
624 2327 663 2395 4).
685 2326 762 2397 Ergo

56 2420 85 2463 ie
103 2406 146 2462 vel
164 2406 429 2477 incircumcisione,
446 2425 496 2466 seu
521 2414 672 2482 praeputio,
694 2420 763 2470 tunc

61 2493 260 2563 curabantur,
277 2497 330 2553 tide
346 2508 514 2556 meruerunt
528 2514 582 2556 sua
595 2511 762 2571 parentum·

56 2583 80 2639 i.
105 2583 168 2640 Non
194 2584 336 2642 immerito
363 2587 460 2658 itaque
482 2589 603 2646 Actibus
622 2592 762 2659 apostolo-

56 2669 129 2727 imr:
155 2671 225 2727 Fide
242 2673 377 2728 mundans
404 2673 465 2745 [ala
491 2678 652 2748 pun-ficum]
680 2680 763 2734 corda
818 2651 948 2716 tunquam
969 2651 1063 2718 poiens
1091 2648 1277 2718 crapulatusa
1300 2649 1363 2702 nino
1383 2649 1467 2716 (Psoi.
1484 2664 1592 2716 nxxvn,
1608 2650 1663 2720 65).

58 2763 94 2815 ct.
112 2761 307 2828 xv,9):licet
332 2763 582 2821 nostrisbostibns
607 2767 762 2825 confutari·
852 2753 999 2820 Ffssdilt'ltls
1029 2753 1162 2820 bifarium
1182 2755 1326 2821 accipitur·
1347 2782 1384 2795 -
1406 2752 1479 2820 Quid
1498 2754 1533 2810 (¹⁰
1558 2754 1665 2826 fragili·
1741 2740 1744 2747 ¹

61 2848 470 2922 minimesusoepitbptsapud
485 2853 561 2923 ipsos
575 2868 762 2927 nequaquam
818 2847 875 2897 tato
900 2840 1053 2897 causaris?
1078 2841 1139 2898 baec
1159 2841 1293 2897 bifariam
1316 2842 1386 2898 solet
1409 2841 1510 2912 accipi.
1537 2842 1610 2909 Quia
1637 2851 1665 2899 et

56 2937 249 2994 iconiensi
279 2939 344 2996 sine
370 2941 425 2996 oue
453 2943 539 2999 eiiam
568 2942 597 2998 tn
620 2944 762 3016 baptismo
782 2928 885 3017 cciii.
910 2937 1063 3000 potusque,
1092 2943 1126 2986 ac
1162 2929 1254 2985 somni
1288 2929 1449 2997 necessitas,
1477 2937 1504 2986 u
1529 2925 1664 3000 peccandi

56 3034 214 3082 iuramenta
239 3035 398 3084 cassantur,
423 3030 512 3101 virgo
527 3031 618 3103 igitur
632 3035 762 3104 paritura
817 3018 941 3075 labilitas
961 3018 1110 3075 consuerit
1132 3016 1280 3088 appellari.
1296 3017 1384 3073 Plane
1408 3017 1437 3073 iii
1454 3018 1585 3088 paradiso
1600 3031 1665 3088 pec-

56 3113 90 3169 us
114 3112 169 3169 sthi
197 3114 379 3182 munditiam,
401 3116 451 3171 uisi
476 3117 565 3173 usum
593 3119 760 3190 susciperet,
817 3107 873 3163 cati
888 3106 984 3163 adbuc
998 3106 1152 3177 fragilitate
1171 3113 1199 3162 et
1214 3112 1304 3162 morte
1323 3119 1472 3176 suspensa,
1488 3120 1524 3162 ex
1547 3105 1666 3162 necessi·

56 3200 102 3257 iic.
123 3200 177 3258 scd
200 3201 261 3272 jam
287 3203 323 3258 au
350 3211 511 3274 susceptam
536 3205 636 3262 sertem
660 3209 762 3263 redea-
817 3194 1025 3262 tatevescendi,
1037 3194 1152 3251 bibendi
1168 3193 1388 3264 dormiendique
1401 3193 1517 3265 fragiles
1530 3193 1665 3251 erantilli

817 3283 931 3354 generis
949 3283 1041 3340 nostri
1058 3282 1209 3353 principes.
1224 3281 1304 3349 Quod
1324 3291 1438 3352 pareret
1461 3283 1503 3339 eis
1526 3282 1666 3354 fragilitas

248 3362 364 3420 CAPUT
383 3363 432 3419 lit.
817 3369 866 3427 illa
882 3378 1040 3441 peccatum,
1067 3370 1090 3427 si
1111 3370 1275 3441 contigisset
1304 3385 1361 3426 non
1376 3372 1522 3440 preterire
1545 3370 1665 3427 manda·

198 3463 319 3514 offitio
333 3466 475 3515 ssouirun.
817 3459 903 3516 tum?
918 3457 961 3515 Ex
973 3459 1045 3516 libro
1057 3468 1106 3516 tuo
1121 3459 1227 3516 babes:
1244 3462 1282 3514 fic
1294 3462 1368 3514 omni
1384 3461 1458 3528 ligno
1470 3460 1599 3529 paradisi
1619 3475 1665 3515 co-

56 3568 114 3612 ira
141 3557 222 3614 vobis
243 3556 319 3613 Deus
332 3557 520 3628 omnipotens.
549 3559 585 3615 Et
608 3567 683 3616 certe
698 3573 762 3617 om-
815 3548 891 3603 medt
914 3548 993 3618 (Gen.
1005 3563 1034 3616 ΙΙ,
1048 3547 1101 3618 16)-
1113 3548 1167 3602 Et:
1182 3548 1339 3612 Quiomisit
1355 3549 1486 3602 D⁰mi¹³21⁵
1504 3550 1666 3618 ⁸⁰fl⁰r2mi²²

63 3659 122 3701 non
144 3645 208 3710 fuit,
228 3645 251 3701 si
276 3645 313 3700 ad
327 3646 483 3715 bominem,
501 3662 588 3718 quern
602 3648 675 3704 bene
695 3647 763 3705 fece
816 3635 907 3691 Mam
922 3634 1014 3706 (md-s
1029 3634 1083 3706 Ἦ)
1100 3635 1167 3691 ΗΜ
1180 3633 1351 3691 (Ῑῑθθῧὸὓῑῦῐ
1362 3635 1398 3690 θῑ·
1415 3636 1480 3691 flael
1496 3634 1525 3690 5¹¹
1544 3649 1576 3690 0⁰
1596 3648 1663 3691 ⁰⁰⁰¹

65 3733 229 3790 rodmundo
252 3735 467 3805 suscipiendum
491 3737 594 3807 pietate
614 3736 680 3794 duct
703 3751 761 3793 non
815 3730 888 3780 esset
902 3723 1041 3780 immunis
1066 3737 1084 3778 a
1103 3726 1218 3792 peccato
1236 3722 1350 3778 fiebant.
1366 3721 1440 3788 Quid
1465 3723 1561 3778 horret
1587 3722 1663 3778 Deus

56 3835 153 3878 occare
171 3824 259 3890 enim,
284 3831 326 3879 esi
348 3824 530 3894 imp0ien1123
554 3825 658 3896 pietate
672 3840 760 3896 supe.
816 3811 988 3869 innomine?
999 3826 1057 3868 non
1071 3819 1206 3867 naturam
1217 3811 1329 3881 ntique,
1345 3823 1435 3880 quani
1451 3810 1510 3880 ipse
1523 3809 1660 3875 condidit,

56 3911 142 3967 entia.
165 3913 195 3966 ln
212 3912 266 3968 bac
288 3912 364 3968 enim
386 3926 475 3984 quam
490 3913 583 3969 dicitis
597 3914 761 3971 infirmitate
815 3898 864 3954 ⁸01¹
879 3895 1309 3969 ffl³¹¹¹mli110dh0ffi⁰³tldidil
1326 3895 1406 3964 QUOd
1423 3897 1445 3952 Si
1461 3897 1600 3964 horreret,
1617 3897 1663 3953 la·

56 3999 96 4056 gi.
114 3999 188 4056 pepp
201 4000 279 4057 enim
295 4000 373 4070 quod
388 4001 496 4058 gebun,
512 4001 677 4071 specialiter
693 4017 761 4059 sane
815 3985 1043 4056 cturam.ntique
1057 3999 1140 4042 suam
1162 3984 1321 4055 justissime
1343 3983 1511 4043 detractioni
1535 3998 1662 4055 expone·

56 4088 282 4144 iggfjoesdtafum
304 4089 415 4145 gebim
437 4098 488 4145 est.
516 4090 575 4147 Cur
598 4091 680 4147 nobis
704 4107 761 4148 „0ss
816 4080 868 4130 ret.
883 4073 957 4130 Nam
971 4074 994 4130 si
1011 4074 1071 4144 ipso
1085 4073 1163 4145 quod
1184 4072 1293 4140 statuit,
1310 4073 1525 4131 exauctorando
1540 4087 1573 4129 ac
1596 4073 1661 4130 vili·

56 4189 73 4232 ,ς
88 4176 165 4246 quod
192 4191 244 4232 vos
270 4178 409 4233 mannua
432 4179 707 4248 murmumgfflum,
733 4188 762 4237 gg
815 4161 964 4232 pendendo
978 4161 1115 4230 destituit,
1132 4161 1377 4233 prevaricatorem
1391 4162 1591 4220 seconstitnit.

56 4277 101 4320 um
126 4265 316 4320 obstinatione
343 4265 471 4334 rebelles,
489 4267 571 4336 quasi
587 4269 687 4338 aquila
701 4257 802 4338 pul-D
851 4268 904 4325 Sed
928 4269 1045 4325 absistat
1062 4268 1124 4325 liaec
1145 4269 1288 4325 vecordia.
1317 4269 1541 4326 celeberrimum
1569 4278 1612 4328 est
1633 4270 1663 4329 in

56 4359 125 4410 serto
144 4352 331 4421 circumtulit,
347 4354 515 4412 multimoda
533 4356 758 4413 idololatriarum
814 4356 895 4413 libris
915 4357 973 4414 tuis
1001 4357 1092 4413 Deum
1115 4364 1143 4412 et
1168 4357 1241 4413 filios
1268 4364 1295 4412 et
1316 4357 1383 4413 deos
1405 4356 1534 4414 homines
1557 4359 1663 4428 sepios

56 4454 82 4498 ie
110 4442 259 4498 damnatos
283 4442 313 4497 in
339 4450 414 4499 terra
445 4443 642 4514 promissionis
664 4452 760 4501 tamen
814 4445 969 4517 appellare.
990 4446 1032 4503 Ne
1047 4445 1259 4516 corruptionem
1288 4445 1384 4501 carnis
1407 4453 1434 4502 et
1458 4447 1534 4502 uteri
1560 4447 1662 4503 fetores

69 4527 131 4601 lege
151 4537 179 4586 et
195 4529 340 4600 prophetis
363 4532 465 4587 vestris
487 4545 545 4588 uon
561 4533 643 4588 modo
656 4533 762 4589 miseri·
814 4534 953 4591 attendas.
972 4534 1033 4591 Non
1049 4536 1173 4591 aestimes
1187 4535 1243 4589 lieo
1260 4533 1408 4605 quidpiam
1429 4542 1532 4603 preter
1547 4542 1662 4604 peccata

56 4617 140 4676 idest
164 4619 193 4673 in
216 4627 333 4687 natura,
358 4627 407 4676 aut
431 4620 589 4685 miserator,
616 4622 694 4692 qnod
719 4629 762 4677 cst
814 4623 909 4679 fetere.
926 4623 989 4678 Non
1006 4622 1091 4679 babet
1106 4623 1183 4678 Dens
1201 4636 1286 4678 nares
1300 4622 1350 4677 tibi
1369 4635 1460 4691 pares.
1478 4621 1581 4694 Legisti
1603 4623 1662 4681 Noe

56 4707 121 4774 ntia,
136 4708 184 4764 sed
200 4707 263 4778 ipsa
288 4708 446 4765 essentialis
472 4709 668 4765 misericordia
680 4711 760 4766 voci·
814 4710 897 4767 citari
913 4718 976 4781 post
990 4710 1134 4766 diluvium
1149 4709 1287 4767 fabricato
1299 4709 1495 4766 holocaustum
1509 4711 1544 4766 de
1558 4711 1662 4768 avibus

55 4796 80 4852 si
106 4795 165 4867 ipse
192 4797 277 4854 aliter
301 4812 330 4854 se
352 4797 464 4869 egisset,
488 4797 614 4867 seipsum
636 4798 761 4868 profecto
813 4798 960 4866 obtulisse,
973 4805 1001 4855 et
1016 4799 1105 4855 Deum
1119 4798 1234 4855 odorem
1259 4797 1410 4853 suavitatis
1430 4797 1560 4854 hausisse
1582 4797 1659 4869 (den.

814 4901 873 4954 riu,
900 4886 956 4956 if).
982 4886 1015 4943 iit
1032 4901 1097 4957 quie
1113 4872 1144 4942 iii
1170 4887 1217 4943 tali
1233 4899 1338 4955 vapore
1352 4885 1510 4955 voluptas?
1530 4887 1661 4944 Forsitan

66 4972 156 5044 igitur
174 4973 245 5044 quia
259 4972 375 5030 feminei
391 4972 501 5030 ventris
515 4973 664 5032 humilitas
685 4975 760 5032 divi·
814 4983 844 5032 tu
875 4976 965 5031 ileum
995 4976 1119 5031 {estimas
1146 4974 1329 5041 nebulonem,
1356 4981 1388 5030 nt
1413 4973 1517 5044 patinis
1545 4974 1660 5032 fumun·

56 5061 138 5118 nitati
159 5075 218 5118 non
232 5063 375 5134 congruit.
397 5060 501 5131 Quare,
528 5064 647 5134 inquam
662 5063 761 5131 ‘ania
814 5063 890 5119 tibus
912 5063 1077 5131 delectetur,
1107 5071 1134 5118 et
1161 5076 1290 5119 assarum
1318 5062 1450 5118 carnium
1475 5061 1660 5134 flagrantiam

60 5151 216 5221 presertim
238 5151 268 5206 in
291 5164 365 5207 sexu
391 5150 512 5208 femineo
536 5151 705 5222 fragilitates
729 5159 761 5209 ut
813 5149 934 5208 libenter
955 5151 1099 5208 absumat.
1119 5154 1197 5207 Certe
1218 5150 1321 5206 sobriis
1345 5149 1511 5207 bominibus
1533 5150 1660 5222 idipsum

69 5237 240 5308 plerumque
265 5245 371 5294 natura
385 5239 540 5296 sordescat.
566 5239 600 5295 lit
624 5254 690 5297 cnm
706 5241 759 5296 sibi
814 5240 892 5311 quod
907 5239 973 5297 usui
1001 5247 1192 5310 preparatur,
1220 5247 1248 5295 et
1270 5239 1355 5295 nidor
1375 5238 1505 5309 displicet
1527 5241 1661 5312 coquina·

56 5324 153 5381 sanitas
169 5325 205 5381 ob
226 5325 391 5397 frequentes
406 5327 513 5397 quibus
528 5327 620 5383 obsita
640 5335 683 5383 cst
705 5328 759 5383 mi·
814 5341 891 5396 rum,
928 5342 964 5385 ne
990 5329 1061 5384 dum
1087 5329 1141 5384 [loo
1168 5327 1278 5397 placeat
1307 5333 1392 5397 putor
1423 5328 1521 5384 avium
1548 5337 1662 5387 exusta·

56 5412 196 5486 dignetur,
212 5412 353 5485 ignavum
376 5421 417 5470 est
431 5414 546 5470 credere
564 5414 642 5484 quod
655 5414 700 5471 bis
715 5415 761 5471 di·
814 5430 890 5474 rum,
918 5418 1042 5474 Putasne
1066 5416 1137 5486 qnia
1159 5416 1237 5487 quod
1263 5415 1431 5473 bominibus
1449 5425 1490 5474 est
1515 5416 1659 5487 putidum,

57 5515 169 5574 nquam
186 5500 326 5573 implicari
340 5508 495 5571 pateretur.
815 5505 872 5561 beo
888 5518 978 5562 snare
1004 5504 1155 5563 redolenti
1168 5505 1280 5575 itepoiie
1297 5503 1416 5562 suillum
1440 5513 1538 5576 caput,
1553 5511 1582 5562 et
1601 5518 1662 5562 sen·
