3818 6008
337 270 565 328 Thoeoeoute:
585 274 620 327 rh
640 272 742 341 OSEE,
762 275 851 332 AMOS
869 277 914 332 ET
932 275 1008 338 tuh.
1025 308 1058 315 -
1074 276 1137 332 titt.
1159 276 1202 332 lv.
1224 277 1259 331 ΙΝ
1278 277 1380 334 hthS.
1680 281 1731 334 aas

56 410 80 459 et
101 401 227 458 hominis
247 390 477 460 convenientiam
500 403 692 461 interturbare
714 419 825 477 praeva-
846 409 947 476 Aquae
958 406 1429 477 indesinentibuscontenebratur,
1444 410 1604 466 seeundum
1615 411 1730 483 AEgypti

63 490 233 562 ‹Nunquid
257 491 335 547 dabit
359 491 473 548 catulus
497 492 586 548 leonis
601 507 699 549 vocem
725 494 759 550 de
775 509 827 550 cu·
884 510 998 565 nomen,
1013 496 1166 568 augustiis,
1183 497 1326 563 auditum,
1345 497 1372 552 id
1395 505 1437 554 εει
1454 497 1634 570 intelligibile
1648 499 1732 556 lacia-

56 581 58 634 i
81 594 146 647 suo,
171 579 226 635 nisi
246 579 357 650 aliquid
380 580 619 651 apprehenderit?
637 605 647 630 ι
675 585 715 638 hc
740 583 762 640 si
784 583 826 639 di·
883 585 1463 657 musquodsequitur:»congregamini,
1478 607 1489 636 ›
1503 588 1608 657 inquit,
1622 603 1732 659 «super

73 668 180 726 liirum
202 683 260 724 uon
285 677 326 724 est
342 668 366 724 si
388 668 529 736 diabolus,
547 684 615 725 cum
639 671 675 726 sit
696 671 825 741 spiritus,
885 694 895 720 ι
920 681 1033 730 montes
1061 673 1207 740 Samaria,
1236 683 1264 729 et
1291 673 1384 731 videte
1408 676 1535 732 insanias
1565 677 1672 733 multas
1702 677 1731 734 in

56 771 84 812 ts
108 757 138 813 in
162 756 246 812 uobis
267 757 432 813 tentationis
456 766 628 828 aucupetur,
654 774 720 815 cum
741 761 827 816 etiam
884 782 894 809 ι
913 762 1006 818 medio
1019 763 1091 832 ejus,
1111 770 1146 818 et
1164 762 1340 819 calumniam
1367 764 1506 834 patientes
1522 765 1551 821 iu
1575 766 1729 837 penetrali-

56 860 87 901 us
115 846 208 912 leonis,
240 845 268 902 id
290 854 332 901 est
353 845 431 902 lilius
460 846 582 916 quilibet
597 847 714 911 diaboii,
740 865 828 904 vocem

56 935 186 1008 eptiouis,
198 948 258 1005 qua
271 934 436 1005 quempiam
449 948 465 989 a
481 942 557 990 recto
569 933 704 991 diducere
715 937 826 1006 nititur,

56 1023 101 1080 biii
116 1023 221 1089 cordis,
238 1022 267 1077 in
289 1037 348 1094 quo
364 1022 418 1078 sub
434 1022 545 1078 diabolo
567 1031 684 1080 auctore
703 1024 826 1092 iuvetur,

56 1126 113 1169 tere
127 1128 185 1168 nou
201 1113 298 1178 audet,
317 1111 370 1167 nisi
396 1112 424 1166 in
447 1126 505 1182 quo
520 1111 707 1184 subdecipere
728 1114 825 1183 possit,

56 1202 227 1274 nujeoturas
241 1201 322 1271 prius
336 1201 473 1257 aestimet?

56 1305 103 1347 us.
122 1295 231 1344 5.-‹
260 1289 400 1360 Nunquid
428 1290 509 1346 cadet
538 1291 600 1345 avis
631 1290 661 1346 iu
690 1290 827 1361 laqueum

55 1393 95 1435 rae
114 1379 225 1450 absque
254 1377 419 1448 aucupet»
441 1378 511 1435 Avis
535 1380 565 1435 in
587 1379 724 1451 laqueum
742 1388 825 1436 terrae

56 1481 88 1523 ue
109 1481 222 1537 aucupe
247 1481 305 1523 uon
321 1467 408 1534 cadit,
425 1467 494 1538 quia
518 1481 599 1523 meus
615 1468 716 1540 pennis
732 1468 827 1525 suble-

63 1554 217 1620 virtutum,
236 1556 357 1612 terrenis
380 1556 546 1612 nullomodo
567 1558 697 1613 irretitur
720 1556 828 1613 allecti·

65 1643 123 1700 nisi
141 1645 305 1715 cujuspiam
329 1658 427 1714 pravae
451 1645 643 1716 suggestionis
668 1645 696 1701 iu
719 1660 826 1703 morem

885 872 896 897 ι
914 850 968 906 bus
981 852 1054 922 ejus.
1071 873 1081 900 ι
1106 852 1193 920 sopor
1217 858 1316 906 montes
1340 853 1473 908 Samariae
1492 855 1664 926 congregari
1677 856 1730 925 ju-

881 939 996 1006 bentur,
1011 955 1077 996 cum
1099 954 1186 1010 super
1205 939 1346 997 fastuosas
1361 941 1560 1011 cotreeptioues
1576 942 1729 999 exterioris

881 1027 1029 1090 custodiae,
1043 1042 1109 1099 quae
1125 1027 1283 1098 hypocrisis
1296 1029 1469 1099 appellatur,
1494 1031 1731 1088 considerationis

881 1116 1036 1172 eminentia
1052 1124 1189 1186 prestare
1203 1115 1305 1172 debere
1319 1125 1490 1188 monentur;
1507 1117 1637 1174 Samaria
1651 1120 1728 1175 euim

881 1205 1006 1259 custodio
1029 1204 1145 1271 dieitur,
1177 1213 1210 1260 ut
1239 1207 1363 1259 insanius
1382 1207 1482 1261 mullas
1506 1210 1535 1260 ia
1555 1208 1613 1276 ejus
1640 1209 1729 1263 medio

882 1292 1008 1359 videant,
1026 1291 1106 1348 aliud
1123 1293 1262 1348 uittiirum
1279 1300 1374 1348 mente
1391 1294 1546 1363 intendere,
1565 1295 1644 1351 aliud
1661 1295 1730 1352 loris

881 1380 954 1436 velle
977 1380 1078 1448 videri,
1105 1380 1133 1435 in
1162 1380 1264 1436 intima
1291 1381 1462 1437 discretione
1488 1384 1680 1453 perpendant;
1700 1391 1727 1440 ει

882 1469 952 1539 quia
967 1469 1035 1538 ipsae
1049 1469 1234 1538 cogitationes
1248 1469 1424 1525 calumniam
1438 1469 1491 1525 sibi
1507 1470 1643 1539 inierant,
1658 1472 1728 1528 dunt

882 1573 911 1612 se
926 1558 1040 1613 diversa
1054 1558 1091 1613 ab
1114 1558 1246 1625 invicem,
1263 1561 1389 1628 cogitare
1404 1559 1563 1627 mundana,
1579 1569 1606 1616 ει
1630 1560 1729 1616 divina

883 1647 973 1702 tatere
990 1655 1118 1716 pensant.

57 1732 101 1802 pis
124 1734 266 1803 pracedat
290 1733 452 1790 instinctus.
483 1733 650 1804 ‹Nunquid
678 1716 866 1792 aufereturB
917 1735 998 1789 Vnus.
1018 1736 1060 1789 lb.
1077 1766 1111 1774 -
1128 1757 1138 1782 ι
1157 1735 1191 1791 Ει
1212 1735 1374 1791 nescierunt
1400 1735 1491 1792 lacere
1513 1742 1633 1799 rectum.
1661 1738 1729 1794 dicit

59 1821 182 1877 ueusde
209 1831 285 1877 terra
306 1830 461 1892 antequam
488 1823 558 1892 quid
575 1822 711 1893 ctnperit‘i
738 1845 748 1871 ι
771 1824 826 1880 La-

56 1923 72 1966 s
83 1910 119 1966 de
132 1914 211 1967 terra
227 1924 285 1966 nou
307 1910 439 1967 aufertur
453 1918 610 1980 autequam
635 1911 706 1982 quid
721 1912 825 1982 capiat,

63 1997 98 2055 de
115 2012 233 2068 corpore
256 2007 353 2055 nostro
370 1999 535 2054 tentationis
558 2014 616 2055 uon
631 2008 722 2056 cessat
745 2015 825 2057 ocea-

56 2087 145 2144 doneo
165 2102 195 2144 se
218 2087 367 2143 diabolicae
381 2087 584 2143 consultationi
611 2089 827 2145 substantivum

56 2176 130 2248 piam
141 2190 217 2234 verae
228 2176 440 2246 spiritualitatis
454 2176 578 2246 objiciat.
606 2177 724 2248 Aliquid
749 2179 825 2233 enim

86 2264 219 2337 laqueus,
247 2279 313 2321 oum
344 2266 417 2321 iuter
444 2265 584 2320 vanitates
611 2279 686 2335 quas
710 2266 824 2337 ingerit,

56 2368 92 2412 ει·
116 2354 190 2411 redit
219 2354 255 2409 ad
277 2354 408 2410 animum
430 2363 544 2410 aeternae
568 2354 697 2410 veritatis
722 2363 823 2411 status.

56 2457 115 2500 teus
139 2444 215 2499 enim
237 2451 353 2514 peccata
369 2450 447 2507 suut,
470 2451 497 2499 et
523 2450 639 2513 peecata
662 2442 824 2510 nihilsunt,

69 2532 144 2590 bona
158 2532 241 2604 quasi
257 2532 390 2603 quaedam
403 2531 565 2589 substantia
576 2538 653 2587 suut.
669 2531 749 2588 Unde
763 2540 823 2589 est:

56 2635 72 2678 ε
88 2620 149 2692 ipso
165 2621 272 2677 iactum
287 2628 329 2676 εει
344 2621 385 2675 nil
401 2621 487 2690 (loon.
504 2634 523 2687 r,
540 2619 579 2690 3).
595 2642 609 2667 »

58 2724 99 2767 us.
116 2713 142 2764 6.
156 2740 190 2749 -
210 2732 220 2757 ι
237 2708 265 2764 Si
279 2708 393 2779 clanget
415 2708 485 2765 tuba
498 2708 527 2762 in
542 2707 667 2777 civitate,
691 2715 719 2766 ει
735 2723 824 2779 popu-

76 2813 136 2854 nou
163 2796 353 2869 expavescet?
376 2821 390 2847 ι
417 2798 536 2853 Tabala
564 2799 676 2851 ciuitate
703 2797 822 2868 clangit,

64 2887 221 2944 auctoritas
246 2886 351 2942 divinae
376 2886 505 2942 veritatis
528 2886 557 2940 in
578 2893 672 2943 metite
687 2887 824 2956 procedit.

56 2977 194 3045 tpcpitlua
217 2974 392 3045 expavescit,
418 2974 488 3045 quia
513 2975 719 3045 cogitationum
745 2972 825 3028 inso-

56 3064 120 3119 tab
132 3064 223 3134 ipsius
236 3063 400 3135 cognitione
422 3062 548 3134 dillugit.
568 3085 579 3111 ι
597 3061 625 3118 Si
647 3061 701 3118 erit
717 3062 826 3116 malum

56 3153 169 3209 civitate
184 3153 262 3224 quod
279 3152 419 3208 Dominus
442 3166 500 3207 nou
516 3151 580 3207 lecit
599 3151 657 3218 lul,
673 3148 792 3218 ieceritl.
813 3170 824 3199 ι

59 3256 86 3297 tn
103 3241 134 3297 lit
150 3240 180 3297 in
200 3241 324 3308 civitate,
341 3256 407 3297 eum
426 3240 590 3297 tentationis
602 3238 827 3311 {immoderantia

56 3337 112 3388 itur
136 3330 166 3385 in
194 3330 319 3387 homine.
346 3330 405 3385 Hoc
424 3328 534 3385 malum
554 3329 630 3385 Deus
653 3327 731 3394 lacit,
759 3341 826 3382 curn

56 3417 318 3489 adprobationem,
347 3426 398 3474 aut
421 3432 522 3474 casum
547 3417 608 3473 heri
635 3416 826 3486 dispensative

60 3506 127 3564 ittit.

57 3610 103 3653 ns.
119 3601 145 3651 7.
159 3625 196 3638 -
212 3618 223 3645 ι
240 3594 313 3663 Quia
328 3610 385 3652 nou
410 3595 493 3650 iaciet
512 3594 653 3650 Dominus
669 3593 744 3649 Deus
758 3607 826 3649 ver-

56 3698 87 3753 n,
114 3683 170 3740 nisi
193 3683 365 3741 revelaverit
388 3690 529 3740 secretum
553 3696 640 3740 suum
665 3681 700 3737 ad
729 3695 826 3738 servos

56 3787 75 3829 c
102 3774 293 3844 prophetas.»
322 3773 372 3829 Est
399 3786 468 3844 ergo
485 3786 610 3829 sensus:
642 3770 721 3828 Facit
749 3771 826 3827 Deus

56 3875 95 3930 tn,
124 3861 173 3917 sed
198 3861 297 3917 diviua
327 3859 499 3931 plerumque
523 3859 643 3916 intentio
670 3859 825 3929 patientem

56 3950 122 4007 latet
145 3949 286 4018 animum,
312 3949 352 4004 nii
374 3947 450 4004 enim
468 3947 524 4005 tale
547 3948 577 4004 iu
602 3947 777 4004 conscientia
794 3946 826 4002 llt

56 4053 108 4107 nn,
137 4039 166 4095 id
188 4046 230 4095 est
249 4038 367 4095 ducitur
388 4038 417 4092 in
446 4037 589 4104 ellectum,
616 4037 701 4108 cujus
729 4048 823 4091 causa·

56 4109 162 4184 dentiis
190 4127 296 4184 nostris
320 4141 378 4182 non
400 4126 460 4196 ipse
483 4125 589 4181 revelet
609 4138 759 4180 arcanum.
789 4123 822 4178 lu

55 4215 115 4272 nim
134 4215 314 4287 prophetant,
325 4215 402 4286 quod
418 4221 445 4269 et
464 4213 574 4269 servire
586 4226 640 4269 sua
653 4211 823 4282 ,provisione

56 4312 146 4361 erant.

56 4407 98 4450 us.
113 4395 139 4448 8.
156 4424 189 4432 -
208 4416 218 4442 ‹
247 4393 302 4448 Leo
328 4392 433 4463 rugiet,
451 4391 518 4462 quis
537 4404 595 4446 uon
617 4388 748 4445 timebit‘l
767 4389 824 4445 Do·

56 4496 104 4539 tus
121 4481 198 4538 Deus
222 4481 335 4538 locutus
358 4488 409 4546 εει,
430 4480 497 4551 quis
510 4493 568 4535 uon
591 4476 823 4548 prophetabitlii

59 4578 69 4628 t
94 4570 211 4626 dicere:
237 4569 376 4626 Diabolus
390 4583 457 4625 cum
477 4568 513 4623 sit
537 4574 624 4623 tautae
648 4564 823 4632 subtilitatis,

58 4666 88 4716 to
109 4658 312 4730 spiritualioris
326 4656 468 4727 potantia,
486 4657 547 4725 ipse
573 4655 719 4710 nimietate
733 4653 822 4708 avidi·

61 4747 177 4818 irrugit,
209 4746 275 4818 quis
302 4760 388 4802 carue
414 4743 586 4816 prepeditus
610 4744 738 4799 hutrraua
766 4756 823 4797 non

55 4834 164 4893 rescat?
186 4836 325 4891 Dominus
340 4835 417 4891 Deus
435 4848 485 4903 per
506 4833 667 4903 apostolum
684 4845 769 4886 suum
784 4830 823 4887 lo-

56 4939 61 4979 t
84 4931 146 4980 est:
178 4946 188 4972 ‹
220 4923 349 4979 Resistite
373 4921 498 4986 diabolo,
524 4927 552 4977 ει
582 4921 673 4991 lugiet
696 4934 713 4974 a
743 4919 825 4975 vobis

65 5027 104 5077 tv,
121 5013 167 5080 tl:
187 5034 197 5061 ι
220 5012 287 5082 quis
308 5026 367 5068 non
387 5011 423 5067 ad
439 5010 494 5066 hoc
509 5009 718 5079 providentiam
739 5007 824 5063 adhi-

56 5101 182 5169 livens.
207 5100 246 5173 9.)
266 5100 433 5157 «Auditum
450 5099 534 5155 facite
555 5099 584 5154 in
598 5098 711 5155 aedibus
733 5096 822 5163 hecti,

56 5191 81 5247 ln
106 5190 219 5246 adibus
235 5198 317 5245 terrae
331 5188 458 5261 AEgypti.
482 5207 496 5238 v
525 5187 629 5244 hactus
651 5186 825 5256 iuterpreta-

56 5278 209 5335 nccadium.
232 5278 322 5336 ilonet
348 5286 444 5334 noster
458 5291 509 5333 vos
530 5277 585 5332 sub
601 5289 732 5332 sermone
758 5289 825 5344 pro-

56 5381 90 5426 ou
112 5365 283 5434 intellectus,
309 5372 341 5421 att
366 5369 396 5420 ia
423 5364 527 5420 edibus
552 5365 644 5432 azoti,
672 5363 701 5418 id
729 5361 825 5419 estin

56 5454 177 5514 tralihns
192 5454 328 5512 membris
342 5454 458 5520 uostris,
476 5466 542 5525 quae
565 5451 712 5508 coutinuis
732 5463 826 5506 urun-

56 5543 211 5612 desideriis,
226 5550 254 5601 et
279 5543 308 5600 in
324 5543 468 5601 universis
494 5541 673 5598 eonscientiae
699 5537 824 5609 angulis,

157 5643 297 5742 Parnon.
322 5643 425 5710 cavi.

884 1823 1060 1890 »Dominus
1087 1824 1312 1879 thesaurizantes
1342 1824 1534 1894 iniquitatem,
1562 1833 1589 1880 et
1611 1826 1729 1895 rapinas

885 1911 939 1967 ·tn
966 1912 1078 1967 edibus
1102 1912 1172 1966 suis.
1201 1934 1211 1958 i
1241 1914 1350 1967 Rectum
1375 1914 1465 1979 socero
1491 1913 1631 1980 nesciunt,
1658 1913 1728 1984 quia

882 1999 1082 2056 rectitudinem
1097 2013 1157 2070 qua
1171 2014 1207 2054 ex
1225 2000 1487 2070 quantulacunque
1502 2001 1612 2057 ratione
1625 2002 1728 2058 adver·

882 2096 957 2154 tunt,
970 2087 1063 2143 lacere
1083 2087 1290 2158 dedignantur,
1308 2087 1467 2144 seeundum
1486 2089 1563 2159 quod
1586 2091 1725 2146 sentiunt.

880 2176 966 2234 lloris
988 2178 1065 2232 enim
1089 2175 1244 2246 Scripturae
1264 2185 1306 2232 est
1330 2185 1362 2233 ut
1383 2180 1486 2231 iteacire
1513 2189 1563 2246 pru
1580 2178 1728 2246 dedignari

881 2272 1014 2336 ponatur,
1027 2273 1054 2320 et
1069 2265 1155 2320 etiarn
1180 2279 1251 2321 usus
1264 2265 1402 2336 loquendi
1417 2266 1503 2321 habet
1524 2273 1554 2322 ut
1575 2268 1618 2322 vir
1634 2269 1727 2324 bonus

880 2358 957 2408 τεο
986 2352 1098 2408 mentiri
1128 2353 1235 2408 nescire
1263 2352 1388 2409 dicatur.
1418 2354 1596 2422 iniquitatem
1624 2355 1727 2411 sibiet

879 2444 994 2511 rupiana
1012 2444 1042 2497 in
1055 2442 1159 2495 adibus
1174 2444 1232 2496 auio
1257 2440 1463 2507 thesaurizant,
1485 2450 1518 2498 ut
1545 2441 1652 2498 seilicet
1675 2443 1728 2498 ini-

880 2530 1019 2606 quitatem
1044 2529 1238 2585 simulationis
1263 2530 1333 2600 quia
1361 2529 1432 2585 bene
1458 2529 1578 2597 iaciunt,
1604 2538 1632 2586 et
1653 2532 1726 2587 male

879 2617 1044 2685 intendunt,
1061 2625 1088 2673 et
1112 2617 1230 2688 rapinas
1245 2618 1300 2674 sibi
1322 2618 1416 2675 laudis
1432 2618 1533 2674 alienae
1553 2631 1605 2687 pro
1621 2633 1727 2690 magno

880 2713 1029 2775 reponant.
1051 2706 1176 2761 Medium
1199 2714 1296 2763 autem
1320 2706 1393 2776 ejus,
1422 2714 1449 2763 et
1474 2705 1640 2776 penetralia,
1666 2707 1727 2763 sive

878 2794 963 2861 aedes,
982 2793 1009 2848 id
1025 2803 1067 2849 est
1082 2793 1297 2861 conscientiam,
1314 2794 1421 2850 scilicet
1435 2794 1609 2865 significant.

915 2882 1005 2938 Vnus.
1026 2885 1066 2937 ll.
1082 2913 1117 2922 -
1131 2903 1145 2931 «
1160 2882 1312 2953 Propterea
1327 2883 1389 2939 haee
1403 2883 1472 2938 dicit
1483 2883 1621 2939 Dominus
1631 2883 1725 2940 Deus:

882 2992 892 3019 ι
910 2969 1119 3037 tribulabitur,
1135 2978 1163 3027 ει
1177 2971 1335 3028 circuietur
1349 2979 1436 3039 terta,
1451 2978 1478 3027 et
1498 2972 1666 3028 detrahetur
1689 2987 1726 3028 ex

883 3081 893 3108 »
912 3069 937 3115 ιε
954 3058 1089 3116 tortitudo
1103 3066 1163 3129 tna,
1186 3068 1214 3116 et
1235 3060 1410 3131 diripientur
1428 3061 1503 3117 aedcs
1520 3068 1585 3116 tuae.
1603 3080 1616 3111 a
1644 3059 1725 3127 Qttod

880 3154 931 3216 est,
948 3148 1089 3219 exipsius
1111 3150 1232 3206 rationis
1254 3150 1394 3207 sententia
1415 3151 1528 3206 dicere:
1553 3150 1658 3218 lluhis,
1678 3150 1725 3205 in-

880 3250 980 3307 quam,
1006 3236 1252 3306 tribulationibus,
1283 3238 1472 3306 abstinentiae,
1497 3245 1525 3295 et
1546 3237 1725 3308 vigiliarum,

879 3333 1109 3397 ceterorumque
1121 3327 1275 3397 malorum,
1290 3343 1355 3399 quae
1377 3327 1432 3383 sibi
1448 3327 1604 3398 hypocritae
1622 3327 1726 3383 inferre

880 3414 970 3472 sitient
996 3416 1142 3484 crucibus,
1171 3425 1245 3473 terra
1266 3430 1417 3486 corporum
1447 3415 1573 3486 ipsorum
1601 3415 1726 3485 obsideri

881 3504 992 3573 poterit,
1009 3505 1058 3560 sed
1076 3504 1211 3561 tortitudo
1225 3505 1343 3560 interior
1362 3504 1398 3560 ad
1413 3503 1524 3560 favores
1550 3503 1726 3560 extrinsecos

880 3592 1000 3649 tendens
1014 3591 1126 3648 detrahi
1143 3606 1200 3647 non
1218 3591 1335 3656 desistit,
1353 3599 1380 3647 et
1401 3590 1545 3661 quidquid
1561 3591 1590 3645 iu
1614 3590 1725 3646 aedibus

879 3681 1043 3736 continetur
1058 3681 1209 3749 utentium,
1229 3679 1324 3736 laudis
1340 3693 1421 3735 amor
1435 3678 1543 3749 diripit.

914 3769 1004 3825 Vnus.
1023 3772 1065 3823 la.
1089 3800 1123 3808 —
1140 3792 1150 3816 ι
1170 3770 1235 3824 ilaec
1258 3768 1326 3824 dicit
1350 3767 1514 3824 Dominus:
1537 3767 1684 3835 Quomodo
1700 3769 1722 3824 si

881 3863 991 3914 »eruat
1009 3864 1106 3927 pastor
1118 3857 1152 3914 de
1176 3872 1225 3914 ore
1239 3856 1329 3913 leonis
1344 3857 1402 3914 duo
1424 3871 1520 3924 crura,
1547 3864 1599 3913 aut
1621 3865 1721 3913 extre-

882 3967 892 3992 »
909 3959 989 4001 mum
1004 3946 1156 4014 auriculam
1173 3946 1213 4003 sio
1228 3953 1368 4002 eruentur
1382 3944 1434 4001 filii
1447 3946 1544 4014 lsrael,
1561 3946 1613 4016 qui
1639 3946 1723 4002 habi-

880 4056 891 4081 »
907 4042 969 4090 taut
982 4035 1011 4091 in
1027 4034 1166 4104 Samaria,
1181 4046 1209 4093 ct
1232 4035 1260 4092 in
1274 4036 1357 4107 plaga
1374 4034 1470 4091 lectuli
1489 4043 1516 4091 et
1529 4035 1559 4090 iu
1583 4035 1723 4091 Damasco

879 4145 890 4171 ι
909 4125 1021 4195 grabati
1052 4126 1109 4193 iol,
1135 4126 1266 4181 Damasci
1289 4123 1430 4195 grabatol.
1461 4144 1472 4171 ι
1497 4123 1559 4178 Duo
1580 4136 1668 4180 crura
1690 4124 1725 4179 de

876 4227 925 4268 ore
939 4211 1027 4269 ieonis
1040 4219 1137 4282 pastor
1149 4213 1234 4277 eruit,
1251 4226 1317 4268 cum
1330 4210 1525 4268 extremitates
1539 4224 1612 4280 equas
1635 4211 1664 4266 iu
1679 4210 1724 4266 ia-

841 4314 979 4367 pvorum
996 4300 1136 4356 desiderio
1147 4301 1302 4370 hypocritae
1313 4299 1474 4355 habuerant
1488 4298 1679 4369 voluptatum,
1690 4299 1724 4355 de

878 4388 984 4444 diaboli
1000 4402 1048 4443 ore
1064 4396 1161 4458 pastor
1175 4389 1295 4444 interior
1310 4389 1386 4445 Deus
1404 4387 1515 4443 eximit.
1539 4387 1634 4443 Solent
1646 4387 1722 4442 enim

878 4475 947 4532 dum
960 4475 1001 4532 ois
1017 4476 1093 4546 quod
1110 4475 1317 4545 coticupiscunt
1332 4491 1390 4532 non
1409 4476 1547 4546 suppetit,
1567 4475 1603 4531 ad
1619 4474 1722 4530 lineam

877 4564 992 4621 taudem
1021 4563 1189 4620 intentionis
1211 4569 1294 4618 rectae
1317 4565 1432 4619 reverti.
1459 4565 1617 4617 halremunt
1643 4562 1751 4617 anri-'

878 4651 946 4706 cala
959 4657 1011 4715 est,
1037 4649 1137 4719 aliqua
1159 4648 1310 4719 particula,
1326 4648 1371 4705 vel
1398 4648 1518 4703 minima
1538 4648 1659 4705 sanioris
1675 4649 1724 4704 in-

878 4739 1052 4811 telligentiae.
1074 4739 1118 4795 Sic
1139 4740 1193 4808 filii
1214 4738 1302 4792 Israel
1322 4740 1374 4808 qui
1404 4738 1573 4791 habitantia
1596 4738 1724 4793 Samaria

877 4830 1032 4895 eruuntur,
1059 4827 1129 4883 dum
1152 4827 1192 4882 eis
1208 4833 1259 4882 aut
1276 4825 1399 4896 propriae
1424 4825 1591 4881 ambitionis
1612 4825 1724 4883 fructus

878 4916 1026 4984 adimitur,
1052 4922 1103 4972 aut
1132 4913 1249 4985 aliquod
1271 4913 1459 4970 seminarium
1486 4912 1575 4969 divini
1605 4913 1722 4984 eloquii,

878 5007 961 5077 quasi
992 5019 1051 5076 qua
1077 5004 1251 5060 recalescant
1279 5001 1403 5056 scintilla
1422 5000 1612 5071 relinquitur.
1638 5003 1726 5059 lsrael

877 5097 929 5164 gilii
943 5102 1038 5151 motus
1062 5101 1130 5150 suut
1154 5092 1188 5147 ad
1208 5092 1297 5146 Deum
1318 5088 1473 5145 directanei
1480 5103 1489 5157 ς
1512 5088 1641 5145 Samaria
1655 5105 1724 5148 vero

878 5183 1014 5248 exterior,
1026 5189 1123 5252 spreta
1136 5178 1274 5245 interiori,
1294 5175 1434 5234 custodia.
1458 5177 1612 5234 Eruuutur
1626 5187 1723 5237 autem

878 5275 907 5326 io
920 5273 1017 5343 plaga,
1033 5270 1116 5326 idest
1132 5271 1159 5323 in
1175 5267 1292 5337 regione
1307 5237 1413 5333 lectuli,
1429 5264 1480 5321 ubi
1495 5264 1627 5323 videlicet
1644 5282 1725 5325 meus

878 5374 979 5418 eorum
1002 5359 1113 5430 potiora
1130 5356 1315 5412 inventuram
1329 5368 1359 5409 εε
1382 5353 1502 5425 putabat
1517 5353 1643 5412 lementa
1657 5372 1726 5428 pec-

879 5449 945 5505 cati.
962 5447 1051 5519 Plaga
1073 5459 1142 5517 ergo
1160 5443 1256 5501 lectuli
1286 5441 1490 5515 diverticulum
1507 5450 1559 5512 est,
1585 5443 1615 5499 iu
1634 5454 1727 5504 mente

881 5535 1033 5594 intendens
1046 5535 1182 5590 humanae
1195 5531 1327 5600 taphiae
1348 5530 1372 5586 si
1385 5529 1467 5589 iocus
1488 5532 1608 5604 requiei.
1627 5534 1665 5589 Da
1672 5548 1728 5591 rua-

1533 5637 1575 5696 Η
