3818 6008
618 236 664 293 DE
688 236 808 294 munli
826 236 856 292 S.
882 236 1013 294 MARIAE.
1635 246 1687 299 554

56 367 134 438 ysica
156 365 301 422 obnitente
324 379 371 422 res
392 372 475 431 esset,
499 379 652 438 nunquam
675 366 824 422 zacha-A
873 366 1013 435 Secunda,
1042 367 1119 439 quod
1145 383 1197 438 por
1225 368 1337 425 laticem
1365 384 1417 426 suo
1440 385 1477 427 ex
1503 370 1590 428 latere
1615 387 1683 443 pro·

56 455 119 512 arba
155 453 295 511 Gabrielis
335 461 393 510 tam
430 453 571 511 obstinate
603 455 784 511 discrederet.
842 452 977 511 liuentem
1009 456 1039 511 iu
1073 456 1174 512 eadem
1208 470 1294 513 cruce
1318 456 1461 527 baptisma
1486 458 1620 516 sancivit.
1654 459 1688 515 lu

78 541 211 612 exemplo
233 540 360 597 adhibito
388 555 504 598 naevum
533 541 691 612 quisquam
717 542 784 598 bea·
841 555 900 612 qua
929 542 1058 612 passione
1092 543 1120 598 iu
1144 550 1259 601 tautum
1294 543 1407 601 diabolo
1442 545 1518 603 vires
1553 546 1690 618 antiquas

78 629 194 701 Virgini
218 628 302 700 quasi
327 629 363 685 ad
391 628 566 686 credendum
593 630 716 702 alicujus
736 631 785 687 de·
839 631 970 694 extorsit,
1002 637 1035 688 ut
1056 638 1122 688 aute
1141 631 1242 703 iudicii
1266 632 1340 688 diem
1365 633 1425 703 jam
1450 634 1546 705 puniri
1562 634 1689 706 incoepe-

56 718 84 774 ris
97 717 205 786 inurat,
227 731 315 788 quam
331 730 383 774 nos
405 731 463 774 non
482 717 625 775 immerito
648 733 700 788 pro
721 718 785 775 ildei
840 719 878 774 rit
894 733 901 773 :
917 717 986 775 dicit
1006 719 1082 775 enim
1107 733 1233 790 magnus
1257 718 1395 791 Origenes
1418 721 1496 792 quod
1520 731 1582 792 post
1596 723 1688 793 ipsam

56 820 63 862 ι
87 804 220 862 laudasse
248 805 448 873 meminimus;
479 804 528 860 sed
551 805 622 861 sciat
648 805 784 876 angelum
840 807 1011 878 passionem,
1036 813 1191 879 postquam
1210 814 1328 864 sanctus
1342 808 1487 879 quispiam
1513 816 1624 881 martyr
1637 819 1689 869 aut

56 892 165 950 rudenti
189 892 297 950 laetum
319 892 349 949 in
379 892 477 950 vetula
496 892 628 949 retulisse
660 895 786 950 miracu·
839 894 983 951 consessor
1011 895 1047 951 de
1086 894 1218 965 praesenti
1245 895 1337 952 victor
1373 895 1480 952 saeculo
1521 897 1686 969 emigraret,

56 988 65 1039 t
90 989 118 1039 et
144 981 208 1038 ildei
232 981 296 1052 eius
318 980 527 1037 adminiculum
545 980 730 1048 ministraret,
758 988 787 1037 et
839 982 914 1038 sicut
942 981 1003 1053 ipse
1030 982 1067 1039 ad
1097 995 1234 1039 coronam
1255 983 1358 1051 exiret,
1383 983 1424 1040 sic
1451 984 1541 1041 bostis
1567 985 1613 1042 ille
1636 985 1688 1058 qui

56 1068 86 1126 is
122 1069 184 1141 ipsa
223 1075 352 1140 cognatae
388 1068 576 1139 proventibus
615 1067 783 1125 exsultaret.
838 1082 906 1126 eum
940 1069 1129 1140 spiritualiter
1159 1070 1353 1143 impugnarat,
1392 1071 1487 1129 statim
1524 1071 1554 1128 in
1581 1080 1689 1130 eterna

56 1165 184 1214 tmutuo
206 1157 309 1227 pudori
332 1157 523 1225 consulerent,
549 1156 628 1227 quod
655 1155 786 1213 videlicet
839 1164 983 1214 tormenta
1006 1157 1081 1214 nulli
1103 1158 1197 1215 denuo
1221 1160 1371 1216 nociturus
1394 1160 1526 1230 intraret,
1541 1167 1569 1217 et
1584 1161 1611 1217 id
1627 1175 1689 1218 esse

56 1263 70 1312 ι,
94 1244 142 1302 cui
167 1244 338 1314 desponsata
353 1244 459 1309 inerat,
488 1244 578 1301 inscio
600 1243 784 1314 concepisset,
839 1245 918 1315 quod
939 1244 976 1301 ab
1001 1245 1070 1315 ipsis
1093 1244 1272 1301 daemonibus
1294 1247 1415 1302 Domino
1440 1246 1612 1304 dicebatur:
1640 1249 1689 1304 Ve

56 1347 88 1390 ro
109 1333 183 1388 citra
207 1332 338 1388 omnium
360 1347 440 1403 spem
462 1332 605 1402 juvenilia
628 1332 784 1403 repetisset.
838 1335 918 1400 nisti,
953 1332 1101 1403 inquiunt,
1130 1339 1193 1388 onte
1219 1338 1323 1404 tempos
1350 1339 1475 1403 torquere
1496 1350 1546 1390 nes
1569 1335 1684 1406 (liattb.

56 1419 136 1477 tilla
159 1434 225 1477 cum
251 1419 431 1476 iestinatione
454 1421 482 1475 in
507 1426 644 1476 montana
667 1434 785 1491 progre-
841 1435 899 1486 vnr,
924 1419 981 1490 29).
1011 1420 1079 1476 inde
1111 1419 1198 1476 etiam
1228 1427 1323 1477 tantas
1349 1435 1424 1492 quas
1455 1435 1589 1479 exercere
1620 1423 1688 1479 olim

56 1520 136 1564 mora
162 1506 280 1563 latitura
308 1506 386 1577 apud
416 1520 480 1562 earn
508 1506 653 1573 trimestri,
684 1506 723 1562 ita
749 1520 786 1562 ne
839 1515 1049 1564 consueverant
1075 1507 1260 1564 lentitudines
1283 1509 1401 1565 obtusas
1425 1509 1604 1581 videbimus3
1635 1524 1690 1568 uec

56 1608 82 1651 m
104 1593 271 1650 ridentibus
291 1592 405 1663 sibique
427 1593 564 1649 ruborem
588 1600 709 1663 pareret,
734 1606 785 1649 sex
840 1595 948 1652 mirum
971 1609 1039 1652 curn
1063 1601 1125 1666 post
1154 1602 1195 1653 tot
1219 1604 1385 1653 sauctorum
1415 1597 1559 1667 victorias,
1586 1604 1626 1655 tot
1653 1597 1689 1656 de

56 1696 84 1740 rs
110 1681 282 1739 occultatur.
313 1682 348 1738 Er
377 1682 447 1749 bec,
478 1680 584 1752 inquit,
613 1688 641 1738 et
670 1681 722 1738 tibi
752 1695 786 1737 ac
841 1683 1049 1753 potentioribus
1078 1683 1226 1740 daemoniis
1260 1684 1287 1740 in
1323 1698 1423 1755 poenas
1452 1684 1590 1743 decidisse
1623 1700 1688 1743 cre-

57 1769 68 1826 i
89 1769 208 1826 indubie
231 1776 408 1842 proventura
429 1769 608 1839 cognoveris,
632 1768 703 1840 quia
727 1783 786 1826 non
840 1770 953 1827 damus.

61 1858 195 1930 possibile
220 1871 304 1915 omne
333 1856 456 1913 verbum
484 1856 562 1927 apud
591 1857 681 1914 Deum
711 1858 784 1928 (luc.
874 1859 979 1924 Tertia.
995 1857 1065 1915 dum
1083 1873 1135 1930 per
1157 1859 1395 1916 resurrectionem
1416 1858 1520 1917 eiectos
1538 1860 1575 1917 ab
1589 1860 1690 1918 inieris

56 1947 98 2019 qui
116 1948 259 2018 virginem
277 1960 360 2016 reque
378 1953 408 2002 ut
423 1945 557 2014 sterilem,
574 1959 640 2002 cum
660 1945 785 2016 libuerit,
839 1945 924 2015 eruit,
941 1946 1025 2017 eujus
1043 1947 1142 2017 glorie
1167 1951 1280 2003 tantum
1295 1961 1413 2018 quoque
1436 1947 1578 2019 privilegii
1603 1948 1689 2005 addi-

56 2042 209 2106 upartum.
840 2034 891 2101 dit,
907 2042 950 2101 ut,
973 2034 1059 2104 juxta
1078 2034 1277 2103 Prudentium,
1294 2035 1390 2092 virum
1405 2042 1538 2092 sanetum
1561 2044 1590 2092 et
1610 2036 1689 2093 nobi-

272 2103 389 2160 CAPUT
407 2103 456 2159 Vl·
840 2122 907 2190 lem,
935 2121 993 2178 sint
1015 2129 1043 2178 et
1058 2121 1207 2192 spiritibus
1235 2136 1309 2192 saepe
1336 2123 1507 2179 nocentibus
1535 2137 1687 2192 poenarum

61 2213 102 2266 est
127 2211 267 2266 anana.
296 2238 330 2250 -
355 2208 422 2265 llaec
442 2208 533 2280 igitur
553 2207 715 2265 beatissima
729 2207 788 2264 dies
840 2209 1034 2266 celebressub
1049 2217 1130 2280 styge
1145 2209 1232 2266 ioriae.
1254 2209 1305 2266 illa
1328 2219 1410 2268 nocte
1430 2224 1584 2282 sacerque
1605 2212 1689 2270 rediit

81 2297 182 2367 Maria,
213 2311 302 2368 quam
335 2296 400 2353 iecit
435 2297 597 2367 specialiter
633 2297 786 2366 Dominus;
841 2297 917 2353 Deus
931 2298 1040 2368 stagnis
1055 2297 1090 2353 ad
1104 2311 1223 2367 superos
1236 2312 1273 2354 en
1286 2298 1482 2356 Acheronteis.

56 2399 118 2443 mus
138 2393 166 2442 et
192 2386 323 2442 laetemur
348 2384 532 2442 ineazcum
552 2386 630 2441 enim
653 2385 689 2441 de
717 2385 788 2440 Filio
876 2384 993 2453 Quarta,
1020 2385 1098 2455 quod
1124 2399 1174 2455 per
1202 2386 1331 2443 eamdem
1366 2382 1480 2457 aperuit
1506 2387 1689 2445 credentibus
1735 2454 1745 2460 ,

56 2484 71 2541 t,
98 2487 132 2529 ac
158 2475 181 2529 si
209 2475 243 2529 do
272 2473 366 2542 lapide
396 2473 447 2543 qui
472 2472 564 2530 iactus
591 2480 633 2529 est
657 2472 789 2543 incaput
840 2471 1094 2544 reguaorelorum.

72 2560 188 2633 (Mettb.
218 2575 267 2617 ιιι
294 2561 349 2630 42),
374 2568 403 2617 et
432 2560 486 2616 boc
516 2561 646 2617 mirabile
675 2562 704 2616 in
738 2576 788 2617 no·
876 2559 1003 2632 Quinta,
1048 2560 1125 2632 quod
1159 2561 1367 2618 humanitatem
1400 2569 1528 2620 nostram
1571 2563 1687 2632 Verbo,

56 2649 133 2707 culis
168 2650 251 2719 (Psct.
285 2664 371 2718 exvu,
402 2650 458 2721 23),
487 2663 504 2705 a
534 2650 654 2706 Domino
681 2649 789 2706 iactum
842 2648 920 2719 quod
946 2648 1006 2719 ipse
1033 2655 1085 2716 est,
1112 2650 1301 2717 personaliter
1328 2650 1532 2707 identificatam
1561 2656 1690 2721 paternae

55 2736 144 2804 risset,
161 2735 200 2792 ad
218 2737 293 2793 banc
314 2737 388 2793 illico
407 2737 496 2794 verba
511 2736 686 2809 transposuit
692 2752 700 2808 ;
717 2738 787 2805 brec,
842 2737 968 2794 dexterae
978 2738 1166 2807 comparavit.

56 2839 73 2895 r,
89 2825 149 2882 dies
162 2831 215 2891 est,
241 2838 307 2894 que
334 2824 421 2881 solem
441 2825 560 2896 iustitiae
584 2824 710 2895 protulit,
738 2824 789 2895 qui
878 2824 974 2894 Senta,
1012 2825 1090 2895 quod
1127 2824 1179 2897 qui
1217 2838 1332 2882 carnem
1367 2839 1404 2882 ex
1436 2826 1520 2883 nobis
1554 2841 1689 2897 sumpse-

73 2913 279 2970 munificentiis
298 2914 533 2983 preclarissimus
560 2913 735 2985 dignitatum
759 2913 789 2968 in
809 2921 897 2990 Crat,
912 2913 1091 2970 divinitatem
1112 2926 1206 2981 suam,
1228 2912 1305 2983 quod
1325 2920 1367 2970 est
1381 2912 1505 2983 Spiritus
1517 2913 1590 2985 ejus,
1607 2914 1690 2972 uobis

56 3002 177 3059 choras
205 3001 339 3058 institnit.
369 3003 433 3071 lpsa
453 3009 495 3058 est
516 3002 601 3058 etiam
623 3009 705 3072 porta
723 3002 790 3057 lesu
843 3001 976 3057 reddidit.

59 3129 67 3156 ,
93 3103 145 3160 per
170 3104 259 3160 quam
282 3089 354 3160 iusti
378 3090 500 3160 intrant;
525 3090 598 3146 nulli
616 3091 692 3147 enim
705 3090 789 3163 justi·
880 3088 1013 3160 Septima,
1054 3089 1133 3161 quod
1167 3088 1300 3146 eumdem
1332 3087 1471 3159 Spiritum
1507 3104 1564 3146 nou
1596 3087 1690 3146 solum

56 3181 235 3249 sequuntur,
258 3177 314 3233 uisi
331 3190 381 3247 per
407 3177 491 3232 iidem
509 3176 791 3248 iucarnationisejus
845 3176 1002 3233 fruendum
1027 3175 1169 3244 attribuit,
1205 3175 1253 3231 sed
1283 3174 1369 3231 etiam
1405 3188 1455 3246 per
1483 3189 1588 3233 manus
1623 3189 1691 3246 apo·

56 3272 95 3322 ut.
124 3265 217 3336 Super
239 3265 327 3321 limen
360 3272 450 3335 portae
474 3264 563 3336 buius
590 3266 722 3337 princeps
745 3265 791 3321 ille
845 3264 970 3332 stolicas,
1000 3271 1029 3320 et
1061 3277 1098 3319 ex
1138 3277 1171 3319 eo
1203 3263 1381 3334 pontificales
1420 3263 1484 3321 aliis
1516 3264 1578 3321 dari
1606 3279 1689 3322 cons·

56 3353 222 3411 iaeolrielem
237 3352 322 3423 paulo
345 3360 411 3408 ante
439 3365 456 3407 a
479 3353 563 3410 nobis
585 3355 743 3424 expositus,
764 3360 792 3410 et
845 3352 947 3408 stituit.

59 3442 256 3514 exponendus,
282 3442 397 3510 adorat3
423 3442 474 3511 qui
496 3456 553 3496 non
573 3442 791 3512 superliminare
880 3439 997 3506 Octava,
1023 3439 1101 3509 quod
1125 3452 1175 3509 per
1200 3439 1352 3508 magistros
1378 3438 1521 3508 Ecclesiae,
1542 3441 1620 3511 quod
1634 3440 1686 3498 soli

56 3528 102 3596 tis,
119 3527 168 3585 sed
191 3528 277 3584 limen
301 3527 364 3599 eius
379 3527 550 3584 humilitatis
565 3529 643 3599 quod
657 3529 793 3585 omnibus
845 3528 899 3585 sibi
916 3527 1084 3598 pertinebat,
1100 3534 1217 3596 peccata
1231 3526 1333 3583 dimitti
1346 3528 1468 3583 censuit.

56 3617 144 3674 nium
169 3616 330 3684 adorantes,
358 3617 386 3673 id
410 3623 453 3673 est
472 3617 502 3672 in
522 3616 687 3673 omnimoda
706 3631 790 3673 vene·
880 3617 972 3683 Nona,
991 3615 1068 3686 quod
1095 3615 1187 3681 Petro,
1214 3622 1243 3670 et
1259 3615 1288 3670 in
1315 3615 1398 3671 Petro
1422 3615 1582 3672 rectoribus
1608 3617 1692 3688 regui

78 3705 217 3761 babentes
254 3705 384 3775 inspirat.
424 3704 483 3760 lloc
508 3702 592 3773 plane
629 3704 705 3760 Deus
726 3704 793 3775 jure
845 3702 984 3760 coelorum
1008 3701 1103 3758 claves
1125 3709 1281 3773 prerogat3
1308 3701 1385 3758 uude
1407 3708 1434 3759 et
1449 3703 1545 3760 Romae
1565 3703 1691 3774 quodam

65 3793 181 3861 dieitur,
219 3793 298 3864 quod
336 3792 463 3848 fiendum
499 3791 563 3847 aliis
599 3781 791 3848 administrat.
845 3791 876 3848 in
893 3788 1216 3861 locoeipraescnbitur.

56 3879 153 3939 miatre
180 3882 235 3937 diei
261 3881 413 3938 redeamus
447 3881 483 3937 ad
512 3880 607 3936 boras.
641 3881 717 3949 llaec,
748 3880 793 3936 in-

69 3970 271 4027 florentissima
296 3969 356 4025 dies
382 3977 534 4040 postquam
558 3968 700 4025 luminare
722 3968 794 4025 illud

77 4072 151 4130 quos
168 4066 196 4115 et
219 4058 341 4128 seipsam
362 4057 552 4127 potissimum,
572 4064 600 4113 et
622 4057 722 4113 lunam
737 4059 794 4113 lie-

78 4146 234 4217 stellasque
265 4145 392 4202 ildelium
424 4144 563 4201 mirabilis
600 4144 794 4216 intelligentiae
885 4142 1011 4210 Decima,
1044 4141 1121 4214 quod
1146 4156 1205 4199 non
1232 4140 1343 4213 augelis
1365 4141 1539 4201 commiserit
1566 4147 1695 4217 corporis

56 4235 211 4303 illuminat,
237 4233 377 4292 ediderit:
403 4232 586 4288 attendamus
616 4240 791 4303 quantarum
812 4227 882 4288 llac
908 4229 1059 4302 sauguinis
1083 4227 1128 4285 sui
1159 4228 1310 4285 tractanda
1336 4229 1481 4300 mysteria,
1522 4230 1571 4286 sed
1598 4231 1694 4288 bomi-

81 4323 249 4381 ielicitatum
276 4320 527 4379 determinationes
550 4320 710 4390 admiserit3
739 4319 793 4375 ba·
846 4318 943 4387 nibus,
974 4318 1025 4375 etsi
1061 4317 1273 4387 peccatoribus3
1309 4317 1388 4388 quod
1416 4325 1443 4374 et
1483 4319 1517 4375 de
1552 4318 1696 4391 baptismo

56 4423 141 4481 nempe
159 4417 217 4467 tam
241 4409 321 4480 origo
343 4421 432 4480 quam
453 4405 581 4464 officialis
602 4420 691 4464 causa
716 4407 792 4464 luit:
846 4406 944 4464 itidem
959 4405 1067 4464 iactum
1082 4412 1134 4462 est.

56 4498 106 4555 rim
131 4498 214 4555 aliter
240 4497 343 4565 voluit,
367 4497 424 4552 imo
449 4495 549 4552 debuit
576 4495 665 4552 Filius
688 4495 738 4552 Dei
757 4495 794 4552 ad
883 4494 1050 4560 Undecima,
1066 4494 1144 4564 quod
1159 4507 1263 4564 corpus
1277 4501 1407 4550 nostrum
1434 4495 1463 4550 iu
1487 4496 1696 4553 resurrectione

56 4586 121 4656 redi,
147 4600 201 4642 nec
228 4584 334 4656 potuit;
360 4585 431 4655 quia
456 4597 511 4640 uec
533 4583 631 4641 debuit
654 4582 796 4640 violenter
848 4582 1040 4654 configurabit
1054 4581 1166 4652 corpori
1182 4581 1319 4638 claritatis
1331 4596 1401 4639 suae.
1656 4594 1657 4598 ¹

56 4674 218 4745 irrumpere
243 4674 312 4745 jnra
344 4672 463 4740 diaboli,
493 4670 541 4728 cui
576 4679 675 4742 sponte
710 4672 796 4729 bomo
887 4670 1070 4738 Duodecimn,
1100 4669 1178 4742 quod
1205 4671 1235 4725 iu
1261 4669 1360 4726 eadem
1391 4669 1610 4740 resurrectione,
1645 4672 1697 4730 sio·

80 4759 219 4816 dederat:
250 4759 308 4827 sed,
336 4758 422 4830 juxta
456 4757 532 4814 dieta
567 4757 640 4814 beati
670 4757 794 4813 Leonis:
849 4766 1014 4817 ntearuem
1030 4765 1157 4814 nostram
1184 4758 1214 4814 in
1229 4757 1300 4813 Filio
1324 4764 1351 4814 et
1378 4765 1478 4825 matre,
1501 4759 1595 4816 omnis
1613 4760 1698 4830 prin-

75 4849 215 4917 aqre'totis
242 4848 305 4915 jure
329 4846 400 4901 inibi
427 4847 529 4900 certari
553 4846 667 4914 dignum
691 4849 793 4913 suarm.
849 4849 962 4919 cipatus
988 4853 1077 4917 atque
1113 4854 1237 4917 potestas
1273 4846 1302 4901 in
1338 4844 1409 4902 coelo
1442 4847 1640 4916 venerabitur,
1669 4857 1698 4906 et

58 4948 126 5009 ergo
151 4949 189 4992 ex
217 4949 277 5006 qua
307 4941 455 4991 crearetur
482 4933 585 5006 objecit
612 4932 736 5002 diabolo,
764 4942 796 4991 ut
850 4933 1000 4990 adorabit:
1015 4934 1055 4989 ita
1076 4948 1193 5004 quoque
1208 4935 1237 4987 bt
1263 4933 1360 5002 quiin
1386 4933 1492 4991 cbristo
1513 4939 1587 5000 suaet,
1602 4950 1699 4992 resur-

58 5038 107 5081 um
137 5031 306 5094 capesseret,
338 5023 378 5079 nil
413 5021 492 5078 aliud
521 5029 674 5092 putaretur
708 5035 796 5092 quam
850 5026 913 5089 goat
937 5020 1062 5090 premiss
1088 5022 1165 5075 Tltes.
1190 5035 1229 5088 ιι,
1254 5020 1307 5090 15).
1333 5021 1402 5076 inde
1424 5027 1466 5077 est
1490 5021 1567 5092 quod
1591 5035 1698 5093 procu-

748 5102 751 5110 '
851 5116 930 5166 rator
966 5108 1179 5180 patrisfamilias
1211 5107 1415 5164 anovissimis
1444 5109 1597 5166 denarium
1630 5111 1700 5171 dare

56 5200 131 5257 bom
147 5200 240 5267 retices
264 5200 344 5255 ieros
364 5199 490 5270 protulit.
516 5229 550 5239 -
576 5198 673 5255 Prima
709 5196 800 5269 igitur
852 5197 945 5268 coepit.
971 5197 1044 5253 lluic
1069 5197 1216 5253 sontemiae
1239 5196 1348 5252 accedit
1371 5197 1449 5268 quod
1471 5211 1575 5255 nomeu
1598 5213 1699 5259 eorum

56 5294 104 5359 ast,
128 5288 207 5359 quod
236 5288 396 5360 principem
421 5286 522 5343 mundi
548 5286 683 5354 extrusit,
713 5299 799 5342 mun·
853 5299 950 5343 coram
976 5286 1036 5356 ipso
1065 5283 1232 5341 honorabile
1258 5284 1392 5342 futurum
1420 5285 1535 5357 legitur.
1569 5286 1650 5355 Quod
1675 5291 1699 5346 si

56 5390 83 5435 re
104 5376 186 5446 vicit,
213 5382 242 5433 et
266 5376 320 5432 hoc
334 5375 414 5433 cruci
442 5389 472 5432 se
496 5374 664 5444 addicendo,
689 5387 800 5445 nosque
852 5388 957 5432 nomeu
982 5372 1179 5432 Christianum
1208 5373 1262 5430 sub
1290 5380 1371 5431 tanto
1392 5381 1509 5432 auctore
1528 5376 1700 5448 bonoratur,

56 5463 206 5536 rraeripuit.
854 5461 976 5533 intelligi
1005 5460 1130 5533 proiecto
1149 5474 1264 5519 neeesse
1289 5468 1332 5519 est
1363 5462 1441 5533 qnod
1470 5463 1542 5521 alias
1562 5465 1628 5535 juro
1657 5465 1703 5522 bis

129 5555 269 5621 Pernen.
295 5553 398 5621 dlvi.
1485 5556 1526 5616 {8

920 3934 1028 3987 Terruit
1037 3933 1174 4000 angelicos
1187 3932 1258 3986 acies
1270 3931 1369 3985 collato
1382 3937 1501 4001 potestas

921 4023 1010 4075 Tanta
1021 4022 1109 4087 Petro,
1125 4034 1262 4074 resonare
1274 4020 1349 4088 polos
1364 4023 1389 4074 et
1401 4034 1512 4090 poscere
1526 4023 1629 4078 doubs.
