3818 6008
472 280 585 337 Gesta
604 282 663 337 bttt
685 283 754 337 butt
775 280 946 337 tttaNcos
970 310 1004 320 —
1019 279 1084 334 LlB.
1104 281 1136 333 V.
1624 284 1677 335 750

56 425 78 477 n,
113 419 139 465 ct
175 424 246 465 caeso
276 411 377 480 capite,
409 410 615 467 transmittitur
640 410 676 466 ad
702 426 779 477 eum,
799 412 995 468 avocabatur
1023 409 1184 478 Matthaeus,
1210 424 1285 477 rere,
1308 409 1394 479 juxta
1417 410 1678 481 interpretationem

58 497 226 555 imilitudini
256 498 355 554 mortis
381 497 553 566 inhiaverat,
579 498 737 555 dominum.
752 501 777 556 ls
832 499 877 556 sui
892 499 1017 555 nominis
1033 513 1091 555 non
1107 498 1155 555 alii
1175 511 1263 568 quam
1279 499 1336 554 Deo
1350 499 1486 556 donatus.

445 795 657 883 INCIPIT
695 797 869 884 LIBER
901 796 1165 896 QUINTUS.

209 1119 327 1177 CAPUT
347 1120 499 1176 PillllUll.
831 1119 897 1189 mel,
914 1120 964 1178 sed
978 1121 1122 1180 multoties
1144 1124 1198 1181 sibi
1222 1125 1350 1196 ingestis,
1366 1125 1481 1183 tandem
1502 1126 1683 1185 lenocinante

56 1213 107 1263 ott
127 1209 188 1275 Quo
210 1213 304 1263 mente
318 1210 418 1263 unctor
437 1206 545 1263 scribat
568 1204 729 1263 historiam.
743 1239 777 1248 -
830 1210 1035 1278 emolumento,
1065 1213 1216 1281 consensit,
1241 1215 1326 1284 eique
1356 1214 1523 1286 hujusmodi
1547 1216 1683 1273 mandata

58 1296 169 1368 ibuJ‘us
185 1296 591 1366 mei,praeterspiritualem,si
607 1297 776 1368 quistamen
830 1298 959 1355 direxit:
977 1320 988 1347 ι
1004 1300 1113 1368 Trium,
1132 1300 1236 1371 inquit,
1255 1303 1379 1358 turrium
1393 1303 1529 1359 custodia
1545 1317 1680 1374 praesum.

71 1393 122 1453 est,
152 1386 288 1451 lructum,
309 1400 343 1441 ca
370 1387 487 1442 intentio
517 1394 559 1442 est
577 1388 616 1443 ita
637 1402 681 1443 me
704 1386 776 1442 velle
831 1386 910 1456 Ipsas
930 1397 978 1444 tuo
1001 1389 1113 1445 tradam
1140 1389 1276 1457 dominio,
1302 1405 1421 1461 quaque
1442 1391 1513 1448 bora
1537 1393 1587 1449 tibi
1603 1394 1682 1451 colli-

56 1473 88 1530 tti
112 1473 148 1530 ab
164 1474 229 1540 alio,
260 1473 284 1529 si
306 1474 404 1529 eadem
429 1473 574 1541 scriberet,
589 1474 658 1529 mibi
671 1474 776 1530 reterre
831 1475 926 1531 buerit
940 1484 968 1532 et
990 1484 1187 1546 opportunum
1206 1477 1302 1545 luerit,
1328 1486 1354 1534 te
1382 1479 1410 1532 in
1427 1479 1512 1548 ipsas,
1541 1480 1585 1536 vel
1608 1496 1682 1550 quos

56 1562 311 1631 n.'l'alisnamq.re
329 1561 652 1619 animotneovoluntas
666 1563 776 1633 adiacet
831 1563 967 1632 volueris,
997 1572 1146 1635 gratanter
1175 1565 1334 1622 admittam.
1364 1587 1378 1616 s
1410 1567 1476 1622 llaec
1502 1581 1564 1636 spos
1590 1582 1680 1638 quam

57 1650 119 1722 agis
136 1650 381 1707 subobscurorum
394 1658 545 1719 appetens,
570 1650 687 1707 rudium
709 1665 777 1708 vero
831 1652 957 1709 maxime
978 1653 1106 1711 attollere
1132 1663 1256 1725 coeperat
1282 1656 1492 1722 boemundum,
1512 1664 1539 1712 et
1552 1657 1621 1713 dum
1635 1672 1680 1712 se-

56 1739 97 1795 ite
112 1738 254 1794 dictorum
270 1736 407 1808 fugitans.
422 1738 464 1792 Ea
479 1738 586 1808 quippe
600 1753 666 1809 quae
682 1753 777 1795 meum
831 1741 931 1797 curius
959 1742 1142 1810 praestolatur
1169 1743 1292 1800 civitatis
1322 1742 1484 1811 introitum,
1512 1753 1680 1815 conceptam

56 1833 195 1897 tqueaut
222 1824 352 1881 animum
376 1825 467 1894 pluris
481 1826 626 1895 appretior
636 1838 725 1895 quam
745 1838 778 1881 ea
832 1836 927 1885 mente
955 1829 1083 1886 letitiam
1109 1830 1191 1887 vultu
1217 1831 1385 1901 praelerebat
1420 1831 1538 1887 eximio.
1575 1832 1684 1889 Versus

56 1922 98 1971 >tn
122 1914 232 1983 laeilia3
258 1914 329 1969 nibil
354 1912 538 1970 memorabile
562 1914 646 1969 avido
667 1928 779 1986 semper
833 1915 988 1987 igiturne,
1018 1931 1085 1973 oum
1113 1917 1159 1973 ille
1179 1917 1311 1987 proderet
1336 1918 1492 1986 civitatem,
1507 1918 1613 1989 aliquis
1628 1934 1683 1975 no-

56 2016 65 2059 s
92 2000 260 2074 largiuntur
281 2002 405 2073 ingenio.
427 2003 487 2073 Ego
504 2003 588 2072 plane
606 2016 674 2058 eum
695 2003 780 2074 plura
833 2011 959 2061 strorum
979 2003 1034 2061 sibi
1050 2005 1214 2075 principum
1238 1998 1325 2062 totius
1346 2005 1540 2076 principatum
1559 2007 1685 2065 civitatis

55 2090 93 2147 im
106 2099 133 2146 et
147 2090 314 2161 scriptitem,
332 2091 372 2146 ita
390 2105 489 2147 omnes
502 2090 613 2147 extrusi
629 2091 665 2147 ab
684 2090 780 2147 animo
832 2091 965 2161 eriperet,
979 2091 1080 2148 callide
1094 2092 1238 2148 exercitus
1251 2092 1376 2148 seniores
1389 2093 1528 2150 adoritur.

77 2179 129 2235 soli
158 2179 309 2248 protutura
337 2186 443 2248 putem,
469 2178 542 2234 nulli
567 2178 615 2233 alii
639 2178 781 2248 placitura
870 2195 884 2232 t
915 2178 978 2234 Non
1008 2178 1086 2247 latet,
1109 2180 1158 2247 ait,
1184 2192 1279 2248 roso
1302 2180 1532 2237 excellentissimi
1557 2184 1683 2255 comites,

56 2266 246 2338 0piulontbus
268 2268 365 2337 itaque
379 2266 510 2323 omnium
532 2267 689 2337 supersedi,
706 2267 782 2324 ideo·
835 2281 910 2337 quas
934 2267 1055 2337 inedias,
1076 2283 1150 2340 quos
1170 2269 1282 2340 algores
1301 2284 1449 2341 quamque
1472 2278 1567 2328 truces
1593 2285 1686 2328 exeu-

56 2356 59 2410 l
87 2368 206 2412 securus
228 2361 279 2411 aut
296 2354 452 2425 negligens,
478 2354 625 2423 praestolor
644 2369 689 2412 me
707 2370 782 2426 qno·
835 2353 898 2410 bias
919 2354 995 2410 ltaue
1021 2356 1121 2412 urbem
1150 2355 1306 2412 obsidendo
1330 2356 1491 2424 tulerimus,
1515 2358 1686 2428 cunctisque

56 2443 236 2500 trerborum
258 2444 375 2498 verbere
399 2441 480 2497 cedi.
502 2444 715 2514 Prosequamur
731 2444 782 2515 igi·
836 2441 966 2511 personis
993 2455 1179 2514 magnorum,
1212 2443 1358 2500 minorum
1393 2452 1481 2515 atque
1508 2444 1686 2500 mediocrum

56 2537 103 2598 tta,
119 2530 378 2601 aequanimiterque
401 2530 552 2587 toleremus
566 2532 716 2588 bominum
732 2545 785 2588 uos
838 2530 1005 2586 incumbere
1032 2529 1184 2601 aequaliter
1207 2531 1389 2604 dignoscitur
1412 2532 1500 2588 loreis
1528 2531 1686 2599 dastidium,

55 2617 200 2690 eiudieia.
281 2652 284 2657 ‹
438 2649 440 2652 <
836 2615 1011 2687 nullumque
1039 2625 1136 2688 patere
1159 2621 1328 2677 remedium.
1352 2620 1475 2678 consilio
1496 2620 1595 2690 itaque
1609 2617 1688 2689 apud

56 2706 256 2763 Antiochenam
271 2704 445 2761 obsidionem
460 2707 654 2778 prosequitur.
671 2736 703 2749 —
716 2706 784 2774 Quae
837 2716 888 2759 vos
911 2703 1020 2773 habito,
1037 2720 1146 2776 quaeso,
1168 2709 1335 2778 perpendite
1348 2721 1387 2763 au
1400 2707 1489 2779 hujus
1504 2706 1585 2763 urbis
1597 2706 1689 2763 domi·

56 2801 96 2850 tut
118 2794 146 2850 in
168 2793 347 2850 antiochena
370 2794 527 2861 obsidione,
557 2795 666 2851 nemini
691 2796 785 2852 relatu
838 2791 921 2847 nium
943 2792 1116 2850 unicuilibet
1142 2802 1273 2852 nostrum
1288 2795 1416 2851 obtinere
1435 2794 1546 2862 sinatis,
1562 2794 1584 2849 si
1601 2793 1687 2849 alicui

56 2885 81 2941 ia
102 2885 312 2948 existimamus,
338 2885 417 2954 quia,
441 2885 515 2942 inter
536 2900 584 2942 eos
606 2887 658 2956 qui
681 2886 785 2943 ibidum
838 2879 989 2951 contingat
1006 2880 1089 2938 istius
1105 2883 1294 2952 proditionem
1323 2882 1383 2939 lieri
1399 2883 1533 2939 civitatis.
1549 2881 1619 2938 Mihi
1633 2893 1690 2937 au-

56 2979 138 3039 runt,
168 2970 267 3027 nullus
296 2971 418 3040 prolecto
451 2973 543 3042 potuit
576 2973 705 3043 reperiri,
732 2974 783 3044 qui
803 2999 824 3056 C
839 2973 896 3022 tem
910 2967 1025 3025 ridetur
1047 2984 1104 3026 uon
1119 2971 1323 3043 incongruum,
1341 2978 1373 3027 ut
1383 2971 1407 3027 si
1423 2984 1473 3027 seu
1485 2971 1524 3038 vi,
1538 2985 1589 3027 seu
1604 2969 1688 3036 clam,

72 3073 137 3130 quae
166 3059 243 3116 circa
270 3060 399 3115 eamdem
425 3060 528 3116 urbem
552 3061 600 3132 agi
615 3069 782 3131 potuerunt,
839 3068 890 3112 seu
921 3058 1050 3126 precario
1079 3058 1237 3129 quisquam
1264 3060 1328 3130 ejus
1350 3057 1490 3116 obtinebit
1514 3059 1687 3129 ingressum,

56 3155 73 3204 tl
96 3149 253 3220 pervidere,
270 3149 352 3204 etita
377 3149 412 3204 ad
428 3148 573 3217 integrum
599 3150 785 3220 compreheu-
840 3143 881 3199 illi
903 3145 1003 3215 procul
1026 3146 1114 3203 dubio
1134 3147 1170 3202 ab
1196 3140 1332 3204 omnibus
1353 3148 1469 3205 concedi
1492 3145 1573 3204 urbis
1588 3146 1691 3202 debere

56 3244 104 3294 eut
133 3251 163 3293 se
189 3236 274 3292 babet
289 3237 358 3292 ordo
385 3245 470 3308 gestae
484 3236 534 3294 rei.
549 3242 583 3294 et
598 3238 736 3308 quoniam
753 3253 787 3295 ea
840 3231 1040 3289 dominium.»
1058 3233 1101 3290 Ad
1127 3234 1188 3291 ltaee
1203 3235 1364 3306 principum
1389 3234 1531 3291 sententia
1546 3233 1630 3305 longe
1644 3232 1690 3288 di-

56 3324 99 3381 ssi
126 3331 194 3381 sunt
219 3325 247 3379 iu
274 3324 413 3395 penuriis,
436 3324 636 3396 bellorumque
657 3325 786 3383 diverso-
840 3332 924 3375 versa
940 3320 1066 3392 exstitit3
1079 3329 1107 3378 et
1120 3323 1185 3393 ejus
1198 3323 1335 3393 opiniomi
1350 3336 1450 3379 severa
1472 3322 1562 3378 lroute
1578 3319 1690 3387 restitit,

56 3411 136 3468 sibus
147 3410 313 3466 summatim
328 3412 477 3479 perstricta
495 3418 573 3478 sunt,
589 3411 691 3467 amodo
709 3412 787 3468 vide·
840 3410 958 3467 dicens:
975 3433 990 3461 «
1005 3412 1068 3468 Nou
1083 3414 1152 3469 satis
1174 3429 1234 3471 esse
1248 3415 1421 3471 conveniens
1438 3421 1480 3483 ut,
1508 3413 1556 3470 ubi
1573 3426 1625 3483 par
1645 3412 1691 3469 la-

56 3512 134 3556 teum
149 3505 191 3566 ut,
219 3498 255 3553 ad
271 3512 356 3569 quem
377 3498 462 3553 linem
490 3498 646 3554 obsidendo
662 3499 788 3556 derene-
841 3497 894 3552 bor
921 3504 1009 3568 atque
1032 3506 1135 3561 metus,
1163 3515 1220 3556 uon
1243 3501 1305 3557 sine
1330 3500 1413 3571 pretii
1430 3503 1587 3572 majestate,
1604 3502 1691 3570 petita

56 3600 155 3658 smque
180 3585 308 3643 iruetum
336 3585 407 3641 tanti
429 3585 534 3642 laboris
559 3585 722 3652 habuerint,
740 3593 789 3641 ut·
841 3591 951 3641 suntet
972 3586 1020 3643 ubi
1045 3588 1206 3656 periculum
1230 3603 1315 3659 aequa
1332 3588 1466 3646 omnibus
1486 3588 1566 3643 lance
1585 3600 1692 3658 pepen-

79 3689 243 3746 earpamus.
269 3674 319 3730 His
342 3674 455 3740 diebus,
477 3682 558 3729 nocte
574 3674 699 3743 quadam
715 3674 789 3729 ruti·
842 3672 925 3740 derit,
942 3673 981 3730 ibi
1005 3674 1187 3742 unicuilibet,
1213 3683 1253 3733 tot
1271 3684 1477 3748 tantorumque
1501 3675 1598 3731 dolore
1612 3689 1693 3745 qus-

79 3764 197 3821 modum
230 3763 305 3834 ignis
331 3777 418 3832 super
437 3761 596 3818 exercitum
625 3769 789 3818 nostrorum
843 3761 925 3828 situs,
949 3761 1050 3818 debeat
1084 3762 1272 3833 magistratus
1303 3763 1433 3820 attribui.
1456 3761 1510 3829 Qui
1534 3761 1611 3817 enim
1635 3775 1692 3817 uon

56 3860 116 3920 ,et
134 3852 267 3921 speciem,
290 3850 368 3906 haud
393 3850 530 3921 ambigua
554 3849 656 3917 torma,
684 3850 791 3920 pariter
840 3848 952 3918 justum
979 3861 1040 3904 esse
1063 3856 1177 3904 censeat
1201 3856 1243 3915 ut,
1261 3850 1290 3904 in
1306 3864 1364 3920 quo
1380 3849 1585 3905 universorum
1600 3856 1692 3905 certa·

56 3940 72 3994 [t
96 3938 200 3994 erucis.
229 3937 309 4005 Quod
334 3937 443 4008 quique
467 3935 524 3992 illle
548 3935 718 4005 sapientium
744 3935 790 3991 in·
845 3949 910 3991 meu
938 3943 1095 4001 exaestuat,
1122 3936 1179 3991 illic
1201 3936 1343 4007 generalis
1367 3935 1502 3992 omnibus
1527 3936 1642 4007 requies
1666 3943 1694 3992 et

56 4039 75 4082 u
100 4026 135 4083 ad
164 4025 239 4082 bella
262 4025 385 4082 retulere
400 4025 510 4094 lutura,
527 4024 576 4081 ubi
596 4032 691 4080 tamen
708 4031 789 4092 essct,
844 4037 910 4095 pars
923 4032 985 4094 post
999 4023 1150 4080 victoriam
1161 4024 1227 4094 jure
1242 4023 1413 4094 perveniat?
1430 4045 1444 4074 s

56 4127 112 4170 rux
130 4113 277 4170 videretur
290 4113 421 4180 innuere,
438 4120 516 4169 certa
538 4112 617 4169 salus
635 4120 663 4169 et
681 4127 792 4170 sncces-
881 4112 932 4168 llis
951 4112 1134 4169 boemundus
1158 4126 1234 4183 aegre
1262 4113 1412 4182 susceptis,
1434 4121 1462 4171 et
1492 4114 1575 4185 gravi
1595 4113 1695 4171 audita

57 4202 155 4258 ctoria.
846 4201 993 4258 trutinans
1018 4200 1123 4269 animo,
1152 4200 1296 4257 abscessit.
1322 4200 1379 4258 Nee
1401 4215 1491 4271 mora,
1507 4202 1637 4272 pervenit
1658 4203 1694 4259 ad

67 4290 182 4360 quruc
199 4287 425 4354 Tcrcorumdue,
438 4287 533 4342 urbem
545 4288 637 4345 trudit
648 4288 790 4342 Boemun·
809 4287 832 4341 Ι)
848 4287 990 4358 principes
1004 4288 1082 4360 quod
1092 4288 1129 4344 ab
1144 4288 1383 4346 hostibuseorum
1396 4289 1619 4348 innumerabilis
1631 4291 1695 4348 bar-

56 4375 793 4446 tuidamdeprimoribnsquiurbipraesidebantTur·
847 4377 984 4434 baranum
1011 4377 1160 4432 nationum
1190 4381 1263 4432 401
1289 4376 1326 4433 ad
1341 4377 1572 4436 subveniendum
1596 4380 1694 4435 Antio·

56 4464 160 4521 abatur
183 4465 298 4533 Pyrrus.
316 4464 380 4531 Qui,
397 4463 619 4520 familiaritatem
636 4464 792 4521 Boemundi
846 4464 918 4520 ebiae
942 4464 1118 4521 conflaretur
1147 4465 1302 4533 exercitus,
1318 4472 1346 4522 et
1360 4473 1469 4522 mutato
1482 4474 1597 4537 repente
1612 4467 1696 4536 quis-

56 4551 134 4608 escic
163 4557 245 4621 paeto
281 4558 392 4615 nactus,
417 4552 505 4622 coepit
533 4552 792 4609 intercurrentibus
846 4568 903 4624 que
925 4553 1034 4623 animo,
1058 4552 1093 4609 ad
1117 4553 1280 4622 alterutros,
1298 4561 1395 4610 coacto
1413 4554 1543 4621 concilio,
1559 4554 1696 4611 tabulan-

67 4639 197 4696 crebrius
218 4640 281 4709 ejus
301 4639 408 4695 usitare
426 4639 614 4710 colloquium,
639 4648 666 4696 et
689 4648 792 4697 mutuo
845 4650 915 4698 tur:
938 4659 952 4693 α
979 4640 1017 4708 Sl,
1054 4641 1202 4712 inquiunt,
1233 4641 1419 4698 boemundus
1442 4641 1571 4712 qualibet
1594 4643 1697 4699 techna

56 4727 90 4784 tis
102 4741 168 4798 quae
191 4734 218 4783 et
234 4728 301 4783 binc
315 4734 342 4783 et
357 4727 423 4784 inde
441 4728 615 4798 gerebantur
631 4728 794 4784 communi·
847 4729 1029 4805 occupaverit
1044 4731 1198 4798 civitatem,
1213 4743 1266 4786 uus
1282 4729 1337 4785 sibi
1353 4729 1493 4786 redditam
1505 4744 1572 4786 eum
1587 4730 1696 4801 patieu-

82 4815 188 4885 saepins
212 4815 296 4871 ambo
326 4815 487 4872 eonsilium.
517 4816 628 4872 Interea
657 4816 794 4873 soliditati
845 4825 889 4874 ter
914 4817 1020 4873 babere
1046 4817 1184 4884 ieramus,
1200 4831 1234 4874 ea
1257 4817 1313 4874 sibi
1334 4816 1495 4873 conditione
1520 4817 1610 4873 indita
1624 4825 1658 4875 ut
1672 4818 1697 4874 si

56 4917 125 4973 ,per
139 4903 334 4960 assiduitatem
359 4903 506 4974 colloquii
526 4904 661 4975 gliscente
676 4904 791 4973 iiducia,
847 4905 1003 4975 imperator
1031 4891 1108 4976 quod
1131 4905 1272 4977 pollicitus
1301 4912 1343 4961 est
1368 4907 1529 4976 praestiterit
1553 4905 1696 4963 auxilium

55 5005 82 5047 m
108 4991 292 5048 boemundus
314 5006 469 5063 suggerere
484 4991 509 5048 ei
528 4992 696 5063 aggreditur
716 5006 794 5063 qua·
847 4992 939 5059 nobis,
959 4999 987 5050 et
1011 5007 1045 5050 ea
1071 5008 1136 5064 quae
1163 4993 1271 5064 pariter
1291 4993 1444 5063 spopondit
1456 5006 1490 5049 ac
1502 4993 1613 5063 juravit
1633 5008 1698 5051 eon·

56 5077 223 5135 Christianae
246 5079 347 5136 ditioni
369 5079 523 5150 subjiceret
546 5079 657 5148 urbem,
674 5081 722 5137 cni
741 5080 794 5136 do·
847 5093 922 5151 grua
936 5079 1088 5152 largitione
1110 5080 1304 5151 prosequitur,
1332 5079 1434 5135 civitas
1450 5080 1518 5149 ipsa,
1535 5079 1618 5135 nobis
1637 5086 1695 5136 tra·

62 5167 87 5223 ei
103 5166 229 5237 plurima
241 5181 277 5223 ex
299 5174 378 5237 parte
394 5166 552 5235 constabat,
568 5167 693 5223 suadens
707 5167 792 5223 etiam
847 5167 992 5234 dentibus,
1018 5167 1079 5238 luri
1107 5167 1287 5238 imperatoris
1315 5167 1410 5235 codat;
1426 5167 1450 5223 si
1472 5181 1539 5224 vero
1557 5166 1696 5236 lelellerit,

56 5254 243 5311 stiauismum
257 5254 424 5325 susciperet,
439 5252 583 5325 spondens
594 5254 794 5325 nibilominus,
847 5255 876 5333 in
894 5262 989 5326 partes
1003 5255 1173 5322 Boemundi‚
1190 5255 1273 5312 sicuti
1297 5255 1357 5325 ipse
1373 5254 1490 5325 expetit,
1518 5262 1578 5311 tota
1593 5269 1698 5312 conce-

56 5341 114 5400 duo
129 5341 190 5399 fieri
206 5342 409 5413 acquiesceret,
426 5342 634 5413 quudmultum
650 5342 794 5413 ipsiquae-
847 5343 906 5400 dat.
926 5365 941 5394 »
956 5342 1019 5412 Quo
1042 5344 1169 5416 cognito,
1192 5342 1239 5399 vir
1251 5344 1312 5414 ipse
1335 5342 1513 5401 clarissimus
1525 5344 1585 5414 jam
1601 5357 1699 5414 preces

56 5443 110 5489 :utu
135 5430 240 5501 potiori
264 5430 372 5487 honore
400 5443 488 5501 quam
504 5429 543 5487 ibi
562 5431 702 5488 hactenus
718 5429 794 5487 obtl-
847 5430 1023 5503 adPyrrum
1060 5429 1188 5502 quotidie
1216 5444 1336 5489 seemm
1365 5431 1578 5505 ingeminabat
1607 5432 1698 5489 multa

72 5518 257 5589 impenderet.
282 5518 333 5575 llis
359 5517 598 5589 promissionibus
613 5516 659 5574 illc
676 5532 734 5574 nou
749 5532 791 5575 sc·
849 5518 1016 5589 huiusmodi
1055 5518 1264 5588 promissorum
1293 5518 1458 5580 adulatione
1484 5519 1696 5578 clrcumneuit:
