3794 6008
129 199 178 252 ¹55
568 199 599 257 V.
620 197 788 255 GUIBERTI
807 195 952 254 renatis
971 200 999 254 S.
1022 199 1140 255 baare
1158 199 1205 255 ott
1236 199 1428 256 helleboro
1823 198 1870 251 156

125 327 224 397 cipitat
248 327 375 383 animam
389 327 424 382 ad
449 326 575 384 iurarem
599 327 721 397 publica
745 327 921 395 temeritatis,
930 320 969 384 'ut
984 334 1008 387 h
1023 336 1166 398 quantum
1196 330 1232 385 ad
1253 330 1382 386 bumana
1412 336 1520 399 spectat
1542 329 1662 400 judicia,
1683 328 1762 386 nulla
1786 329 1871 385 dam-

124 415 318 472 concubantes
329 415 402 471 illias
426 429 483 470 non
510 416 623 482 sentiat,
640 429 691 472 nec
706 423 866 487 surgentes,
883 430 971 486 spur·

125 504 208 560 citias
233 504 334 574 procul
363 503 451 560 dublo
480 504 562 560 nulla
593 504 764 560 discretione
792 504 886 560 doleat
913 519 973 561 sese

125 593 273 658 loedantes,
303 607 355 647 nec
370 592 481 648 animos
495 593 632 662 reprimat
648 593 682 649 de
707 593 805 649 eadem
830 607 884 648 sua
909 594 972 662 pul-

125 678 233 735 lutione
277 679 415 734 laetantes.
454 679 625 749 concipiunt
662 694 730 750 ergo
767 680 837 750 filia
866 681 916 735 Lat
938 695 971 734 aa

122 773 211 838 patre,
235 780 302 822 cum
326 780 405 835 spem
433 767 562 837 ingenita
595 768 676 825 nobis
704 768 774 823 vitia
800 769 971 838 pravitatem

123 854 283 926 quamlibet
311 855 478 911 admittendi
510 856 604 912 lavent
624 864 786 927 susceptam
812 871 848 912 ex
874 857 970 913 animo

120 944 182 1014 iam
198 942 323 1000 labante.

158 1031 248 1102 Major
263 1032 338 1102 parit
360 1035 458 1102 pilam,
486 1048 552 1088 cnm
572 1033 731 1089 cenodoxia
750 1034 785 1090 ad
801 1035 970 1090 deteriorem

122 1121 196 1177 male
224 1129 314 1190 empta
353 1123 482 1191 perducit
510 1120 654 1189 ellectum,
693 1131 834 1194 vocatque
872 1123 966 1185 Moab,

122 1209 199 1281 quod
215 1213 257 1264 est
270 1226 305 1264 ea
316 1215 405 1280 patre,
423 1225 480 1266 non
497 1212 581 1267 mado
592 1225 628 1266 ex
643 1226 696 1267 suo
713 1220 804 1281 patre,
819 1211 868 1267 sed
883 1212 969 1267 abso-

122 1297 181 1357 lute
195 1312 230 1355 ex
252 1306 343 1368 patre,
373 1298 401 1354 id
424 1307 465 1355 cst
486 1299 599 1355 diabolo
627 1301 715 1356 totins
738 1300 899 1371 iniqnitatis
913 1315 970 1356 au-

120 1393 207 1453 ctore,
221 1388 272 1457 qni
287 1387 431 1456 praecipne
452 1387 545 1457 periit,
562 1388 766 1458 hominemque
788 1388 886 1445 lelellit
903 1397 969 1459 typo

121 1473 217 1530 inanis
230 1474 328 1545 gloriae
344 1490 350 1529 :
365 1475 471 1530 dicitur
492 1476 579 1531 etiam
604 1476 687 1532 Moab
710 1476 805 1545 exlex,
821 1477 891 1547 qnia
916 1477 970 1547 bv·

121 1562 232 1634 pocrita
246 1577 312 1619 cnm
327 1562 455 1634 legaliter
471 1577 556 1635 agere
573 1564 715 1633 videatur,
741 1578 758 1620 a
783 1564 883 1621 divina
897 1565 967 1621 vivit

1026 418 1090 472 nari
1109 426 1197 488 potest
1211 418 1324 474 interim
1340 419 1411 489 lege.
1434 420 1532 485 Minor,
1558 433 1624 488 quae
1650 425 1691 474 est
1715 417 1867 486 cupiditas.

1027 514 1144 577 general
1169 511 1296 573 Ammon,
1315 507 1342 562 td
1370 515 1412 563 est
1434 509 1531 578 papali
1544 510 1597 561 mei
1616 508 1715 575 illium,
1737 505 1814 562 illius
1828 506 1870 561 vi·

1026 595 1136 659 delicet,
1160 595 1195 652 de
1218 610 1276 666 qno
1306 595 1435 652 dicitnr:
1458 596 1621 653 olliviscere
1648 596 1777 666 populum
1797 599 1873 648 tuam

1025 682 1108 754 (Psal.
1125 698 1200 751 xciv,
1220 683 1272 753 lt),
1289 684 1316 739 in
1341 698 1401 754 quo
1431 685 1532 754 utique
1548 681 1719 740 concrevisti
1734 680 1871 737 vitiorum

1026 771 1193 827 tumultum.
1210 773 1241 827 ln
1258 772 1322 828 liliis
1337 781 1435 828 antem
1454 787 1532 842 spem
1549 772 1674 828 maxime
1687 769 1874 842 propagatio-

1025 859 1070 914 nis
1093 860 1252 930 habemus3
1280 861 1467 932 propagatrix
1492 875 1558 917 vero
1576 861 1662 916 totins
1685 856 1874 929 malignitatis

1025 950 1109 1021 quasi
1128 949 1232 1005 infiniti
1262 951 1358 1021 populi
1380 952 1503 1006 avaritia
1522 958 1575 1016 est,
1592 956 1689 1019 utpote
1705 962 1771 1020 quae
1785 946 1872 1001 radia
1896 1017 1897 1020 Ἴ

1024 1041 1143 1092 omnium
1164 1040 1296 1093 malarum
1321 1044 1360 1093 esi
1375 1039 1404 1108 (I
1429 1039 1502 1093 Tim.
1520 1037 1697 1108 v1,l0);sed
1725 1035 1870 1107 quomodo

1024 1126 1157 1194 avaritia,
1174 1127 1219 1183 vel
1246 1127 1405 1183 cenodoxia
1427 1134 1544 1198 generat
1563 1127 1696 1195 seipsam,
1711 1122 1873 1179 absurdum

1023 1214 1150 1280 videtur,
1165 1216 1187 1271 si
1203 1222 1308 1271 matres
1321 1223 1349 1271 et
1365 1215 1414 1270 lilii
1439 1229 1489 1284 pro
1510 1215 1607 1270 eodem
1624 1220 1770 1283 ponantur
1780 1227 1788 1281 ;
1810 1210 1874 1266 haee
1896 1257 1897 1272 ,

1023 1315 1092 1373 ergo
1116 1305 1187 1359 ratio
1211 1310 1253 1359 est
1282 1318 1287 1356 :
1319 1303 1396 1358 Filiae
1412 1318 1477 1372 qnae
1508 1301 1650 1358 masculos
1672 1301 1806 1372 gignunt,
1828 1306 1871 1354 te-

1024 1399 1178 1447 neraesunt
1192 1392 1283 1461 prima
1298 1392 1402 1447 mentis
1413 1391 1593 1446 nutabundae
1609 1388 1781 1455 affectiones,
1805 1401 1871 1457 quaa

1024 1478 1231 1534 audacissimos
1247 1493 1358 1550 ariagnae
1381 1478 1614 1549 praesumptionis
1627 1486 1709 1533 actus
1723 1475 1871 1543 emittunt,
1896 1481 1897 1490 ¹

1023 1573 1051 1622 et
1065 1567 1185 1637 populos
1208 1566 1385 1623 imitatorum
1412 1565 1610 1635 exemplorum
1634 1564 1804 1620 auctoritate
1818 1562 1872 1619 sibi

121 1650 150 1707 in
178 1651 329 1721 semetipso
357 1651 469 1707 alienus
496 1652 568 1724 lege,
594 1660 622 1708 et
642 1659 721 1709 tanto
745 1653 880 1724 nequius,
907 1668 966 1724 quo
986 1635 1193 1726 Bcongerunt,
1210 1655 1284 1712 sicut
1294 1655 1350 1711 illae
1361 1654 1496 1711 hloabitas
1507 1661 1535 1710 et
1545 1653 1725 1709 Ammonitas
1738 1659 1870 1724 egerunt.

773 1807 925 1851 EXPLICIT
947 1808 1045 1852 LIBER
1066 1807 1228 1862 QUINTUS.

719 2084 897 2159 increta
924 2085 1067 2159 uranu
1095 2085 1275 2160 sexsus

501 2275 928 2385 MORALIUM
982 2280 1063 2382 IN
1121 2280 1481 2384 GENESIM.

155 2711 202 2763 as
218 2707 376 2764 Fastidiam
392 2707 497 2764 laboris
511 2707 566 2763 mei
582 2706 667 2769 levat,
682 2706 761 2778 quod
786 2704 966 2762 abenevolis
1020 2707 1138 2771 dereris,
1166 2720 1233 2762 cum
1264 2719 1281 2760 a
1308 2704 1414 2762 coelesti
1444 2712 1561 2776 torpens
1582 2705 1721 2762 desiderio
1749 2705 1866 2777 spiritus

117 2809 151 2853 ac
174 2794 448 2852 litteratisstudium
473 2809 570 2850 meum
585 2794 703 2865 probari
728 2794 896 2864 considero;
913 2809 965 2850 nec
1019 2803 1114 2852 noster
1132 2802 1273 2866 evagatur
1301 2794 1425 2850 motibus
1447 2795 1596 2864 superbis;
1619 2794 1725 2851 Gerana
1762 2808 1862 2864 nempe

116 2883 215 2940 minus
229 2883 416 2954 suffragatur,
432 2882 510 2953 quod
526 2883 710 2939 intentionem
730 2883 794 2953 ejus
810 2883 962 2948 universae,
982 2884 1124 2973 edicitur
1149 2883 1246 2939 Latine
1266 2883 1390 2937 <calcatam
1419 2883 1540 2953 ejiciens,
1566 2883 1596 2938 in
1635 2897 1693 2954 quo
1721 2883 1863 2953 precipue

116 2971 138 3028 si
156 2971 216 3028 lieri
242 2980 343 3042 posset,
360 2971 582 3027 Christianitatis
601 2971 714 3026 lucrum
735 2971 803 3027 scio.
825 2972 964 3027 Praeterea
1019 2971 1293 3043 snperbianotatur,
1311 2986 1361 3041 per
1383 2985 1471 3042 quam
1495 2979 1522 3027 et
1537 2971 1668 3043 angelica
1690 2977 1718 3028 et
1735 2972 1863 3028 bumana

116 3059 177 3116 sivo
200 3062 296 3132 prosit,
325 3074 376 3116 seu
404 3059 539 3116 videatur
563 3058 802 3130 inutile,aliquid
828 3074 873 3116 me
892 3062 965 3117 citra
1019 3069 1125 3116 natura
1161 3074 1178 3115 a
1212 3061 1327 3130 propria
1355 3059 1674 3130 regione'demittitur3
1703 3058 1864 3130 subiugalis

116 3147 201 3205 fldem
225 3162 258 3204 ac
280 3163 394 3205 morum
421 3149 598 3205 honestatem
623 3147 730 3204 dixisse
755 3147 911 3217 aestimans,
927 3163 964 3205 ex
1018 3163 1087 3220 ergo
1103 3148 1151 3204 illa
1165 3148 1243 3211 Sara.
1270 3148 1404 3204 voluntas
1427 3147 1533 3204 scilicet
1549 3147 1652 3204 rationi
1677 3149 1730 3204 rite
1753 3146 1864 3203 addicta

117 3235 167 3293 llei
182 3237 293 3293 auxilio
306 3239 438 3309 prosequi
449 3245 541 3307 empta
556 3236 714 3292 destinabo.
1019 3238 1189 3294 insererem
1216 3236 1388 3304 admittitur,
1405 3237 1475 3292 dum
1500 3237 1527 3291 in
1556 3236 1728 3307 parilitatem
1751 3235 1862 3307 pestile-

442 3325 555 3383 ChPUl'
574 3326 639 3381 xx.
1019 3340 1081 3382 ram
1095 3333 1256 3395 contempto
1279 3324 1405 3380 dominio
1430 3331 1589 3392 evocatur·,
1619 3339 1671 3381 nec
1698 3325 1815 3391 mirum,
1841 3322 1862 3377 si

156 3412 242 3469 Vnns.
267 3417 291 3480 l,
308 3417 334 3469 ι.
357 3443 390 3455 -
406 3415 546 3480 Profectus
561 3414 624 3468 inde
646 3414 790 3469 Abrabam
810 3417 840 3468 ia
863 3418 964 3470 taram
1018 3415 1165 3485 respuitur
1176 3428 1194 3469 a
1207 3413 1353 3469 voluntate
1364 3411 1535 3478 dominium,
1545 3426 1611 3468 cum
1623 3426 1709 3468 suum
1723 3410 1784 3483 ipsa
1794 3411 1863 3467 ratio

117 3502 275 3569 australem,
303 3502 438 3557 habitavit
456 3503 635 3566 intercades,
655 3507 681 3557 et
701 3503 764 3570 Sar,
793 3509 818 3557 et
840 3506 962 3574 peregri·
1018 3503 1150 3560 deliciens
1179 3501 1322 3574 abjurarit
1351 3500 1516 3570 imperinm.
1544 3500 1709 3556 Abimelech
1730 3502 1863 3570 interpre-

117 3597 199 3646 natus
226 3595 265 3646 est
283 3593 313 3646 ia
341 3593 611 3659 occurrentemque
634 3590 668 3645 de
694 3591 765 3647 Sara
782 3606 865 3645 acore
888 3607 962 3647 aaa:
1019 3600 1096 3649 tatur
1116 3596 1196 3661 pater
1215 3606 1289 3645 meus
1308 3605 1368 3654 rea,
1395 3602 1447 3645 rex
1473 3597 1570 3645 autem
1583 3589 1705 3646 Gerarae.
1720 3588 1776 3656 Qui
1797 3602 1863 3659 erga

117 3680 199 3736 Soror
215 3696 274 3735 mea
300 3685 350 3736 est.
375 3682 452 3735 llicit
466 3695 529 3744 erqo
551 3680 716 3745 abimelech,
739 3696 789 3734 reae
804 3681 922 3748 derare,
938 3686 963 3734 et
1016 3697 1076 3743 rea,
1094 3681 1153 3751 ipse
1167 3685 1246 3749 pater
1275 3677 1451 3734 hominema
1467 3676 1524 3732 Dea
1542 3675 1685 3748 ejicientis
1708 3675 1859 3747 superbiae,

117 3770 181 3824 tulit
193 3785 261 3823 eam.
284 3768 427 3838 Superbas
447 3776 556 3825 mentes
580 3777 658 3825 tanto
678 3768 779 3824 intima
800 3770 963 3840 sua,juxta
1017 3768 1278 3828 diabolusscilicet,
1301 3766 1352 3836 qui
1375 3773 1402 3821 et
1433 3773 1514 3834 pater
1544 3763 1681 3820 mendacii
1701 3764 1862 3835 appellatur

117 3857 195 3927 quod
223 3857 338 3928 legitur,
368 3857 396 3912 in
424 3857 484 3912 vita
513 3871 566 3912 sna
601 3865 712 3914 certum
741 3865 783 3913 est
813 3858 960 3928 projicere,
1015 3858 1106 3929 (Jaaa.
1124 3872 1182 3924 vm,
1198 3857 1255 3925 ll),
1273 3859 1466 3920 meusautem,
1491 3854 1527 3909 ad
1543 3851 1656 3923 eosqui
1677 3852 1732 3909 sibi
1759 3866 1860 3923 snper·

116 3952 225 4015 quanto
253 3959 301 4001 eas
335 3952 445 4001 constat
478 3958 529 4014 per
563 3953 740 4001 exteriorum
769 3945 962 4002 volubilitates
1017 3944 1284 4015 biamendacioqne
1306 3942 1428 4013 pessima
1457 3940 1593 3997 filiatione
1611 3939 1798 4008 conveniunt,
1816 3955 1861 3996 re-

115 4035 241 4091 ellluere.
267 4035 307 4090 De
330 4034 454 4091 convalli
471 4034 568 4104 itaque
582 4034 719 4096 Mambre,
743 4034 963 4091 dehumilitatis
1015 4035 1118 4092 fertur.

116 4121 241 4192 protecto
282 4121 473 4191 depressione,
509 4123 537 4177 in
566 4136 625 4192 qua
658 4121 837 4178 discretionis
865 4130 962 4192 utpute
1051 4122 1135 4181 biittit
1162 4136 1230 4192 ergo
1253 4119 1427 4186 abimelech,
1461 4127 1489 4174 et
1514 4118 1587 4174 tollit
1609 4133 1684 4187 eam,
1711 4132 1778 4174 cum
1799 4127 1860 4189 post

116 4210 236 4267 intrase
257 4210 362 4281 degens
386 4209 537 4267 iruebatur
560 4211 668 4267 lumine
682 4210 829 4267 Abrabam
855 4219 959 4280 noster,
981 4210 1205 4283 baliquantnlae
1232 4208 1379 4279 religionis
1406 4207 1534 4264 studium
1568 4207 1697 4279 suggerit
1729 4206 1860 4263 diabolus
1886 4222 1889 4231 ·

113 4299 173 4371 jam
190 4297 235 4354 sui
250 4298 355 4355 oblitus
374 4299 504 4355 numinis
523 4298 681 4371 egreditur,
709 4307 737 4355 et
752 4300 787 4354 ad
802 4301 961 4365 australem,
1015 4300 1151 4358 burnanae
1166 4297 1306 4355 voluntati
1322 4295 1405 4366 quasi
1419 4295 1480 4366 jam
1500 4295 1555 4351 sibi
1570 4295 1672 4351 debita
1688 4294 1860 4365 praelationis

115 4387 307 4458 cupiditatum
334 4387 442 4444 solibus
470 4388 683 4458 decoquendus.
707 4388 819 4445 excedit
850 4393 959 4453 terram,
1015 4388 1169 4458 allectnm3
1192 4388 1268 4444 unde
1300 4384 1391 4442 notari
1432 4385 1566 4442 convenit
1602 4388 1676 4441 inter
1715 4386 1860 4456 captiones

115 4483 147 4532 ut
175 4482 281 4532 terram
311 4475 412 4545 sapiat,
442 4483 469 4532 et
498 4474 556 4531 illic
584 4475 722 4539 avarittae,
751 4490 784 4531 ac
809 4476 961 4533 libidinum
1016 4485 1155 4547 utrasque
1170 4473 1417 4543 distantiamque
1432 4472 1590 4543 spiritualis
1608 4480 1704 4529 nostra
1727 4473 1861 4530 voluntas

115 4563 199 4634 aquis
214 4562 337 4630 inlusos,
357 4562 471 4619 easdem
490 4561 593 4619 iterum
614 4563 701 4630 sitiat,
716 4564 892 4635 iuxtaquod
909 4565 962 4621 Sa·
1015 4565 1106 4623 instar
1127 4565 1202 4621 Sarae
1231 4564 1357 4634 primum
1382 4576 1399 4617 a
1426 4561 1575 4618 Pharaone
1611 4561 1640 4616 in
1668 4562 1861 4618 conversionis

114 4652 263 4708 maritanae
307 4651 447 4707 Dominus
469 4651 611 4708 enuntiat.
636 4653 710 4708 later
739 4653 828 4708 cades
856 4658 882 4708 et
906 4655 962 4709 Sur
1015 4649 1861 4722 initiodistrahitnradpristinaesaecnlaritatisAEgyptum,

115 4739 235 4804 habitat,
252 4740 322 4795 dutn
338 4739 405 4795 hinc
417 4738 552 4811 cogitatio
566 4740 752 4808 intellectum,
770 4741 853 4812 quasi
878 4757 960 4812 quae-
1014 4750 1042 4800 et
1056 4741 1236 4812 postmodum
1252 4740 1288 4795 ab
1304 4737 1473 4795 abimelech
1502 4752 1568 4808 rege
1582 4737 1695 4795 Gerarae
1721 4752 1780 4794 non
1804 4746 1860 4795 tam
1888 4764 1893 4805 t

114 4826 182 4883 dam
196 4826 274 4882 tinea
292 4840 391 4882 euma
411 4833 489 4883 statu
514 4825 561 4896 pio
591 4826 739 4885 dimovens
762 4835 866 4896 vastat,
882 4828 962 4884 illinc
1015 4837 1170 4901 superatur
1185 4842 1272 4900 quam
1302 4828 1337 4883 ad
1364 4827 1464 4882 horam
1489 4827 1597 4899 agitata
1621 4827 1763 4896 pulsatur,
1786 4828 1863 4883 unde

115 4914 416 4983 memoriapraeteritae
438 4927 498 4986 qua
510 4914 642 4972 exhibuit
667 4923 766 4973 contra
791 4917 859 4973 vitia
881 4916 961 4973 lorti·
1015 4927 1043 4976 et
1058 4919 1094 4975 ab
1109 4920 1164 4974 hoc
1190 4916 1296 4973 intacta
1323 4915 1500 4985 perhibetur,
1516 4916 1550 4972 de
1571 4917 1718 4986 superiore
1733 4923 1861 4979 tacetur;

114 5001 224 5057 tudinis
263 5010 450 5074 coangustat;
480 5003 570 5059 Gades
601 5017 679 5060 enim
705 5008 844 5061 commotio
873 5007 960 5072 tinea,
1015 5006 1120 5063 veteris
1150 5019 1277 5076 namque
1302 5003 1519 5061 consuetudinis
1547 5018 1640 5075 nuper
1668 5004 1772 5060 relictae
1800 5018 1863 5060 me-

115 5089 171 5146 Sur
189 5091 332 5158 tortitudo,
362 5091 405 5148 vel
433 5095 562 5160 aitpastio
585 5093 710 5161 dicitur;
740 5102 831 5164 potest
856 5100 883 5150 et
912 5108 962 5164 per
1015 5095 1107 5152 moria
1130 5109 1182 5150 nos
1206 5093 1337 5150 atrociter
1366 5094 1458 5149 irritat
1484 5093 1519 5149 ad
1546 5093 1626 5156 vitia,
1656 5092 1703 5149 sed
1727 5091 1862 5148 ecclesia-

115 5185 247 5235 austrum
261 5186 341 5249 tepor
365 5179 453 5235 animi
474 5180 578 5251 accipi,
594 5196 631 5238 ex
650 5197 708 5253 qao
723 5182 825 5254 ingens
838 5196 962 5238 consur·
1015 5183 1086 5241 stica
1107 5182 1227 5239 utilitate
1247 5180 1399 5252 provectis,
1418 5181 1501 5251 quasi
1530 5181 1655 5237 aliorum
1681 5193 1769 5235 causa
1792 5194 1861 5249 pro-

115 5280 182 5337 gere
207 5266 276 5323 solet
303 5267 399 5324 iervor
413 5268 449 5324 ad
472 5269 569 5326 studia
589 5270 697 5328 saculi.
729 5271 809 5326 Unda
835 5270 865 5326 in
887 5270 959 5326 lob:
1015 5272 1107 5330 lectus
1122 5271 1296 5342 adipiscendi
1313 5277 1477 5341 pastoratus
1497 5270 1711 5340 quodammodo
1723 5283 1760 5326 ex
1774 5269 1862 5325 latere

116 5355 297 5421 Considerate,
330 5355 436 5425 inquit,
457 5361 567 5414 semitas
603 5360 730 5424 Theman,
760 5360 861 5413 itinera
888 5360 962 5415 Saba
1015 5375 1045 5416 se
1071 5360 1152 5416 nobis
1179 5360 1315 5432 ingerunt
1348 5358 1498 5423 desideria,
1533 5356 1627 5414 multa
1669 5357 1766 5427 itaque
1788 5355 1864 5412 inter

117 5444 186 5511 (tob.
215 5459 254 5510 vt,
283 5445 339 5511 itt.)
362 5445 566 5518 Peregrinatur
598 5446 723 5521 denique
759 5447 906 5505 Abrabam
932 5451 963 5504 ta
1016 5455 1141 5519 utraque
1168 5446 1314 5504 distantia.
1344 5446 1415 5504 Sara
1434 5445 1559 5517 deniqne
1588 5445 1708 5513 tollitur,
1732 5458 1798 5502 cum
1825 5445 1861 5501 ad
