<?xml version="1.0" encoding="UTF-8"?>
<!DOCTYPE html PUBLIC "-//W3C//DTD XHTML 1.0 Transitional//EN"
    "http://www.w3.org/TR/xhtml1/DTD/xhtml1-transitional.dtd">
<html xmlns="http://www.w3.org/1999/xhtml" xml:lang="en" lang="en">
 <head>
  <title>
</title>
<meta http-equiv="Content-Type" content="text/html;charset=utf-8" />
  <meta name='ocr-system' content='tesseract 3.04.00' />
  <meta name='ocr-capabilities' content='ocr_page ocr_carea ocr_par ocr_line ocrx_word'/>
</head>
<body>
  <div class='ocr_page' id='page_1' title='image "./patrologiaecurs05unkngoog_0375.png"; bbox 0 0 3818 6008; ppageno 0'>
   <div class='ocr_carea' id='block_1_1' title="bbox 73 248 127 304">
    <p class='ocr_par' dir='ltr' id='par_1_1' title="bbox 73 248 127 304">
     <span class='ocr_line' id='line_1_1' title="bbox 73 248 127 304; baseline 0 -1"><span class='ocrx_word' id='word_1_1' title='bbox 73 248 127 304; x_wconf 81' lang='lat' dir='ltr'><strong>tae</strong></span> 
     </span>
    </p>
   </div>
   <div class='ocr_carea' id='block_1_2' title="bbox 514 238 1372 313">
    <p class='ocr_par' dir='ltr' id='par_1_2' title="bbox 514 238 1372 313">
     <span class='ocr_line' id='line_1_2' title="bbox 514 238 1372 313; baseline 0.002 -13"><span class='ocrx_word' id='word_1_2' title='bbox 514 242 547 302; x_wconf 88' lang='lat' dir='ltr'><strong>t.</strong></span> <span class='ocrx_word' id='word_1_3' title='bbox 571 239 739 302; x_wconf 81' lang='lat' dir='ltr'><strong>cutssnrt</strong></span> <span class='ocrx_word' id='word_1_4' title='bbox 758 240 904 313; x_wconf 74' lang='lat' dir='ltr'><strong>nostris</strong></span> <span class='ocrx_word' id='word_1_5' title='bbox 921 239 949 300; x_wconf 88' lang='lat' dir='ltr'><strong>S.</strong></span> <span class='ocrx_word' id='word_1_6' title='bbox 970 238 1091 300; x_wconf 72' lang='lat' dir='ltr'>MARIAE</span> <span class='ocrx_word' id='word_1_7' title='bbox 1106 242 1153 302; x_wconf 83' lang='lat' dir='ltr'><strong>bs</strong></span> <span class='ocrx_word' id='word_1_8' title='bbox 1174 241 1372 303; x_wconf 78' lang='lat' dir='ltr'><strong>nohcsnro</strong></span> 
     </span>
    </p>
   </div>
   <div class='ocr_carea' id='block_1_3' title="bbox 1772 246 1825 301">
    <p class='ocr_par' dir='ltr' id='par_1_3' title="bbox 1772 246 1825 301">
     <span class='ocr_line' id='line_1_3' title="bbox 1772 246 1825 301; baseline -0.019 0"><span class='ocrx_word' id='word_1_9' title='bbox 1772 246 1825 301; x_wconf 70' lang='lat'><strong>740</strong></span> 
     </span>
    </p>
   </div>
   <div class='ocr_carea' id='block_1_4' title="bbox 109 379 1824 453">
    <p class='ocr_par' dir='ltr' id='par_1_4' title="bbox 109 379 1824 453">
     <span class='ocr_line' id='line_1_4' title="bbox 109 379 1824 453; baseline -0.002 -13"><span class='ocrx_word' id='word_1_10' title='bbox 109 385 167 440; x_wconf 87' lang='lat' dir='ltr'><strong>lias</strong></span> <span class='ocrx_word' id='word_1_11' title='bbox 189 391 284 439; x_wconf 86' lang='lat' dir='ltr'><strong>autem</strong></span> <span class='ocrx_word' id='word_1_12' title='bbox 301 380 441 439; x_wconf 86' lang='lat' dir='ltr'><strong>exercitui</strong></span> <span class='ocrx_word' id='word_1_13' title='bbox 457 381 518 452; x_wconf 87' lang='lat' dir='ltr'><strong>ipsi,</strong></span> <span class='ocrx_word' id='word_1_14' title='bbox 533 380 598 438; x_wconf 91' lang='lat' dir='ltr'><strong>licet</strong></span> <span class='ocrx_word' id='word_1_15' title='bbox 615 381 670 453; x_wconf 85' lang='lat' dir='ltr'><strong>pio,</strong></span> <span class='ocrx_word' id='word_1_16' title='bbox 688 381 824 452; x_wconf 92' lang='lat' dir='ltr'><strong>penurias</strong></span> <span class='ocrx_word' id='word_1_17' title='bbox 851 379 922 436; x_wconf 92' lang='lat' dir='ltr'><strong>obti-</strong></span> <span class='ocrx_word' id='word_1_18' title='bbox 939 380 962 435; x_wconf 80' lang='lat' dir='ltr'><strong>h</strong></span> <span class='ocrx_word' id='word_1_19' title='bbox 979 380 1178 450; x_wconf 90' lang='lat' dir='ltr'><strong>turpitcrdum</strong></span> <span class='ocrx_word' id='word_1_20' title='bbox 1193 380 1341 451; x_wconf 80' lang='lat' dir='ltr'><strong>peieraret,</strong></span> <span class='ocrx_word' id='word_1_21' title='bbox 1364 379 1488 449; x_wconf 80' lang='lat' dir='ltr'><strong>incessit,</strong></span> <span class='ocrx_word' id='word_1_22' title='bbox 1510 394 1563 437; x_wconf 90' lang='lat' dir='ltr'><strong>nec</strong></span> <span class='ocrx_word' id='word_1_23' title='bbox 1585 396 1717 452; x_wconf 91' lang='lat' dir='ltr'><strong>unquam</strong></span> <span class='ocrx_word' id='word_1_24' title='bbox 1745 383 1824 437; x_wconf 87' lang='lat' dir='ltr'><strong>dein·</strong></span> 
     </span>
    </p>
   </div>
   <div class='ocr_carea' id='block_1_5' title="bbox 71 469 920 1681">
    <p class='ocr_par' dir='ltr' id='par_1_5' title="bbox 71 469 920 1681">
     <span class='ocr_line' id='line_1_5' title="bbox 72 469 919 545; baseline -0.002 -19"><span class='ocrx_word' id='word_1_25' title='bbox 72 473 146 545; x_wconf 85' lang='lat' dir='ltr'><strong>gisse</strong></span> <span class='ocrx_word' id='word_1_26' title='bbox 158 473 231 528; x_wconf 90' lang='lat' dir='ltr'><strong>nulii</strong></span> <span class='ocrx_word' id='word_1_27' title='bbox 249 473 354 527; x_wconf 92' lang='lat' dir='ltr'><strong>mirum</strong></span> <span class='ocrx_word' id='word_1_28' title='bbox 366 472 515 537; x_wconf 90' lang='lat' dir='ltr'><strong>habeatur,</strong></span> <span class='ocrx_word' id='word_1_29' title='bbox 536 484 602 526; x_wconf 92' lang='lat' dir='ltr'><strong>cum</strong></span> <span class='ocrx_word' id='word_1_30' title='bbox 620 470 738 526; x_wconf 81' lang='lat' dir='ltr'>indubie</span> <span class='ocrx_word' id='word_1_31' title='bbox 758 469 835 526; x_wconf 85' lang='lat' dir='ltr'><strong>credi</strong></span> <span class='ocrx_word' id='word_1_32' title='bbox 855 483 919 539; x_wconf 93' lang='lat' dir='ltr'><strong>pos·</strong></span> 
     </span>
     <span class='ocr_line' id='line_1_6' title="bbox 72 558 920 630; baseline -0.007 -14"><span class='ocrx_word' id='word_1_33' title='bbox 72 561 107 617; x_wconf 89' lang='lat' dir='ltr'><strong>sit</strong></span> <span class='ocrx_word' id='word_1_34' title='bbox 123 560 193 630; x_wconf 93' lang='lat' dir='ltr'><strong>quia</strong></span> <span class='ocrx_word' id='word_1_35' title='bbox 208 560 313 615; x_wconf 71' lang='lat' dir='ltr'><strong>divinae</strong></span> <span class='ocrx_word' id='word_1_36' title='bbox 326 573 392 629; x_wconf 80' lang='lat' dir='ltr'><strong>quae</strong></span> <span class='ocrx_word' id='word_1_37' title='bbox 411 559 452 615; x_wconf 89' lang='lat' dir='ltr'><strong>eis</strong></span> <span class='ocrx_word' id='word_1_38' title='bbox 466 558 572 614; x_wconf 90' lang='lat' dir='ltr'><strong>sibene</strong></span> <span class='ocrx_word' id='word_1_39' title='bbox 591 565 709 627; x_wconf 80' lang='lat' dir='ltr'>agerent</span> <span class='ocrx_word' id='word_1_40' title='bbox 724 572 782 612; x_wconf 94' lang='lat' dir='ltr'><strong>non</strong></span> <span class='ocrx_word' id='word_1_41' title='bbox 800 558 920 623; x_wconf 80' lang='lat' dir='ltr'>deesset,</span> 
     </span>
     <span class='ocr_line' id='line_1_7' title="bbox 72 645 918 720; baseline -0.009 -15"><span class='ocrx_word' id='word_1_42' title='bbox 72 648 252 720; x_wconf 75' lang='lat' dir='ltr'>prosperitati</span> <span class='ocrx_word' id='word_1_43' title='bbox 298 646 432 703; x_wconf 86' lang='lat' dir='ltr'><strong>maximis</strong></span> <span class='ocrx_word' id='word_1_44' title='bbox 476 646 647 703; x_wconf 86' lang='lat' dir='ltr'><strong>criminibus</strong></span> <span class='ocrx_word' id='word_1_45' title='bbox 684 645 918 701; x_wconf 86' lang='lat' dir='ltr'><strong>obluctabantur.</strong></span> 
     </span>
     <span class='ocr_line' id='line_1_8' title="bbox 71 732 918 805; baseline -0.008 -12"><span class='ocrx_word' id='word_1_46' title='bbox 71 736 144 794; x_wconf 85' lang='lat' dir='ltr'><strong>Cum</strong></span> <span class='ocrx_word' id='word_1_47' title='bbox 168 736 245 791; x_wconf 93' lang='lat' dir='ltr'><strong>enim</strong></span> <span class='ocrx_word' id='word_1_48' title='bbox 267 742 347 792; x_wconf 92' lang='lat' dir='ltr'><strong>tauta</strong></span> <span class='ocrx_word' id='word_1_49' title='bbox 369 749 416 791; x_wconf 92' lang='lat' dir='ltr'><strong>eos</strong></span> <span class='ocrx_word' id='word_1_50' title='bbox 436 741 552 805; x_wconf 89' lang='lat' dir='ltr'><strong>urgeret</strong></span> <span class='ocrx_word' id='word_1_51' title='bbox 573 740 684 803; x_wconf 79' lang='lat' dir='ltr'>egestas</span> <span class='ocrx_word' id='word_1_52' title='bbox 708 732 918 802; x_wconf 86' lang='lat' dir='ltr'><strong>etquiqueue·</strong></span> 
     </span>
     <span class='ocr_line' id='line_1_9' title="bbox 72 819 919 897; baseline -0.006 -18"><span class='ocrx_word' id='word_1_53' title='bbox 72 825 146 897; x_wconf 86' lang='lat' dir='ltr'><strong>gatis</strong></span> <span class='ocrx_word' id='word_1_54' title='bbox 175 823 308 880; x_wconf 80' lang='lat' dir='ltr'><strong>atrociter</strong></span> <span class='ocrx_word' id='word_1_55' title='bbox 332 821 557 893; x_wconf 84' lang='lat' dir='ltr'><strong>profligarentur</strong></span> <span class='ocrx_word' id='word_1_56' title='bbox 576 820 690 884; x_wconf 91' lang='lat' dir='ltr'><strong>eduliis,</strong></span> <span class='ocrx_word' id='word_1_57' title='bbox 708 823 731 876; x_wconf 92' lang='lat' dir='ltr'><strong>si</strong></span> <span class='ocrx_word' id='word_1_58' title='bbox 752 819 919 890; x_wconf 82' lang='lat' dir='ltr'><strong>quempiam</strong></span> 
     </span>
     <span class='ocr_line' id='line_1_10' title="bbox 71 907 920 981; baseline -0.009 -12"><span class='ocrx_word' id='word_1_59' title='bbox 71 914 108 969; x_wconf 90' lang='lat' dir='ltr'><strong>ab</strong></span> <span class='ocrx_word' id='word_1_60' title='bbox 123 913 251 969; x_wconf 88' lang='lat' dir='ltr'><strong>exercitu</strong></span> <span class='ocrx_word' id='word_1_61' title='bbox 264 911 400 967; x_wconf 90' lang='lat' dir='ltr'><strong>remotius</strong></span> <span class='ocrx_word' id='word_1_62' title='bbox 412 911 452 967; x_wconf 91' lang='lat' dir='ltr'><strong>ire</strong></span> <span class='ocrx_word' id='word_1_63' title='bbox 470 909 658 981; x_wconf 89' lang='lat' dir='ltr'><strong>contingeret,</strong></span> <span class='ocrx_word' id='word_1_64' title='bbox 675 923 726 978; x_wconf 92' lang='lat' dir='ltr'><strong>pro</strong></span> <span class='ocrx_word' id='word_1_65' title='bbox 752 908 841 977; x_wconf 90' lang='lat' dir='ltr'><strong>pretio</strong></span> <span class='ocrx_word' id='word_1_66' title='bbox 854 907 920 963; x_wconf 91' lang='lat' dir='ltr'><strong>exi-</strong></span> 
     </span>
     <span class='ocr_line' id='line_1_11' title="bbox 71 998 919 1072; baseline -0.011 -14"><span class='ocrx_word' id='word_1_67' title='bbox 71 1016 129 1072; x_wconf 85' lang='lat' dir='ltr'><strong>guo</strong></span> <span class='ocrx_word' id='word_1_68' title='bbox 145 1000 261 1071; x_wconf 91' lang='lat' dir='ltr'><strong>aliquis,</strong></span> <span class='ocrx_word' id='word_1_69' title='bbox 276 1013 335 1055; x_wconf 91' lang='lat' dir='ltr'><strong>nou</strong></span> <span class='ocrx_word' id='word_1_70' title='bbox 353 998 427 1054; x_wconf 92' lang='lat' dir='ltr'><strong>alius</strong></span> <span class='ocrx_word' id='word_1_71' title='bbox 441 1006 536 1053; x_wconf 91' lang='lat' dir='ltr'><strong>tamen</strong></span> <span class='ocrx_word' id='word_1_72' title='bbox 550 1011 639 1067; x_wconf 91' lang='lat' dir='ltr'><strong>quarn</strong></span> <span class='ocrx_word' id='word_1_73' title='bbox 653 1003 828 1061; x_wconf 89' lang='lat' dir='ltr'><strong>nostrornm,</strong></span> <span class='ocrx_word' id='word_1_74' title='bbox 852 1008 919 1050; x_wconf 92' lang='lat' dir='ltr'><strong>eum</strong></span> 
     </span>
     <span class='ocr_line' id='line_1_12' title="bbox 71 1084 920 1157; baseline -0.008 -12"><span class='ocrx_word' id='word_1_75' title='bbox 71 1089 95 1145; x_wconf 90' lang='lat' dir='ltr'><strong>si</strong></span> <span class='ocrx_word' id='word_1_76' title='bbox 121 1089 213 1146; x_wconf 91' lang='lat' dir='ltr'><strong>solum</strong></span> <span class='ocrx_word' id='word_1_77' title='bbox 236 1087 382 1157; x_wconf 87' lang='lat' dir='ltr'><strong>reperiret,</strong></span> <span class='ocrx_word' id='word_1_78' title='bbox 410 1085 559 1141; x_wconf 91' lang='lat' dir='ltr'><strong>occideret.</strong></span> <span class='ocrx_word' id='word_1_79' title='bbox 594 1084 661 1140; x_wconf 90' lang='lat' dir='ltr'><strong>inde</strong></span> <span class='ocrx_word' id='word_1_80' title='bbox 691 1084 782 1154; x_wconf 86' lang='lat' dir='ltr'><strong>igitur</strong></span> <span class='ocrx_word' id='word_1_81' title='bbox 809 1097 843 1139; x_wconf 92' lang='lat' dir='ltr'><strong>ea</strong></span> <span class='ocrx_word' id='word_1_82' title='bbox 870 1096 920 1153; x_wconf 92' lang='lat' dir='ltr'><strong>per</strong></span> 
     </span>
     <span class='ocr_line' id='line_1_13' title="bbox 71 1171 920 1238; baseline -0.013 -1"><span class='ocrx_word' id='word_1_83' title='bbox 71 1192 170 1237; x_wconf 91' lang='lat' dir='ltr'><strong>omnes</strong></span> <span class='ocrx_word' id='word_1_84' title='bbox 185 1176 335 1233; x_wconf 78' lang='lat' dir='ltr'><strong>infelicitas</strong></span> <span class='ocrx_word' id='word_1_85' title='bbox 350 1175 557 1238; x_wconf 82' lang='lat' dir='ltr'><strong>bacchabatur,</strong></span> <span class='ocrx_word' id='word_1_86' title='bbox 575 1180 607 1229; x_wconf 92' lang='lat' dir='ltr'><strong>ut</strong></span> <span class='ocrx_word' id='word_1_87' title='bbox 626 1173 676 1227; x_wconf 89' lang='lat' dir='ltr'><strong>vix</strong></span> <span class='ocrx_word' id='word_1_88' title='bbox 693 1172 720 1227; x_wconf 92' lang='lat' dir='ltr'><strong>in</strong></span> <span class='ocrx_word' id='word_1_89' title='bbox 738 1178 817 1227; x_wconf 91' lang='lat' dir='ltr'><strong>tanto</strong></span> <span class='ocrx_word' id='word_1_90' title='bbox 839 1171 920 1226; x_wconf 91' lang='lat' dir='ltr'><strong>hoste</strong></span> 
     </span>
     <span class='ocr_line' id='line_1_14' title="bbox 71 1257 917 1334; baseline -0.012 -12"><span class='ocrx_word' id='word_1_91' title='bbox 71 1266 149 1322; x_wconf 90' lang='lat' dir='ltr'><strong>mille</strong></span> <span class='ocrx_word' id='word_1_92' title='bbox 163 1265 231 1334; x_wconf 94' lang='lat' dir='ltr'><strong>equi</strong></span> <span class='ocrx_word' id='word_1_93' title='bbox 247 1262 451 1333; x_wconf 82' lang='lat' dir='ltr'><strong>reperirentur.</strong></span> <span class='ocrx_word' id='word_1_94' title='bbox 471 1261 543 1316; x_wconf 87' lang='lat' dir='ltr'><strong>iiiuc</strong></span> <span class='ocrx_word' id='word_1_95' title='bbox 559 1262 641 1330; x_wconf 89' lang='lat' dir='ltr'><strong>panis</strong></span> <span class='ocrx_word' id='word_1_96' title='bbox 658 1260 808 1316; x_wconf 76' lang='lat' dir='ltr'><strong>universos</strong></span> <span class='ocrx_word' id='word_1_97' title='bbox 823 1257 917 1314; x_wconf 89' lang='lat' dir='ltr'><strong>lerali·</strong></span> 
     </span>
     <span class='ocr_line' id='line_1_15' title="bbox 72 1347 916 1420; baseline -0.009 -11"><span class='ocrx_word' id='word_1_98' title='bbox 72 1361 115 1410; x_wconf 92' lang='lat' dir='ltr'><strong>ter</strong></span> <span class='ocrx_word' id='word_1_99' title='bbox 131 1351 317 1409; x_wconf 90' lang='lat' dir='ltr'><strong>excruciabat</strong></span> <span class='ocrx_word' id='word_1_100' title='bbox 338 1349 489 1420; x_wconf 84' lang='lat' dir='ltr'><strong>angustia;</strong></span> <span class='ocrx_word' id='word_1_101' title='bbox 515 1363 580 1418; x_wconf 75' lang='lat' dir='ltr'><strong>quae</strong></span> <span class='ocrx_word' id='word_1_102' title='bbox 602 1356 770 1404; x_wconf 90' lang='lat' dir='ltr'><strong>tamennon</strong></span> <span class='ocrx_word' id='word_1_103' title='bbox 792 1347 916 1410; x_wconf 86' lang='lat' dir='ltr'><strong>arcebat,</strong></span> 
     </span>
     <span class='ocr_line' id='line_1_16' title="bbox 71 1434 918 1509; baseline -0.008 -13"><span class='ocrx_word' id='word_1_104' title='bbox 71 1440 120 1496; x_wconf 92' lang='lat' dir='ltr'><strong>sed</strong></span> <span class='ocrx_word' id='word_1_105' title='bbox 135 1439 248 1509; x_wconf 91' lang='lat' dir='ltr'><strong>aliquos</strong></span> <span class='ocrx_word' id='word_1_106' title='bbox 262 1438 359 1493; x_wconf 89' lang='lat' dir='ltr'><strong>acrius</strong></span> <span class='ocrx_word' id='word_1_107' title='bbox 376 1436 533 1506; x_wconf 84' lang='lat' dir='ltr'><strong>instigabat</strong></span> <span class='ocrx_word' id='word_1_108' title='bbox 546 1437 580 1490; x_wconf 91' lang='lat' dir='ltr'><strong>ad</strong></span> <span class='ocrx_word' id='word_1_109' title='bbox 597 1435 728 1490; x_wconf 88' lang='lat' dir='ltr'><strong>crimina.</strong></span> <span class='ocrx_word' id='word_1_110' title='bbox 753 1434 802 1490; x_wconf 87' lang='lat' dir='ltr'><strong>liis</strong></span> <span class='ocrx_word' id='word_1_111' title='bbox 817 1447 918 1489; x_wconf 86' lang='lat' dir='ltr'><strong>rerum</strong></span> 
     </span>
     <span class='ocr_line' id='line_1_17' title="bbox 71 1523 919 1594; baseline -0.007 -12"><span class='ocrx_word' id='word_1_112' title='bbox 71 1528 125 1583; x_wconf 92' lang='lat' dir='ltr'><strong>sibi</strong></span> <span class='ocrx_word' id='word_1_113' title='bbox 141 1526 282 1582; x_wconf 89' lang='lat' dir='ltr'><strong>divinitus</strong></span> <span class='ocrx_word' id='word_1_114' title='bbox 300 1525 503 1581; x_wconf 84' lang='lat' dir='ltr'><strong>accedentibus</strong></span> <span class='ocrx_word' id='word_1_115' title='bbox 519 1524 648 1594; x_wconf 85' lang='lat' dir='ltr'><strong>flagellis.</strong></span> <span class='ocrx_word' id='word_1_116' title='bbox 666 1538 725 1579; x_wconf 90' lang='lat' dir='ltr'><strong>non</strong></span> <span class='ocrx_word' id='word_1_117' title='bbox 741 1523 863 1578; x_wconf 93' lang='lat' dir='ltr'><strong>dubium</strong></span> <span class='ocrx_word' id='word_1_118' title='bbox 877 1529 919 1577; x_wconf 91' lang='lat' dir='ltr'><strong>est</strong></span> 
     </span>
     <span class='ocr_line' id='line_1_18' title="bbox 72 1609 918 1681; baseline -0.007 -11"><span class='ocrx_word' id='word_1_119' title='bbox 72 1615 188 1681; x_wconf 93' lang='lat' dir='ltr'><strong>multos,</strong></span> <span class='ocrx_word' id='word_1_120' title='bbox 204 1614 370 1669; x_wconf 92' lang='lat' dir='ltr'><strong>eorumdem</strong></span> <span class='ocrx_word' id='word_1_121' title='bbox 387 1613 422 1667; x_wconf 90' lang='lat' dir='ltr'><strong>ad</strong></span> <span class='ocrx_word' id='word_1_122' title='bbox 440 1612 485 1668; x_wconf 91' lang='lat' dir='ltr'><strong>sui</strong></span> <span class='ocrx_word' id='word_1_123' title='bbox 513 1612 737 1667; x_wconf 90' lang='lat' dir='ltr'><strong>recordationem</strong></span> <span class='ocrx_word' id='word_1_124' title='bbox 756 1609 918 1680; x_wconf 85' lang='lat' dir='ltr'><strong>poenitendo</strong></span> 
     </span>
    </p>
   </div>
   <div class='ocr_carea' id='block_1_6' title="bbox 972 469 1826 1684">
    <p class='ocr_par' dir='ltr' id='par_1_6' title="bbox 974 469 1824 614">
     <span class='ocr_line' id='line_1_19' title="bbox 974 469 1824 539; baseline 0.004 -16"><span class='ocrx_word' id='word_1_125' title='bbox 974 483 1039 539; x_wconf 93' lang='lat' dir='ltr'><strong>ceps</strong></span> <span class='ocrx_word' id='word_1_126' title='bbox 1053 469 1089 524; x_wconf 89' lang='lat' dir='ltr'><strong>ad</strong></span> <span class='ocrx_word' id='word_1_127' title='bbox 1115 469 1142 524; x_wconf 93' lang='lat' dir='ltr'><strong>id</strong></span> <span class='ocrx_word' id='word_1_128' title='bbox 1167 470 1244 539; x_wconf 93' lang='lat' dir='ltr'><strong>quod</strong></span> <span class='ocrx_word' id='word_1_129' title='bbox 1270 469 1472 538; x_wconf 79' lang='lat' dir='ltr'><strong>spoponderat,</strong></span> <span class='ocrx_word' id='word_1_130' title='bbox 1487 470 1754 537; x_wconf 90' lang='lat' dir='ltr'><strong>cunctamentitus,</strong></span> <span class='ocrx_word' id='word_1_131' title='bbox 1778 483 1824 526; x_wconf 93' lang='lat' dir='ltr'><strong>ac·</strong></span> 
     </span>
     <span class='ocr_line' id='line_1_20' title="bbox 974 559 1066 614; baseline -0.033 0"><span class='ocrx_word' id='word_1_132' title='bbox 974 559 1066 614; x_wconf 87' lang='lat' dir='ltr'><strong>cessit.</strong></span> 
     </span>
    </p>

    <p class='ocr_par' dir='ltr' id='par_1_7' title="bbox 972 643 1826 1684">
     <span class='ocr_line' id='line_1_21' title="bbox 1010 643 1823 720; baseline -0.001 -19"><span class='ocrx_word' id='word_1_133' title='bbox 1010 645 1080 720; x_wconf 82' lang='lat' dir='ltr'><strong>[itt]</strong></span> <span class='ocrx_word' id='word_1_134' title='bbox 1100 645 1307 719; x_wconf 71' lang='lat' dir='ltr'><strong>Ingentiseme</strong></span> <span class='ocrx_word' id='word_1_135' title='bbox 1317 643 1483 700; x_wconf 63' lang='lat' dir='ltr'><strong>credantur</strong></span> <span class='ocrx_word' id='word_1_136' title='bbox 1496 647 1697 717; x_wconf 77' lang='lat' dir='ltr'><strong>oppugnantes</strong></span> <span class='ocrx_word' id='word_1_137' title='bbox 1714 646 1823 700; x_wconf 82' lang='lat' dir='ltr'><strong>arbem.</strong></span> 
     </span>
     <span class='ocr_line' id='line_1_22' title="bbox 973 734 1824 807; baseline -0.001 -16"><span class='ocrx_word' id='word_1_138' title='bbox 973 736 1124 807; x_wconf 89' lang='lat' dir='ltr'><strong>—itaque</strong></span> <span class='ocrx_word' id='word_1_139' title='bbox 1140 737 1168 790; x_wconf 90' lang='lat' dir='ltr'><strong>in</strong></span> <span class='ocrx_word' id='word_1_140' title='bbox 1187 740 1299 790; x_wconf 91' lang='lat' dir='ltr'><strong>tantum</strong></span> <span class='ocrx_word' id='word_1_141' title='bbox 1326 748 1373 789; x_wconf 91' lang='lat' dir='ltr'><strong>eos</strong></span> <span class='ocrx_word' id='word_1_142' title='bbox 1396 741 1520 803; x_wconf 80' lang='lat' dir='ltr'><strong>ceperat</strong></span> <span class='ocrx_word' id='word_1_143' title='bbox 1544 734 1680 790; x_wconf 89' lang='lat' dir='ltr'><strong>instantia</strong></span> <span class='ocrx_word' id='word_1_144' title='bbox 1695 734 1824 790; x_wconf 88' lang='lat' dir='ltr'><strong>hostium</strong></span> 
     </span>
     <span class='ocr_line' id='line_1_23' title="bbox 973 822 1823 894; baseline 0 -16"><span class='ocrx_word' id='word_1_145' title='bbox 973 823 1076 894; x_wconf 90' lang='lat' dir='ltr'><strong>visque</strong></span> <span class='ocrx_word' id='word_1_146' title='bbox 1095 823 1289 894; x_wconf 81' lang='lat' dir='ltr'><strong>constringere</strong></span> <span class='ocrx_word' id='word_1_147' title='bbox 1313 829 1345 877; x_wconf 91' lang='lat' dir='ltr'><strong>ut</strong></span> <span class='ocrx_word' id='word_1_148' title='bbox 1366 829 1532 877; x_wconf 90' lang='lat' dir='ltr'><strong>nostrorum</strong></span> <span class='ocrx_word' id='word_1_149' title='bbox 1552 822 1664 891; x_wconf 91' lang='lat' dir='ltr'><strong>nullus,</strong></span> <span class='ocrx_word' id='word_1_150' title='bbox 1682 836 1734 892; x_wconf 91' lang='lat' dir='ltr'><strong>pro</strong></span> <span class='ocrx_word' id='word_1_151' title='bbox 1750 837 1823 893; x_wconf 93' lang='lat' dir='ltr'><strong>quo-</strong></span> 
     </span>
     <span class='ocr_line' id='line_1_24' title="bbox 973 910 1824 982; baseline -0.001 -15"><span class='ocrx_word' id='word_1_152' title='bbox 973 926 1089 982; x_wconf 91' lang='lat' dir='ltr'><strong>cunque</strong></span> <span class='ocrx_word' id='word_1_153' title='bbox 1117 912 1243 981; x_wconf 85' lang='lat' dir='ltr'><strong>negotio,</strong></span> <span class='ocrx_word' id='word_1_154' title='bbox 1277 917 1461 979; x_wconf 69' lang='lat' dir='ltr'><strong>praesument</strong></span> <span class='ocrx_word' id='word_1_155' title='bbox 1493 910 1651 980; x_wconf 76' lang='lat' dir='ltr'><strong>papiliones</strong></span> <span class='ocrx_word' id='word_1_156' title='bbox 1675 925 1745 966; x_wconf 89' lang='lat' dir='ltr'><strong>suos</strong></span> <span class='ocrx_word' id='word_1_157' title='bbox 1773 919 1824 967; x_wconf 89' lang='lat' dir='ltr'><strong>aut</strong></span> 
     </span>
     <span class='ocr_line' id='line_1_25' title="bbox 973 999 1826 1057; baseline -0.002 -1"><span class='ocrx_word' id='word_1_158' title='bbox 973 1000 1139 1056; x_wconf 92' lang='lat' dir='ltr'><strong>communia</strong></span> <span class='ocrx_word' id='word_1_159' title='bbox 1159 1006 1253 1055; x_wconf 89' lang='lat' dir='ltr'><strong>castra</strong></span> <span class='ocrx_word' id='word_1_160' title='bbox 1273 999 1421 1057; x_wconf 87' lang='lat' dir='ltr'><strong>excedere.</strong></span> <span class='ocrx_word' id='word_1_161' title='bbox 1443 999 1482 1053; x_wconf 84' lang='lat' dir='ltr'><strong>nd</strong></span> <span class='ocrx_word' id='word_1_162' title='bbox 1510 999 1693 1054; x_wconf 88' lang='lat' dir='ltr'><strong>bocornuino</strong></span> <span class='ocrx_word' id='word_1_163' title='bbox 1710 999 1826 1055; x_wconf 86' lang='lat' dir='ltr'><strong>misera·</strong></span> 
     </span>
     <span class='ocr_line' id='line_1_26' title="bbox 973 1086 1823 1158; baseline -0.002 -14"><span class='ocrx_word' id='word_1_164' title='bbox 973 1087 1060 1144; x_wconf 92' lang='lat' dir='ltr'><strong>bilius</strong></span> <span class='ocrx_word' id='word_1_165' title='bbox 1082 1102 1130 1145; x_wconf 86' lang='lat' dir='ltr'><strong>eos</strong></span> <span class='ocrx_word' id='word_1_166' title='bbox 1143 1087 1321 1158; x_wconf 91' lang='lat' dir='ltr'><strong>inquietabat</strong></span> <span class='ocrx_word' id='word_1_167' title='bbox 1335 1086 1499 1152; x_wconf 90' lang='lat' dir='ltr'><strong>domestica,</strong></span> <span class='ocrx_word' id='word_1_168' title='bbox 1517 1095 1544 1142; x_wconf 91' lang='lat' dir='ltr'><strong>et</strong></span> <span class='ocrx_word' id='word_1_169' title='bbox 1558 1086 1647 1142; x_wconf 89' lang='lat' dir='ltr'><strong>rabiei</strong></span> <span class='ocrx_word' id='word_1_170' title='bbox 1664 1087 1823 1156; x_wconf 84' lang='lat' dir='ltr'><strong>simillima,</strong></span> 
     </span>
     <span class='ocr_line' id='line_1_27' title="bbox 974 1174 1825 1244; baseline 0.002 -15"><span class='ocrx_word' id='word_1_171' title='bbox 974 1174 1059 1244; x_wconf 91' lang='lat' dir='ltr'><strong>pestis</strong></span> <span class='ocrx_word' id='word_1_172' title='bbox 1074 1176 1185 1231; x_wconf 88' lang='lat' dir='ltr'><strong>inediae.</strong></span> <span class='ocrx_word' id='word_1_173' title='bbox 1202 1174 1228 1229; x_wconf 87' lang='lat' dir='ltr'><strong>Si</strong></span> <span class='ocrx_word' id='word_1_174' title='bbox 1240 1174 1328 1238; x_wconf 89' lang='lat' dir='ltr'><strong>enirn,</strong></span> <span class='ocrx_word' id='word_1_175' title='bbox 1342 1176 1422 1231; x_wconf 91' lang='lat' dir='ltr'><strong>utait</strong></span> <span class='ocrx_word' id='word_1_176' title='bbox 1435 1175 1565 1244; x_wconf 93' lang='lat' dir='ltr'><strong>quidam,</strong></span> <span class='ocrx_word' id='word_1_177' title='bbox 1580 1174 1667 1230; x_wconf 80' lang='lat' dir='ltr'><strong>n&#39;ttit</strong></span> <span class='ocrx_word' id='word_1_178' title='bbox 1675 1175 1825 1244; x_wconf 78' lang='lat' dir='ltr'><strong>ittasame</strong></span> 
     </span>
     <span class='ocr_line' id='line_1_28' title="bbox 972 1261 1824 1334; baseline 0.007 -20"><span class='ocrx_word' id='word_1_179' title='bbox 972 1261 1119 1316; x_wconf 73' lang='lat' dir='ltr'><strong>caelestiae</strong></span> <span class='ocrx_word' id='word_1_180' title='bbox 1146 1278 1207 1334; x_wconf 79' lang='lat' dir='ltr'><strong>qua</strong></span> <span class='ocrx_word' id='word_1_181' title='bbox 1230 1265 1411 1332; x_wconf 72' lang='lat' dir='ltr'><strong>extorquetur</strong></span> <span class='ocrx_word' id='word_1_182' title='bbox 1442 1263 1542 1331; x_wconf 82' lang='lat' dir='ltr'><strong>inrilo,</strong></span> <span class='ocrx_word' id='word_1_183' title='bbox 1577 1277 1651 1334; x_wconf 85' lang='lat' dir='ltr'><strong>quas</strong></span> <span class='ocrx_word' id='word_1_184' title='bbox 1683 1265 1824 1320; x_wconf 84' lang='lat' dir='ltr'><strong>torsiones</strong></span> 
     </span>
     <span class='ocr_line' id='line_1_29' title="bbox 973 1350 1823 1422; baseline 0.004 -18"><span class='ocrx_word' id='word_1_185' title='bbox 973 1350 1142 1407; x_wconf 90' lang='lat' dir='ltr'><strong>astimamus</strong></span> <span class='ocrx_word' id='word_1_186' title='bbox 1172 1365 1280 1421; x_wconf 91' lang='lat' dir='ltr'><strong>passos,</strong></span> <span class='ocrx_word' id='word_1_187' title='bbox 1302 1352 1410 1422; x_wconf 93' lang='lat' dir='ltr'><strong>quibus</strong></span> <span class='ocrx_word' id='word_1_188' title='bbox 1435 1352 1570 1408; x_wconf 88' lang='lat' dir='ltr'><strong>continue</strong></span> <span class='ocrx_word' id='word_1_189' title='bbox 1588 1352 1728 1408; x_wconf 89' lang='lat' dir='ltr'><strong>crucibus</strong></span> <span class='ocrx_word' id='word_1_190' title='bbox 1742 1353 1823 1409; x_wconf 91' lang='lat' dir='ltr'><strong>addi-</strong></span> 
     </span>
     <span class='ocr_line' id='line_1_30' title="bbox 972 1440 1820 1511; baseline 0 -17"><span class='ocrx_word' id='word_1_191' title='bbox 972 1446 1040 1505; x_wconf 92' lang='lat' dir='ltr'><strong>ctos,</strong></span> <span class='ocrx_word' id='word_1_192' title='bbox 1057 1440 1107 1508; x_wconf 92' lang='lat' dir='ltr'><strong>qui</strong></span> <span class='ocrx_word' id='word_1_193' title='bbox 1131 1440 1212 1495; x_wconf 91' lang='lat' dir='ltr'><strong>nulla</strong></span> <span class='ocrx_word' id='word_1_194' title='bbox 1227 1453 1274 1509; x_wconf 92' lang='lat' dir='ltr'><strong>spe</strong></span> <span class='ocrx_word' id='word_1_195' title='bbox 1290 1440 1326 1495; x_wconf 91' lang='lat' dir='ltr'><strong>ad</strong></span> <span class='ocrx_word' id='word_1_196' title='bbox 1352 1440 1508 1505; x_wconf 92' lang='lat' dir='ltr'><strong>modicum,</strong></span> <span class='ocrx_word' id='word_1_197' title='bbox 1527 1440 1570 1495; x_wconf 85' lang='lat' dir='ltr'><strong>rel</strong></span> <span class='ocrx_word' id='word_1_198' title='bbox 1592 1440 1674 1504; x_wconf 88' lang='lat' dir='ltr'><strong>laisa,</strong></span> <span class='ocrx_word' id='word_1_199' title='bbox 1692 1440 1820 1511; x_wconf 85' lang='lat' dir='ltr'><strong>relevati,</strong></span> 
     </span>
     <span class='ocr_line' id='line_1_31' title="bbox 973 1525 1821 1597; baseline 0.007 -17"><span class='ocrx_word' id='word_1_200' title='bbox 973 1525 1028 1580; x_wconf 91' lang='lat' dir='ltr'><strong>illis</strong></span> <span class='ocrx_word' id='word_1_201' title='bbox 1056 1540 1122 1582; x_wconf 89' lang='lat' dir='ltr'><strong>vere</strong></span> <span class='ocrx_word' id='word_1_202' title='bbox 1146 1527 1421 1597; x_wconf 75' lang='lat' dir='ltr'><strong>inexpugnabilibus</strong></span> <span class='ocrx_word' id='word_1_203' title='bbox 1450 1528 1541 1583; x_wconf 89' lang='lat' dir='ltr'><strong>muris</strong></span> <span class='ocrx_word' id='word_1_204' title='bbox 1568 1528 1821 1597; x_wconf 90' lang='lat' dir='ltr'><strong>quotidieasside-</strong></span> 
     </span>
     <span class='ocr_line' id='line_1_32' title="bbox 973 1612 1819 1684; baseline 0.004 -16"><span class='ocrx_word' id='word_1_205' title='bbox 973 1612 1062 1668; x_wconf 88' lang='lat' dir='ltr'><strong>baut‘l</strong></span> <span class='ocrx_word' id='word_1_206' title='bbox 1085 1613 1199 1684; x_wconf 89' lang='lat' dir='ltr'><strong>Vulgus</strong></span> <span class='ocrx_word' id='word_1_207' title='bbox 1213 1623 1320 1678; x_wconf 89' lang='lat' dir='ltr'><strong>autem,</strong></span> <span class='ocrx_word' id='word_1_208' title='bbox 1348 1614 1484 1684; x_wconf 90' lang='lat' dir='ltr'><strong>pauperie</strong></span> <span class='ocrx_word' id='word_1_209' title='bbox 1507 1615 1672 1670; x_wconf 90' lang='lat' dir='ltr'><strong>omnimoda</strong></span> <span class='ocrx_word' id='word_1_210' title='bbox 1687 1629 1819 1684; x_wconf 89' lang='lat' dir='ltr'><strong>exesum,</strong></span> 
     </span>
    </p>
   </div>
   <div class='ocr_carea' id='block_1_7' title="bbox 69 1672 1823 2480">
    <p class='ocr_par' dir='ltr' id='par_1_8' title="bbox 69 1672 1823 2480">
     <span class='ocr_line' id='line_1_33' title="bbox 71 1672 1819 1773; baseline 0 -14"><span class='ocrx_word' id='word_1_211' title='bbox 71 1704 216 1766; x_wconf 91' lang='lat' dir='ltr'><strong>reductos,</strong></span> <span class='ocrx_word' id='word_1_212' title='bbox 232 1708 259 1757; x_wconf 91' lang='lat' dir='ltr'><strong>et</strong></span> <span class='ocrx_word' id='word_1_213' title='bbox 274 1702 308 1757; x_wconf 92' lang='lat' dir='ltr'><strong>de</strong></span> <span class='ocrx_word' id='word_1_214' title='bbox 323 1701 384 1757; x_wconf 93' lang='lat' dir='ltr'><strong>suis</strong></span> <span class='ocrx_word' id='word_1_215' title='bbox 401 1702 584 1770; x_wconf 85' lang='lat' dir='ltr'><strong>desperantes</strong></span> <span class='ocrx_word' id='word_1_216' title='bbox 606 1700 728 1764; x_wconf 89' lang='lat' dir='ltr'><strong>viribus,</strong></span> <span class='ocrx_word' id='word_1_217' title='bbox 752 1699 788 1754; x_wconf 93' lang='lat' dir='ltr'><strong>ad</strong></span> <span class='ocrx_word' id='word_1_218' title='bbox 807 1698 856 1753; x_wconf 92' lang='lat' dir='ltr'><strong>Dei</strong></span> <span class='ocrx_word' id='word_1_219' title='bbox 872 1713 919 1753; x_wconf 92' lang='lat' dir='ltr'><strong>so-</strong></span> <span class='ocrx_word' id='word_1_220' title='bbox 938 1672 958 1725; x_wconf 72' lang='grc' dir='ltr'><strong>Β</strong></span> <span class='ocrx_word' id='word_1_221' title='bbox 974 1715 1024 1771; x_wconf 89' lang='lat' dir='ltr'><strong>per</strong></span> <span class='ocrx_word' id='word_1_222' title='bbox 1061 1701 1189 1757; x_wconf 87' lang='lat' dir='ltr'><strong>diversas</strong></span> <span class='ocrx_word' id='word_1_223' title='bbox 1212 1703 1365 1758; x_wconf 91' lang='lat' dir='ltr'><strong>oberrabat</strong></span> <span class='ocrx_word' id='word_1_224' title='bbox 1393 1702 1565 1771; x_wconf 87' lang='lat' dir='ltr'><strong>provincias.</strong></span> <span class='ocrx_word' id='word_1_225' title='bbox 1594 1703 1649 1759; x_wconf 84' lang='lat' dir='ltr'><strong>Alii</strong></span> <span class='ocrx_word' id='word_1_226' title='bbox 1681 1705 1819 1773; x_wconf 86' lang='lat' dir='ltr'><strong>Cyprum,</strong></span> 
     </span>
     <span class='ocr_line' id='line_1_34' title="bbox 71 1784 1821 1861; baseline 0.001 -15"><span class='ocrx_word' id='word_1_227' title='bbox 71 1789 127 1847; x_wconf 93' lang='lat' dir='ltr'><strong>lius</strong></span> <span class='ocrx_word' id='word_1_228' title='bbox 139 1789 312 1855; x_wconf 90' lang='lat' dir='ltr'><strong>subsidium,</strong></span> <span class='ocrx_word' id='word_1_229' title='bbox 329 1790 382 1845; x_wconf 90' lang='lat' dir='ltr'><strong>sub</strong></span> <span class='ocrx_word' id='word_1_230' title='bbox 399 1796 477 1844; x_wconf 92' lang='lat' dir='ltr'><strong>tanta</strong></span> <span class='ocrx_word' id='word_1_231' title='bbox 501 1788 625 1855; x_wconf 90' lang='lat' dir='ltr'><strong>miseria,</strong></span> <span class='ocrx_word' id='word_1_232' title='bbox 652 1786 735 1843; x_wconf 92' lang='lat' dir='ltr'><strong>unice</strong></span> <span class='ocrx_word' id='word_1_233' title='bbox 751 1784 918 1857; x_wconf 87' lang='lat' dir='ltr'><strong>praestolan-</strong></span> <span class='ocrx_word' id='word_1_234' title='bbox 972 1795 1042 1844; x_wconf 70' lang='lat' dir='ltr'><strong>dot</strong></span> <span class='ocrx_word' id='word_1_235' title='bbox 1073 1789 1241 1846; x_wconf 85' lang='lat' dir='ltr'><strong>Romaniam</strong></span> <span class='ocrx_word' id='word_1_236' title='bbox 1271 1790 1372 1861; x_wconf 91' lang='lat' dir='ltr'><strong>aliqui,</strong></span> <span class='ocrx_word' id='word_1_237' title='bbox 1392 1790 1510 1861; x_wconf 91' lang='lat' dir='ltr'><strong>quidam</strong></span> <span class='ocrx_word' id='word_1_238' title='bbox 1537 1804 1588 1860; x_wconf 88' lang='lat' dir='ltr'><strong>per</strong></span> <span class='ocrx_word' id='word_1_239' title='bbox 1608 1801 1821 1848; x_wconf 81' lang='lat' dir='ltr'><strong>montanara-</strong></span> 
     </span>
     <span class='ocr_line' id='line_1_35' title="bbox 70 1873 1822 1950; baseline 0.001 -16"><span class='ocrx_word' id='word_1_240' title='bbox 70 1879 151 1946; x_wconf 92' lang='lat' dir='ltr'><strong>dum,</strong></span> <span class='ocrx_word' id='word_1_241' title='bbox 186 1877 247 1948; x_wconf 89' lang='lat' dir='ltr'><strong>spei</strong></span> <span class='ocrx_word' id='word_1_242' title='bbox 277 1876 416 1932; x_wconf 91' lang='lat' dir='ltr'><strong>instinctu</strong></span> <span class='ocrx_word' id='word_1_243' title='bbox 450 1875 584 1942; x_wconf 90' lang='lat' dir='ltr'><strong>melioris,</strong></span> <span class='ocrx_word' id='word_1_244' title='bbox 620 1874 764 1944; x_wconf 89' lang='lat' dir='ltr'><strong>appulsos.</strong></span> <span class='ocrx_word' id='word_1_245' title='bbox 799 1873 919 1928; x_wconf 84' lang='lat' dir='ltr'><strong>Flebant</strong></span> <span class='ocrx_word' id='word_1_246' title='bbox 973 1879 1047 1947; x_wconf 92' lang='lat' dir='ltr'><strong>gari,</strong></span> <span class='ocrx_word' id='word_1_247' title='bbox 1072 1879 1167 1934; x_wconf 89' lang='lat' dir='ltr'><strong>victus</strong></span> <span class='ocrx_word' id='word_1_248' title='bbox 1196 1879 1398 1935; x_wconf 87' lang='lat' dir='ltr'><strong>insollicientia</strong></span> <span class='ocrx_word' id='word_1_249' title='bbox 1420 1888 1638 1949; x_wconf 88' lang='lat' dir='ltr'><strong>coangustante,</strong></span> <span class='ocrx_word' id='word_1_250' title='bbox 1653 1880 1713 1950; x_wconf 85' lang='lat' dir='ltr'><strong>jam</strong></span> <span class='ocrx_word' id='word_1_251' title='bbox 1737 1895 1822 1950; x_wconf 77' lang='lat' dir='ltr'><strong>crepe</strong></span> 
     </span>
     <span class='ocr_line' id='line_1_36' title="bbox 71 1963 1821 2037; baseline 0.001 -15"><span class='ocrx_word' id='word_1_252' title='bbox 71 1967 155 2037; x_wconf 91' lang='lat' dir='ltr'><strong>plane</strong></span> <span class='ocrx_word' id='word_1_253' title='bbox 179 1965 222 2021; x_wconf 91' lang='lat' dir='ltr'><strong>his</strong></span> <span class='ocrx_word' id='word_1_254' title='bbox 239 1967 298 2036; x_wconf 85' lang='lat' dir='ltr'><strong>jam</strong></span> <span class='ocrx_word' id='word_1_255' title='bbox 322 1964 498 2021; x_wconf 87' lang='lat' dir='ltr'><strong>eruditiores</strong></span> <span class='ocrx_word' id='word_1_256' title='bbox 515 1963 679 2031; x_wconf 82' lang='lat' dir='ltr'><strong>eventibus,</strong></span> <span class='ocrx_word' id='word_1_257' title='bbox 700 1970 805 2032; x_wconf 90' lang='lat' dir='ltr'><strong>utque</strong></span> <span class='ocrx_word' id='word_1_258' title='bbox 829 1964 919 2032; x_wconf 87' lang='lat' dir='ltr'><strong>magis</strong></span> <span class='ocrx_word' id='word_1_259' title='bbox 972 1975 1046 2022; x_wconf 87' lang='lat' dir='ltr'><strong>rant.</strong></span> <span class='ocrx_word' id='word_1_260' title='bbox 1065 1967 1151 2022; x_wconf 89' lang='lat' dir='ltr'><strong>Porro</strong></span> <span class='ocrx_word' id='word_1_261' title='bbox 1170 1968 1246 2023; x_wconf 91' lang='lat' dir='ltr'><strong>viam</strong></span> <span class='ocrx_word' id='word_1_262' title='bbox 1260 1967 1358 2031; x_wconf 88' lang='lat' dir='ltr'><strong>maris,</strong></span> <span class='ocrx_word' id='word_1_263' title='bbox 1374 1981 1512 2023; x_wconf 91' lang='lat' dir='ltr'><strong>occursus</strong></span> <span class='ocrx_word' id='word_1_264' title='bbox 1529 1969 1637 2037; x_wconf 92' lang='lat' dir='ltr'><strong>ubique</strong></span> <span class='ocrx_word' id='word_1_265' title='bbox 1658 1968 1821 2024; x_wconf 79' lang='lat' dir='ltr'><strong>Tuscorum</strong></span> 
     </span>
     <span class='ocr_line' id='line_1_37' title="bbox 71 2049 1822 2126; baseline 0.001 -16"><span class='ocrx_word' id='word_1_266' title='bbox 71 2068 139 2111; x_wconf 88' lang='lat' dir='ltr'><strong>suas</strong></span> <span class='ocrx_word' id='word_1_267' title='bbox 164 2054 341 2110; x_wconf 90' lang='lat' dir='ltr'><strong>attenderent</strong></span> <span class='ocrx_word' id='word_1_268' title='bbox 356 2061 406 2109; x_wconf 93' lang='lat' dir='ltr'><strong>aut</strong></span> <span class='ocrx_word' id='word_1_269' title='bbox 421 2052 517 2122; x_wconf 90' lang='lat' dir='ltr'><strong>copias</strong></span> <span class='ocrx_word' id='word_1_270' title='bbox 533 2052 695 2118; x_wconf 88' lang='lat' dir='ltr'><strong>extenuari,</strong></span> <span class='ocrx_word' id='word_1_271' title='bbox 713 2058 763 2106; x_wconf 92' lang='lat' dir='ltr'><strong>aut</strong></span> <span class='ocrx_word' id='word_1_272' title='bbox 780 2049 919 2106; x_wconf 84' lang='lat' dir='ltr'><strong>tortitudi·</strong></span> <span class='ocrx_word' id='word_1_273' title='bbox 972 2054 1070 2109; x_wconf 87' lang='lat' dir='ltr'><strong>creber</strong></span> <span class='ocrx_word' id='word_1_274' title='bbox 1082 2055 1251 2110; x_wconf 88' lang='lat' dir='ltr'><strong>occluserat.</strong></span> <span class='ocrx_word' id='word_1_275' title='bbox 1278 2055 1429 2125; x_wconf 84' lang='lat' dir='ltr'><strong>Nusquam</strong></span> <span class='ocrx_word' id='word_1_276' title='bbox 1444 2055 1569 2126; x_wconf 83' lang='lat' dir='ltr'><strong>deuique</strong></span> <span class='ocrx_word' id='word_1_277' title='bbox 1580 2056 1696 2125; x_wconf 91' lang='lat' dir='ltr'><strong>patebat</strong></span> <span class='ocrx_word' id='word_1_278' title='bbox 1716 2057 1822 2112; x_wconf 90' lang='lat' dir='ltr'><strong>uostris</strong></span> 
     </span>
     <span class='ocr_line' id='line_1_38' title="bbox 71 2139 1077 2211; baseline -0.004 -12"><span class='ocrx_word' id='word_1_279' title='bbox 71 2157 122 2199; x_wconf 91' lang='lat' dir='ltr'><strong>nes</strong></span> <span class='ocrx_word' id='word_1_280' title='bbox 136 2142 280 2211; x_wconf 87' lang='lat' dir='ltr'><strong>enervari,</strong></span> <span class='ocrx_word' id='word_1_281' title='bbox 306 2156 339 2197; x_wconf 93' lang='lat' dir='ltr'><strong>eo</strong></span> <span class='ocrx_word' id='word_1_282' title='bbox 353 2139 479 2211; x_wconf 91' lang='lat' dir='ltr'><strong>amplius</strong></span> <span class='ocrx_word' id='word_1_283' title='bbox 501 2140 537 2195; x_wconf 94' lang='lat' dir='ltr'><strong>ad</strong></span> <span class='ocrx_word' id='word_1_284' title='bbox 563 2141 664 2206; x_wconf 92' lang='lat' dir='ltr'><strong>Deum,</strong></span> <span class='ocrx_word' id='word_1_285' title='bbox 681 2139 726 2195; x_wconf 94' lang='lat' dir='ltr'><strong>cui</strong></span> <span class='ocrx_word' id='word_1_286' title='bbox 742 2139 839 2194; x_wconf 92' lang='lat' dir='ltr'><strong>omnia</strong></span> <span class='ocrx_word' id='word_1_287' title='bbox 855 2151 920 2207; x_wconf 91' lang='lat' dir='ltr'><strong>pos·</strong></span> <span class='ocrx_word' id='word_1_288' title='bbox 972 2141 1077 2197; x_wconf 91' lang='lat' dir='ltr'><strong>exitus.</strong></span> 
     </span>
     <span class='ocr_line' id='line_1_39' title="bbox 71 2225 1823 2299; baseline -0.001 -13"><span class='ocrx_word' id='word_1_289' title='bbox 71 2231 166 2286; x_wconf 91' lang='lat' dir='ltr'><strong>sibilia</strong></span> <span class='ocrx_word' id='word_1_290' title='bbox 184 2230 341 2295; x_wconf 87' lang='lat' dir='ltr'><strong>crederent,</strong></span> <span class='ocrx_word' id='word_1_291' title='bbox 366 2229 538 2285; x_wconf 91' lang='lat' dir='ltr'><strong>docerentur</strong></span> <span class='ocrx_word' id='word_1_292' title='bbox 552 2229 647 2284; x_wconf 91' lang='lat' dir='ltr'><strong>debita</strong></span> <span class='ocrx_word' id='word_1_293' title='bbox 668 2225 830 2282; x_wconf 91' lang='lat' dir='ltr'><strong>humilitate</strong></span> <span class='ocrx_word' id='word_1_294' title='bbox 853 2226 920 2281; x_wconf 86' lang='lat' dir='ltr'><strong>sub</strong></span> <span class='ocrx_word' id='word_1_295' title='bbox 1009 2227 1103 2299; x_wconf 73' lang='lat' dir='ltr'><strong>lxiii.</strong></span> <span class='ocrx_word' id='word_1_296' title='bbox 1120 2228 1247 2285; x_wconf 81' lang='lat' dir='ltr'><strong>Audiens</strong></span> <span class='ocrx_word' id='word_1_297' title='bbox 1259 2228 1566 2289; x_wconf 77' lang='lat' dir='ltr'><strong>interealtoemundus</strong></span> <span class='ocrx_word' id='word_1_298' title='bbox 1579 2227 1823 2284; x_wconf 85' lang='lat' dir='ltr'><strong>innumera&#39;l&#39;ur-</strong></span> 
     </span>
     <span class='ocr_line' id='line_1_40' title="bbox 69 2317 1820 2391; baseline -0.002 -18"><span class='ocrx_word' id='word_1_299' title='bbox 69 2319 129 2391; x_wconf 89' lang='lat' dir='ltr'><strong>jici.</strong></span> <span class='ocrx_word' id='word_1_300' title='bbox 972 2330 1073 2372; x_wconf 92' lang='lat' dir='ltr'><strong>corum</strong></span> <span class='ocrx_word' id='word_1_301' title='bbox 1096 2317 1214 2386; x_wconf 90' lang='lat' dir='ltr'><strong>agmina</strong></span> <span class='ocrx_word' id='word_1_302' title='bbox 1246 2324 1411 2373; x_wconf 89' lang='lat' dir='ltr'><strong>nostrorum</strong></span> <span class='ocrx_word' id='word_1_303' title='bbox 1441 2317 1675 2387; x_wconf 85' lang='lat' dir='ltr'><strong>supervenientia</strong></span> <span class='ocrx_word' id='word_1_304' title='bbox 1706 2318 1820 2382; x_wconf 89' lang='lat' dir='ltr'><strong>castris,</strong></span> 
     </span>
     <span class='ocr_line' id='line_1_41' title="bbox 108 2402 1822 2480; baseline -0.002 -17"><span class='ocrx_word' id='word_1_305' title='bbox 108 2406 167 2480; x_wconf 61' lang='lat' dir='ltr'><strong>[ih]</strong></span> <span class='ocrx_word' id='word_1_306' title='bbox 197 2408 346 2470; x_wconf 78' lang='lat' dir='ltr'><strong>Praeterea,</strong></span> <span class='ocrx_word' id='word_1_307' title='bbox 366 2405 483 2475; x_wconf 90' lang='lat' dir='ltr'><strong>quidam</strong></span> <span class='ocrx_word' id='word_1_308' title='bbox 509 2418 626 2475; x_wconf 91' lang='lat' dir='ltr'><strong>quoque</strong></span> <span class='ocrx_word' id='word_1_309' title='bbox 656 2418 692 2459; x_wconf 90' lang='lat' dir='ltr'><strong>ex</strong></span> <span class='ocrx_word' id='word_1_310' title='bbox 720 2402 830 2474; x_wconf 89' lang='lat' dir='ltr'><strong>legatis,</strong></span> <span class='ocrx_word' id='word_1_311' title='bbox 864 2402 917 2457; x_wconf 91' lang='lat' dir='ltr'><strong>nisi</strong></span> <span class='ocrx_word' id='word_1_312' title='bbox 973 2404 1202 2474; x_wconf 91' lang='lat' dir='ltr'><strong>principesalios</strong></span> <span class='ocrx_word' id='word_1_313' title='bbox 1221 2407 1400 2476; x_wconf 92' lang='lat' dir='ltr'><strong>aggreditur,</strong></span> <span class='ocrx_word' id='word_1_314' title='bbox 1421 2406 1536 2461; x_wconf 90' lang='lat' dir='ltr'><strong>dicens:</strong></span> <span class='ocrx_word' id='word_1_315' title='bbox 1555 2405 1822 2475; x_wconf 83' lang='lat' dir='ltr'><strong>«Cumtantajam</strong></span> 
     </span>
    </p>
   </div>
   <div class='ocr_carea' id='block_1_8' title="bbox 71 2490 1823 3018">
    <p class='ocr_par' dir='ltr' id='par_1_9' title="bbox 71 2490 1823 3018">
     <span class='ocr_line' id='line_1_42' title="bbox 71 2490 1823 2564; baseline -0.002 -14"><span class='ocrx_word' id='word_1_316' title='bbox 71 2493 162 2556; x_wconf 88' lang='lat' dir='ltr'><strong>latior,</strong></span> <span class='ocrx_word' id='word_1_317' title='bbox 179 2493 321 2564; x_wconf 86' lang='lat' dir='ltr'><strong>tyrannici</strong></span> <span class='ocrx_word' id='word_1_318' title='bbox 341 2490 532 2561; x_wconf 87' lang='lat' dir='ltr'><strong>imperatoris,</strong></span> <span class='ocrx_word' id='word_1_319' title='bbox 548 2491 729 2561; x_wconf 82' lang='lat' dir='ltr'><strong>quiTetigus</strong></span> <span class='ocrx_word' id='word_1_320' title='bbox 749 2490 917 2557; x_wconf 90' lang='lat' dir='ltr'><strong>vocabatur,</strong></span> <span class='ocrx_word' id='word_1_321' title='bbox 973 2495 1061 2550; x_wconf 90' lang='lat' dir='ltr'><strong>nostri</strong></span> <span class='ocrx_word' id='word_1_322' title='bbox 1091 2495 1220 2564; x_wconf 91' lang='lat' dir='ltr'><strong>paucitas</strong></span> <span class='ocrx_word' id='word_1_323' title='bbox 1247 2495 1390 2549; x_wconf 91' lang='lat' dir='ltr'><strong>exercitus</strong></span> <span class='ocrx_word' id='word_1_324' title='bbox 1416 2494 1569 2557; x_wconf 91' lang='lat' dir='ltr'><strong>habeatur,</strong></span> <span class='ocrx_word' id='word_1_325' title='bbox 1594 2501 1627 2549; x_wconf 89' lang='lat' dir='ltr'><strong>ut</strong></span> <span class='ocrx_word' id='word_1_326' title='bbox 1654 2493 1706 2549; x_wconf 92' lang='lat' dir='ltr'><strong>uni</strong></span> <span class='ocrx_word' id='word_1_327' title='bbox 1737 2492 1823 2549; x_wconf 88' lang='lat' dir='ltr'><strong>cond-</strong></span> 
     </span>
     <span class='ocr_line' id='line_1_43' title="bbox 71 2579 1820 2654; baseline -0.001 -15"><span class='ocrx_word' id='word_1_328' title='bbox 71 2592 100 2639; x_wconf 91' lang='lat' dir='ltr'><strong>et</strong></span> <span class='ocrx_word' id='word_1_329' title='bbox 121 2582 161 2638; x_wconf 92' lang='lat' dir='ltr'><strong>illi</strong></span> <span class='ocrx_word' id='word_1_330' title='bbox 183 2581 325 2638; x_wconf 92' lang='lat' dir='ltr'><strong>obsidioni</strong></span> <span class='ocrx_word' id='word_1_331' title='bbox 346 2581 492 2646; x_wconf 89' lang='lat' dir='ltr'><strong>intererat,</strong></span> <span class='ocrx_word' id='word_1_332' title='bbox 511 2580 556 2635; x_wconf 86' lang='lat' dir='ltr'><strong>vir</strong></span> <span class='ocrx_word' id='word_1_333' title='bbox 574 2579 717 2651; x_wconf 91' lang='lat' dir='ltr'><strong>siquidem</strong></span> <span class='ocrx_word' id='word_1_334' title='bbox 733 2579 831 2650; x_wconf 88' lang='lat' dir='ltr'><strong>gravis</strong></span> <span class='ocrx_word' id='word_1_335' title='bbox 845 2592 918 2645; x_wconf 80' lang='lat' dir='ltr'><strong>aevo,</strong></span> <span class='ocrx_word' id='word_1_336' title='bbox 973 2583 1071 2640; x_wconf 87' lang='lat' dir='ltr'><strong>ciendo</strong></span> <span class='ocrx_word' id='word_1_337' title='bbox 1087 2583 1235 2638; x_wconf 89' lang='lat' dir='ltr'><strong>certamini</strong></span> <span class='ocrx_word' id='word_1_338' title='bbox 1249 2583 1343 2638; x_wconf 90' lang='lat' dir='ltr'><strong>tenuis</strong></span> <span class='ocrx_word' id='word_1_339' title='bbox 1355 2584 1415 2654; x_wconf 86' lang='lat' dir='ltr'><strong>jam</strong></span> <span class='ocrx_word' id='word_1_340' title='bbox 1433 2597 1466 2638; x_wconf 90' lang='lat' dir='ltr'><strong>ac</strong></span> <span class='ocrx_word' id='word_1_341' title='bbox 1480 2581 1658 2639; x_wconf 86' lang='lat' dir='ltr'><strong>insolliciens</strong></span> <span class='ocrx_word' id='word_1_342' title='bbox 1673 2582 1820 2649; x_wconf 88' lang='lat' dir='ltr'><strong>videatur,</strong></span> 
     </span>
     <span class='ocr_line' id='line_1_44' title="bbox 71 2666 1822 2741; baseline 0.003 -20"><span class='ocrx_word' id='word_1_343' title='bbox 71 2671 117 2727; x_wconf 82' lang='lat' dir='ltr'><strong>sed</strong></span> <span class='ocrx_word' id='word_1_344' title='bbox 148 2685 227 2738; x_wconf 82' lang='lat' dir='ltr'><strong>naso,</strong></span> <span class='ocrx_word' id='word_1_345' title='bbox 259 2683 319 2740; x_wconf 92' lang='lat' dir='ltr'><strong>qua</strong></span> <span class='ocrx_word' id='word_1_346' title='bbox 352 2669 446 2724; x_wconf 89' lang='lat' dir='ltr'><strong>nescio</strong></span> <span class='ocrx_word' id='word_1_347' title='bbox 469 2668 627 2735; x_wconf 87' lang='lat' dir='ltr'><strong>occasione,</strong></span> <span class='ocrx_word' id='word_1_348' title='bbox 654 2668 757 2735; x_wconf 92' lang='lat' dir='ltr'><strong>deciso,</strong></span> <span class='ocrx_word' id='word_1_349' title='bbox 783 2674 810 2723; x_wconf 86' lang='lat' dir='ltr'><strong>ei</strong></span> <span class='ocrx_word' id='word_1_350' title='bbox 838 2666 873 2722; x_wconf 90' lang='lat' dir='ltr'><strong>ob</strong></span> <span class='ocrx_word' id='word_1_351' title='bbox 891 2666 918 2721; x_wconf 86' lang='lat' dir='ltr'><strong>id</strong></span> <span class='ocrx_word' id='word_1_352' title='bbox 973 2672 1082 2727; x_wconf 90' lang='lat' dir='ltr'><strong>nedum</strong></span> <span class='ocrx_word' id='word_1_353' title='bbox 1112 2671 1147 2726; x_wconf 91' lang='lat' dir='ltr'><strong>ad</strong></span> <span class='ocrx_word' id='word_1_354' title='bbox 1172 2671 1229 2726; x_wconf 87' lang='lat' dir='ltr'><strong>dtto</strong></span> <span class='ocrx_word' id='word_1_355' title='bbox 1242 2671 1403 2726; x_wconf 87' lang='lat' dir='ltr'><strong>exercenda</strong></span> <span class='ocrx_word' id='word_1_356' title='bbox 1423 2670 1522 2741; x_wconf 82' lang='lat' dir='ltr'><strong>praelia</strong></span> <span class='ocrx_word' id='word_1_357' title='bbox 1543 2669 1675 2725; x_wconf 86' lang='lat' dir='ltr'><strong>bilariam</strong></span> <span class='ocrx_word' id='word_1_358' title='bbox 1698 2670 1822 2741; x_wconf 85' lang='lat' dir='ltr'><strong>dispare</strong></span> 
     </span>
     <span class='ocr_line' id='line_1_45' title="bbox 72 2754 1821 2829; baseline -0.001 -14"><span class='ocrx_word' id='word_1_359' title='bbox 72 2767 155 2815; x_wconf 90' lang='lat' dir='ltr'><strong>utens</strong></span> <span class='ocrx_word' id='word_1_360' title='bbox 184 2771 282 2813; x_wconf 88' lang='lat' dir='ltr'><strong>aureo.</strong></span> <span class='ocrx_word' id='word_1_361' title='bbox 308 2758 382 2813; x_wconf 85' lang='lat' dir='ltr'><strong>ilinc</strong></span> <span class='ocrx_word' id='word_1_362' title='bbox 398 2757 499 2812; x_wconf 91' lang='lat' dir='ltr'><strong>timore</strong></span> <span class='ocrx_word' id='word_1_363' title='bbox 515 2756 675 2811; x_wconf 83' lang='lat' dir='ltr'><strong>Turcorum</strong></span> <span class='ocrx_word' id='word_1_364' title='bbox 698 2763 824 2818; x_wconf 89' lang='lat' dir='ltr'><strong>coaetus,</strong></span> <span class='ocrx_word' id='word_1_365' title='bbox 841 2754 919 2810; x_wconf 91' lang='lat' dir='ltr'><strong>illinc</strong></span> <span class='ocrx_word' id='word_1_366' title='bbox 973 2768 1031 2828; x_wconf 82' lang='lat' dir='ltr'><strong>tur,</strong></span> <span class='ocrx_word' id='word_1_367' title='bbox 1048 2761 1262 2816; x_wconf 81' lang='lat' dir='ltr'><strong>retractandum</strong></span> <span class='ocrx_word' id='word_1_368' title='bbox 1286 2759 1369 2815; x_wconf 91' lang='lat' dir='ltr'><strong>nobis</strong></span> <span class='ocrx_word' id='word_1_369' title='bbox 1382 2768 1433 2827; x_wconf 91' lang='lat' dir='ltr'><strong>est,</strong></span> <span class='ocrx_word' id='word_1_370' title='bbox 1450 2761 1473 2814; x_wconf 92' lang='lat' dir='ltr'><strong>si</strong></span> <span class='ocrx_word' id='word_1_371' title='bbox 1495 2772 1512 2814; x_wconf 92' lang='lat' dir='ltr'><strong>a</strong></span> <span class='ocrx_word' id='word_1_372' title='bbox 1533 2759 1625 2826; x_wconf 93' lang='lat' dir='ltr'><strong>nobis,</strong></span> <span class='ocrx_word' id='word_1_373' title='bbox 1648 2759 1821 2829; x_wconf 89' lang='lat' dir='ltr'><strong>cumquali·</strong></span> 
     </span>
     <span class='ocr_line' id='line_1_46' title="bbox 75 2841 1819 2918; baseline 0.001 -16"><span class='ocrx_word' id='word_1_374' title='bbox 75 2846 156 2902; x_wconf 83' lang='lat' dir='ltr'><strong>lamis</strong></span> <span class='ocrx_word' id='word_1_375' title='bbox 170 2845 297 2915; x_wconf 88' lang='lat' dir='ltr'><strong>periculo</strong></span> <span class='ocrx_word' id='word_1_376' title='bbox 312 2851 484 2906; x_wconf 83' lang='lat' dir='ltr'><strong>coarctatus,</strong></span> <span class='ocrx_word' id='word_1_377' title='bbox 501 2842 591 2898; x_wconf 78' lang='lat' dir='ltr'><strong>multa</strong></span> <span class='ocrx_word' id='word_1_378' title='bbox 608 2841 823 2897; x_wconf 79' lang='lat' dir='ltr'><strong>mendaclOrum</strong></span> <span class='ocrx_word' id='word_1_379' title='bbox 838 2855 919 2897; x_wconf 83' lang='lat' dir='ltr'><strong>c0or·</strong></span> <span class='ocrx_word' id='word_1_380' title='bbox 973 2863 1089 2918; x_wconf 91' lang='lat' dir='ltr'><strong>cunque</strong></span> <span class='ocrx_word' id='word_1_381' title='bbox 1103 2848 1243 2910; x_wconf 88' lang='lat' dir='ltr'><strong>exercitu,</strong></span> <span class='ocrx_word' id='word_1_382' title='bbox 1257 2847 1359 2903; x_wconf 88' lang='lat' dir='ltr'><strong>Turcis</strong></span> <span class='ocrx_word' id='word_1_383' title='bbox 1373 2848 1486 2903; x_wconf 89' lang='lat' dir='ltr'><strong>obviam</strong></span> <span class='ocrx_word' id='word_1_384' title='bbox 1510 2847 1743 2918; x_wconf 89' lang='lat' dir='ltr'><strong>ingredientibus</strong></span> <span class='ocrx_word' id='word_1_385' title='bbox 1753 2849 1819 2913; x_wconf 89' lang='lat' dir='ltr'><strong>itur,</strong></span> 
     </span>
     <span class='ocr_line' id='line_1_47' title="bbox 77 2931 1821 3018; baseline 0 -28"><span class='ocrx_word' id='word_1_386' title='bbox 77 2934 193 2990; x_wconf 91' lang='lat' dir='ltr'><strong>natione</strong></span> <span class='ocrx_word' id='word_1_387' title='bbox 218 2933 332 3004; x_wconf 89' lang='lat' dir='ltr'><strong>politus.</strong></span> <span class='ocrx_word' id='word_1_388' title='bbox 369 2932 495 2988; x_wconf 92' lang='lat' dir='ltr'><strong>seniores</strong></span> <span class='ocrx_word' id='word_1_389' title='bbox 525 2931 677 2987; x_wconf 89' lang='lat' dir='ltr'><strong>adoritur:</strong></span> <span class='ocrx_word' id='word_1_390' title='bbox 702 2952 716 2979; x_wconf 90' lang='lat'>«</span> <span class='ocrx_word' id='word_1_391' title='bbox 739 2931 881 2998; x_wconf 89' lang='lat' dir='ltr'><strong>Vestram,</strong></span> <span class='ocrx_word' id='word_1_392' title='bbox 903 2945 919 2986; x_wconf 95' lang='lat' dir='ltr'><strong>o</strong></span> <span class='ocrx_word' id='word_1_393' title='bbox 938 2937 1040 3018; x_wconf 63' lang='lat' dir='ltr'><strong>equis</strong></span> <span class='ocrx_word' id='word_1_394' title='bbox 1063 2936 1132 2992; x_wconf 92' lang='lat' dir='ltr'><strong>huic</strong></span> <span class='ocrx_word' id='word_1_395' title='bbox 1155 2936 1263 2991; x_wconf 83' lang='lat' dir='ltr'><strong>civitati</strong></span> <span class='ocrx_word' id='word_1_396' title='bbox 1301 2935 1426 2992; x_wconf 90' lang='lat' dir='ltr'><strong>obsideri</strong></span> <span class='ocrx_word' id='word_1_397' title='bbox 1449 2942 1547 3004; x_wconf 79' lang='lat' dir='ltr'><strong>coeptae</strong></span> <span class='ocrx_word' id='word_1_398' title='bbox 1573 2936 1764 3007; x_wconf 86' lang='lat' dir='ltr'><strong>impugnator</strong></span> <span class='ocrx_word' id='word_1_399' title='bbox 1783 2937 1821 2990; x_wconf 93' lang='lat' dir='ltr'><strong>in·</strong></span> 
     </span>
    </p>
   </div>
   <div class='ocr_carea' id='block_1_9' title="bbox 32 3019 920 4239">
    <p class='ocr_par' dir='ltr' id='par_1_10' title="bbox 32 3019 920 4239">
     <span class='ocr_line' id='line_1_48' title="bbox 77 3019 919 3093; baseline -0.006 -14"><span class='ocrx_word' id='word_1_400' title='bbox 77 3022 176 3093; x_wconf 92' lang='lat' dir='ltr'><strong>optimi</strong></span> <span class='ocrx_word' id='word_1_401' title='bbox 203 3022 300 3088; x_wconf 74' lang='lat' dir='ltr'><strong>duces</strong></span> <span class='ocrx_word' id='word_1_402' title='bbox 324 3020 522 3076; x_wconf 89' lang='lat' dir='ltr'><strong>excellentiam</strong></span> <span class='ocrx_word' id='word_1_403' title='bbox 544 3019 663 3091; x_wconf 90' lang='lat' dir='ltr'><strong>grandis</strong></span> <span class='ocrx_word' id='word_1_404' title='bbox 688 3019 763 3090; x_wconf 85' lang='lat' dir='ltr'><strong>cogit</strong></span> <span class='ocrx_word' id='word_1_405' title='bbox 780 3020 852 3074; x_wconf 90' lang='lat' dir='ltr'><strong>scire</strong></span> <span class='ocrx_word' id='word_1_406' title='bbox 875 3033 919 3074; x_wconf 84' lang='lat' dir='ltr'><strong>ne</strong></span> 
     </span>
     <span class='ocr_line' id='line_1_49' title="bbox 71 3107 917 3180; baseline -0.007 -13"><span class='ocrx_word' id='word_1_407' title='bbox 71 3110 188 3167; x_wconf 90' lang='lat' dir='ltr'><strong>cessitas</strong></span> <span class='ocrx_word' id='word_1_408' title='bbox 199 3111 317 3180; x_wconf 92' lang='lat' dir='ltr'><strong>quantis</strong></span> <span class='ocrx_word' id='word_1_409' title='bbox 343 3109 418 3165; x_wconf 88' lang='lat' dir='ltr'><strong>intra</strong></span> <span class='ocrx_word' id='word_1_410' title='bbox 435 3124 486 3164; x_wconf 90' lang='lat' dir='ltr'><strong>nos</strong></span> <span class='ocrx_word' id='word_1_411' title='bbox 500 3107 695 3164; x_wconf 86' lang='lat' dir='ltr'><strong>anxietatibus</strong></span> <span class='ocrx_word' id='word_1_412' title='bbox 710 3107 917 3176; x_wconf 88' lang='lat' dir='ltr'><strong>deprimamur,</strong></span> 
     </span>
     <span class='ocr_line' id='line_1_50' title="bbox 72 3197 918 3270; baseline -0.006 -15"><span class='ocrx_word' id='word_1_413' title='bbox 72 3200 190 3270; x_wconf 89' lang='lat' dir='ltr'><strong>quantis</strong></span> <span class='ocrx_word' id='word_1_414' title='bbox 204 3200 290 3255; x_wconf 91' lang='lat' dir='ltr'><strong>etiam</strong></span> <span class='ocrx_word' id='word_1_415' title='bbox 309 3206 392 3254; x_wconf 89' lang='lat' dir='ltr'><strong>extra</strong></span> <span class='ocrx_word' id='word_1_416' title='bbox 412 3197 570 3254; x_wconf 89' lang='lat' dir='ltr'><strong>terroribus</strong></span> <span class='ocrx_word' id='word_1_417' title='bbox 584 3198 777 3253; x_wconf 80' lang='lat' dir='ltr'><strong>stimulemur.</strong></span> <span class='ocrx_word' id='word_1_418' title='bbox 804 3197 918 3251; x_wconf 88' lang='lat' dir='ltr'><strong>Etcum</strong></span> 
     </span>
     <span class='ocr_line' id='line_1_51' title="bbox 71 3283 920 3357; baseline -0.006 -13"><span class='ocrx_word' id='word_1_419' title='bbox 71 3288 141 3344; x_wconf 87' lang='lat' dir='ltr'><strong>loris</strong></span> <span class='ocrx_word' id='word_1_420' title='bbox 159 3287 323 3343; x_wconf 86' lang='lat' dir='ltr'><strong>habeantur</strong></span> <span class='ocrx_word' id='word_1_421' title='bbox 342 3301 457 3357; x_wconf 85' lang='lat' dir='ltr'><strong>pugnae,</strong></span> <span class='ocrx_word' id='word_1_422' title='bbox 484 3286 562 3342; x_wconf 90' lang='lat' dir='ltr'><strong>intus</strong></span> <span class='ocrx_word' id='word_1_423' title='bbox 589 3286 674 3341; x_wconf 91' lang='lat' dir='ltr'><strong>lamis</strong></span> <span class='ocrx_word' id='word_1_424' title='bbox 699 3299 755 3340; x_wconf 93' lang='lat' dir='ltr'><strong>non</strong></span> <span class='ocrx_word' id='word_1_425' title='bbox 783 3283 920 3340; x_wconf 88' lang='lat' dir='ltr'><strong>desistant</strong></span> 
     </span>
     <span class='ocr_line' id='line_1_52' title="bbox 70 3375 919 3444; baseline -0.007 -11"><span class='ocrx_word' id='word_1_426' title='bbox 70 3391 123 3433; x_wconf 91' lang='lat' dir='ltr'><strong>nos</strong></span> <span class='ocrx_word' id='word_1_427' title='bbox 137 3377 306 3433; x_wconf 83' lang='lat' dir='ltr'><strong>excruciare</strong></span> <span class='ocrx_word' id='word_1_428' title='bbox 321 3375 441 3442; x_wconf 90' lang='lat' dir='ltr'><strong>dolores,</strong></span> <span class='ocrx_word' id='word_1_429' title='bbox 462 3375 576 3430; x_wconf 92' lang='lat' dir='ltr'><strong>nullum</strong></span> <span class='ocrx_word' id='word_1_430' title='bbox 598 3386 809 3444; x_wconf 82' lang='lat' dir='ltr'><strong>usquequaque</strong></span> <span class='ocrx_word' id='word_1_431' title='bbox 824 3380 919 3442; x_wconf 91' lang='lat' dir='ltr'><strong>patere</strong></span> 
     </span>
     <span class='ocr_line' id='line_1_53' title="bbox 71 3460 919 3536; baseline -0.006 -15"><span class='ocrx_word' id='word_1_432' title='bbox 71 3466 186 3521; x_wconf 90' lang='lat' dir='ltr'><strong>videtur</strong></span> <span class='ocrx_word' id='word_1_433' title='bbox 205 3462 357 3536; x_wconf 84' lang='lat' dir='ltr'><strong>eliugium,</strong></span> <span class='ocrx_word' id='word_1_434' title='bbox 384 3462 499 3519; x_wconf 92' lang='lat' dir='ltr'><strong>nullum</strong></span> <span class='ocrx_word' id='word_1_435' title='bbox 524 3462 635 3533; x_wconf 78' lang='lat' dir='ltr'><strong>adiacet</strong></span> <span class='ocrx_word' id='word_1_436' title='bbox 659 3462 735 3532; x_wconf 93' lang='lat' dir='ltr'><strong>quod</strong></span> <span class='ocrx_word' id='word_1_437' title='bbox 762 3474 813 3516; x_wconf 91' lang='lat' dir='ltr'><strong>nos</strong></span> <span class='ocrx_word' id='word_1_438' title='bbox 834 3460 919 3516; x_wconf 83' lang='lat' dir='ltr'><strong>iaciat</strong></span> 
     </span>
     <span class='ocr_line' id='line_1_54' title="bbox 70 3549 918 3624; baseline -0.007 -15"><span class='ocrx_word' id='word_1_439' title='bbox 70 3553 212 3624; x_wconf 91' lang='lat' dir='ltr'><strong>respirare</strong></span> <span class='ocrx_word' id='word_1_440' title='bbox 232 3551 376 3608; x_wconf 90' lang='lat' dir='ltr'><strong>solatium.</strong></span> <span class='ocrx_word' id='word_1_441' title='bbox 394 3554 438 3618; x_wconf 83' lang='lat' dir='ltr'><strong>ht,</strong></span> <span class='ocrx_word' id='word_1_442' title='bbox 455 3551 477 3606; x_wconf 90' lang='lat' dir='ltr'><strong>si</strong></span> <span class='ocrx_word' id='word_1_443' title='bbox 493 3551 653 3621; x_wconf 84' lang='lat' dir='ltr'><strong>prudentiae</strong></span> <span class='ocrx_word' id='word_1_444' title='bbox 668 3557 769 3606; x_wconf 80' lang='lat' dir='ltr'><strong>vestra</strong></span> <span class='ocrx_word' id='word_1_445' title='bbox 782 3549 840 3605; x_wconf 89' lang='lat' dir='ltr'><strong>lore</strong></span> <span class='ocrx_word' id='word_1_446' title='bbox 854 3563 918 3604; x_wconf 93' lang='lat' dir='ltr'><strong>cre-</strong></span> 
     </span>
     <span class='ocr_line' id='line_1_55' title="bbox 70 3635 918 3704; baseline -0.007 -7"><span class='ocrx_word' id='word_1_447' title='bbox 70 3642 157 3697; x_wconf 90' lang='lat' dir='ltr'><strong>datur</strong></span> <span class='ocrx_word' id='word_1_448' title='bbox 187 3640 333 3704; x_wconf 90' lang='lat' dir='ltr'><strong>idoneum,</strong></span> <span class='ocrx_word' id='word_1_449' title='bbox 359 3639 444 3694; x_wconf 91' lang='lat' dir='ltr'><strong>detur</strong></span> <span class='ocrx_word' id='word_1_450' title='bbox 467 3638 538 3693; x_wconf 92' lang='lat' dir='ltr'><strong>mihi</strong></span> <span class='ocrx_word' id='word_1_451' title='bbox 571 3636 694 3693; x_wconf 79' lang='lat' dir='ltr'><strong>facultas</strong></span> <span class='ocrx_word' id='word_1_452' title='bbox 721 3636 750 3691; x_wconf 93' lang='lat' dir='ltr'><strong>in</strong></span> <span class='ocrx_word' id='word_1_453' title='bbox 771 3635 918 3693; x_wconf 78' lang='lat' dir='ltr'><strong>Romania·</strong></span> 
     </span>
     <span class='ocr_line' id='line_1_56' title="bbox 32 3725 917 3799; baseline -0.001 -19"><span class='ocrx_word' id='word_1_454' title='bbox 32 3775 36 3780; x_wconf 87' lang='lat'><strong>.</strong></span> <span class='ocrx_word' id='word_1_455' title='bbox 71 3737 165 3799; x_wconf 91' lang='lat' dir='ltr'><strong>partes</strong></span> <span class='ocrx_word' id='word_1_456' title='bbox 193 3727 291 3792; x_wconf 87' lang='lat' dir='ltr'><strong>eundi,</strong></span> <span class='ocrx_word' id='word_1_457' title='bbox 316 3734 344 3782; x_wconf 90' lang='lat' dir='ltr'><strong>et</strong></span> <span class='ocrx_word' id='word_1_458' title='bbox 366 3725 469 3782; x_wconf 90' lang='lat' dir='ltr'><strong>laciam</strong></span> <span class='ocrx_word' id='word_1_459' title='bbox 492 3725 576 3782; x_wconf 92' lang='lat' dir='ltr'><strong>istinc</strong></span> <span class='ocrx_word' id='word_1_460' title='bbox 597 3726 786 3791; x_wconf 84' lang='lat' dir='ltr'><strong>trumentum,</strong></span> <span class='ocrx_word' id='word_1_461' title='bbox 804 3725 917 3791; x_wconf 88' lang='lat' dir='ltr'><strong>vinum,</strong></span> 
     </span>
     <span class='ocr_line' id='line_1_57' title="bbox 71 3814 920 3884; baseline -0.007 -11"><span class='ocrx_word' id='word_1_462' title='bbox 71 3818 220 3884; x_wconf 87' lang='lat' dir='ltr'><strong>hordeum,</strong></span> <span class='ocrx_word' id='word_1_463' title='bbox 250 3829 376 3882; x_wconf 92' lang='lat' dir='ltr'><strong>carnem,</strong></span> <span class='ocrx_word' id='word_1_464' title='bbox 409 3814 542 3881; x_wconf 90' lang='lat' dir='ltr'><strong>larinam,</strong></span> <span class='ocrx_word' id='word_1_465' title='bbox 568 3827 743 3884; x_wconf 88' lang='lat' dir='ltr'><strong>caseumque</strong></span> <span class='ocrx_word' id='word_1_466' title='bbox 766 3820 793 3870; x_wconf 93' lang='lat' dir='ltr'><strong>et</strong></span> <span class='ocrx_word' id='word_1_467' title='bbox 816 3820 920 3869; x_wconf 75' lang='lat' dir='ltr'><strong>caetera</strong></span> 
     </span>
     <span class='ocr_line' id='line_1_58' title="bbox 71 3901 918 3972; baseline -0.006 -11"><span class='ocrx_word' id='word_1_468' title='bbox 71 3905 192 3961; x_wconf 88' lang='lat' dir='ltr'><strong>diversis</strong></span> <span class='ocrx_word' id='word_1_469' title='bbox 206 3904 308 3960; x_wconf 91' lang='lat' dir='ltr'><strong>usibus</strong></span> <span class='ocrx_word' id='word_1_470' title='bbox 326 3903 556 3959; x_wconf 82' lang='lat' dir='ltr'><strong>commodarum</strong></span> <span class='ocrx_word' id='word_1_471' title='bbox 582 3901 708 3972; x_wconf 90' lang='lat' dir='ltr'><strong>plurima</strong></span> <span class='ocrx_word' id='word_1_472' title='bbox 727 3915 761 3957; x_wconf 92' lang='lat' dir='ltr'><strong>ac</strong></span> <span class='ocrx_word' id='word_1_473' title='bbox 774 3901 918 3971; x_wconf 81' lang='lat' dir='ltr'><strong>trequenti</strong></span> 
     </span>
     <span class='ocr_line' id='line_1_59' title="bbox 70 3990 917 4061; baseline -0.007 -11"><span class='ocrx_word' id='word_1_474' title='bbox 70 3995 160 4050; x_wconf 90' lang='lat' dir='ltr'><strong>classe</strong></span> <span class='ocrx_word' id='word_1_475' title='bbox 171 3992 284 4059; x_wconf 90' lang='lat' dir='ltr'><strong>deduci,</strong></span> <span class='ocrx_word' id='word_1_476' title='bbox 299 4005 332 4047; x_wconf 91' lang='lat' dir='ltr'><strong>ac</strong></span> <span class='ocrx_word' id='word_1_477' title='bbox 351 3991 558 4047; x_wconf 88' lang='lat' dir='ltr'><strong>indesinentem</strong></span> <span class='ocrx_word' id='word_1_478' title='bbox 575 4003 761 4061; x_wconf 91' lang='lat' dir='ltr'><strong>quorumque</strong></span> <span class='ocrx_word' id='word_1_479' title='bbox 770 3990 917 4045; x_wconf 85' lang='lat' dir='ltr'><strong>renalium</strong></span> 
     </span>
     <span class='ocr_line' id='line_1_60' title="bbox 72 4077 918 4152; baseline -0.005 -15"><span class='ocrx_word' id='word_1_480' title='bbox 72 4096 122 4152; x_wconf 89' lang='lat' dir='ltr'><strong>per</strong></span> <span class='ocrx_word' id='word_1_481' title='bbox 137 4081 229 4136; x_wconf 88' lang='lat' dir='ltr'><strong>maria</strong></span> <span class='ocrx_word' id='word_1_482' title='bbox 242 4089 445 4143; x_wconf 87' lang='lat' dir='ltr'><strong>commeatum,</strong></span> <span class='ocrx_word' id='word_1_483' title='bbox 458 4077 642 4147; x_wconf 91' lang='lat' dir='ltr'><strong>imperatorio</strong></span> <span class='ocrx_word' id='word_1_484' title='bbox 656 4077 761 4147; x_wconf 89' lang='lat' dir='ltr'><strong>passim</strong></span> <span class='ocrx_word' id='word_1_485' title='bbox 772 4085 918 4147; x_wconf 83' lang='lat' dir='ltr'><strong>praeunte</strong></span> 
     </span>
     <span class='ocr_line' id='line_1_61' title="bbox 70 4164 918 4239; baseline -0.004 -15"><span class='ocrx_word' id='word_1_486' title='bbox 70 4169 161 4225; x_wconf 92' lang='lat' dir='ltr'><strong>edicto</strong></span> <span class='ocrx_word' id='word_1_487' title='bbox 175 4167 337 4239; x_wconf 91' lang='lat' dir='ltr'><strong>procurabo</strong></span> <span class='ocrx_word' id='word_1_488' title='bbox 358 4165 478 4222; x_wconf 89' lang='lat' dir='ltr'><strong>institui.</strong></span> <span class='ocrx_word' id='word_1_489' title='bbox 503 4167 663 4236; x_wconf 86' lang='lat' dir='ltr'><strong>Equorum,</strong></span> <span class='ocrx_word' id='word_1_490' title='bbox 680 4172 707 4221; x_wconf 92' lang='lat' dir='ltr'><strong>et</strong></span> <span class='ocrx_word' id='word_1_491' title='bbox 730 4164 754 4219; x_wconf 92' lang='lat' dir='ltr'><strong>si</strong></span> <span class='ocrx_word' id='word_1_492' title='bbox 769 4179 834 4236; x_wconf 85' lang='lat' dir='ltr'><strong>quae</strong></span> <span class='ocrx_word' id='word_1_493' title='bbox 849 4171 918 4221; x_wconf 92' lang='lat' dir='ltr'><strong>sunt</strong></span> 
     </span>
    </p>
   </div>
   <div class='ocr_carea' id='block_1_10' title="bbox 973 3023 1821 3447">
    <p class='ocr_par' dir='ltr' id='par_1_11' title="bbox 973 3023 1821 3447">
     <span class='ocr_line' id='line_1_62' title="bbox 973 3023 1819 3094; baseline 0 -14"><span class='ocrx_word' id='word_1_494' title='bbox 973 3026 1068 3090; x_wconf 91' lang='lat' dir='ltr'><strong>terim,</strong></span> <span class='ocrx_word' id='word_1_495' title='bbox 1094 3025 1161 3094; x_wconf 90' lang='lat' dir='ltr'><strong>quis</strong></span> <span class='ocrx_word' id='word_1_496' title='bbox 1196 3024 1449 3080; x_wconf 88' lang='lat' dir='ltr'><strong>tabernaculorum</strong></span> <span class='ocrx_word' id='word_1_497' title='bbox 1485 3030 1650 3080; x_wconf 90' lang='lat' dir='ltr'><strong>nostrorum</strong></span> <span class='ocrx_word' id='word_1_498' title='bbox 1688 3023 1819 3080; x_wconf 81' lang='lat' dir='ltr'><strong>defensor</strong></span> 
     </span>
     <span class='ocr_line' id='line_1_63' title="bbox 974 3111 1819 3183; baseline -0.002 -15"><span class='ocrx_word' id='word_1_499' title='bbox 974 3111 1170 3183; x_wconf 78' lang='lat' dir='ltr'><strong>relinquitur?</strong></span> <span class='ocrx_word' id='word_1_500' title='bbox 1187 3112 1214 3167; x_wconf 86' lang='lat' dir='ltr'><strong>Si</strong></span> <span class='ocrx_word' id='word_1_501' title='bbox 1231 3125 1300 3183; x_wconf 88' lang='lat' dir='ltr'><strong>ergo</strong></span> <span class='ocrx_word' id='word_1_502' title='bbox 1315 3120 1409 3167; x_wconf 88' lang='lat' dir='ltr'><strong>vestro</strong></span> <span class='ocrx_word' id='word_1_503' title='bbox 1433 3118 1528 3167; x_wconf 92' lang='lat' dir='ltr'><strong>ratum</strong></span> <span class='ocrx_word' id='word_1_504' title='bbox 1552 3111 1669 3167; x_wconf 86' lang='lat' dir='ltr'><strong>videtur</strong></span> <span class='ocrx_word' id='word_1_505' title='bbox 1692 3111 1819 3175; x_wconf 88' lang='lat' dir='ltr'><strong>arbitrio,</strong></span> 
     </span>
     <span class='ocr_line' id='line_1_64' title="bbox 974 3199 1819 3270; baseline 0 -14"><span class='ocrx_word' id='word_1_506' title='bbox 974 3201 1111 3257; x_wconf 90' lang='lat' dir='ltr'><strong>delectam</strong></span> <span class='ocrx_word' id='word_1_507' title='bbox 1123 3200 1297 3270; x_wconf 93' lang='lat' dir='ltr'><strong>optimorum</strong></span> <span class='ocrx_word' id='word_1_508' title='bbox 1314 3207 1423 3270; x_wconf 89' lang='lat' dir='ltr'><strong>partem</strong></span> <span class='ocrx_word' id='word_1_509' title='bbox 1446 3199 1585 3270; x_wconf 85' lang='lat' dir='ltr'><strong>peditum,</strong></span> <span class='ocrx_word' id='word_1_510' title='bbox 1608 3200 1646 3255; x_wconf 90' lang='lat' dir='ltr'><strong>ad</strong></span> <span class='ocrx_word' id='word_1_511' title='bbox 1661 3200 1819 3256; x_wconf 85' lang='lat' dir='ltr'><strong>custodiam</strong></span> 
     </span>
     <span class='ocr_line' id='line_1_65' title="bbox 974 3288 1821 3359; baseline -0.001 -14"><span class='ocrx_word' id='word_1_512' title='bbox 974 3289 1056 3345; x_wconf 86' lang='lat' dir='ltr'><strong>urbis</strong></span> <span class='ocrx_word' id='word_1_513' title='bbox 1070 3289 1247 3345; x_wconf 90' lang='lat' dir='ltr'><strong>destinemus</strong></span> <span class='ocrx_word' id='word_1_514' title='bbox 1272 3288 1408 3358; x_wconf 77' lang='lat' dir='ltr'><strong>obsessae3</strong></span> <span class='ocrx_word' id='word_1_515' title='bbox 1433 3288 1545 3359; x_wconf 90' lang='lat' dir='ltr'><strong>equites</strong></span> <span class='ocrx_word' id='word_1_516' title='bbox 1559 3302 1638 3355; x_wconf 86' lang='lat' dir='ltr'><strong>vero,</strong></span> <span class='ocrx_word' id='word_1_517' title='bbox 1654 3289 1742 3358; x_wconf 92' lang='lat' dir='ltr'><strong>quasi</strong></span> <span class='ocrx_word' id='word_1_518' title='bbox 1764 3288 1821 3344; x_wconf 88' lang='lat' dir='ltr'><strong>lor-</strong></span> 
     </span>
     <span class='ocr_line' id='line_1_66' title="bbox 973 3375 1821 3447; baseline 0.004 -17"><span class='ocrx_word' id='word_1_519' title='bbox 973 3375 1068 3442; x_wconf 91' lang='lat' dir='ltr'><strong>tiores,</strong></span> <span class='ocrx_word' id='word_1_520' title='bbox 1091 3377 1251 3432; x_wconf 74' lang='lat' dir='ltr'><strong>lurcorum</strong></span> <span class='ocrx_word' id='word_1_521' title='bbox 1282 3377 1400 3432; x_wconf 81' lang='lat' dir='ltr'><strong>insaniae</strong></span> <span class='ocrx_word' id='word_1_522' title='bbox 1426 3377 1586 3447; x_wconf 83' lang='lat' dir='ltr'><strong>comparari</strong></span> <span class='ocrx_word' id='word_1_523' title='bbox 1608 3376 1715 3434; x_wconf 90' lang='lat' dir='ltr'><strong>debere</strong></span> <span class='ocrx_word' id='word_1_524' title='bbox 1730 3391 1821 3433; x_wconf 81' lang='lat' dir='ltr'><strong>oense</strong></span> 
     </span>
    </p>
   </div>
   <div class='ocr_carea' id='block_1_11' title="bbox 972 3465 1821 3605">
    <p class='ocr_par' dir='ltr' id='par_1_12' title="bbox 972 3465 1821 3605">
     <span class='ocr_line' id='line_1_67' title="bbox 973 3465 1821 3536; baseline 0.002 -16"><span class='ocrx_word' id='word_1_525' title='bbox 973 3477 1048 3520; x_wconf 90' lang='lat' dir='ltr'><strong>mus.</strong></span> <span class='ocrx_word' id='word_1_526' title='bbox 1069 3486 1080 3514; x_wconf 74' lang='grc' dir='ltr'><strong><em>ι</em></strong></span> <span class='ocrx_word' id='word_1_527' title='bbox 1096 3467 1224 3531; x_wconf 84' lang='lat' dir='ltr'><strong>Dixerat,</strong></span> <span class='ocrx_word' id='word_1_528' title='bbox 1236 3473 1264 3521; x_wconf 91' lang='lat' dir='ltr'><strong>et</strong></span> <span class='ocrx_word' id='word_1_529' title='bbox 1278 3466 1349 3522; x_wconf 89' lang='lat' dir='ltr'><strong>nulli</strong></span> <span class='ocrx_word' id='word_1_530' title='bbox 1365 3466 1531 3536; x_wconf 93' lang='lat' dir='ltr'><strong>principum</strong></span> <span class='ocrx_word' id='word_1_531' title='bbox 1544 3466 1580 3521; x_wconf 94' lang='lat' dir='ltr'><strong>ab</strong></span> <span class='ocrx_word' id='word_1_532' title='bbox 1589 3466 1653 3535; x_wconf 87' lang='lat' dir='ltr'><strong>ejus</strong></span> <span class='ocrx_word' id='word_1_533' title='bbox 1665 3465 1821 3523; x_wconf 87' lang='lat' dir='ltr'><strong>dissensero</strong></span> 
     </span>
     <span class='ocr_line' id='line_1_68' title="bbox 972 3547 1100 3605; baseline -0.008 -1"><span class='ocrx_word' id='word_1_534' title='bbox 972 3547 1100 3605; x_wconf 90' lang='lat' dir='ltr'><strong>consilio.</strong></span> 
     </span>
    </p>
   </div>
   <div class='ocr_carea' id='block_1_12' title="bbox 972 3724 1823 4240">
    <p class='ocr_par' dir='ltr' id='par_1_13' title="bbox 972 3724 1823 4240">
     <span class='ocr_line' id='line_1_69' title="bbox 1010 3724 1822 3799; baseline -0.002 -16"><span class='ocrx_word' id='word_1_535' title='bbox 1010 3724 1108 3799; x_wconf 75' lang='lat' dir='ltr'><strong>litut]</strong></span> <span class='ocrx_word' id='word_1_536' title='bbox 1121 3725 1303 3781; x_wconf 79' lang='lat' dir='ltr'><strong>Boemundus</strong></span> <span class='ocrx_word' id='word_1_537' title='bbox 1311 3726 1596 3798; x_wconf 79' lang='lat' dir='ltr'><strong>Turccsqurediiur.</strong></span> <span class='ocrx_word' id='word_1_538' title='bbox 1607 3725 1822 3781; x_wconf 76' lang='lat' dir='ltr'><strong>Militesodhcr-</strong></span> 
     </span>
     <span class='ocr_line' id='line_1_70' title="bbox 973 3814 1822 3885; baseline 0.002 -15"><span class='ocrx_word' id='word_1_539' title='bbox 973 3818 1061 3870; x_wconf 85' lang='lat' dir='ltr'><strong>lotar.</strong></span> <span class='ocrx_word' id='word_1_540' title='bbox 1076 3843 1103 3855; x_wconf 90' lang='lat'>-</span> <span class='ocrx_word' id='word_1_541' title='bbox 1121 3816 1182 3871; x_wconf 85' lang='lat' dir='ltr'><strong>lam</strong></span> <span class='ocrx_word' id='word_1_542' title='bbox 1201 3814 1326 3871; x_wconf 90' lang='lat' dir='ltr'><strong>hostium</strong></span> <span class='ocrx_word' id='word_1_543' title='bbox 1342 3816 1479 3870; x_wconf 90' lang='lat' dir='ltr'><strong>examina</strong></span> <span class='ocrx_word' id='word_1_544' title='bbox 1491 3816 1577 3885; x_wconf 88' lang='lat' dir='ltr'><strong>juxta</strong></span> <span class='ocrx_word' id='word_1_545' title='bbox 1591 3815 1744 3871; x_wconf 89' lang='lat' dir='ltr'><strong>castellum</strong></span> <span class='ocrx_word' id='word_1_546' title='bbox 1756 3816 1822 3872; x_wconf 91' lang='lat' dir='ltr'><strong>urbi</strong></span> 
     </span>
     <span class='ocr_line' id='line_1_71' title="bbox 973 3903 1820 3974; baseline -0.001 -15"><span class='ocrx_word' id='word_1_547' title='bbox 973 3903 1153 3974; x_wconf 85' lang='lat' dir='ltr'><strong>contiguum,</strong></span> <span class='ocrx_word' id='word_1_548' title='bbox 1170 3904 1248 3972; x_wconf 93' lang='lat' dir='ltr'><strong>quod</strong></span> <span class='ocrx_word' id='word_1_549' title='bbox 1261 3903 1417 3959; x_wconf 85' lang='lat' dir='ltr'><strong>recabatur</strong></span> <span class='ocrx_word' id='word_1_550' title='bbox 1435 3903 1521 3974; x_wconf 76' lang='lat' dir='ltr'><strong>breg,</strong></span> <span class='ocrx_word' id='word_1_551' title='bbox 1543 3910 1637 3958; x_wconf 87' lang='lat' dir='ltr'><strong>castra</strong></span> <span class='ocrx_word' id='word_1_552' title='bbox 1653 3911 1820 3972; x_wconf 91' lang='lat' dir='ltr'><strong>posuerant,</strong></span> 
     </span>
     <span class='ocr_line' id='line_1_72' title="bbox 972 3991 1823 4062; baseline 0 -14"><span class='ocrx_word' id='word_1_553' title='bbox 972 4000 1053 4048; x_wconf 92' lang='lat' dir='ltr'><strong>trans</strong></span> <span class='ocrx_word' id='word_1_554' title='bbox 1067 4001 1180 4061; x_wconf 90' lang='lat' dir='ltr'><strong>pentem</strong></span> <span class='ocrx_word' id='word_1_555' title='bbox 1191 3991 1418 4062; x_wconf 89' lang='lat' dir='ltr'><strong>Pharphareum.</strong></span> <span class='ocrx_word' id='word_1_556' title='bbox 1436 3991 1500 4047; x_wconf 90' lang='lat' dir='ltr'><strong>Dies</strong></span> <span class='ocrx_word' id='word_1_557' title='bbox 1510 4000 1571 4047; x_wconf 91' lang='lat' dir='ltr'><strong>erat</strong></span> <span class='ocrx_word' id='word_1_558' title='bbox 1583 3992 1722 4061; x_wconf 87' lang='lat' dir='ltr'><strong>proclivis</strong></span> <span class='ocrx_word' id='word_1_559' title='bbox 1734 3992 1770 4047; x_wconf 90' lang='lat' dir='ltr'><strong>ad</strong></span> <span class='ocrx_word' id='word_1_560' title='bbox 1781 4007 1823 4048; x_wconf 86' lang='lat' dir='ltr'><strong>re</strong></span> 
     </span>
     <span class='ocr_line' id='line_1_73' title="bbox 972 4079 1822 4150; baseline 0 -13"><span class='ocrx_word' id='word_1_561' title='bbox 972 4094 1099 4150; x_wconf 91' lang='lat' dir='ltr'><strong>sperum,</strong></span> <span class='ocrx_word' id='word_1_562' title='bbox 1114 4088 1141 4135; x_wconf 89' lang='lat' dir='ltr'><strong>et</strong></span> <span class='ocrx_word' id='word_1_563' title='bbox 1155 4080 1233 4135; x_wconf 92' lang='lat' dir='ltr'><strong>omni</strong></span> <span class='ocrx_word' id='word_1_564' title='bbox 1251 4080 1436 4136; x_wconf 90' lang='lat' dir='ltr'><strong>Boemundus</strong></span> <span class='ocrx_word' id='word_1_565' title='bbox 1449 4081 1534 4135; x_wconf 91' lang='lat' dir='ltr'><strong>citata</strong></span> <span class='ocrx_word' id='word_1_566' title='bbox 1545 4079 1647 4134; x_wconf 90' lang='lat' dir='ltr'><strong>militia</strong></span> <span class='ocrx_word' id='word_1_567' title='bbox 1667 4079 1703 4135; x_wconf 91' lang='lat' dir='ltr'><strong>de</strong></span> <span class='ocrx_word' id='word_1_568' title='bbox 1721 4081 1822 4137; x_wconf 88' lang='lat' dir='ltr'><strong>castris</strong></span> 
     </span>
     <span class='ocr_line' id='line_1_74' title="bbox 972 4167 1823 4240; baseline 0.001 -15"><span class='ocrx_word' id='word_1_569' title='bbox 972 4169 1129 4239; x_wconf 88' lang='lat' dir='ltr'><strong>egreditur,</strong></span> <span class='ocrx_word' id='word_1_570' title='bbox 1141 4174 1168 4223; x_wconf 90' lang='lat' dir='ltr'><strong>et</strong></span> <span class='ocrx_word' id='word_1_571' title='bbox 1189 4181 1363 4239; x_wconf 89' lang='lat' dir='ltr'><strong>prosperans</strong></span> <span class='ocrx_word' id='word_1_572' title='bbox 1377 4167 1568 4224; x_wconf 85' lang='lat' dir='ltr'><strong>interilumen</strong></span> <span class='ocrx_word' id='word_1_573' title='bbox 1583 4167 1823 4240; x_wconf 80' lang='lat' dir='ltr'><strong>adjacentemque</strong></span> 
     </span>
    </p>
   </div>
   <div class='ocr_carea' id='block_1_13' title="bbox 72 4242 1822 4326">
    <p class='ocr_par' dir='ltr' id='par_1_14' title="bbox 72 4242 1822 4326">
     <span class='ocr_line' id='line_1_75' title="bbox 72 4242 1822 4326; baseline -0.001 -13"><span class='ocrx_word' id='word_1_574' title='bbox 72 4259 135 4313; x_wconf 77' lang='lat' dir='ltr'><strong>aliae</strong></span> <span class='ocrx_word' id='word_1_575' title='bbox 149 4253 319 4312; x_wconf 63' lang='lat' dir='ltr'><strong>aniudlium</strong></span> <span class='ocrx_word' id='word_1_576' title='bbox 339 4263 426 4326; x_wconf 91' lang='lat' dir='ltr'><strong>atque</strong></span> <span class='ocrx_word' id='word_1_577' title='bbox 451 4253 636 4324; x_wconf 86' lang='lat' dir='ltr'><strong>vectigalium</strong></span> <span class='ocrx_word' id='word_1_578' title='bbox 659 4251 804 4320; x_wconf 89' lang='lat' dir='ltr'><strong>utilitates,</strong></span> <span class='ocrx_word' id='word_1_579' title='bbox 827 4254 920 4309; x_wconf 91' lang='lat' dir='ltr'><strong>omnis</strong></span> <span class='ocrx_word' id='word_1_580' title='bbox 939 4242 1069 4312; x_wconf 70' lang='lat' dir='ltr'><strong>IJlactun</strong></span> <span class='ocrx_word' id='word_1_581' title='bbox 1093 4264 1324 4312; x_wconf 91' lang='lat' dir='ltr'><strong>castrametatur.</strong></span> <span class='ocrx_word' id='word_1_582' title='bbox 1342 4257 1395 4313; x_wconf 89' lang='lat' dir='ltr'><strong>Ubi</strong></span> <span class='ocrx_word' id='word_1_583' title='bbox 1412 4270 1496 4311; x_wconf 90' lang='lat' dir='ltr'><strong>mane</strong></span> <span class='ocrx_word' id='word_1_584' title='bbox 1511 4256 1658 4322; x_wconf 91' lang='lat' dir='ltr'><strong>inclaruit,</strong></span> <span class='ocrx_word' id='word_1_585' title='bbox 1673 4257 1822 4313; x_wconf 88' lang='lat' dir='ltr'><strong>celerrime</strong></span> 
     </span>
    </p>
   </div>
   <div class='ocr_carea' id='block_1_14' title="bbox 70 4341 925 5471">
    <p class='ocr_par' dir='ltr' id='par_1_15' title="bbox 70 4341 925 5471">
     <span class='ocr_line' id='line_1_76' title="bbox 71 4341 919 4415; baseline -0.006 -13"><span class='ocrx_word' id='word_1_586' title='bbox 71 4344 153 4402; x_wconf 86' lang='lat' dir='ltr'><strong>vobis</strong></span> <span class='ocrx_word' id='word_1_587' title='bbox 181 4357 230 4415; x_wconf 92' lang='lat' dir='ltr'><strong>per</strong></span> <span class='ocrx_word' id='word_1_588' title='bbox 258 4352 374 4410; x_wconf 91' lang='lat' dir='ltr'><strong>terram,</strong></span> <span class='ocrx_word' id='word_1_589' title='bbox 392 4343 556 4399; x_wconf 84' lang='lat' dir='ltr'><strong>Graecorum</strong></span> <span class='ocrx_word' id='word_1_590' title='bbox 579 4341 727 4410; x_wconf 88' lang='lat' dir='ltr'><strong>provincia</strong></span> <span class='ocrx_word' id='word_1_591' title='bbox 748 4341 919 4412; x_wconf 89' lang='lat' dir='ltr'><strong>deportabit.</strong></span> 
     </span>
     <span class='ocr_line' id='line_1_77' title="bbox 72 4429 919 4504; baseline -0.005 -16"><span class='ocrx_word' id='word_1_592' title='bbox 72 4435 230 4504; x_wconf 90' lang='lat' dir='ltr'><strong>imperator</strong></span> <span class='ocrx_word' id='word_1_593' title='bbox 241 4433 299 4502; x_wconf 77' lang='lat' dir='ltr'><strong>ipsc</strong></span> <span class='ocrx_word' id='word_1_594' title='bbox 310 4446 395 4502; x_wconf 92' lang='lat' dir='ltr'><strong>quem</strong></span> <span class='ocrx_word' id='word_1_595' title='bbox 409 4438 503 4487; x_wconf 91' lang='lat' dir='ltr'><strong>vestra</strong></span> <span class='ocrx_word' id='word_1_596' title='bbox 521 4429 605 4486; x_wconf 91' lang='lat' dir='ltr'><strong>latuit</strong></span> <span class='ocrx_word' id='word_1_597' title='bbox 620 4429 772 4499; x_wconf 91' lang='lat' dir='ltr'><strong>hucusque</strong></span> <span class='ocrx_word' id='word_1_598' title='bbox 787 4430 919 4499; x_wconf 91' lang='lat' dir='ltr'><strong>penuria,</strong></span> 
     </span>
     <span class='ocr_line' id='line_1_78' title="bbox 72 4517 922 4591; baseline -0.006 -11"><span class='ocrx_word' id='word_1_599' title='bbox 72 4524 107 4579; x_wconf 90' lang='lat' dir='ltr'><strong>ad</strong></span> <span class='ocrx_word' id='word_1_600' title='bbox 135 4521 287 4580; x_wconf 80' lang='lat' dir='ltr'><strong>celeranda</strong></span> <span class='ocrx_word' id='word_1_601' title='bbox 310 4518 475 4591; x_wconf 77' lang='lat' dir='ltr'><strong>indigentiae</strong></span> <span class='ocrx_word' id='word_1_602' title='bbox 490 4526 576 4574; x_wconf 78' lang='lat' dir='ltr'><strong>tantae</strong></span> <span class='ocrx_word' id='word_1_603' title='bbox 599 4517 728 4574; x_wconf 91' lang='lat' dir='ltr'><strong>subsidia</strong></span> <span class='ocrx_word' id='word_1_604' title='bbox 742 4532 922 4588; x_wconf 92' lang='lat' dir='ltr'><strong>summopere</strong></span> 
     </span>
     <span class='ocr_line' id='line_1_79' title="bbox 72 4606 922 4680; baseline -0.008 -11"><span class='ocrx_word' id='word_1_605' title='bbox 72 4610 121 4669; x_wconf 94' lang='lat' dir='ltr'><strong>ubi</strong></span> <span class='ocrx_word' id='word_1_606' title='bbox 148 4610 317 4680; x_wconf 91' lang='lat' dir='ltr'><strong>compererit</strong></span> <span class='ocrx_word' id='word_1_607' title='bbox 347 4607 523 4679; x_wconf 91' lang='lat' dir='ltr'><strong>properabit.</strong></span> <span class='ocrx_word' id='word_1_608' title='bbox 554 4607 589 4662; x_wconf 84' lang='lat' dir='ltr'><strong>Et</strong></span> <span class='ocrx_word' id='word_1_609' title='bbox 626 4606 708 4661; x_wconf 86' lang='lat' dir='ltr'><strong>vobis</strong></span> <span class='ocrx_word' id='word_1_610' title='bbox 743 4614 922 4662; x_wconf 92' lang='lat' dir='ltr'><strong>sacramento</strong></span> 
     </span>
     <span class='ocr_line' id='line_1_80' title="bbox 72 4692 922 4770; baseline -0.011 -13"><span class='ocrx_word' id='word_1_611' title='bbox 72 4710 201 4758; x_wconf 91' lang='lat' dir='ltr'><strong>astruam</strong></span> <span class='ocrx_word' id='word_1_612' title='bbox 217 4698 294 4770; x_wconf 92' lang='lat' dir='ltr'><strong>quod</strong></span> <span class='ocrx_word' id='word_1_613' title='bbox 309 4698 380 4766; x_wconf 82' lang='lat' dir='ltr'><strong>haec,</strong></span> <span class='ocrx_word' id='word_1_614' title='bbox 396 4704 428 4754; x_wconf 92' lang='lat' dir='ltr'><strong>ut</strong></span> <span class='ocrx_word' id='word_1_615' title='bbox 447 4695 517 4764; x_wconf 92' lang='lat' dir='ltr'><strong>dixi,</strong></span> <span class='ocrx_word' id='word_1_616' title='bbox 547 4695 644 4751; x_wconf 93' lang='lat' dir='ltr'><strong>omnia</strong></span> <span class='ocrx_word' id='word_1_617' title='bbox 659 4694 714 4751; x_wconf 89' lang='lat' dir='ltr'><strong>ilde</strong></span> <span class='ocrx_word' id='word_1_618' title='bbox 729 4692 922 4766; x_wconf 89' lang='lat' dir='ltr'><strong>perseveranti</strong></span> 
     </span>
     <span class='ocr_line' id='line_1_81' title="bbox 71 4783 923 4860; baseline -0.011 -13"><span class='ocrx_word' id='word_1_619' title='bbox 71 4790 240 4860; x_wconf 88' lang='lat' dir='ltr'><strong>compleam.</strong></span> <span class='ocrx_word' id='word_1_620' title='bbox 261 4786 329 4852; x_wconf 77' lang='lat' dir='ltr'><strong>Quae</strong></span> <span class='ocrx_word' id='word_1_621' title='bbox 350 4786 437 4842; x_wconf 93' lang='lat' dir='ltr'><strong>etiam</strong></span> <span class='ocrx_word' id='word_1_622' title='bbox 451 4799 517 4840; x_wconf 93' lang='lat' dir='ltr'><strong>cum</strong></span> <span class='ocrx_word' id='word_1_623' title='bbox 536 4783 712 4853; x_wconf 85' lang='lat' dir='ltr'><strong>explicuero,</strong></span> <span class='ocrx_word' id='word_1_624' title='bbox 735 4790 833 4854; x_wconf 80' lang='lat' dir='ltr'><strong>cepta</strong></span> <span class='ocrx_word' id='word_1_625' title='bbox 867 4784 923 4839; x_wconf 90' lang='lat' dir='ltr'><strong>hu-</strong></span> 
     </span>
     <span class='ocr_line' id='line_1_82' title="bbox 70 4871 922 4949; baseline -0.008 -15"><span class='ocrx_word' id='word_1_626' title='bbox 70 4879 119 4949; x_wconf 86' lang='lat' dir='ltr'><strong>jus</strong></span> <span class='ocrx_word' id='word_1_627' title='bbox 139 4875 296 4934; x_wconf 90' lang='lat' dir='ltr'><strong>obsidionis</strong></span> <span class='ocrx_word' id='word_1_628' title='bbox 312 4874 460 4930; x_wconf 89' lang='lat' dir='ltr'><strong>laboribus</strong></span> <span class='ocrx_word' id='word_1_629' title='bbox 475 4886 519 4929; x_wconf 92' lang='lat' dir='ltr'><strong>me</strong></span> <span class='ocrx_word' id='word_1_630' title='bbox 532 4871 699 4928; x_wconf 92' lang='lat' dir='ltr'><strong>nullatenus</strong></span> <span class='ocrx_word' id='word_1_631' title='bbox 717 4879 922 4942; x_wconf 72' lang='lat' dir='ltr'><strong>representare</strong></span> 
     </span>
     <span class='ocr_line' id='line_1_83' title="bbox 73 4959 922 5031; baseline -0.011 -8"><span class='ocrx_word' id='word_1_632' title='bbox 73 4966 188 5023; x_wconf 91' lang='lat' dir='ltr'><strong>timebo.</strong></span> <span class='ocrx_word' id='word_1_633' title='bbox 214 4962 294 5031; x_wconf 82' lang='lat' dir='ltr'><strong>Quod</strong></span> <span class='ocrx_word' id='word_1_634' title='bbox 317 4963 340 5018; x_wconf 94' lang='lat' dir='ltr'><strong>si</strong></span> <span class='ocrx_word' id='word_1_635' title='bbox 356 4970 484 5018; x_wconf 86' lang='lat' dir='ltr'><strong>vestrum</strong></span> <span class='ocrx_word' id='word_1_636' title='bbox 518 4959 755 5026; x_wconf 90' lang='lat' dir='ltr'><strong>contubernium,</strong></span> <span class='ocrx_word' id='word_1_637' title='bbox 780 4959 922 5029; x_wconf 83' lang='lat' dir='ltr'><strong>ramisque</strong></span> 
     </span>
     <span class='ocr_line' id='line_1_84' title="bbox 73 5045 924 5125; baseline -0.012 -15"><span class='ocrx_word' id='word_1_638' title='bbox 73 5053 259 5125; x_wconf 91' lang='lat' dir='ltr'><strong>participium</strong></span> <span class='ocrx_word' id='word_1_639' title='bbox 286 5064 331 5106; x_wconf 92' lang='lat' dir='ltr'><strong>me</strong></span> <span class='ocrx_word' id='word_1_640' title='bbox 355 5051 512 5106; x_wconf 90' lang='lat' dir='ltr'><strong>detrectare</strong></span> <span class='ocrx_word' id='word_1_641' title='bbox 535 5047 687 5114; x_wconf 85' lang='lat' dir='ltr'><strong>veremini,</strong></span> <span class='ocrx_word' id='word_1_642' title='bbox 712 5060 777 5103; x_wconf 88' lang='lat' dir='ltr'><strong>ecce</strong></span> <span class='ocrx_word' id='word_1_643' title='bbox 800 5045 924 5102; x_wconf 90' lang='lat' dir='ltr'><strong>tentoria</strong></span> 
     </span>
     <span class='ocr_line' id='line_1_85' title="bbox 73 5134 922 5207; baseline -0.013 -8"><span class='ocrx_word' id='word_1_644' title='bbox 73 5157 146 5207; x_wconf 88' lang='lat' dir='ltr'><strong>mea,</strong></span> <span class='ocrx_word' id='word_1_645' title='bbox 175 5155 239 5198; x_wconf 90' lang='lat' dir='ltr'><strong>ecee</strong></span> <span class='ocrx_word' id='word_1_646' title='bbox 254 5137 417 5196; x_wconf 89' lang='lat' dir='ltr'><strong>remansuri</strong></span> <span class='ocrx_word' id='word_1_647' title='bbox 433 5145 501 5194; x_wconf 91' lang='lat' dir='ltr'><strong>sunt</strong></span> <span class='ocrx_word' id='word_1_648' title='bbox 516 5137 592 5206; x_wconf 90' lang='lat' dir='ltr'><strong>apud</strong></span> <span class='ocrx_word' id='word_1_649' title='bbox 607 5149 659 5192; x_wconf 90' lang='lat' dir='ltr'><strong>vos</strong></span> <span class='ocrx_word' id='word_1_650' title='bbox 678 5134 830 5191; x_wconf 91' lang='lat' dir='ltr'><strong>necessarii</strong></span> <span class='ocrx_word' id='word_1_651' title='bbox 856 5134 922 5200; x_wconf 90' lang='lat' dir='ltr'><strong>mei,</strong></span> 
     </span>
     <span class='ocr_line' id='line_1_86' title="bbox 74 5223 925 5301; baseline -0.013 -14"><span class='ocrx_word' id='word_1_652' title='bbox 74 5243 147 5301; x_wconf 92' lang='lat' dir='ltr'><strong>quos</strong></span> <span class='ocrx_word' id='word_1_653' title='bbox 171 5231 224 5285; x_wconf 88' lang='lat' dir='ltr'><strong>etsi</strong></span> <span class='ocrx_word' id='word_1_654' title='bbox 243 5228 279 5284; x_wconf 90' lang='lat' dir='ltr'><strong>ad</strong></span> <span class='ocrx_word' id='word_1_655' title='bbox 307 5234 420 5297; x_wconf 91' lang='lat' dir='ltr'><strong>tempus</strong></span> <span class='ocrx_word' id='word_1_656' title='bbox 444 5226 597 5297; x_wconf 92' lang='lat' dir='ltr'><strong>reliquero,</strong></span> <span class='ocrx_word' id='word_1_657' title='bbox 627 5224 657 5279; x_wconf 91' lang='lat' dir='ltr'><strong>iu</strong></span> <span class='ocrx_word' id='word_1_658' title='bbox 689 5223 775 5278; x_wconf 87' lang='lat' dir='ltr'><strong>flnem</strong></span> <span class='ocrx_word' id='word_1_659' title='bbox 804 5231 925 5278; x_wconf 90' lang='lat' dir='ltr'><strong>contem-</strong></span> 
     </span>
     <span class='ocr_line' id='line_1_87' title="bbox 74 5314 925 5389; baseline -0.007 -15"><span class='ocrx_word' id='word_1_660' title='bbox 74 5318 162 5389; x_wconf 91' lang='lat' dir='ltr'><strong>psisse</strong></span> <span class='ocrx_word' id='word_1_661' title='bbox 179 5331 237 5372; x_wconf 91' lang='lat' dir='ltr'><strong>non</strong></span> <span class='ocrx_word' id='word_1_662' title='bbox 265 5324 371 5386; x_wconf 92' lang='lat' dir='ltr'><strong>potero.</strong></span> <span class='ocrx_word' id='word_1_663' title='bbox 409 5335 423 5368; x_wconf 90' lang='lat'>«</span> <span class='ocrx_word' id='word_1_664' title='bbox 460 5314 548 5382; x_wconf 88' lang='lat' dir='ltr'><strong>Dixit,</strong></span> <span class='ocrx_word' id='word_1_665' title='bbox 584 5320 612 5370; x_wconf 94' lang='lat' dir='ltr'><strong>et</strong></span> <span class='ocrx_word' id='word_1_666' title='bbox 652 5325 805 5381; x_wconf 93' lang='lat' dir='ltr'><strong>procerum</strong></span> <span class='ocrx_word' id='word_1_667' title='bbox 840 5325 925 5368; x_wconf 88' lang='lat' dir='ltr'><strong>aures</strong></span> 
     </span>
     <span class='ocr_line' id='line_1_88' title="bbox 73 5401 925 5471; baseline -0.011 -8"><span class='ocrx_word' id='word_1_668' title='bbox 73 5406 172 5463; x_wconf 90' lang='lat' dir='ltr'><strong>multae</strong></span> <span class='ocrx_word' id='word_1_669' title='bbox 193 5403 331 5459; x_wconf 91' lang='lat' dir='ltr'><strong>lenocinio</strong></span> <span class='ocrx_word' id='word_1_670' title='bbox 356 5402 619 5459; x_wconf 89' lang='lat' dir='ltr'><strong>circumlocutionis</strong></span> <span class='ocrx_word' id='word_1_671' title='bbox 641 5401 741 5457; x_wconf 87' lang='lat' dir='ltr'><strong>illexit.</strong></span> <span class='ocrx_word' id='word_1_672' title='bbox 766 5401 856 5471; x_wconf 87' lang='lat' dir='ltr'><strong>igitur</strong></span> <span class='ocrx_word' id='word_1_673' title='bbox 878 5401 925 5455; x_wconf 89' lang='lat' dir='ltr'><strong>ille</strong></span> 
     </span>
    </p>
   </div>
   <div class='ocr_carea' id='block_1_15' title="bbox 75 5492 922 5565">
    <p class='ocr_par' dir='ltr' id='par_1_16' title="bbox 75 5492 922 5565">
     <span class='ocr_line' id='line_1_89' title="bbox 75 5492 922 5565; baseline -0.014 -5"><span class='ocrx_word' id='word_1_674' title='bbox 75 5499 192 5560; x_wconf 90' lang='lat' dir='ltr'><strong>recessit</strong></span> <span class='ocrx_word' id='word_1_675' title='bbox 217 5498 334 5553; x_wconf 89' lang='lat' dir='ltr'><strong>omnino</strong></span> <span class='ocrx_word' id='word_1_676' title='bbox 359 5512 418 5554; x_wconf 91' lang='lat' dir='ltr'><strong>non</strong></span> <span class='ocrx_word' id='word_1_677' title='bbox 433 5497 545 5556; x_wconf 82' lang='lat' dir='ltr'><strong>veritus</strong></span> <span class='ocrx_word' id='word_1_678' title='bbox 560 5496 669 5553; x_wconf 91' lang='lat' dir='ltr'><strong>crimen</strong></span> <span class='ocrx_word' id='word_1_679' title='bbox 698 5492 818 5565; x_wconf 90' lang='lat' dir='ltr'><strong>quodin</strong></span> <span class='ocrx_word' id='word_1_680' title='bbox 845 5507 922 5561; x_wconf 79' lang='lat' dir='ltr'><strong>otim,</strong></span> 
     </span>
    </p>
   </div>
   <div class='ocr_carea' id='block_1_16' title="bbox 974 4344 1830 5551">
    <p class='ocr_par' dir='ltr' id='par_1_17' title="bbox 974 4344 1830 5551">
     <span class='ocr_line' id='line_1_90' title="bbox 974 4344 1824 4416; baseline -0.001 -15"><span class='ocrx_word' id='word_1_681' title='bbox 974 4344 1169 4413; x_wconf 87' lang='lat' dir='ltr'><strong>exploratores</strong></span> <span class='ocrx_word' id='word_1_682' title='bbox 1193 4345 1301 4416; x_wconf 86' lang='lat' dir='ltr'><strong>dirigit,</strong></span> <span class='ocrx_word' id='word_1_683' title='bbox 1331 4353 1363 4400; x_wconf 92' lang='lat' dir='ltr'><strong>ut</strong></span> <span class='ocrx_word' id='word_1_684' title='bbox 1385 4346 1547 4401; x_wconf 83' lang='lat' dir='ltr'><strong>Turcorum</strong></span> <span class='ocrx_word' id='word_1_685' title='bbox 1580 4345 1744 4415; x_wconf 89' lang='lat' dir='ltr'><strong>quantitate</strong></span> <span class='ocrx_word' id='word_1_686' title='bbox 1767 4359 1824 4416; x_wconf 91' lang='lat' dir='ltr'><strong>per·</strong></span> 
     </span>
     <span class='ocr_line' id='line_1_91' title="bbox 975 4432 1823 4504; baseline 0 -16"><span class='ocrx_word' id='word_1_687' title='bbox 975 4446 1073 4502; x_wconf 87' lang='lat' dir='ltr'><strong>pensa,</strong></span> <span class='ocrx_word' id='word_1_688' title='bbox 1090 4432 1216 4502; x_wconf 90' lang='lat' dir='ltr'><strong>qualiter</strong></span> <span class='ocrx_word' id='word_1_689' title='bbox 1230 4446 1260 4487; x_wconf 92' lang='lat' dir='ltr'><strong>se</strong></span> <span class='ocrx_word' id='word_1_690' title='bbox 1284 4440 1372 4504; x_wconf 91' lang='lat' dir='ltr'><strong>agant</strong></span> <span class='ocrx_word' id='word_1_691' title='bbox 1398 4440 1425 4488; x_wconf 93' lang='lat' dir='ltr'><strong>et</strong></span> <span class='ocrx_word' id='word_1_692' title='bbox 1445 4433 1494 4488; x_wconf 95' lang='lat' dir='ltr'><strong>ubi</strong></span> <span class='ocrx_word' id='word_1_693' title='bbox 1509 4441 1723 4499; x_wconf 90' lang='lat' dir='ltr'><strong>commaneant,</strong></span> <span class='ocrx_word' id='word_1_694' title='bbox 1747 4433 1823 4489; x_wconf 87' lang='lat' dir='ltr'><strong>lesti-</strong></span> 
     </span>
     <span class='ocr_line' id='line_1_92' title="bbox 974 4521 1825 4591; baseline 0.002 -15"><span class='ocrx_word' id='word_1_695' title='bbox 974 4528 1044 4576; x_wconf 90' lang='lat' dir='ltr'><strong>nent</strong></span> <span class='ocrx_word' id='word_1_696' title='bbox 1067 4521 1237 4576; x_wconf 89' lang='lat' dir='ltr'><strong>renuntiare·</strong></span> <span class='ocrx_word' id='word_1_697' title='bbox 1253 4522 1406 4578; x_wconf 89' lang='lat' dir='ltr'><strong>maturius.</strong></span> <span class='ocrx_word' id='word_1_698' title='bbox 1431 4521 1520 4576; x_wconf 86' lang='lat' dir='ltr'><strong>Paulo</strong></span> <span class='ocrx_word' id='word_1_699' title='bbox 1545 4528 1753 4591; x_wconf 85' lang='lat' dir='ltr'><strong>processerant,</strong></span> <span class='ocrx_word' id='word_1_700' title='bbox 1772 4522 1825 4578; x_wconf 85' lang='lat' dir='ltr'><strong>ho·</strong></span> 
     </span>
     <span class='ocr_line' id='line_1_93' title="bbox 975 4609 1825 4681; baseline 0 -15"><span class='ocrx_word' id='word_1_701' title='bbox 975 4617 1099 4681; x_wconf 89' lang='lat' dir='ltr'><strong>stesque,</strong></span> <span class='ocrx_word' id='word_1_702' title='bbox 1138 4624 1264 4680; x_wconf 90' lang='lat' dir='ltr'><strong>quorum</strong></span> <span class='ocrx_word' id='word_1_703' title='bbox 1301 4610 1471 4681; x_wconf 85' lang='lat' dir='ltr'><strong>personabat</strong></span> <span class='ocrx_word' id='word_1_704' title='bbox 1506 4609 1659 4676; x_wconf 90' lang='lat' dir='ltr'><strong>adventus,</strong></span> <span class='ocrx_word' id='word_1_705' title='bbox 1695 4624 1825 4680; x_wconf 73' lang='lat' dir='ltr'><strong>quaerere</strong></span> 
     </span>
     <span class='ocr_line' id='line_1_94' title="bbox 975 4698 1826 4768; baseline -0.002 -13"><span class='ocrx_word' id='word_1_706' title='bbox 975 4706 1130 4768; x_wconf 90' lang='lat' dir='ltr'><strong>coeperant,</strong></span> <span class='ocrx_word' id='word_1_707' title='bbox 1158 4712 1299 4755; x_wconf 90' lang='lat' dir='ltr'><strong>cumecce</strong></span> <span class='ocrx_word' id='word_1_708' title='bbox 1322 4698 1434 4753; x_wconf 82' lang='lat' dir='ltr'><strong>infinita</strong></span> <span class='ocrx_word' id='word_1_709' title='bbox 1461 4712 1562 4753; x_wconf 91' lang='lat' dir='ltr'><strong>eorum</strong></span> <span class='ocrx_word' id='word_1_710' title='bbox 1584 4706 1712 4755; x_wconf 89' lang='lat' dir='ltr'><strong>cernunt</strong></span> <span class='ocrx_word' id='word_1_711' title='bbox 1736 4712 1826 4755; x_wconf 90' lang='lat' dir='ltr'><strong>emer·</strong></span> 
     </span>
     <span class='ocr_line' id='line_1_95' title="bbox 976 4784 1826 4859; baseline -0.001 -17"><span class='ocrx_word' id='word_1_712' title='bbox 976 4800 1043 4859; x_wconf 91' lang='lat' dir='ltr'><strong>gere</strong></span> <span class='ocrx_word' id='word_1_713' title='bbox 1066 4786 1211 4854; x_wconf 89' lang='lat' dir='ltr'><strong>examina,</strong></span> <span class='ocrx_word' id='word_1_714' title='bbox 1238 4800 1287 4855; x_wconf 90' lang='lat' dir='ltr'><strong>per</strong></span> <span class='ocrx_word' id='word_1_715' title='bbox 1312 4786 1438 4841; x_wconf 93' lang='lat' dir='ltr'><strong>duarum</strong></span> <span class='ocrx_word' id='word_1_716' title='bbox 1461 4785 1587 4841; x_wconf 91' lang='lat' dir='ltr'><strong>acierum</strong></span> <span class='ocrx_word' id='word_1_717' title='bbox 1619 4784 1747 4854; x_wconf 85' lang='lat' dir='ltr'><strong>legiones</strong></span> <span class='ocrx_word' id='word_1_718' title='bbox 1770 4787 1826 4841; x_wconf 89' lang='lat' dir='ltr'><strong>dis·</strong></span> 
     </span>
     <span class='ocr_line' id='line_1_96' title="bbox 976 4873 1827 4945; baseline 0.002 -17"><span class='ocrx_word' id='word_1_719' title='bbox 976 4881 1091 4945; x_wconf 80' lang='lat' dir='ltr'><strong>parata3</strong></span> <span class='ocrx_word' id='word_1_720' title='bbox 1106 4882 1182 4930; x_wconf 92' lang='lat' dir='ltr'><strong>retro</strong></span> <span class='ocrx_word' id='word_1_721' title='bbox 1192 4888 1260 4930; x_wconf 81' lang='lat' dir='ltr'><strong>vero</strong></span> <span class='ocrx_word' id='word_1_722' title='bbox 1273 4887 1373 4929; x_wconf 92' lang='lat' dir='ltr'><strong>eorum</strong></span> <span class='ocrx_word' id='word_1_723' title='bbox 1396 4873 1567 4942; x_wconf 91' lang='lat' dir='ltr'><strong>pedetentim</strong></span> <span class='ocrx_word' id='word_1_724' title='bbox 1582 4873 1741 4930; x_wconf 92' lang='lat' dir='ltr'><strong>multitudo</strong></span> <span class='ocrx_word' id='word_1_725' title='bbox 1762 4874 1827 4930; x_wconf 86' lang='lat' dir='ltr'><strong>sub</strong></span> 
     </span>
     <span class='ocr_line' id='line_1_97' title="bbox 977 4960 1828 5033; baseline 0 -14"><span class='ocrx_word' id='word_1_726' title='bbox 977 4963 1154 5033; x_wconf 90' lang='lat' dir='ltr'><strong>sequebatur</strong></span> <span class='ocrx_word' id='word_1_727' title='bbox 1176 4962 1312 5018; x_wconf 89' lang='lat' dir='ltr'><strong>maxima.</strong></span> <span class='ocrx_word' id='word_1_728' title='bbox 1336 4960 1449 5029; x_wconf 83' lang='lat' dir='ltr'><strong>Quibus</strong></span> <span class='ocrx_word' id='word_1_729' title='bbox 1471 4962 1627 5032; x_wconf 89' lang='lat' dir='ltr'><strong>prospectis</strong></span> <span class='ocrx_word' id='word_1_730' title='bbox 1652 4963 1828 5031; x_wconf 88' lang='lat' dir='ltr'><strong>quantocius</strong></span> 
     </span>
     <span class='ocr_line' id='line_1_98' title="bbox 977 5049 1827 5122; baseline -0.001 -15"><span class='ocrx_word' id='word_1_731' title='bbox 977 5052 1201 5122; x_wconf 87' lang='lat' dir='ltr'><strong>regrediuntur:</strong></span> <span class='ocrx_word' id='word_1_732' title='bbox 1221 5074 1232 5101; x_wconf 82' lang='grc' dir='ltr'>ι</span> <span class='ocrx_word' id='word_1_733' title='bbox 1251 5051 1359 5116; x_wconf 78' lang='lat' dir='ltr'><strong>Hastae,</strong></span> <span class='ocrx_word' id='word_1_734' title='bbox 1381 5050 1474 5118; x_wconf 91' lang='lat' dir='ltr'><strong>aiunt,</strong></span> <span class='ocrx_word' id='word_1_735' title='bbox 1488 5049 1548 5120; x_wconf 87' lang='lat' dir='ltr'><strong>jam</strong></span> <span class='ocrx_word' id='word_1_736' title='bbox 1565 5050 1728 5113; x_wconf 88' lang='lat' dir='ltr'><strong>imminent,</strong></span> <span class='ocrx_word' id='word_1_737' title='bbox 1746 5051 1827 5106; x_wconf 88' lang='lat' dir='ltr'><strong>vide-</strong></span> 
     </span>
     <span class='ocr_line' id='line_1_99' title="bbox 978 5138 1829 5208; baseline -0.001 -12"><span class='ocrx_word' id='word_1_738' title='bbox 978 5147 1034 5196; x_wconf 87' lang='lat' dir='ltr'><strong>tote</strong></span> <span class='ocrx_word' id='word_1_739' title='bbox 1060 5147 1093 5196; x_wconf 92' lang='lat' dir='ltr'><strong>ut</strong></span> <span class='ocrx_word' id='word_1_740' title='bbox 1108 5140 1194 5196; x_wconf 91' lang='lat' dir='ltr'><strong>lortes</strong></span> <span class='ocrx_word' id='word_1_741' title='bbox 1217 5153 1268 5195; x_wconf 87' lang='lat' dir='ltr'><strong>vos</strong></span> <span class='ocrx_word' id='word_1_742' title='bbox 1291 5147 1319 5194; x_wconf 93' lang='lat' dir='ltr'><strong>et</strong></span> <span class='ocrx_word' id='word_1_743' title='bbox 1343 5146 1458 5208; x_wconf 91' lang='lat' dir='ltr'><strong>paratos</strong></span> <span class='ocrx_word' id='word_1_744' title='bbox 1481 5138 1678 5193; x_wconf 87' lang='lat' dir='ltr'><strong>inveniant.»</strong></span> <span class='ocrx_word' id='word_1_745' title='bbox 1702 5138 1749 5194; x_wconf 81' lang='lat' dir='ltr'><strong>Ad</strong></span> <span class='ocrx_word' id='word_1_746' title='bbox 1768 5139 1829 5195; x_wconf 76' lang='lat' dir='ltr'><strong>haec</strong></span> 
     </span>
     <span class='ocr_line' id='line_1_100' title="bbox 979 5226 1829 5295; baseline 0 -12"><span class='ocrx_word' id='word_1_747' title='bbox 979 5228 1172 5295; x_wconf 88' lang='lat' dir='ltr'><strong>Boemundus,</strong></span> <span class='ocrx_word' id='word_1_748' title='bbox 1187 5227 1248 5284; x_wconf 91' lang='lat' dir='ltr'><strong>suis</strong></span> <span class='ocrx_word' id='word_1_749' title='bbox 1269 5227 1300 5282; x_wconf 96' lang='lat' dir='ltr'><strong>in</strong></span> <span class='ocrx_word' id='word_1_750' title='bbox 1316 5226 1428 5284; x_wconf 84' lang='lat' dir='ltr'><strong>Christo</strong></span> <span class='ocrx_word' id='word_1_751' title='bbox 1450 5226 1587 5282; x_wconf 88' lang='lat' dir='ltr'><strong>iratribus</strong></span> <span class='ocrx_word' id='word_1_752' title='bbox 1604 5238 1638 5280; x_wconf 90' lang='lat' dir='ltr'><strong>ac</strong></span> <span class='ocrx_word' id='word_1_753' title='bbox 1656 5228 1829 5284; x_wconf 84' lang='lat' dir='ltr'><strong>commilito</strong></span> 
     </span>
     <span class='ocr_line' id='line_1_101' title="bbox 978 5314 1828 5386; baseline -0.004 -12"><span class='ocrx_word' id='word_1_754' title='bbox 978 5318 1064 5374; x_wconf 90' lang='lat' dir='ltr'><strong>nibus</strong></span> <span class='ocrx_word' id='word_1_755' title='bbox 1084 5316 1256 5381; x_wconf 85' lang='lat' dir='ltr'><strong>excitandis,</strong></span> <span class='ocrx_word' id='word_1_756' title='bbox 1283 5315 1447 5386; x_wconf 90' lang='lat' dir='ltr'><strong>eloquitur:</strong></span> <span class='ocrx_word' id='word_1_757' title='bbox 1487 5314 1684 5371; x_wconf 85' lang='lat' dir='ltr'><strong>Victoriarum</strong></span> <span class='ocrx_word' id='word_1_758' title='bbox 1715 5325 1828 5371; x_wconf 82' lang='lat' dir='ltr'><strong>restra·</strong></span> 
     </span>
     <span class='ocr_line' id='line_1_102' title="bbox 978 5402 1828 5475; baseline 0.001 -16"><span class='ocrx_word' id='word_1_759' title='bbox 978 5419 1057 5471; x_wconf 90' lang='lat' dir='ltr'><strong>rum,</strong></span> <span class='ocrx_word' id='word_1_760' title='bbox 1077 5419 1094 5459; x_wconf 94' lang='lat' dir='ltr'><strong>o</strong></span> <span class='ocrx_word' id='word_1_761' title='bbox 1117 5404 1219 5475; x_wconf 92' lang='lat' dir='ltr'><strong>optimi</strong></span> <span class='ocrx_word' id='word_1_762' title='bbox 1247 5402 1361 5472; x_wconf 90' lang='lat' dir='ltr'><strong>milites,</strong></span> <span class='ocrx_word' id='word_1_763' title='bbox 1385 5403 1484 5460; x_wconf 91' lang='lat' dir='ltr'><strong>creber</strong></span> <span class='ocrx_word' id='word_1_764' title='bbox 1499 5410 1620 5459; x_wconf 89' lang='lat' dir='ltr'><strong>eventus</strong></span> <span class='ocrx_word' id='word_1_765' title='bbox 1643 5417 1704 5458; x_wconf 91' lang='lat' dir='ltr'><strong>non</strong></span> <span class='ocrx_word' id='word_1_766' title='bbox 1732 5417 1828 5474; x_wconf 82' lang='lat' dir='ltr'><strong>parcre</strong></span> 
     </span>
     <span class='ocr_line' id='line_1_103' title="bbox 979 5490 1830 5551; baseline 0.002 -4"><span class='ocrx_word' id='word_1_767' title='bbox 979 5492 1061 5549; x_wconf 90' lang='lat' dir='ltr'><strong>vobis</strong></span> <span class='ocrx_word' id='word_1_768' title='bbox 1076 5493 1220 5550; x_wconf 90' lang='lat' dir='ltr'><strong>ministrat</strong></span> <span class='ocrx_word' id='word_1_769' title='bbox 1242 5492 1409 5549; x_wconf 54' lang='lat' dir='ltr'><strong>occasiones*</strong></span> <span class='ocrx_word' id='word_1_770' title='bbox 1427 5491 1567 5548; x_wconf 81' lang='lat' dir='ltr'><strong>audaciae.</strong></span> <span class='ocrx_word' id='word_1_771' title='bbox 1588 5490 1668 5548; x_wconf 87' lang='lat' dir='ltr'><strong>Fidei</strong></span> <span class='ocrx_word' id='word_1_772' title='bbox 1688 5492 1830 5551; x_wconf 86' lang='lat' dir='ltr'><strong>hactenus</strong></span> 
     </span>
    </p>
   </div>
   <div class='ocr_carea' id='block_1_17' title="bbox 0 0 1915 6008">
    <p class='ocr_par' dir='ltr' id='par_1_18' title="bbox 0 0 1915 6008">
     <span class='ocr_line' id='line_1_104' title="bbox 0 0 1915 6008; baseline 0 0"><span class='ocrx_word' id='word_1_773' title='bbox 0 0 1915 6008; x_wconf 95' lang='lat' dir='ltr'><strong> </strong></span> 
     </span>
    </p>
   </div>
  </div>
 </body>
</html>
