3818 6008
81 115 125 166 lib
674 109 856 170 douattutt
877 108 913 167 tri
933 106 1082 168 GENESIN
1105 109 1167 166 tut.
1189 109 1231 166 tv.
1782 109 1829 162 llil
1858 173 1859 176 Ἰ

76 247 172 303 nultos
188 247 339 303 bituminis.
359 246 446 304 Vultis
469 260 526 303 non
551 255 592 304 cst
612 246 691 304 aliud
704 261 793 319 quain
809 246 844 303 ad
864 245 921 303 ima
940 266 963 319 ,q
979 243 1085 302 morari
1118 243 1235 313 solebat,
1263 259 1329 317 quea
1354 242 1492 301 convallis
1517 240 1644 301 Mambre
1665 239 1826 300 Amorrbiei

75 335 217 393 demersio
256 335 370 404 tuentis,
408 337 554 405 siluestris,
588 335 701 392 incuria
733 335 922 408 cogitationis,
978 341 1029 402 est,
1054 333 1319 402 iratrisEscbol,et
1339 331 1435 390 {ratris
1458 333 1544 399 aner,
1573 331 1643 403 quia
1668 331 1824 399 humilitas,

74 441 140 496 quae
168 425 198 481 in
222 424 365 494 protunda
392 440 459 480 cum
488 424 580 482 ruerit
603 425 768 493 eriminum,
795 425 923 481 bitumen
978 439 1045 494 quae
1084 438 1136 479 nos
1171 422 1244 479 inter
1280 423 1386 478 bonum
1425 421 1592 492 malumque
1626 419 1828 491 perspicaciter

75 512 287 570 inextricabilis
311 513 438 569 inveniet
462 512 659 584 obligationis3
685 516 734 582 qui
757 513 833 568 onim
855 515 925 580 [ιιειι

73 607 225 672 peecatum,
241 617 335 657 seruus
356 606 394 656 est
409 603 514 670 peccati
528 603 613 671 (loun.
639 617 696 669 vin,
721 602 780 670 atq
807 601 925 672 spiritus

75 704 203 760 namque
234 689 341 746 vadens
369 703 419 760 per
446 704 485 756 se,
515 690 563 744 scd
595 704 644 759 per
673 704 702 745 se
729 704 786 746 non
814 688 926 745 rediens

73 792 199 834 sumus:
224 792 262 834 ett
287 778 371 834 nobis
393 777 534 834 babemus
556 778 668 843 cadere,
691 786 717 835 et
739 793 775 833 ex
792 777 852 833 solo
869 778 926 833 ueo

74 881 237 937 cosurgere.
266 867 360 937 lluqttc
382 882 435 921 rear
458 866 632 921 Sodomorum
657 872 681 920 ct
700 882 748 921 tric
773 867 926 923 detractrice

74 961 152 1026 tergo
175 959 329 1021 omtmuot3
356 954 562 1025 cecideruntque
592 954 645 1019 idi3
670 960 695 1008 et
721 957 770 1024 qui
794 970 926 1008 remense-

73 1049 137 1097 root
167 1045 206 1098 od
229 1049 355 1097 montem.
382 1043 440 1099 ilex
466 1043 654 1098 Sodomorum
679 1049 706 1098 et
730 1057 780 1099 rex
806 1043 925 1099 Gomor-

75 1131 134 1187 rbae
170 1138 251 1202 terga
283 1138 412 1197 vertunt,
444 1145 510 1186 oum
543 1130 717 1186 conscientia
749 1131 785 1186 ad
820 1129 926 1201 peccati

73 1220 289 1291 suggestionem
311 1217 442 1287 imbellis,
457 1225 486 1274 et
501 1226 591 1285 muta,
607 1226 635 1274 ει
653 1218 779 1289 quadam
795 1219 925 1289 populari

73 1322 202 1378 nequam
227 1306 407 1363 carnalitatis
428 1321 489 1363 suae
513 1317 644 1363 motuum
670 1307 808 1363 seditione
832 1308 925 1376 plena,

73 1396 158 1467 quasi
189 1409 250 1453 una
273 1395 388 1452 duobus
410 1403 473 1452 acta
499 1396 617 1467 regibus
643 1395 801 1466 provincia,
825 1410 926 1452 avorsa

979 512 1106 568 dividere
1131 511 1207 579 lacit,
1234 510 1446 567 amaricationis
1466 518 1494 565 et
1518 508 1691 579 poenitentiae
1717 508 1826 578 utiam

978 601 1014 656 sit
1051 614 1164 657 necesse
1206 608 1258 664 cst,
1298 602 1347 670 qui
1377 597 1564 670 penitudinis
1591 603 1686 653 motus
1712 595 1827 668 igneam

979 689 1137 760 qnamdam
1174 688 1261 744 attimi
1300 689 1452 758 puritatem
1480 685 1606 742 naturali
1638 683 1828 756 germanitate

979 776 1033 833 sibi
1059 776 1212 843 contrahit,
1243 776 1368 832 undeet
1392 775 1482 831 altera
1507 774 1590 845 quasi
1619 773 1827 829 necessitudine

980 880 1048 921 mox
1072 864 1179 932 fratris,
1208 864 1293 920 idest
1315 863 1434 919 allectus
1457 863 1613 933 corporalis
1633 863 1750 918 lucerna
1767 860 1825 916 ilat.

980 953 1167 1010 Amorrhaeos
1192 955 1268 1009 entim
1302 953 1473 1019 amaricans,
1501 951 1683 1022 Escboliguis
1720 948 1825 1016 omnis,

981 1044 1058 1099 Ancr
1096 1043 1214 1099 lucerna
1251 1041 1373 1097 dicitur:
1409 1041 1445 1096 ab
1480 1040 1672 1096 amaritudine
1704 1037 1827 1108 prolecto

982 1131 1153 1201 penitentiae
1169 1129 1337 1202 pervcnitur
1352 1129 1387 1185 ad
1413 1130 1557 1200 integrum
1580 1128 1720 1183 fervorem
1745 1124 1828 1197 puri-

982 1228 1126 1290 tatemque
1149 1218 1346 1290 animaequae
1366 1217 1511 1273 obtinetur
1536 1215 1675 1287 appetitui
1700 1214 1827 1272 restricto

980 1309 1034 1365 sub
1070 1309 1179 1365 ducatu
1206 1307 1325 1363 rationis
1364 1306 1507 1374 luciterae;
1536 1320 1602 1361 cum
1631 1304 1675 1360 bis
1701 1316 1828 1373 namque

981 1405 1086 1453 sanctie
1101 1396 1223 1452 statibus
1242 1396 1345 1451 mentis
1367 1395 1584 1466 perpigeiamus
1597 1393 1689 1448 ioedus
1703 1391 1732 1446 in
1748 1389 1828 1446 initio

73 1483 278 1541 rationalitatis
302 1499 391 1556 cruam
416 1493 605 1556 proposuerat
628 1485 697 1551 acie,
722 1485 850 1556 pessimae
874 1500 925 1555 pa·
981 1486 1129 1556 quondam
1150 1483 1356 1551 conversionis
1379 1483 1448 1539 dum
1475 1481 1676 1552 protitcromur
1702 1486 1841 1553 tenorem¹

73 1573 181 1631 tientiae
205 1581 286 1644 terga
311 1573 405 1640 vertit,
431 1580 458 1629 et
483 1572 674 1631 clamantibus
695 1574 793 1630 vitiis:
823 1575 927 1630 incur·
947 1561 1129 1644 Breligionis
1162 1573 1235 1629 inter
1273 1587 1365 1643 aquas
1397 1569 1583 1640 baptismatis,
1624 1568 1660 1624 ibi
1695 1565 1829 1637 lampada

74 1677 142 1718 vare
160 1669 192 1718 ut
216 1669 406 1728 transeamus,
424 1662 510 1717 totius
533 1661 657 1732 rigorem
674 1662 792 1718 intloetit
807 1661 927 1735 vectitii—
982 1663 1154 1732 accepimus,
1170 1670 1197 1717 et
1212 1659 1378 1732 mysterium
1394 1657 1523 1714 candidae
1537 1655 1632 1713 vestie.

73 1749 169 1816 dinis,
205 1757 233 1806 et
267 1748 398 1806 incidunt
438 1758 540 1820 puteos
576 1751 735 1807 bituminis.
769 1753 822 1818 Qui
859 1766 927 1806 vero
1019 1751 1103 1808 Vens.
1131 1752 1172 1818 ii,
1200 1753 1240 1815 lb,
1266 1752 1306 1803 tu.
1331 1779 1363 1787 -
1387 1745 1464 1812 Quod
1487 1761 1547 1800 cum
1570 1743 1690 1798 audisset
1712 1739 1826 1805 Abram,

74 1845 225 1894 remanent
238 1837 275 1892 ad
289 1845 414 1894 montem
427 1838 554 1909 lugiunt,
572 1838 642 1909 quia
657 1839 725 1894 dum
742 1838 928 1910 cogitationes
981 1846 1092 1909 ceptum
1109 1839 1234 1893 uidelicet
1248 1838 1316 1892 tort
1336 1838 1452 1903 tratrem
1466 1849 1554 1901 suum,
1571 1832 1724 1886 numeravit
1744 1843 1829 1898 capc-

74 1934 180 1983 nostrau
210 1924 308 1995 lapsus
330 1926 376 1982 sui
402 1926 555 1983 discrimen
585 1926 738 1996 aspiciunt,
767 1927 803 1982 ab
827 1927 871 1982 liis
898 1928 927 1982 iu
982 1927 1052 1984 ,litis
1075 1929 1230 1982 ocutos-ulos
1252 1932 1380 1981 trecentos
1400 1925 1487 1979 decem
1512 1927 1537 1977 et
1556 1930 1622 1986 octo,
1652 1923 1677 1974 et
1701 1932 1829 1988 persecu-

75 2015 186 2086 quibus
211 2014 267 2070 labi
284 2014 417 2085 deinceps
440 2021 571 2085 possunt,
597 2015 683 2086 priori
702 2029 771 2072 casu
794 2024 927 2072 correctae
983 2021 1025 2070 tus
1049 2022 1087 2071 est
1108 2032 1150 2071 cos
1166 2031 1250 2085 usqiic
1275 2016 1346 2069 Dan.
1365 2016 1398 2070 ut
1422 2013 1519 2067 diuisis
1544 2011 1623 2065 sociis
1643 2010 1727 2062 irruit
1748 2021 1829 2075 supe

75 2103 111 2158 ad
126 2103 246 2159 virtutis
261 2101 401 2158 desideria
416 2102 595 2173 profugiunt.
981 2121 1023 2159 cos
1047 2111 1131 2171 nocte,
1156 2107 1290 2174 percussit
1304 2118 1347 2158 eos
1370 2106 1395 2156 et
1417 2105 1571 2170 persecutus
1591 2104 1629 2153 cst
1653 2111 1737 2166 usquc
1758 2094 1829 2150 Solo

110 2191 199 2248 Vens.
231 2192 273 2257 ll,
316 2193 357 2245 li.
385 2219 419 2232 -
449 2192 579 2246 rituum
613 2208 714 2247 omrtcm
744 2192 928 2248 sttlsturttium
985 2192 1043 2266 tal,
1074 2192 1173 2265 idolol,
1204 2208 1263 2261 quac
1285 2196 1325 2245 cst
1346 2191 1383 2244 ud
1415 2191 1509 2244 leuem
1535 2188 1670 2252 Damasci,
1696 2193 1722 2239 ct
1745 2198 1829 2252 usque

73 2280 199 2335 Sodomae
230 2285 256 2335 et
284 2280 452 2347 Gomorrha,
483 2285 510 2333 et
534 2282 662 2334 urtiocrsu
687 2297 747 2349 que
775 2281 812 2334 ud
838 2281 928 2335 cibum
983 2285 1112 2338 Fenicem.
1144 2282 1315 2350 deducitque
1345 2295 1447 2334 ornnem
1483 2277 1676 2341 substantium,
1706 2277 1732 2328 ct
1760 2271 1829 2327 Lotlt

72 2372 222 2438 pertinent,
239 2367 423 2422 etudiceuttt:
446 2384 548 2422 necnon
563 2374 588 2423 et
607 2369 684 2432 lietb,
701 2375 726 2422 ει
745 2369 928 2423 stertentium
981 2373 1097 2439 fratrem
1117 2387 1195 2426 snum
1215 2386 1273 2424 com
1293 2369 1448 2424 substorttiu
1463 2368 1548 2432 illius,
1569 2367 1693 2419 mulieres
1713 2376 1827 2431 quoque,

75 2459 144 2525 ejus,
159 2457 252 2527 filium
265 2458 366 2521 fratris
387 2456 497 2523 ebream,
522 2458 572 2525 qui
587 2457 728 2511 laoditubot
744 2459 771 2510 in
795 2457 926 2512 Sodomis.
946 2447 948 2452 ’
982 2464 1007 2514 ει
1025 2462 1164 2530 populum.
1179 2459 1265 2515 ntidit
1276 2459 1382 2514 Abram
1398 2463 1514 2526 captum
1533 2454 1602 2510 boib
1619 2453 1747 2516 tratrem,
1762 2462 1838 2530 cura

75 2544 120 2600 Ab
157 2544 258 2600 anima
292 2543 446 2615 pecualiter
479 2545 584 2609 silenti,
614 2544 667 2600 ltoc
699 2545 775 2600 enim
809 2545 929 2601 Sodoma
983 2549 1101 2618 spiritus
1126 2556 1221 2605 noster
1245 2547 1342 2603 multis
1365 2546 1508 2602 malorum
1536 2541 1676 2598 illecebris
1703 2539 1830 2595 irretitus

76 2641 170 2701 sonat,
197 2641 224 2689 et
251 2633 411 2689 secundum
437 2631 604 2689 Gomorrbar
629 2647 746 2689 sensum
767 2632 929 2689 constitute
983 2638 1126 2707 captivam
1153 2636 1285 2707 intelligit
1311 2634 1385 2690 trabi
1411 2633 1440 2688 in
1460 2631 1612 2703 voragines
1633 2628 1829 2686 colluvionum

77 2723 105 2778 in
122 2720 306 2779 turbulentia
328 2721 435 2791 peccati
458 2721 621 2777 substantia
639 2721 845 2788 toltitttr,·cutn
868 2729 929 2792 post
984 2727 1160 2782 allectionem
1191 2740 1197 2780 :
1234 2739 1284 2796 por
1312 2731 1451 2780 trecentos
1480 2722 1516 2777 ob
1546 2720 1715 2781 ternarium,
1742 2724 1830 2785 atquo

76 2811 195 2867 ruinam
230 2809 451 2867 fundamentum
480 2810 565 2866 ettam
596 2810 678 2865 bouae
709 2808 874 2878 voluntatis,
902 2818 929 2865 θῑ
949 2815 1182 2897 Ceeuienarium
1211 2814 1366 2885 perlectum
1393 2811 1548 2881 accipimus
1574 2806 1723 2864 Trinitatis
1750 2818 1828 2860 amo·

79 2898 200 2955 aiicctus
236 2896 391 2968 poenitendi
428 2897 576 2954 adimitur.
616 2898 755 2955 Universa
791 2912 856 2968 quae
893 2897 930 2952 ad
983 2918 1068 2961 rem:
1095 2918 1145 2974 per
1168 2902 1319 2958 denarium
1342 2902 1390 2957 Dei
1416 2900 1618 2955 mandatorum
1646 2893 1827 2951 custodiam:

77 2987 176 3043 elbum
208 2987 351 3057 pertinent
373 2986 559 3054 lflsssfflsslub
587 2987 706 3057 (issanda)
734 2985 821 3042 mlius
841 2999 929 3041 8³0th
983 3007 1033 3062 per
1046 2992 1227 3048 octonarium
1250 2991 1285 3046 do
1305 2991 1394 3046 beate
1419 2984 1636 3045 resurrectionis
1661 2995 1830 3040 remunera-

78 3074 234 3146 Scripturae
270 3073 401 3138 consilia,
441 3075 550 3146 quibus
585 3075 744 3144 relicimur,
781 3088 798 3129 a
837 3081 931 3131 mente
984 3083 1070 3147 etone,
1096 3095 1161 3150 quae
1190 3093 1242 3135 nos
1268 3079 1303 3134 ad
1329 3075 1564 3147 beneagendum
1586 3073 1710 3140 roborat,
1735 3082 1847 3149 spemt

79 3162 245 3219 tolluntur:
277 3169 429 3233 postquam
460 3163 522 3219 baec
558 3163 684 3230 iecerint,
714 3163 832 3228 abeunt,
860 3163 930 3233 quia
984 3169 1029 3225 bis
1051 3183 1119 3239 ergo
1144 3165 1421 3224 adminiculantibus
1449 3165 1533 3234 quasi
1559 3161 1700 3232 indigenis
1726 3157 1831 3214 animae

78 3251 132 3307 sibi
145 3250 265 3307 subdita
287 3265 405 3322 prorsus
421 3250 525 3307 infelici
543 3251 649 3318 anima,
665 3257 696 3307 ut
713 3258 777 3321 pote
793 3250 930 3306 obedien·
984 3264 1088 3313 nosqae
1110 3255 1282 3321 vernaculas,
1307 3255 1343 3310 aq
1366 3252 1443 3309 qqffit
1468 3251 1606 3307 victorum
1628 3248 1722 3304 qpqqs,
1744 3260 1829 3316 expe.

78 3348 134 3395 tem
167 3339 313 3395 demones
341 3338 513 3409 impugnare
543 3338 694 3395 desistunt.
724 3338 804 3395 Unde
834 3348 930 3395 autem
984 3342 1060 3407 ditis,
1100 3341 1302 3411 persequimur
1326 3353 1360 3394 ca
1395 3337 1503 3408 tinibus
1531 3334 1678 3405 qnondam
1713 3329 1830 3388 obnoxii

79 3427 210 3483 Sodomae
222 3433 309 3483 restet
324 3426 513 3497 penitudinis
528 3427 660 3498 gerendas
675 3426 847 3494 substantia,
864 3442 929 3482 oum
985 3430 1093 3486 luimus
1118 3437 1243 3499 peccata.
1261 3443 1354 3498 usquo
1375 3428 1446 3492 Dan,
1464 3425 1491 3481 id
1513 3431 1555 3480 est
1566 3421 1720 3493 iudicium,
1738 3434 1831 3491 usque

81 3515 163 3583 Lotb,
202 3513 230 3570 id
263 3522 305 3572 est
332 3514 452 3571 allectus
480 3523 575 3571 noster
603 3529 619 3570 a
646 3515 729 3570 bonis
762 3514 932 3571 declinando
985 3517 1021 3573 ad
1053 3517 1154 3588 digum
1186 3516 1293 3571 scilicet
1325 3522 1374 3569 tte
1407 3512 1588 3584 paenitentiae,
1622 3524 1680 3580 qim
1716 3514 1831 3578 peccata

80 3603 238 3659 distractus
256 3616 312 3658 non
339 3603 452 3670 babeat,
477 3603 525 3659 cui
550 3603 631 3659 bonae
657 3603 798 3659 voluntati
826 3603 931 3659 innita·
985 3605 1153 3662 ulciscimur
1169 3605 1310 3673 tructum3
1333 3605 1363 3659 st
1386 3603 1463 3658 enim
1492 3602 1668 3669 nosmetipsos
1688 3598 1829 3669 dijudico-

80 3701 136 3760 tur,
154 3706 222 3763 quae
247 3691 301 3748 sibi
324 3692 352 3746 in
377 3692 493 3748 modum
516 3692 657 3747 naviculae
672 3691 792 3760 substet,
824 3693 853 3747 in
874 3708 931 3763 quo
984 3709 1082 3760 remus,
1099 3692 1252 3763 apostotus
1276 3692 1325 3760 ait,
1341 3708 1393 3745 iton
1410 3693 1502 3760 utique
1512 3688 1702 3759 judicaremur
1722 3687 1751 3758 (l
1768 3686 1828 3743 Cor.

80 3780 139 3850 ipse
162 3779 304 3836 subsidat.
323 3780 402 3836 Unde
419 3781 473 3836 sub
497 3779 661 3851 cuiuspiam
679 3795 747 3837 voce
768 3781 840 3851 lapsi
858 3781 931 3837 dici·
987 3798 1024 3848 itt,
1053 3781 1117 3852 titt:
1147 3781 1303 3837 dividimus
1331 3780 1431 3845 socios,
1460 3785 1488 3835 ct
1511 3777 1650 3835 irruimus
1673 3790 1761 3848 super
1784 3789 1832 3831 cos

80 3876 129 3923 tur
144 3882 151 3922 :
168 3867 281 3936 Ιειιεεε
303 3883 363 3922 sum
386 3870 495 3922 intimo
516 3869 659 3937 profundi,
683 3874 707 3922 et
730 3884 783 3923 eon
808 3876 846 3924 est
868 3870 930 3923 sud·
986 3879 1076 3936 nocte,
1095 3885 1161 3926 cunr
1179 3870 1253 3926 bona
1268 3884 1333 3939 quae
1355 3868 1468 3939 agimus
1484 3867 1558 3922 sicut
1573 3875 1647 3922 recte
1672 3864 1830 3930 oderimus,

78 3957 185 4008 cratitio
210 3954 294 4024 (Paul.
325 3969 423 4020 extiti,
449 3955 497 4024 u):
527 3954 614 4011 irater
640 3970 718 4021 vero,
741 3955 826 4026 cuins
856 3956 933 4011 tilius
986 3960 1026 4014 ita
1047 3942 1121 4015 recte
1144 3957 1393 4025 dividimns3baeo
1408 3956 1485 4011 enim
1501 3955 1584 4025 quasi
1600 3951 1832 4024 commanipula-

82 4042 151 4098 botb
174 4049 227 4111 est,
244 4056 350 4113 corpus
365 4050 498 4100 nostrum
520 4051 573 4110 est,
593 4045 669 4115 quod
686 4045 798 4116 spiritui
824 4052 931 4110 nostro,
987 4062 1032 4103 res
1055 4047 1203 4113 babemus,
1234 4054 1261 4101 et
1289 4061 1376 4115 supet·
1400 4060 1434 4101 ea
1457 4060 1523 4116 quie
1551 4059 1604 4100 nos
1631 4048 1833 4113 oppresserunt

80 4131 187 4187 scilicet
208 4130 328 4198 Abram,
346 4131 419 4188 mira
435 4133 624 4204 germanitate
637 4148 810 4201 connexum,
827 4147 932 4190 cerna·
952 4136 1058 4197 [avitia
1083 4151 1133 4206 per
1153 4135 1357 4192 contessionem
1387 4136 1494 4205 peccati
1521 4132 1719 4205 opprimenda,
1749 4131 1831 4203 quasi

81 4221 134 4276 lem
156 4219 188 4275 itt
209 4219 308 4275 anima
327 4220 517 4291 imprimendo
532 4235 548 4277 a
569 4221 637 4278 ioris
652 4229 770 4294 generat
784 4222 929 4287 allectum,
985 4240 1035 4296 per
1050 4224 1225 4297 agnitionem
1241 4225 1333 4280 noctis
1353 4232 1457 4280 nosirae
1474 4223 1614 4279 irruimus
1629 4237 1635 4276 :
1650 4234 1684 4278 ea
1707 4219 1831 4292 percuti·

81 4308 129 4378 qni
162 4316 296 4365 versatur
323 4308 352 4364 in
382 4308 520 4377 Sodomis,
547 4311 617 4382 quie
644 4319 806 4382 perseverat
831 4313 855 4367 si
876 4311 931 4368 sibi
984 4329 1060 4380 inus,
1086 4328 1152 4369 cum
1169 4313 1310 4383 regnandi
1335 4312 1375 4367 eis
1403 4314 1431 4368 in
1458 4311 1633 4367 nobisvires
1657 4306 1833 4365 debilitando

82 4395 164 4453 liceat
179 4397 209 4452 ia
220 4396 414 4469 negligentiis.
984 4403 1149 4468 adimimus,
1165 4410 1192 4457 et
1208 4417 1300 4472 usque
1316 4401 1389 4457 Soba
1405 4400 1615 4471 persequimur,
1628 4413 1695 4456 curn
1720 4399 1749 4454 in
1764 4397 1833 4467 ipsis

113 4484 202 4542 Vetas.
224 4488 267 4540 ta.
290 4516 323 4526 —
349 4488 383 4542 Et
403 4502 460 4542 ecoe
483 4502 554 4542 unus
582 4489 632 4558 qui
649 4492 772 4543 euaserat
791 4491 930 4544 nutatiuoit

80 4572 183 4628 Adrum
207 4573 326 4643 Hcdraeo,
356 4577 405 4644 qui
432 4576 576 4632 liuditubut
604 4579 633 4632 in
661 4579 780 4633 cottoutle
811 4579 932 4633 diomdre

82 4663 246 4732 inemtas,
271 4665 372 4730 pairs
399 4651 673 4734 coenolentus
697 4667 786 4737 attere
813 4670 842 4723 tt
860 4672 931 4723 enirn

80 4752 243 4819 pepigerunt
253 4750 412 4818 ecunacum
427 4754 544 4809 Abram.
559 4754 639 4811 Unus
654 4756 703 4826 qui
714 4755 810 4811 evadit
825 4757 930 4813 abram

83 4837 201 4895 Hebraeo
217 4839 343 4907 nuntiat,
367 4841 437 4911 qnia
452 4842 590 4898 memoria
609 4843 761 4913 perpetrati
785 4843 928 4910 facinoris,

81 4941 146 4997 quae
179 4926 242 4983 sola
283 4928 395 4985 interim
428 4944 487 4985 non
523 4931 626 5001 potuit,
661 4932 765 4988 rationi
804 4948 833 4988 se
865 4948 931 4990 cum

82 5014 210 5072 mordaci
247 5016 401 5075 acerbitate
437 5019 582 5090 ingerens,
611 5029 639 5077 ct
668 5035 722 5076 sua
757 5022 932 5079 conscicntia

83 5104 234 5161 maleiaeta
263 5119 436 5176 proponens,
465 5109 566 5166 suadet
596 5117 627 5165 ut
663 5117 800 5178 transcat,
828 5111 855 5166 id
890 5121 932 5169 est

83 5193 206 5263 liebraei,
233 5194 285 5265 qui
307 5194 514 5267 interpretatur
538 5199 681 5255 transiens
704 5200 830 5264 avitiis,
852 5215 931 5256 recc-

82 5282 174 5339 dendo
202 5296 308 5339 nomen
336 5283 462 5354 impleat,
486 5285 536 5357 qui
569 5287 716 5358 quondam
745 5288 773 5343 in
802 5288 932 5344 mavelle

82 5369 221 5439 llambre,
247 5370 336 5429 idest
353 5371 515 5430 bumilitate
534 5375 715 5434 discretionis
735 5386 825 5434 matre
850 5391 931 5433 coin-

985 4491 1066 4546 bonis
1107 4489 1269 4546 actionbus
1305 4504 1383 4559 spem
1411 4489 1504 4545 laudis
1543 4486 1713 4544 trattsitoriae
1750 4486 1832 4542 nobis

985 4593 1162 4645 resecamus;
1191 4578 1264 4634 Solia
1289 4578 1393 4634 etenim
1421 4585 1497 4634 secta
1526 4577 1632 4632 dicitur
1661 4590 1678 4631 a
1706 4574 1830 4631 secondo.
1873 4604 1878 4617 ·

985 4667 1072 4722 Nemo
1105 4681 1173 4721 sanc
1206 4681 1223 4722 a
1256 4667 1339 4721 malis
1371 4666 1503 4732 abstinet,
1537 4664 1592 4720 nisi
1627 4664 1717 4733 ipsius
1747 4662 1832 4719 etiam

985 4755 1164 4811 abstinentiae
1192 4763 1299 4825 typatu.
1330 4770 1395 4811 cum
1423 4753 1579 4820 emerserit,
1612 4760 1735 4821 resecet;
1775 4750 1835 4806 baec

985 4852 1026 4900 est
1059 4844 1164 4899 scilicet
1197 4844 1271 4899 Soba
1304 4843 1339 4898 ad
1372 4843 1471 4897 taetram
1504 4840 1646 4907 Daritasci,
1676 4839 1747 4910 quia
1779 4838 1831 4894 etsi

985 4933 1133 4989 tenoribus
1155 4941 1320 4989 sanctorum
1336 4931 1395 4986 vita
1409 4931 1445 4986 ab
1469 4931 1616 5000 aliquibus
1633 4929 1750 4996 tollitur,
1766 4935 1834 4984 sunt

986 5031 1079 5078 tanicn
1109 5021 1206 5091 plnres
1231 5020 1338 5090 quibus
1360 5028 1401 5075 est
1422 5019 1524 5075 oculus
1548 5018 1709 5089 sanguinis,
1737 5017 1765 5072 id
1792 5022 1834 5072 est

986 5111 1104 5168 intentio
1126 5111 1242 5179 peccati,
1267 5118 1294 5165 et
1318 5109 1377 5179 pios
1392 5121 1523 5178 quosque
1538 5109 1573 5164 ad
1590 5108 1691 5163 laevam
1716 5106 1832 5173 habent,

986 5200 1012 5256 id
1046 5207 1088 5254 est
1117 5198 1340 5254 adversitotbns
1363 5194 1505 5266 'ttrgent.
1543 5198 1700 5253 Damascus
1735 5202 1834 5252 autem

984 5286 1087 5342 oculus
1100 5286 1252 5357 sangoinis
1271 5286 1392 5352 dicitur;
1415 5293 1491 5342 secta
1508 5286 1605 5356 itaque
1622 5285 1657 5340 sit
1676 5299 1694 5340 a
1717 5283 1834 5354 cupidi-

984 5385 1040 5432 tate
1055 5376 1172 5432 tavoris.
1199 5376 1269 5432 Nam
1284 5390 1349 5431 cnm
1374 5375 1484 5431 laudari
1502 5376 1557 5433 viri
1572 5373 1662 5431 sancti
1679 5373 1834 5442 incipiunt,
