3818 6008
106 232 159 284 aar
562 219 780 279 naumann
798 217 945 275 rebaris
962 218 991 274 s.
1012 218 1135 275 ιιιιιιιι
1152 218 1199 273 nn
1217 217 1414 276 uovrcnuro
1806 221 1856 273 ese
1900 190 1903 201 '

107 359 186 433 qued
198 358 304 415 dicitur
320 371 326 411 :
344 354 423 413 «Fui
443 354 475 410 in
492 352 598 425 spirata
612 353 715 425 (Apac.
730 366 749 421 ι,
771 351 824 423 lb).
844 373 854 400 ι
882 349 957 419 Quid
972 349 997 407 Α
1011 351 1179 421 quotidiano
1193 350 1327 408 animalis
1341 351 1436 408 nmcio
1451 350 1537 422 eujus
1555 363 1653 407 morsu
1671 362 1798 417 corrosa,
1814 363 1858 421 pe

107 457 150 506 est
167 448 209 504 lui
232 448 261 504 in
277 444 401 516 spiritu?
428 443 538 499 Scilicet
560 443 590 498 in
617 442 811 512 spiritualium
834 450 957 498 contem-
1008 441 1302 512 ceniarum·quoque
1325 449 1444 508 mones,
1463 440 1550 511 pallia
1571 448 1596 496 et
1621 439 1769 506 oloserica,
1796 451 1857 508 pan

108 538 242 610 piatione.
260 535 293 591 ln
310 532 503 603 spiritaenim
517 546 575 588 non
595 532 703 599 luisset,
727 531 780 588 nisi
796 532 872 602 quod
894 531 956 602 spi·
1009 529 1188 600 nosopipare
1209 537 1309 597 textos,
1336 529 1507 587 multifidam
1528 528 1745 599 supellectilem,
1774 527 1811 583 iis
1831 528 1859 583 in

108 626 212 683 rituale
223 630 276 690 est,
290 621 480 691 conspicuum
500 621 655 677 habuisset.
671 619 698 676 si
720 634 789 692 ergo
805 620 877 676 nihil
900 619 956 676 nisi
1010 617 1057 674 ille
1067 619 1200 675 examine
1215 620 1251 676 ad
1265 633 1325 676 suae
1337 619 1532 690 perversitatis
1545 626 1751 690 argumentum
1771 630 1859 687 appo·

108 711 258 784 spirituale
280 711 471 780 conspicuum
494 709 549 766 sibi
566 709 630 775 luit,
653 708 783 779 quidest
803 709 880 780 quob
901 709 956 764 nisi
1009 707 1113 776 nenda,
1141 707 1192 777 qui
1224 708 1343 764 libenter
1367 708 1515 778 accipiunt
1542 720 1673 774 munera,
1698 714 1732 763 ut
1754 704 1861 762 seilicet

108 801 215 858 lormas
244 813 393 870 corporeas
412 798 506 855 dicere
526 812 585 854 non
603 797 705 867 potuit,
725 811 799 868 quas
813 797 957 854 duntaxat
1009 803 1174 867 pervertant
1192 796 1311 867 judicia.
1342 797 1399 854 Nec
1423 797 1528 853 desunt
1553 794 1687 864 exempla
1709 793 1859 862 moderna,

108 903 168 960 prae
184 887 275 944 oculis
290 887 412 944 hahuit?
1008 898 1076 941 cum
1089 884 1111 940 si
1125 899 1184 956 qua
1199 885 1290 941 videri
1302 885 1336 941 do
1347 885 1511 941 animarum
1527 892 1605 940 statu
1627 882 1771 953 hodieque
1792 896 1860 938 con-

142 976 265 1033 httende
290 975 388 1046 itaque
415 974 521 1032 divina
545 973 746 1046 descriptionis
768 974 881 1032 nonnisi
904 975 957 1032 hu·
1009 973 1141 1045 tingat,a
1156 973 1237 1030 modo
1252 988 1339 1045 quem
1358 972 1547 1044 prediximus
1568 972 1650 1029 nulla
1671 969 1861 1042 disparilitate

107 1079 227 1122 manum
241 1065 372 1131 modum;
389 1064 504 1120 attende
520 1062 648 1135 gladium
664 1064 707 1120 bis
730 1072 858 1131 acutum,
884 1079 956 1121 can—
1009 1060 1133 1118 diderat.

107 1153 234 1220 delahra‚
249 1157 278 1209 et
300 1152 410 1222 stellas;
432 1160 470 1219 et,
496 1161 528 1210 ut
547 1152 583 1208 ad
610 1153 740 1210 habitum
764 1153 889 1222 redeam,
911 1153 955 1209 la·
1044 1151 1099 1219 jv.
1116 1149 1222 1205 Itidem
1245 1150 1385 1207 Dammae
1415 1149 1446 1206 ia
1471 1148 1632 1222 Evangelia
1660 1147 1861 1205 materialibus

107 1256 152 1298 nae
179 1241 251 1297 albae
261 1240 386 1310 capillos,
408 1241 492 1311 pedes
520 1241 684 1297 aurichalco
703 1242 881 1318 compositos.
912 1242 956 1297 lta
985 1238 1102 1296 ‘ubter
1125 1239 1272 1312 exemplis.
1296 1270 1329 1280 ·-
1352 1240 1444 1310 Super
1462 1239 1523 1295 haec
1540 1246 1635 1295 autem
1656 1237 1754 1293 amnia
1778 1239 1860 1292 iesus

51 1360 55 1367 ·
107 1328 768 1400 universumvolumenevolve;nusquamnisi
787 1329 956 1386 humanitus
1009 1327 1069 1398 ipss
1082 1328 1221 1384 Dominus
1236 1328 1306 1398 quid
1324 1327 1377 1384 nisi
1394 1327 1724 1398 materialesupplicium
1746 1325 1859 1382 minita-

107 1418 184 1475 dicta
199 1419 337 1488 reperies
354 1432 500 1489 nusquam
523 1433 579 1474 non
599 1418 663 1474 dico
683 1418 882 1486 substantiale,
907 1418 956 1474 sed
1008 1416 1032 1473 ri
1049 1415 1181 1472 videtur‘l
1196 1416 1247 1474 Ubi
1260 1417 1337 1473 euim
1350 1417 1431 1488 ligari
1452 1431 1556 1472 manus
1577 1422 1605 1472 et
1619 1416 1704 1487 pedes
1728 1415 1857 1478 mandat,

106 1507 255 1564 essentiale
270 1507 380 1578 aliquid
394 1508 428 1564 de
442 1508 498 1563 Deo
515 1507 720 1578 ibiprolertur3
736 1507 760 1562 si
775 1507 845 1577 quid
858 1515 955 1564 autem
1010 1503 1038 1559 in
1063 1504 1195 1561 tenebras
1216 1520 1333 1575 quoque
1346 1504 1501 1561 exteriores
1524 1503 1621 1575 projici
1642 1503 1776 1574 imperat,
1803 1502 1857 1559 ibi-

107 1595 251 1665 prolatum
278 1595 382 1652 ibidem
397 1603 517 1663 constat,
544 1595 634 1652 multo
653 1595 856 1666 allegoriarum
876 1596 954 1652 vela·
973 1605 1066 1700 Bque
1080 1592 1179 1649 datum
1196 1593 1356 1650 allaturum
1372 1601 1399 1650 et
1418 1593 1567 1650 stridorem
1593 1592 1724 1649 dentium
1754 1591 1858 1661 pariter

107 1683 185 1740 mine
210 1684 354 1755 palliatur.
384 1684 530 1755 Quidquid
565 1698 681 1755 quoque
710 1684 767 1741 illic
797 1684 833 1741 de
877 1692 955 1742 statu
1009 1681 1159 1739 denuntiat
1173 1681 1290 1752 (Matih.
1312 1697 1381 1749 xxii,
1408 1686 1461 1754 lb),
1485 1681 1651 1752 quidaliud
1675 1695 1765 1752 quam
1792 1694 1857 1736 ron·

106 1780 213 1829 sanctae
230 1773 362 1829 Ecclesia
392 1781 595 1843 precantatur,
618 1772 750 1829 eoloratis
773 1774 956 1831 sermonibus
1009 1770 1223 1826 suetudinarias
1238 1771 1320 1826 nobis
1346 1773 1491 1840 passiones
1507 1768 1650 1826 ostehtatl
1672 1770 1706 1825 Et
1734 1777 1812 1825 certe
1835 1767 1856 1823 si

107 1860 302 1928 inumbratur,
320 1861 427 1918 etlicet
455 1861 505 1932 qui
537 1861 649 1928 viderit,
678 1861 707 1916 in
734 1861 838 1932 spiritu
868 1863 955 1919 luisse
1008 1859 1109 1915 vexari
1133 1859 1312 1929 criminosas,
1336 1859 1397 1916 sive
1419 1859 1510 1916 levius
1533 1858 1705 1929 peccatrices
1737 1858 1856 1925 animas,

107 1948 230 2017 dicatur,
247 1963 431 2021 quaecunque
454 1950 626 2006 intrinsecus
640 1949 830 2020 spiritualitas
853 1951 956 2007 delite-
1007 1946 1108 2004 eodem
1123 1947 1266 2004 materiali
1286 1948 1428 2018 supplicio
1452 1963 1510 2019 quo
1529 1960 1649 2017 corpora
1665 1947 1857 2018 jastimamus,

107 2045 177 2106 scat,
209 2037 282 2094 nihil
316 2037 370 2095 nisi
404 2037 598 2108 corruptibilis
626 2039 727 2108 speciei
756 2046 783 2096 et
809 2038 956 2110 corporale
1009 2050 1067 2092 nou
1083 2035 1257 2106 bene‚juxta
1270 2037 1449 2107 apostorum.
1469 2036 1670 2107 spiritualibus
1697 2035 1859 2107 spiritualia

108 2125 302 2195 proloquitur.
1009 2138 1210 2195 comparamus
1233 2127 1261 2196 (1
1276 2127 1343 2181 Cor.
1365 2141 1394 2193 ιι,
1420 2126 1473 2196 ιι).
1502 2125 1582 2193 Quod
1605 2134 1701 2182 tamen
1727 2124 1858 2196 exemplo

141 2215 156 2281 ἓ
172 2215 219 2268 lll.
234 2215 300 2281 Quae
311 2214 594 2280 ianuamianuaim
607 2215 778 2272 materialia
787 2219 953 2289 suggerant.
1010 2213 1154 2284 proposito
1168 2214 1259 2270 salius
1272 2214 1502 2285 comprobamus.

50 2304 53 2311 '
106 2303 249 2375 -lgitur
279 2305 418 2375 quoniam
446 2304 496 2376 qui
525 2304 560 2361 de
584 2305 766 2375 presentium
787 2305 897 2362 visione
919 2306 956 2362 ad
1045 2304 1137 2368 Quam
1155 2302 1241 2357 metti
1263 2303 1297 2359 ab
1317 2307 1433 2358 terrena
1454 2301 1632 2374 acquirenda
1657 2300 1813 2374 suppliciis
1834 2303 1861 2356 et

108 2390 222 2448 interna
235 2391 359 2448 videnda
379 2394 581 2464 commigrant,
603 2392 645 2449 nil
668 2393 747 2450 aliud
768 2407 857 2463 quam
878 2394 956 2465 quod
1009 2390 1154 2446 laboribus
1167 2391 1287 2447 dicaces
1304 2408 1366 2447 aeae
1388 2390 1549 2447 immolant.
1566 2421 1600 2431 -
1625 2390 1695 2448 Vide
1715 2390 1860 2448 hominem

108 2476 137 2534 in
152 2478 261 2536 mundo
272 2487 482 2538 consueverant
502 2480 599 2537 videre
617 2488 771 2551 reportant,
799 2481 893 2552 putari
919 2483 956 2539 ab
1010 2478 1125 2555 indulta
1145 2489 1274 2551 quaestus
1292 2480 1446 2550 cupiditate
1466 2481 1625 2547 detentum,
1653 2479 1860 2536 cruentissimis

107 2566 206 2637 aliquo
220 2577 313 2638 posset
331 2569 409 2638 quod
432 2568 538 2625 eaedem
568 2570 666 2625 terme
688 2570 765 2638 apud
794 2570 957 2639 spiritualia
1011 2575 1043 2625 ut
1057 2569 1154 2638 cupita
1165 2570 1297 2639 acquirat
1313 2569 1471 2625 ambienter
1483 2569 1575 2626 addici
1591 2568 1751 2637 laboribus,
1771 2581 1862 2639 quan·

108 2655 294 2722 haberentur,
316 2670 382 2727 quae
400 2657 479 2726 apud
502 2670 630 2727 superos,
661 2657 717 2713 imo
740 2659 818 2729 apud
840 2658 954 2729 interos,
1010 2663 1040 2713 ta
1055 2656 1129 2712 lame
1148 2671 1208 2713 sese
1231 2657 1391 2725 discruciet,
1416 2657 1534 2728 quantis
1549 2657 1709 2723 insomniis,
1733 2656 1862 2728 quantis

108 2744 371 2815 quodnossumus‚
390 2745 491 2801 haberi
517 2746 662 2803 videntur.
684 2746 753 2814 Quae
775 2746 957 2805 unilormitas
1011 2760 1068 2817 que
1094 2745 1259 2813 sudoribus,
1290 2753 1322 2802 ut
1348 2753 1424 2802 certe
1449 2745 1535 2802 celeri
1568 2745 1658 2801 vitam
1691 2740 1861 2802 terminaret

107 2832 267 2902 specierum
278 2833 302 2890 si
318 2833 356 2889 ita
368 2839 419 2901 est,
435 2834 511 2904 quod
534 2833 700 2891 nullatenus
714 2835 887 2892 credendum
904 2844 955 2905 est,
1009 2834 1106 2902 exitio,
1130 2835 1154 2889 si
1172 2834 1199 2890 id
1228 2835 1386 2891 tolerantiae
1412 2833 1497 2890 alicui
1522 2833 1738 2904 intorqueretur
1758 2833 1859 2890 invito.

108 2921 377 2992 ergointercorpus
393 2928 421 2979 et
438 2922 572 2992 spiritum
596 2937 648 2979 nec
666 2923 803 2980 distantia
821 2938 874 2981 nec
895 2926 957 2982 dis·
976 2920 1088 2996 cQuod
1106 2923 1280 2993 perpendere
1305 2938 1342 2979 ex
1357 2923 1535 2993 captivorum
1562 2921 1709 2994 patientia,
1737 2922 1789 2994 qni
1812 2935 1862 2993 pro

108 3008 267 3065 similitudo
284 3017 336 3078 est,
361 3010 428 3078 imo,
460 3017 491 3067 ut
517 3011 634 3068 brevius
657 3012 754 3068 omnia
776 3015 955 3083 contraham,
1012 3013 1142 3082 pecuniis
1166 3012 1343 3079 cruciantur,
1365 3019 1408 3068 est
1431 3010 1586 3082 liquidum.
1614 3011 1687 3067 Nam
1714 3011 1862 3067 tormentis

108 3105 185 3154 certe
213 3111 265 3154 aee
291 3099 354 3168 ipsa
380 3099 568 3168 spiritualitas
596 3100 707 3173 aliquid
739 3109 790 3158 est.
823 3103 850 3159 Si
880 3103 957 3160 enirn
1012 3101 1082 3156 adeo
1093 3101 1261 3158 enormibus
1279 3101 1342 3157 illos
1360 3100 1561 3156 excarnificari
1585 3099 1729 3166 videmus,
1749 3099 1862 3171 pollici·

108 3185 355 3243 nullussaeculum
375 3186 450 3244 inter
466 3195 623 3259 utrumque
635 3189 754 3261 gradus,
769 3191 791 3246 si
805 3190 847 3262 jde
867 3191 957 3248 altero
1012 3189 1068 3245 hus
1092 3189 1325 3260 genitalibusque
1348 3188 1495 3259 suspendi,
1527 3188 1626 3245 denes
1651 3187 1760 3258 loreipe
1787 3188 1862 3256 erui,

109 3275 140 3330 in
154 3273 277 3331 alterurn
301 3275 384 3345 quasi
408 3276 444 3332 de
470 3290 589 3346 corpore
613 3277 753 3334 transitur
780 3278 810 3334 in
840 3293 955 3350 corpus,
1012 3291 1126 3349 ungues
1145 3277 1223 3348 ligno
1239 3282 1308 3333 aot
1334 3284 1496 3335 coarctante
1512 3276 1681 3344 comminui,
1696 3277 1791 3333 calces
1805 3276 1863 3332 sale

109 3374 262 3432 nunquam
279 3361 459 3433 depraesenti
476 3364 832 3435 hocqualicunquehono
853 3368 957 3424 transi-
1012 3366 1097 3423 illitos
1128 3380 1282 3436 caprarum
1313 3367 1414 3438 lingua
1440 3366 1595 3434 sublambi,
1620 3375 1649 3423 et
1675 3365 1737 3422 haec
1766 3365 1863 3422 omnia

110 3458 159 3507 tur
178 3450 207 3506 in
227 3451 339 3507 melius.
365 3452 442 3509 Bona
464 3453 540 3508 enim
560 3462 666 3511 sunta
689 3455 746 3511 Deo
760 3455 883 3522 condita,
908 3456 957 3512 sed
1012 3462 1092 3511 tanta
1110 3454 1336 3525 aequanimitate,
1358 3455 1414 3509 imo
1432 3453 1518 3509 animi
1536 3452 1718 3524 jucunditate
1743 3453 1861 3524 perpeti,

109 3538 295 3613 imaginaria3
308 3539 352 3597 his
368 3542 478 3598 utimur
493 3541 617 3611 interim,
632 3543 723 3599 donec
738 3542 794 3600 lrui
819 3544 904 3600 detur
922 3544 958 3600 iis
1012 3551 1122 3613 quanta
1130 3543 1256 3599 thesauri
1272 3556 1323 3613 spe
1332 3541 1449 3612 repositi
1462 3543 1593 3599 animum
1614 3542 1644 3597 in
1662 3540 1723 3598 suis
1747 3541 1863 3615 angulis

109 3643 184 3700 quae,
202 3630 237 3686 ob
253 3628 483 3686 transibilitatem
499 3630 612 3699 horum,
629 3641 771 3688 vocantur
784 3639 902 3688 aetcrrna.
1009 3631 1204 3689 exsultantem
1218 3632 1359 3702 conjicere
1374 3631 1470 3687 valeas
1487 3630 1610 3686 deliniri.

144 3718 216 3786 §tlt
233 3717 289 3785 Qui
303 3717 426 3774 abiam
439 3719 599 3774 retutemus
616 3736 696 3788 caea,
716 3720 958 3792 corporeisrebae
1047 3720 1129 3777 Certe
1153 3722 1256 3778 turrim
1280 3720 1360 3776 mirae
1385 3718 1594 3791 magnitudinis
1617 3719 1735 3791 ignibus
1755 3719 1863 3777 cande-

108 3804 220 3861 arsitia
241 3805 400 3862 exhibuere.
429 3808 614 3878 —Denique
639 3817 669 3865 et
692 3808 839 3879 praelibato
860 3809 957 3866 sensui
1010 3810 1343 3880 scentemexperimento
1358 3809 1521 3876 didicimus,
1535 3808 1864 3879 linguaquemdamsua

110 3894 201 3951 adniti
214 3895 424 3966 videtur‚quod
435 3895 512 3966 apud
531 3896 648 3953 baalim
670 3911 772 3969 papam
788 3898 957 3969 Gregorium
1011 3898 1137 3955 madenti
1160 3912 1277 3969 prorsus
1298 3898 1481 3969 exstinguere
1500 3896 1629 3966 solitum,
1656 3897 1693 3954 ab
1719 3897 1747 3952 id
1775 3897 1864 3954 studii

110 3983 273 4054 omnesqui
290 3983 325 4039 de
336 3984 470 4040 exteriori
492 3985 544 4041 isto
559 3986 595 4041 ad
611 3986 731 4043 interius
750 3986 821 4043 illud
836 3987 957 4044 redituri
1012 3986 1191 4043 solummodo
1202 3986 1363 4056 exigentem
1384 3986 1496 4042 nummi
1519 3987 1652 4057 pretium.
1669 3985 1696 4042 Si
1715 4000 1785 4057 ergo
1798 3999 1864 4043 cor·

110 4071 308 4141 rapiebantur,
326 4072 438 4130 nonnisi
454 4073 488 4130 iis
503 4074 607 4131 similia
620 4075 742 4145 quaehir
760 4083 956 4145 assueverant,
1012 4089 1079 4147 pore
1094 4074 1180 4131 tantis
1202 4073 1353 4145 profligato
1375 4074 1497 4130 miseriis
1520 4073 1636 4131 animus
1658 4073 1718 4144 spei
1740 4072 1864 4141 {occulta

111 4158 465 4218 vidisseserecoluerunt.
487 4162 513 4218 Si
529 4163 606 4220 enim
626 4177 734 4233 pontes,
752 4163 775 4220 si
795 4163 909 4233 duvios,
933 4165 957 4221 si
1016 4163 1122 4235 gaudio
1149 4163 1298 4219 debriatus
1326 4163 1362 4218 ah
1389 4163 1488 4219 eadem
1514 4162 1642 4219 molestia
1673 4162 1863 4233 conquiescit,

110 4247 213 4304 latores
249 4248 430 4319 sulphureas,
454 4250 478 4306 si
508 4265 635 4308 animnos
670 4260 807 4322 praeterea
830 4267 956 4324 campas,
977 4221 1132 4308 1'cernere
1145 4251 1175 4306 in
1188 4259 1322 4321 promptu
1335 4258 1379 4307 est
1392 4251 1473 4320 quia,
1491 4251 1565 4308 sicut
1579 4264 1645 4306 caro
1660 4250 1865 4307 vexationibus

110 4336 134 4392 si
149 4336 245 4392 aureis
260 4336 405 4395 laterculis
419 4339 613 4397 exedificatas
626 4340 725 4397 donros
748 4341 858 4412 quique
879 4350 958 4399 retu·
1012 4341 1119 4413 agitur,
1133 4340 1230 4397 anima
1245 4340 1455 4411 aliquantisper
1479 4339 1565 4396 tantis
1586 4347 1709 4396 vacante
1737 4339 1865 4395 turbini·

109 4422 204 4494 lerint‚
217 4425 270 4482 huc
285 4425 422 4484 nimirum
438 4428 473 4485 de
497 4428 678 4485 sinilitudine
700 4431 846 4499 praesentis
866 4438 958 4488 status
1012 4431 1077 4496 bus,
1094 4431 1265 4498 itaeorpore
1284 4429 1450 4485 nullatenus
1465 4427 1612 4485 molestato
1633 4427 1732 4484 anima
1758 4428 1863 4485 multo·

110 4513 270 4572 intulerint.
285 4515 344 4571 Nec
357 4516 518 4574 secundum
534 4517 625 4573 solam
646 4517 751 4589 dialogi
773 4519 876 4576 seriem
897 4520 960 4577 hec
1011 4518 1261 4578 tiessolatristitiae
1277 4518 1460 4589 conceptione
1477 4523 1629 4574 mactatur.

110 4602 259 4674 aliquibus
280 4604 449 4674 apparuisse
473 4604 629 4675 putaveris,
654 4608 683 4662 et
705 4621 762 4662 uon
790 4609 886 4676 potins
908 4623 959 4679 per
1047 4603 1863 4678 Sanctimartpresspiritualiaspirituatibascomparaat.

109 4706 209 4750 omnes
222 4704 296 4762 quas
312 4707 356 4749 me
368 4707 427 4750 non
444 4692 508 4749 dico
528 4693 637 4765 legisse,
666 4695 715 4752 seb
737 4696 822 4752 etiarn
845 4697 960 4755 audisse
1012 4694 1110 4751 Aliter
1123 4699 1220 4750 autem
1238 4693 1350 4749 deciam
1367 4697 1395 4748 et
1423 4692 1588 4766 hypocrita.
1615 4692 1718 4747 Sancti
1737 4692 1796 4748 aira·
1817 4692 1866 4764 qai

109 4779 289 4836 meminerim
303 4781 439 4838 visiones.
899 4832 914 4855 ,
1010 4785 1171 4859 panderent
1193 4783 1378 4857 quotidianas
1407 4781 1651 4838 mortificationes.
1677 4810 1715 4824 -
1736 4781 1865 4854 Corpora

144 4868 220 4936 Quid
239 4868 316 4924 enim
336 4870 414 4939 quod
436 4870 513 4926 Beda
533 4870 562 4927 in
584 4870 676 4928 Gestis
705 4875 864 4946 anglorum
889 4875 959 4932 dum
1014 4875 1112 4944 itaque
1132 4873 1339 4943 corporalibus,
1363 4871 1483 4942 spiritus
1506 4870 1715 4941 spiritualibus,
1741 4879 1775 4929 ut
1795 4887 1866 4944 prae

109 4956 178 5014 hinc
188 4957 310 5024 timoris,
326 4958 395 5015 hinc
409 4959 507 5030 gloriae
521 4959 622 5030 plenas
636 4975 696 5018 sure
709 4963 785 5034 genti
803 4963 961 5034 aliquando
1013 4962 1156 5030 misimus,
1179 4969 1386 5031 comparantes,
1407 4961 1581 5017 alterutrum
1597 4960 1659 5016 sine
1679 4960 1770 5018 altero
1799 4976 1865 5019 cru-

30 5092 35 5101 .
109 5044 308 5103 manilestatas
333 5046 522 5105 revelationes
544 5049 656 5120 intexit,
675 5050 756 5107 nulla
779 5051 833 5108 nisi
856 5052 961 5108 nostris
1015 5064 1144 5108 cessuas
1159 5064 1209 5120 pro
1234 5049 1294 5105 loeo
1315 5056 1343 5105 et
1366 5055 1491 5119 tempore
1515 5047 1635 5103 tolerare
1659 5047 1864 5118 conspicimus.

110 5134 213 5191 usibus
231 5136 503 5194 convenientissima
517 5136 633 5196 dicitur.
658 5139 719 5196 illie
733 5141 811 5196 enim
827 5148 855 5196 et
876 5155 961 5196 man·
1015 5138 1096 5208 Quod
1117 5137 1266 5195 insanetis
1285 5137 1473 5207 martyribus,
1489 5137 1639 5193 exterioris
1663 5136 1711 5193 sui
1741 5136 1868 5194 hominis

110 5228 163 5289 tes,
198 5229 226 5278 et
251 5225 377 5288 castella,
416 5225 612 5284 inclementias
637 5227 721 5295 aeris,
754 5235 782 5285 et
812 5228 963 5298 plumbeas
1015 5227 1163 5286 doloribus
1186 5225 1314 5283 interiori
1336 5226 1489 5297 gaudente,
1512 5231 1622 5282 constat
1644 5224 1795 5283 evidenter
1814 5241 1867 5284 ex·

112 5309 316 5368 damnatorum
353 5326 444 5383 areas,
475 5314 585 5372 laceras
612 5315 643 5372 in
678 5316 769 5386 pranis
805 5318 963 5387 positorum
1017 5316 1152 5388 positum.
1176 5314 1353 5371 altrinsecus
1376 5321 1473 5370 autem
1496 5312 1631 5384 superiis
1652 5327 1726 5383 quos
1748 5315 1868 5372 acrimo

112 5394 209 5463 tibias,
223 5401 356 5466 qaedam
377 5401 438 5457 loca
467 5404 619 5474 putoribus
635 5405 804 5462 exhalantia
822 5407 962 5476 supplicio
1016 5405 1065 5462 nia
1072 5403 1216 5461 consumit
1227 5401 1341 5469 acedia,
1354 5403 1536 5473 perspicuum
1547 5409 1590 5458 est
1602 5402 1721 5473 quantis
1739 5402 1865 5472 lacerum

110 5482 282 5553 punitorum
324 5498 472 5560 apparata,
512 5492 650 5565 principis
677 5493 829 5566 cujusdam
866 5495 961 5553 virilia
1017 5497 1117 5566 pectus
1142 5492 1301 5564 disjiciatur
1328 5491 1496 5564 angoribus,
1538 5490 1632 5562 plane,
1669 5498 1703 5548 ut
1736 5498 1865 5563 pntstm,
