3818 6008
277 106 511 167 rnoebtodtm
529 107 565 165 ln
584 106 682 171 OSEE,
702 109 795 166 ullos
814 109 859 167 ΕΤ
877 108 951 166 tub.
979 141 1007 150 -
1025 110 1089 167 tle.
1110 109 1133 166 l.
1153 111 1190 168 ttt
1207 111 1310 169 OSEE.
1620 115 1671 172 ³62

56 239 205 297 lilcetionis
224 241 428 307 commaculas,
454 241 518 297 vide
540 248 636 298 tamen
654 255 690 297 ue
704 241 764 297 εει·
786 247 809 299 Α
824 240 1036 298 simulationem
1057 243 1120 315 ejus
1134 250 1301 315 protegunt,
1317 244 1386 302 dum
1400 241 1531 303 velamen
1546 244 1571 303 ei
1586 246 1671 303 mali-

61 339 241 399 peccatorum
278 339 394 385 tuorum
424 329 608 386 consessionis
640 331 764 385 amittas.
822 331 867 385 ttae
896 338 1057 400 opponunt,
1085 338 1113 386 et
1144 346 1314 401 coiriponere
1348 333 1486 405 gestiunt,
1515 333 1594 406 J'usto
1621 335 1671 390 Dei

56 418 102 473 lite
132 417 242 487 ingredi
271 419 300 472 in
320 417 449 488 Galgala,
473 425 500 474 et
525 433 560 475 ne
584 418 767 475 ascenderitis
817 417 926 486 jndicio
949 419 1012 489 cius
1041 419 1196 490 iniquitate
1220 428 1326 477 retecta
1349 429 1479 492 patenter
1501 423 1670 491 ostenditur,

58 508 160 572 haven,
189 521 282 575 necque
305 506 498 576 juraveritis:
517 507 594 566 Vivit
616 510 764 564 bantinus.

56 609 89 650 ini
120 596 194 649 sicut
234 607 322 650 vacca
356 593 508 650 lasciviens
536 596 690 651 declinavit
723 597 767 651 ls-

78 685 108 737 ln
131 684 245 750 Gvatpiata
269 682 440 752 ingreditur,
466 684 517 752 qui
544 683 767 753 spurcitiis-lla-

81 770 259 837 ineruditum
294 768 413 839 Gulgaia
451 785 553 840 nempe
593 773 766 828 volutabrum

57 866 133 915 atur.
163 860 194 913 lu
220 860 356 913 Battiaden
383 859 562 927 ascenditur,
591 875 658 915 cum
688 875 768 916 meus

60 948 92 1002 ιε
122 946 213 1002 ιιιειιε
248 947 426 1017 insignitur3
466 947 611 1004 liethaven
640 962 767 1019 namque

56 1035 140 1089 rutilis
163 1034 279 1101 dicitur,
305 1042 331 1090 et
353 1035 424 1104 quid
445 1035 579 1092 inutilius
603 1051 691 1107 quam
707 1051 766 1093 suae

56 1123 213 1179 inscientiae
241 1123 450 1192 turpitudinem
475 1138 532 1179 uon
559 1125 666 1192 videre,
690 1132 767 1181 etse

56 1211 219 1282 aspectibus
241 1211 404 1280 spectaculo
423 1211 493 1267 veile
508 1213 593 1268 esse?
621 1215 694 1268 Viuit
710 1228 765 1268 au-

56 1303 132 1366 tibus,
147 1300 229 1371 jurat
253 1300 388 1370 quisquis
413 1314 462 1370 per
477 1300 651 1370 hypocrisim
667 1301 767 1357 Domi-

56 1402 85 1444 sc
109 1387 216 1454 vivere,
242 1388 377 1442 adhibitis
400 1388 485 1443 etiarn
509 1388 683 1458 quibusdam
703 1404 767 1458 ope

57 1475 150 1532 rliibet
171 1483 198 1531 et
218 1476 378 1530 confirmat.
400 1476 503 1531 iurare
528 1489 597 1546 erge
618 1479 691 1531 Vicit
713 1481 765 1533 liu-

56 1564 213 1632 rohibctur,
239 1566 367 1632 quonium
382 1566 450 1618 sicui
468 1580 550 1618 eaeea
564 1567 706 1619 lasciviens
725 1567 768 1620 ιε-
789 1543 809 1596 B

820 506 960 576 quianon
977 506 1078 563 honori
1095 522 1169 576 eam,
1187 509 1236 564 sed
1254 509 1420 580 ignominia
1436 509 1598 566 coluerunt.

856 595 941 650 Vens.
961 597 1002 649 ie.
1020 626 1053 635 -
1079 617 1090 644 ι
1109 597 1221 667 ligavit
1245 612 1312 653 eum
1332 598 1452 669 spiritus
1477 598 1506 654 iu
1531 599 1584 654 atis
1599 598 1670 667 suis,

824 702 834 729 ι
850 694 879 737 ει
903 683 1150 740 conlundentura
1174 686 1324 741 sacriticils
1345 688 1415 743 suis.
1433 708 1444 734 ›
1463 687 1584 756 Spiritus
1600 702 1670 755 eum,

821 770 905 826 idest
928 771 1077 840 Ephraim,
1095 775 1124 825 io
1146 775 1198 827 atis
1223 778 1280 829 suis
1296 774 1375 845 ligat,
1392 788 1459 831 eum
1473 788 1546 831 aura
1567 788 1671 845 super-

821 858 884 926 biae,
900 859 935 914 de
951 873 1010 929 qua
1024 875 1113 929 supra
1136 860 1276 928 diximus,
1291 863 1468 919 voluntatem
1483 863 1562 918 omni
1586 869 1671 918 vento

820 945 1019 1003 circumlatam
1042 947 1151 1004 levitati
1166 963 1226 1005 snae
1247 951 1405 1020 accopulat.
1423 951 1487 1008 Nou
1508 951 1583 1007 enim
1603 951 1671 1007 hos-

820 1049 870 1104 pes
884 1048 956 1091 εεεε
970 1033 1135 1105 snperbiam
1159 1035 1268 1103 ductat,
1292 1037 1341 1092 sed
1358 1037 1418 1107 ipsa
1431 1045 1670 1109 quaquaversum

819 1123 954 1191 voluerit,
971 1136 1037 1179 cuni
1054 1123 1116 1193 ipso
1141 1123 1341 1194 circumvolat,
1368 1134 1395 1182 et
1409 1127 1501 1183 ideae
1525 1126 1670 1197 romipetis

820 1210 1049 1279 contunduntur,
1078 1211 1148 1282 qula
1163 1226 1199 1267 ex
1223 1226 1256 1268 eo
1272 1213 1349 1282 quod
1370 1228 1399 1270 se
1425 1214 1606 1271 demonibus
1621 1228 1672 1284 per

819 1299 938 1355 crimina
967 1314 1091 1371 quaeque
1119 1300 1283 1369 concidunt,
1314 1301 1384 1357 dum
1409 1302 1516 1358 elevari
1540 1317 1570 1359 se
1596 1303 1670 1358 aesti-

821 1396 910 1455 mant,
926 1388 1087 1457 precipites
1100 1388 1242 1444 teruntur.

1161 1530 1276 1586 CAPUT
1299 1531 1331 1587 tt.

56 1651 175 1720 linatur,
191 1651 261 1721 qula
285 1652 386 1708 merito
410 1659 437 1707 ει
453 1652 614 1720 ascendere,
631 1659 658 1708 et
680 1652 769 1708 vitam
861 1651 945 1707 Vens.
971 1655 996 1718 l,
1017 1655 1043 1707 ι.
1058 1683 1092 1690 -
1108 1675 1118 1700 ι
1136 1651 1239 1707 Audite
1264 1653 1327 1718 lmc,
1347 1653 1518 1718 sacerdotes,
1540 1661 1568 1709 ει
1583 1661 1671 1709 ειιεε-

56 1752 89 1794 on
108 1738 192 1794 habet
214 1740 267 1794 sibi
292 1741 456 1808 promittere
472 1748 595 1807 vetatur,
618 1740 669 1811 qul
685 1740 769 1796 incti-
825 1759 837 1786 v
856 1738 923 1803 dite,
953 1738 1056 1795 domus
1081 1738 1179 1806 lsrael,
1204 1749 1231 1796 et
1258 1740 1360 1796 domus
1384 1741 1469 1811 regis,
1499 1740 1669 1805 auscultate,

56 1833 79 1882 rt
93 1840 189 1896 equus
208 1837 235 1883 et
251 1828 348 1883 mulus
363 1842 414 1883 sua
442 1827 530 1883 lnlero
552 1829 766 1897 comprobatur.
826 1825 924 1896 »qnia
948 1826 1029 1882 vobis
1052 1827 1196 1897 iudicium
1218 1836 1269 1895 cst,
1297 1829 1434 1898 quoniam
1461 1830 1582 1900 laqueus
1604 1829 1671 1885 laeti

56 1925 149 1984 pascet
171 1930 218 1971 eos
235 1916 383 1983 Doniinus,
401 1916 485 1985 quasi
508 1931 615 1987 agnum
633 1917 662 1971 ia
677 1916 769 1973 latitu·
826 1916 920 1970 »estis
933 1914 1131 1984 speculationi,
1149 1924 1248 1971 etrele
1264 1930 1425 1987 expansum
1442 1932 1530 1987 super
1544 1917 1668 1974 Thabor.

78 2004 209 2057 Dominus
233 2011 328 2059 tamen
352 2004 434 2058 niodo
449 2018 491 2058 cos
505 2005 603 2072 pascit,
626 2019 692 2060 cum
718 2019 768 2074 per

56 2105 83 2146 ss
107 2105 155 2146 eos
178 2091 206 2145 in
231 2092 364 2161 prasenti
388 2091 493 2146 erudit.
520 2090 605 2158 Quasi
629 2105 723 2162 agnus
740 2095 769 2146 in

56 2196 65 2234 ε
79 2188 248 2249 pascuntur,
274 2193 341 2235 cum
357 2179 441 2234 latam
463 2180 538 2234 viam
555 2180 768 2252 spatiosamque

56 2282 99 2334 vn,
116 2267 161 2335 lb)
183 2275 335 2332 sectantes,
358 2269 449 2323 instar
471 2267 624 2323 electorum
648 2275 674 2323 et
691 2268 769 2326 inno-

75 2369 155 2412 sacro
176 2355 289 2427 eloquio
304 2355 514 2424 observantem
542 2356 658 2413 undeet
677 2355 769 2426 sequi·

64 2535 104 2585 ll.
130 2561 164 2570 -
189 2550 203 2582 a
233 2531 377 2601 Particeps
402 2531 542 2587 idolorum
567 2530 705 2601 Ephraim
731 2530 769 2586 di-

58 2633 117 2674 um.
140 2641 150 2667 »
169 2618 306 2688 Ephraim
328 2618 533 2688 interpretatur
546 2620 689 2687 frugiter:
705 2618 767 2673 tru-

55 2715 124 2763 stem
148 2707 252 2762 dieitur
270 2706 406 2763 voluntas
427 2716 534 2773 uestra,
551 2721 616 2777 quae
642 2706 766 2762 semina·

826 2024 837 2051 ι
854 2003 889 2058 Et
902 2003 1064 2058 declinastis
1087 2005 1216 2059 victimas
1238 2005 1267 2058 in
1285 2005 1470 2075 protundum,
1487 2014 1515 2062 et
1537 2021 1589 2077 ego
1604 2020 1670 2062 eru·

823 2113 837 2140 »
853 2091 928 2146 ditor
949 2092 1080 2147 omniurn
1096 2105 1206 2147 eoruvn.
1235 2113 1246 2140 ι
1265 2093 1315 2149 Dei
1332 2107 1424 2149 sermo
1443 2094 1602 2150 sacerdotes
1616 2108 1668 2150 au-

822 2179 883 2235 dire
906 2185 998 2249 rogat,
1016 2193 1072 2234 uon
1096 2180 1166 2235 alios
1182 2178 1265 2249 plane
1289 2194 1376 2250 quam
1394 2192 1467 2250 quos
1481 2180 1587 2236 ironice
1600 2195 1670 2250 pro-

823 2273 932 2322 tectores
947 2274 1013 2323 aute
1035 2275 1162 2334 vacarat,
1184 2282 1217 2322 eo
1231 2266 1307 2323 euim
1325 2268 1408 2323 niodo
1432 2282 1489 2337 quo
1504 2275 1668 2338 protegunt,

822 2367 880 2409 non
907 2368 1032 2422 sacrum,
1063 2355 1111 2411 sed
1135 2355 1340 2411 exsecrabilem
1368 2355 1459 2411 solent
1485 2355 1571 2410 etiam
1595 2369 1670 2425 prae-

822 2442 888 2498 b'ere
918 2443 1066 2499 ducatum.
1101 2447 1197 2498 domm
1229 2445 1316 2500 etiam
1346 2444 1438 2498 Israel
1461 2443 1616 2510 attendere,
1645 2448 1671 2499 et

823 2529 916 2584 domus
930 2534 1003 2598 repis
1027 2530 1193 2586 auscultare
1205 2531 1336 2601 jubetur,
1353 2538 1386 2587 ut
1409 2530 1599 2587 affectualitas
1623 2531 1670 2585 iu-

823 2618 978 2675 tentiouem
1004 2619 1137 2690 dirigere,
1155 2627 1181 2675 et
1203 2619 1275 2675 ratio
1301 2634 1366 2674 eum
1386 2620 1447 2675 suis
1471 2619 1596 2675 motibus
1617 2621 1672 2676 ob·

823 2714 982 2777 temperare
1010 2715 1170 2763 moneatur.
1202 2709 1282 2762 Vatis
1309 2708 1385 2764 euim
1405 2707 1542 2778 iudicium
1568 2713 1617 2776 est,
1642 2707 1670 2763 id

64 2796 167 2864 spiritu
188 2795 339 2864 accipiens,
358 2809 431 2850 uxor
448 2803 545 2850 nostra
570 2796 600 2850 ιιι
616 2795 644 2850 ιε
670 2794 765 2850 lateri·
786 2802 865 2868 gest
888 2802 1014 2850 vestrum
1031 2795 1109 2865 quod
1130 2795 1192 2851 dico
1208 2795 1369 2852 discernere
1390 2803 1442 2851 εει.
1457 2798 1583 2864 laqueus
1606 2810 1670 2865 spe-

56 2897 99 2938 rus
120 2891 234 2950 nostrae,
264 2891 403 2953 tanquam
423 2883 488 2938 vitis
511 2883 664 2939 abundans
680 2883 763 2952 (Psoi.

56 2971 89 3040 l).
113 2973 144 3025 Is
168 2973 314 3040 Ephraim,
342 2972 368 3026 id
395 2981 436 3027 est
461 2970 597 3028 voluntas
623 2971 766 3042 particeps

56 3075 62 3114 ι
86 3067 138 3127 εει,
163 3060 232 3116 disin
248 3074 299 3130 pro
323 3059 453 3116 allectata
477 3060 561 3116 lande
579 3067 607 3116 et
635 3059 766 3116 seculari

57 3146 133 3204 tione
161 3146 213 3202 soli
240 3148 422 3203 ostentationi
447 3161 540 3217 prona
567 3155 626 3216 est;
658 3147 766 3204 idolum

70 3235 190 3305 speeiem
214 3235 337 3291 hominis
359 3236 453 3303 habet,
470 3237 518 3292 sed
533 3237 617 3292 homo
633 3251 689 3292 uou
715 3245 765 3304 est,

58 3337 95 3378 eu
131 3324 221 3379 multo
249 3323 379 3379 ornatius
412 3323 527 3379 homine
550 3331 600 3379 est.
630 3326 767 3394 Particeps

56 3413 151 3467 olorum
167 3419 210 3467 est
233 3412 302 3467 dum
326 3413 461 3468 voluntas
476 3412 502 3467 id
526 3412 617 3468 videri
641 3413 768 3468 exterius

72 3498 151 3571 quod
179 3513 237 3555 uon
264 3500 293 3555 in
320 3513 351 3555 rc
376 3499 424 3555 sed
447 3501 475 3555 iu
502 3500 663 3556 extrinseco
686 3499 768 3555 cultu

821 2883 951 2937 eutationi
966 2882 1049 2946 dunt.
1074 2883 1143 2938 dnm
1169 2883 1312 2954 quidquid
1328 2897 1379 2954 per
1404 2883 1597 2954 intelligentiae
1621 2895 1666 2939 ra-

819 2969 900 3025 dium
915 2969 1102 3040 contemplari
1123 2971 1158 3026 de
1173 2970 1294 3027 internis
1315 2978 1454 3042 poterant,
1477 2971 1585 3028 nebula
1607 2985 1668 3042 pro

821 3058 936 3114 miscuae
958 3058 1138 3129 cogitationis
1164 3059 1331 3115 occludunt.
1356 3060 1470 3116 Thabor
1494 3060 1666 3130 interpreta-

820 3153 869 3202 tur
891 3148 998 3201 ueniens
1023 3148 1122 3214 tumme,
1138 3156 1165 3204 et
1190 3147 1266 3218 quod
1287 3149 1385 3211 lumen,
1402 3147 1457 3204 nisi
1480 3148 1557 3218 quod
1582 3162 1668 3218 super

821 3249 872 3290 uos
885 3249 922 3290 en
937 3235 987 3291 Dei
1001 3235 1085 3291 vultu
1109 3234 1291 3306 insignitur?
1304 3237 1337 3291 Et
1361 3236 1437 3292 unde
1457 3236 1544 3302 venit,
1561 3236 1617 3293 nisi
1632 3236 1668 3292 ab

820 3338 853 3379 eo
880 3323 930 3392 qni
960 3322 1105 3379 illuminat
1132 3337 1245 3379 omnem
1276 3323 1421 3379 homiuem
1448 3324 1609 3380 venientem
1639 3324 1668 3380 in

822 3413 900 3467 huuc
916 3411 1057 3466 muudum
1084 3411 1171 3480 (toea.
1188 3427 1206 3478 r,
1223 3412 1286 3480 til?
1301 3411 1389 3480 Super
1403 3411 1511 3466 Thabor
1530 3426 1599 3483 ergo
1613 3417 1669 3467 rete

820 3499 1007 3569 expanditur,
1022 3514 1089 3555 eum
1112 3513 1200 3569 super
1216 3498 1363 3555 luciferam
1385 3500 1525 3555 rationem
1539 3500 1669 3556 humana

72 3588 120 3644 cui
140 3586 210 3643 illud
234 3587 377 3642 Zachariae
401 3595 560 3644 consonat:
580 3611 590 3637 ι
617 3587 639 3643 0
661 3596 766 3658 pastor,
822 3587 938 3658 ingenia
960 3594 1172 3657 praetexuutur,
1194 3595 1221 3643 et
1235 3601 1317 3644 exeo
1340 3587 1418 3657 quod
1434 3588 1547 3643 veritati
1571 3602 1669 3658 specu·

55 3688 73 3730 ο
100 3674 208 3730 idolum
233 3673 439 3743 derelinquens
465 3688 580 3744 gregem
612 3675 700 3742 (zach.
729 3688 766 3737 xi,
821 3674 914 3730 landae
936 3674 1074 3731 inservire
1089 3675 1236 3741 debuerat,
1253 3674 1448 3746 suggillationi
1470 3675 1669 3744 proximorum

56 3761 159 3818 licitur
179 3776 247 3833 ergo
275 3762 361 3830 luda,
388 3761 415 3817 id
439 3768 481 3816 cst
504 3762 557 3832 piae
585 3761 769 3818 confessionis
823 3763 953 3820 insistere
978 3762 1063 3819 hemo
1096 3771 1188 3831 parat.
1217 3763 1284 3819 llere
1312 3764 1391 3818 enim
1418 3763 1496 3833 quod
1524 3763 1670 3834 capiendis

57 3848 182 3905 dimittat
204 3866 273 3914 cem,
291 3851 361 3920 quia
386 3849 467 3905 valdo
493 3849 606 3905 ditllcilc
620 3858 647 3905 et
672 3850 768 3905 insoli-
822 3850 990 3906 volueribus
1005 3864 1038 3905 ac
1060 3849 1157 3906 bestiis
1172 3850 1333 3916 coniicitur,
1358 3864 1411 3920 pro
1425 3850 1535 3906 lraudis
1550 3850 1670 3907 artilieio

77 3944 220 4009 atquem
246 3939 433 3994 simulacrum
462 3946 548 3994 tantae
574 3939 769 4008 pompositatis
823 3937 976 4008 aliquoties
1004 3938 1131 4007 ponitur.
1158 3937 1238 3993 Unde
1261 3945 1303 3993 est
1330 3937 1407 4007 apud
1431 3937 1536 3993 isaiam
1554 3952 1588 3991 :a
1615 3940 1671 3994 Ex-

56 4025 83 4094 tt,
106 4026 249 4096 pudenda
273 4027 462 4097 alicujusrei,
485 4027 509 4082 si
532 4027 767 4096 apudselateat,
825 4026 981 4096 pandentes
1020 4033 1078 4082 rete
1111 4040 1198 4096 super
1230 4024 1338 4081 llumcu
1367 4033 1567 4082 emarcescent.
1601 4028 1669 4096 ileu.

56 4127 140 4170 resse
161 4115 238 4171 velit.
256 4115 365 4171 Dimitti
380 4128 448 4185 ergo
462 4114 581 4185 jubetur
596 4116 647 4185 qm
663 4114 767 4171 imitari
789 4091 883 4179 ⁰xix,
909 4114 946 4184 8).
965 4134 975 4162 ι
994 4113 1140 4183 Expendit
1161 4120 1219 4168 rete
1245 4125 1331 4182 super
1348 4112 1455 4169 humen
1471 4113 1521 4183 εει
1547 4112 1671 4170 inauris

60 4216 105 4258 ur.
824 4200 914 4272 huius
938 4201 1045 4269 saeculi,
1074 4214 1157 4256 suam
1181 4213 1313 4257 exercere
1339 4201 1470 4271 proponit
1496 4206 1568 4256 1⁰5
1591 4209 1670 4258 astu-

63 4293 105 4346 l8.
129 4313 189 4340 -‹
214 4290 384 4360 Separatum
405 4297 447 4346 est
468 4291 633 4347 convivium
656 4304 768 4358 eorum,
826 4291 904 4346 tiana.
935 4290 1008 4346 Nota
1037 4288 1260 4358 speculationem
1294 4303 1350 4343 non
1385 4288 1462 4344 illam
1495 4289 1585 4345 solam
1616 4289 1672 4346 dici

56 4378 141 4435 ttioue
176 4378 306 4435 fornicati
346 4387 433 4448 suut,
471 4379 635 4435 dilexerunt
668 4379 770 4435 aderre
826 4394 891 4449 quae
916 4377 1007 4434 lectur
1032 4377 1178 4444 inlisum,
1204 4377 1252 4432 sed
1276 4377 1360 4433 etiam
1384 4391 1529 4447 eamquae
1551 4378 1673 4447 pertinet

55 4466 140 4522 ialam
162 4475 334 4537 protectores
356 4469 428 4538 ejus.
453 4490 464 4516 ι
490 4469 649 4525 Conuiuium
668 4483 767 4532 cerum,
825 4467 862 4523 ad
885 4466 1134 4536 contemplandam
1160 4464 1318 4531 veritatem,
1344 4471 1372 4521 et
1387 4465 1544 4536 spirituum
1563 4465 1672 4523 discre-

56 4553 267 4623 hypocritarum
296 4562 457 4624 separatur,
482 4554 552 4623 qula
578 4554 680 4624 iniquo
703 4569 766 4624 per·
827 4556 941 4612 tionem.
958 4554 1088 4610 victimae
1102 4557 1131 4608 iu
1151 4553 1320 4622 prosumium
1343 4552 1535 4622 declinantur,
1553 4568 1619 4610 cum
1644 4554 1673 4609 hi

74 4642 151 4711 pasci
174 4642 274 4711 solent,
293 4642 398 4698 lavaris
413 4641 519 4698 scilicet
540 4644 649 4698 externi
666 4643 768 4713 gratia,
826 4643 878 4713 qui
901 4657 930 4699 se
951 4641 1065 4698 diabolo
1088 4655 1138 4712 per
1161 4640 1270 4711 flagitia
1295 4654 1420 4711 quaeque
1446 4649 1672 4710 prostraverant,

71 4729 238 4787 hominihus
258 4731 494 4800 deprehenditur.
515 4731 550 4785 Et
572 4729 633 4787 ideo
647 4733 771 4797 ternuc·
827 4731 924 4803 pravis
938 4729 1124 4787 suasionibus
1140 4729 1169 4784 in
1193 4727 1400 4800 desperationis
1420 4728 1601 4799 barathrum,
1622 4745 1674 4788 seu

56 4819 214 4887 rnicantur,
242 4820 312 4889 quia
339 4833 439 4874 eornm
472 4819 589 4874 interior
614 4819 769 4889 corruptio,
827 4819 1026 4876 obdurationis
1040 4818 1234 4887 depununtur,
1252 4830 1338 4886 super
1357 4830 1429 4886 quos
1444 4816 1521 4886 pulei
1534 4833 1575 4886 os,
1589 4818 1676 4889 juxta

56 4908 141 4964 uritis
164 4920 214 4976 per
240 4907 418 4963 iterationem
448 4906 571 4962 nominis
590 4907 770 4978 designatur,
828 4907 1019 4974 psalmistam,
1038 4915 1157 4977 urgetur
1172 4905 1259 4973 (Psat.
1277 4918 1373 4971 unrici,
1398 4903 1451 4974 lb).
1469 4905 1504 4960 Et
1520 4906 1595 4963 Deus
1610 4924 1676 4963 eru-

56 4996 121 5052 rius
147 4995 289 5062 coalescit,
315 5004 342 5051 ει
358 5004 437 5051 ιεειο
462 4994 650 5050 incurabilior
670 4994 771 5050 delitc-
830 4997 902 5051 diter
924 4999 1042 5050 omnium
1070 5011 1160 5049 eoram
1186 5000 1237 5060 est,
1265 4994 1334 5049 dum
1358 4991 1410 5062 εει
1431 5007 1461 5049 εε
1488 4994 1676 5052 abscondata

56 5085 210 5140 ‚ntominus
226 5085 361 5141 huinanis
373 5084 506 5139 sensibus
522 5082 682 5138 innotescit.
699 5082 771 5138 Nam
829 5084 924 5140 calore
939 5084 1001 5154 ejus
1026 5096 1084 5137 non
1099 5091 1140 5137 est
1155 5083 1239 5147 (Psoi.
1263 5095 1341 5146 xt'tll,
1357 5079 1395 5151 7),
1420 5079 1468 5136 sed
1489 5082 1628 5151 nequitia,
1648 5084 1676 5140 in

56 5180 173 5241 esceret,
203 5173 302 5243 aliquo
330 5172 415 5228 citius
443 5171 527 5227 modo
553 5184 630 5226 curae
656 5178 774 5240 pateret.
831 5170 901 5242 quia
924 5170 1105 5240 impudenter
1128 5168 1242 5224 ollecari
1264 5168 1407 5233 videntur,
1430 5168 1600 5225 scintillante
1621 5186 1677 5227 sae-

56 5265 110 5315 iam
138 5266 298 5330 protectores
330 5261 389 5328 ejns
413 5259 512 5327 afferre
539 5258 681 5329 diligunt,
710 5272 776 5313 eum
832 5257 897 5327 pius
917 5258 1035 5322 ratione,
1052 5254 1235 5324 sibimetipsis
1254 5254 1451 5311 obscuranon
1467 5263 1518 5323 est,
1543 5271 1678 5326 quocun-

72 5349 137 5420 ejus
174 5348 287 5404 astutiis
316 5355 420 5413 motus,
461 5347 510 5416 qni
540 5360 574 5401 ne
599 5354 777 5415 agnoscatur
833 5359 889 5415 quc
913 5344 988 5398 entim
1018 5344 1099 5398 nmio
1124 5350 1304 5405 avertantur,
1334 5342 1409 5398 mala
1438 5357 1491 5400 sna
1516 5343 1543 5398 in
1570 5346 1679 5418 quibus

103 5439 240 5504 Parnes.
268 5438 370 5503 cbttt.
1457 5441 1495 5498 ιι)
