3818 6008
96 229 149 282 689

652 230 762 288 GESTA
781 232 841 289 DEI
861 233 931 289 PER
950 233 1120 291 thaneos.
1133 266 1167 275 —
1179 237 1243 292 LIB.
1265 239 1288 292 1.

1797 248 1849 300 690

94 359 209 416 eosdem
230 365 341 416 constat
356 359 527 431 generaliter
550 361 610 434 lege
633 363 775 420 sancitum
798 365 886 435 qnhd,
911 364 946 420 de
963 366 987 420 A
1002 380 1038 422 ex
1061 367 1124 438 eius
1149 369 1381 427 confabulatione
1407 372 1565 442 conjiciunt
1592 389 1659 431 eum
1685 360 1849 449 intelligen-

94 449 226 505 0mnium
250 447 381 505 videlicet
409 448 533 518 filiabus,
560 465 695 508 concessa
723 453 829 522 passim
860 454 945 524 quasi

95 551 147 606 pro
165 537 243 607 justo
262 536 385 602 licentia,
409 538 516 594 assumi
541 539 662 596 debeant
681 541 820 597 subiturae
846 543 945 612 prosti-

93 623 208 680 bulum.
224 623 310 680 Verbi
326 625 419 695 gratia
436 640 442 679 :
459 626 532 682 Ecce
546 627 597 697 qui
620 627 706 684 habet
722 636 779 685 tres
802 638 853 685 aut
867 644 944 699 qua-

94 719 161 769 tuor
177 712 259 780 filias,
278 726 337 768 una
356 728 457 770 earnm
478 715 513 770 ad
535 715 660 785 lupanar
677 717 839 787 exponitur,
858 728 886 775 et
909 720 944 775 de

92 815 126 857 eo
148 801 209 871 ipso
234 809 291 858 tam
320 803 431 873 putenti
446 803 537 871 lucro,
557 805 634 874 quod
656 805 812 863 infelicium
827 806 944 865 illarum

92 895 136 945 est
162 888 293 959 passione
321 890 487 959 quaesitum,
525 905 593 961 pars
616 892 710 949 nescio
732 901 822 962 quota
848 896 943 951 miseri

93 976 275 1048 imperatoris
300 977 428 1034 defertur
453 980 489 1035 ad
514 980 636 1050 fiscum3
663 995 729 1052 pars
754 981 783 1037 iu
809 991 943 1053 sumptus

91 1066 157 1138 ejus
170 1082 236 1138 quae
255 1067 377 1136 turpiter
391 1067 546 1138 admeruit,
566 1069 715 1127 retinetur.
742 1072 814 1129 Ecce
835 1072 943 1129 clamor

93 1155 124 1211 iu
150 1156 262 1212 Domini
282 1155 406 1212 Sabaoth
430 1171 516 1213 aures
540 1158 626 1214 nimis
649 1159 827 1216 truculenter
840 1175 942 1218 ascen-

91 1244 173 1300 dens.
201 1245 340 1302 Praeterea
367 1246 528 1302 sacerdotes
557 1247 664 1316 quibus
689 1253 731 1305 est
762 1258 942 1307 sacramenta

91 1332 193 1389 divina
205 1340 328 1390 tractare
347 1335 541 1402 commissum,
563 1336 744 1393 Dominicum
759 1352 863 1409 corpus
879 1348 942 1409 post

91 1421 215 1492 prandia
231 1424 260 1477 in
284 1422 362 1490 locis,
383 1430 414 1479 ut
431 1424 541 1490 audivi,
565 1425 709 1496 plerisque
723 1427 888 1497 conficiunt,
913 1437 940 1485 et

88 1510 191 1581 jejuno
207 1510 325 1567 cuilibet
345 1511 556 1568 absumendum
583 1513 745 1585 porrigunt.
770 1517 841 1573 lium
858 1517 941 1574 biset

1001 453 1068 509 tiam
1082 455 1228 512 catholice
1252 457 1317 514 fidei
1344 473 1403 514 non
1440 460 1544 517 habere
1577 462 1757 519 concordem.
1789 467 1849 529 Quo

999 550 1122 612 cognito,
1146 544 1293 600 confestim
1312 547 1427 615 penitus
1448 548 1484 604 ab
1504 548 1629 604 hominis
1650 563 1739 620 quam
1763 565 1849 621 cepe·

999 635 1064 686 rant
1087 631 1223 688 electione
1246 633 1418 703 desciscunt,
1450 644 1477 693 et
1510 637 1539 691 in
1566 638 1694 694 maximo
1726 653 1848 696 maerore

998 732 1049 788 pro
1072 719 1117 774 sui
1141 720 1341 790 reprobatione
1363 723 1552 780 constituunt.
1584 724 1770 796 Contemptus
1795 727 1847 800 igi·

998 813 1046 862 tur
1061 821 1127 862 cum
1144 808 1273 864 molestia
1289 808 1349 880 [al.,
1366 810 1510 883 moestitia]
1523 811 1730 870 dilaceraretur
1744 816 1843 884 atroci,

998 896 1136 965 quoniam
1151 911 1209 952 non
1227 899 1319 966 potuit
1334 897 1369 953 ad
1386 898 1413 954 id
1429 899 1507 970 quod
1523 899 1667 957 ambiebat
1682 914 1845 973 assurgere,

997 983 1033 1039 ad
1050 983 1109 1040 Arii
1132 984 1347 1041 similitudinem
1372 986 1503 1043 meditari
1528 1001 1625 1045 secum
1647 988 1733 1045 anxie
1749 990 1844 1061 coepit,

996 1085 1055 1141 quo
1071 1072 1153 1128 modo
1176 1071 1265 1129 etiuso
1288 1074 1365 1144 quod
1385 1082 1555 1145 conceperat
1582 1076 1708 1145 pertidia
1722 1090 1844 1146 veneno,

997 1159 1033 1214 ad
1052 1160 1098 1216 sui
1120 1159 1259 1216 ultionem
1278 1161 1418 1218 catholica
1437 1163 1543 1233 passim
1566 1171 1658 1233 posset
1674 1164 1846 1221 documenta

997 1257 1167 1320 pervertere.
1190 1249 1272 1305 Tales
1286 1265 1413 1321 namque
1430 1251 1570 1319 homines,
1587 1267 1713 1323 quorum
1729 1259 1787 1309 tota
1800 1253 1844 1309 in-

997 1337 1085 1394 tentio
1100 1337 1236 1392 hnmanae
1251 1350 1341 1406 prona
1356 1346 1397 1393 est
1421 1338 1510 1404 laudi,
1527 1339 1669 1397 lethaliter
1689 1341 1843 1408 feriuntur,

996 1424 1175 1481 intolerabile
1195 1425 1327 1495 rugiunt,
1338 1426 1360 1481 si
1381 1426 1598 1484 aestimationem
1613 1443 1695 1485 snam
1717 1430 1845 1501 qualibet

996 1513 1136 1569 senserint
1161 1513 1310 1569 occasione
1334 1512 1477 1571 imminui.
1500 1516 1559 1571 liae
1586 1518 1726 1587 antiquus
1753 1518 1844 1575 hostis

89 1599 155 1655 aliis
173 1599 315 1656 similibus
340 1600 515 1657 malitiarum
539 1602 631 1658 modis
643 1612 798 1671 exerrant;
823 1605 892 1661 dum
910 1607 939 1662 in
960 1601 1071 1688 Bapud
1086 1600 1236 1658 eremitam
1250 1616 1336 1658 suum
1352 1603 1567 1672 opportunitate
1586 1606 1700 1673 provisa
1721 1605 1766 1662 his
1787 1606 1843 1662 mi-

88 1688 150 1744 suis
164 1688 418 1746 adinventionibus
441 1697 511 1746 eunt
526 1690 616 1760 (Psoi.
639 1706 728 1760 cxxx,
746 1695 799 1762 ta),
827 1709 938 1751 novum
994 1690 1151 1746 serendum
1177 1689 1260 1746 dictis
1284 1690 1455 1762 aggreditur
1473 1706 1479 1746 :
1497 1711 1511 1740 <t
1533 1690 1571 1757 Si,
1595 1692 1701 1763 inquit,
1723 1693 1765 1751 vis
1783 1694 1842 1750 evi·

88 1776 237 1832 constituit
263 1778 339 1833 Deus
362 1792 450 1848 super
473 1793 520 1833 ens
546 1779 759 1849 legislatorem:
791 1783 827 1839 Ut
846 1782 938 1839 sciant
992 1777 1063 1832 dens
1086 1776 1208 1846 repulsae
1238 1784 1294 1834 tuae
1315 1777 1459 1846 solatium,
1483 1786 1510 1835 et
1528 1778 1617 1835 multo
1634 1780 1728 1851 maius
1753 1793 1842 1851 quam

87 1873 187 1936 gentes
214 1866 352 1936 quoniam
381 1866 510 1922 homines
539 1876 607 1925 sunt
634 1868 727 1940 (reat.
754 1885 795 1938 rx,
819 1872 878 1940 ill.
903 1875 937 1929 pt
991 1867 1156 1938 patriarcha
1182 1867 1291 1922 valeres
1319 1867 1425 1924 habere
1454 1868 1663 1939 magisterium,
1694 1869 1768 1927 inter
1793 1884 1842 1927 eos

87 1953 159 2009 dum
188 1954 324 2010 terminos
352 1964 467 2025 patrum
491 1970 610 2013 suorum
638 1958 761 2014 scienter
788 1966 936 2031 transgre-
989 1955 1040 2026 qui
1053 1955 1090 2011 ad
1104 1962 1131 2011 te
1147 1955 1277 2025 proxime
1291 1957 1419 2024 venient,
1437 1965 1503 2013 nota
1525 1957 1679 2029 diligenter
1700 1961 1839 2030 juvenem

87 2042 212 2099 diuntur
236 2043 334 2113 (Proo.
359 2058 428 2112 nnn,
457 2046 510 2111 28),
535 2045 570 2100 ad
600 2045 654 2101 hoc
680 2046 780 2102 merito
810 2047 937 2105 devoluti
990 2043 1041 2099 tali
1057 2051 1145 2110 veste,
1168 2043 1217 2099 tali
1244 2044 1341 2101 vultus
1361 2052 1388 2100 et
1408 2045 1534 2113 corporis
1563 2046 1743 2115 habitudine,
1765 2052 1839 2101 aaa

85 2137 156 2185 sunt
176 2136 216 2198 ut,
235 2130 385 2200 pecoribus
400 2131 466 2187 facti
483 2132 699 2202 petulantiores,
715 2134 869 2203 opprobrio
883 2135 936 2191 ha.
991 2130 1039 2187 tali
1055 2130 1139 2187 etiam
1155 2131 1278 2187 nomine.
1296 2132 1380 2187 Hunc
1388 2132 1492 2188 animis
1507 2145 1612 2200 acrem,
1629 2133 1744 2203 tuisque
1759 2148 1838 2190 corn·

86 2218 221 2274 beantur.
248 2219 301 2275 Sed
326 2219 537 2291 aliquantisper
555 2221 771 2278 edisserendum
796 2228 847 2289 est,
871 2238 937 2280 cum
992 2227 1131 2291 petentem
1147 2221 1285 2287 moribus,
1301 2235 1334 2277 ea
1349 2221 1479 2276 doctrina
1489 2236 1554 2291 ‹puae
1569 2221 1647 2278 cordi
1663 2229 1713 2278 tuo
1728 2222 1840 2293 adiacet

86 2306 283 2364 Christianum
306 2307 417 2364 cultum
433 2308 590 2378 aliquando
607 2310 764 2366 deseruisse
781 2319 938 2368 noscantur
990 2308 1096 2365 imbue.
1110 2309 1194 2364 Hunc
1203 2309 1415 2365 institutionum
1428 2317 1543 2366 tuarum
1552 2309 1840 2367 fidissimumaudito·

85 2395 276 2453 Orientalium
305 2397 435 2453 nationes
463 2407 495 2453 ut
523 2397 551 2453 in
575 2399 775 2470 paganismum
800 2400 937 2459 redierint
991 2408 1049 2451 rom
1065 2404 1343 2468 propagatoremque
1358 2406 1408 2454 tuo
1431 2397 1602 2469 magistratu
1627 2413 1807 2470 prosequere.
1823 2421 1837 2449 n

86 2498 145 2555 quo
157 2484 272 2541 tandem
288 2492 403 2541 auclore
420 2485 558 2541 nitantur.
1031 2482 1126 2539 Vidua
1139 2483 1197 2556 ipsi
1211 2484 1246 2541 ab
1260 2484 1381 2539 eremita
1395 2501 1468 2540 uxor
1488 2486 1664 2558 adjungitur.
1691 2488 1729 2540 In
1752 2486 1839 2559 epile-

418 2573 535 2630 cnrhv
552 2574 602 2630 ΙΙΙ.
983 2571 1083 2652 ¹paa'rrrn
1097 2572 1209 2628 incidit.
1224 2604 1258 2614 -
1276 2572 1324 2629 lile
1339 2573 1478 2630 sollicitus
1491 2574 1545 2630 hoc
1566 2574 1683 2630 oraculo
1697 2575 1836 2643 redditus,

122 2660 194 2732 [tlh]
221 2660 375 2717 lfabomcti
400 2661 597 2734 dogmata.-
633 2662 744 2719 Plebeia
770 2663 865 2734 opinio
895 2671 936 2722 est
991 2662 1126 2732 praedicta
1141 2662 1195 2718 sibi
1212 2663 1285 2718 inter
1299 2661 1517 2717 adventantium
1531 2676 1640 2719 cuneos
1662 2662 1837 2734 circumspe-

85 2750 241 2821 quemdam
261 2749 357 2818 fuisse,
375 2751 435 2820 qui,
449 2751 471 2805 si
488 2751 559 2807 bene
582 2765 649 2807 eum
665 2752 805 2820 exprimo,
823 2753 934 2810 blatho-
989 2751 1033 2807 xit
1054 2751 1187 2822 insignia,
1207 2749 1403 2820 iuvenemque
1418 2750 1597 2820 recognitum
1623 2749 1776 2807 affectuose
1792 2760 1836 2809 te-

84 2851 151 2894 mus
164 2845 362 2908 nuncupetur,
376 2837 427 2908 qni
444 2839 590 2909 quondam
607 2853 655 2894 ecs
666 2853 683 2894 a
696 2840 758 2895 Filii
773 2847 801 2896 et
813 2840 935 2910 Spiritus
989 2838 1063 2906 nuit,
1081 2847 1157 2908 peste
1183 2852 1242 2909 qua
1257 2838 1418 2895 tabescebat
1434 2838 1551 2908 imbuit;
1568 2846 1605 2906 et,
1629 2838 1699 2909 quia
1725 2853 1836 2911 pauper

82 2925 176 2982 sancti
209 2939 327 2995 prorsus
352 2926 521 2982 credulitate
557 2926 706 2984 diduxerit
734 2928 810 2997 (30²),
845 2930 1047 2989 soliuscerat
1071 2935 1100 2984 et
1119 2929 1241 2998 pauperi
1267 2927 1363 2983 minus
1386 2928 1564 2984 auctoritatis
1579 2928 1758 2998 suppetebat,
1782 2921 1849 2986 hoc'

82 3015 177 3070 Patris
197 3020 342 3084 persona,
372 3015 457 3085 quasi
485 3016 542 3071 Deo
567 3015 619 3071 uni
645 3024 673 3072 et
698 3017 819 3072 creatori
848 3017 932 3074 inniti
987 3017 1013 3073 ei
1039 3016 1134 3073 statim
1158 3016 1241 3072 modo
1264 3016 1379 3071 divitias
1399 3016 1574 3087 procuravit.
1594 3016 1835 3087 llitissimaquae-

81 3102 220 3169 docuerit,
234 3104 331 3159 iesum
346 3118 453 3174 purum
472 3104 617 3160 hominem
633 3105 748 3172 dixerit,
764 3113 802 3171 et,
819 3113 850 3161 ut
867 3107 931 3163 bre·
986 3105 1053 3160 darn
1081 3105 1184 3160 mulier
1208 3103 1388 3171 viduitatem,
1416 3104 1539 3161 obeunte
1554 3104 1666 3171 marito,
1684 3104 1832 3162 inciderat.

83 3190 158 3247 viter
177 3191 240 3262 eius
255 3191 359 3263 dogma
380 3192 560 3260 concludam,
584 3192 800 3249 circumcisione
813 3194 931 3264 quidem
984 3193 1054 3249 Eam
1070 3191 1125 3248 sibi
1142 3193 1245 3249 nuntio
1259 3191 1473 3247 sordidissimus
1487 3192 1606 3247 eremita
1634 3191 1789 3261 contraxit,
1806 3201 1833 3250 et

82 3279 207 3348 decreta,
237 3280 325 3336 totius
361 3280 402 3337 eis
432 3281 618 3350 impudicitiae
652 3282 762 3339 laxavit
791 3283 929 3340 habenas.
985 3280 1020 3336 de
1043 3279 1169 3351 conjugii
1190 3280 1339 3336 iteratione
1363 3280 1542 3336 submonuit.
1559 3280 1693 3336 iliacum
1715 3282 1831 3350 diceret,

80 3367 171 3436 Quem
188 3368 341 3438 profanum
359 3369 502 3425 hominem
517 3385 614 3440 parvae
630 3370 753 3427 multum
772 3372 930 3442 antiquita·
982 3368 1069 3440 J'uxta
1091 3384 1151 3425 suae
1166 3377 1272 3426 statum
1297 3368 1461 3438 honestatis,
1479 3384 1536 3425 non
1561 3384 1590 3424 se
1605 3378 1707 3440 praesto
1726 3371 1832 3428 habete

80 3457 118 3513 tis
140 3456 272 3513 existimo
291 3471 348 3513 non
373 3457 408 3513 ob
433 3457 511 3514 aliud
537 3459 653 3525 scilicet,
675 3459 730 3514 nisi
745 3459 816 3529 quia
841 3460 930 3517 eecle-
984 3471 1071 3527 quern
1086 3459 1212 3524 duceret,
1231 3459 1289 3528 ipse
1317 3457 1424 3522 intulit,
1444 3472 1473 3514 se
1496 3458 1550 3513 sibi
1570 3466 1667 3526 aptum
1689 3458 1832 3515 invenisse

75 3544 263 3603 ‚siastieorum
278 3544 426 3601 doctorum
448 3545 593 3601 neminem
617 3553 718 3602 contra
737 3547 801 3617 ejus
814 3549 930 3617 spurci·
983 3547 1162 3617 prophetam,
1186 3554 1213 3602 et
1239 3560 1312 3612 eam,
1335 3547 1358 3602 si
1383 3546 1437 3602 sibi
1463 3547 1666 3616 acquiesceret,
1694 3560 1744 3615 per
1767 3547 1831 3616 eius

80 3634 150 3690 tiam
185 3633 330 3702 scripsisse
368 3633 487 3702 reperio.
525 3632 615 3703 Cujus
647 3647 740 3690 mores
770 3634 926 3704 vitamque,
981 3635 1098 3705 nuptias
1123 3634 1230 3690 felicem
1254 3633 1372 3689 omnino
1395 3634 1549 3690 victuram.
1576 3632 1830 3690 lfultamnlieretn

79 3733 147 3777 cum
163 3732 309 3789 nusquam
329 3720 435 3790 scripta
453 3720 610 3787 didicerim,
632 3735 698 3791 quae
717 3734 734 3775 a
752 3721 926 3791 quibusdam
981 3719 1235 3777 circumlocutione
1249 3719 1423 3790 praestringit
1435 3735 1442 3784 ;
1456 3727 1483 3775 et
1512 3718 1548 3773 ad
1563 3733 1689 3788 praesens
1708 3719 1732 3774 ei
1746 3718 1829 3775 futu-

79 3807 279 3865 disertioribus
293 3808 349 3865 dici
368 3808 456 3880 vulgo
480 3809 652 3873 audiverim,
676 3809 748 3866 nulli
771 3810 853 3866 debet
867 3825 928 3867 esse
981 3823 1107 3878 rumque
1132 3807 1270 3864 saeculum
1296 3807 1439 3864 affuturas
1467 3807 1610 3877 prophetae
1635 3806 1711 3863 illius
1736 3808 1830 3877 provi-

79 3897 187 3953 mirum
203 3897 227 3952 si
251 3897 345 3954 dicere
369 3897 464 3954 velim.
486 3898 605 3953 Frustra
627 3896 711 3967 plane
727 3899 763 3954 ab
779 3898 887 3969 aliquo,
903 3900 927 3956 si
981 3898 1074 3953 siones
1097 3895 1240 3967 pollicens,
1266 3894 1296 3949 in
1318 3908 1445 3950 amorem
1468 3895 1559 3965 ipsius
1583 3908 1669 3964 quem
1691 3908 1749 3950 non
1773 3908 1828 3951 no-

78 3984 150 4041 falsa
164 3998 202 4040 an
226 3998 297 4041 vera
316 3985 372 4040 sint
393 3985 575 4052 discutiatur,
590 3985 660 4041 dum
676 3985 729 4041 hoc
747 3985 927 4043 solummodo
980 3990 1061 4040 verat
1077 3982 1202 4039 hominis
1217 3981 1371 4038 femineum
1384 3982 1467 4052 iecur
1481 3981 1648 4052 exporrigit.
1665 3981 1720 4052 Spe
1740 3982 1830 4052 igitur

78 4072 254 4140 attendatur,
271 4081 399 4143 quantus
417 4073 462 4130 ille
479 4074 613 4143 magister
629 4073 724 4142 fuerit,
747 4074 781 4131 de
795 4088 854 4143 quo
869 4081 926 4130 tam
979 4071 1108 4127 omnium
1125 4085 1191 4141 quae
1219 4070 1319 4126 flerent
1334 4078 1362 4126 et
1382 4085 1447 4141 qnae
1461 4071 1554 4127 fienda
1567 4077 1659 4126 essent
1674 4070 1830 4142 praecogni-

78 4159 221 4216 nobilium
253 4159 413 4217 facinorum
452 4161 544 4233 gloria
582 4169 768 4232 propagatur.
803 4161 927 4219 Securus
981 4159 1067 4214 tionis
1083 4158 1184 4225 illecta,
1201 4172 1253 4214 suo
1268 4157 1326 4213 vati
1341 4157 1549 4230 coniungitur3
1575 4165 1603 4214 et
1618 4158 1728 4228 pridem
1744 4158 1830 4214 miser

78 4246 156 4304 enim
173 4249 240 4318 quis
255 4248 289 4304 de
302 4262 335 4303 eo
350 4247 424 4305 male
438 4257 543 4315 cantat,
562 4249 647 4319 cuius
663 4250 826 4322 malignitas
841 4252 927 4323 quid·
982 4249 1152 4315 mathomus,
1184 4247 1309 4304 fortunis
1329 4246 1533 4317 ondecunque
1568 4246 1753 4312 micantibus,
1792 4248 1828 4303 ad

78 4334 151 4404 quid
166 4334 248 4404 pravi
259 4334 365 4391 dicitur
380 4337 555 4393 transcendit
565 4344 592 4393 et
604 4345 731 4408 superat.
980 4336 1144 4407 inopinatos
1158 4335 1257 4401 fasces,
1271 4333 1390 4391 forsitan
1407 4348 1466 4390 non
1485 4334 1546 4390 sine
1561 4333 1605 4389 sui
1632 4333 1722 4404 ipsius
1735 4333 1828 4390 incre·

115 4420 186 4492 [Ν]
219 4421 300 4477 Unde
333 4438 416 4478 suam
441 4422 537 4478 incasit
561 4440 707 4481 venenum.
734 4455 768 4466 -
796 4426 926 4483 Alexan·
981 4425 1062 4482 dibili
1084 4433 1208 4494 stupore,
1228 4423 1406 4494 provehitur.
1427 4424 1461 4478 nt
1483 4437 1549 4479 cum
1563 4422 1667 4491 saepius
1682 4430 1827 4478 utrorum·

76 4510 208 4580 drinum,
233 4524 291 4580 quo
316 4512 412 4569 nescio
440 4519 576 4583 ternpore,
613 4514 809 4582 patriarcham
834 4515 927 4571 obisse
982 4528 1039 4584 que
1054 4513 1224 4570 commercia
1238 4512 1302 4568 lecti
1318 4512 1404 4568 unius
1420 4525 1495 4568 urna
1507 4511 1673 4580 susciperet,
1691 4509 1828 4580 propheta

77 4599 255 4666 constiterat,
287 4607 315 4655 et
342 4614 458 4668 vacans,
496 4608 529 4657 nt
563 4600 674 4668 assolet,
714 4602 840 4659 Ecclesia
866 4617 926 4659 sese

77 4685 171 4742 multa
210 4685 374 4743 animorum
411 4688 549 4743 varietate
581 4687 753 4759 disciderat3
791 4697 818 4746 et
855 4691 925 4748 dum

76 4773 203 4845 quisque
231 4771 260 4829 in
289 4787 353 4829 eam
377 4788 465 4845 quam
495 4773 607 4831 affectat
634 4790 784 4846 personam
812 4777 924 4835 liberio-

74 4861 101 4918 ri
131 4859 282 4917 volnntate
319 4862 507 4932 protrahitur,
547 4876 617 4934 erga
640 4878 687 4920 eos
725 4865 777 4935 qui
811 4865 925 4924 diversa

74 4947 216 5016 sentiunt,
231 4949 335 5006 acriori
351 4950 502 5006 severitate
524 4951 679 5008 invehitur.
705 4953 739 5008 ln
756 4968 842 5024 quem
856 4969 925 5028 ergo

981 4600 1066 4671 coepit
1098 4599 1232 4671 egregius
1263 4599 1363 4655 morbo
1390 4599 1543 4668 epilepsiae,
1570 4611 1656 4666 quem
1683 4596 1827 4654 caducum

979 4688 1072 4761 vulgo
1096 4688 1229 4756 dicimus,
1255 4687 1405 4758 aliquoties
1428 4687 1541 4753 acriter,
1570 4686 1748 4756 prophetissa
1772 4701 1829 4743 cer·

981 4786 1076 4846 nente,
1106 4778 1216 4839 vexari,
1246 4783 1273 4833 et
1294 4778 1400 4833 eversis
1437 4774 1593 4841 obtutibus,
1625 4773 1696 4830 facie
1719 4774 1828 4846 tahida,

979 4864 1063 4922 labiis
1084 4864 1299 4936 spumantibus,
1327 4863 1456 4920 dentium
1485 4861 1745 4934 eius'stridoribus
1767 4864 1830 4934 ipsa

981 4953 1090 5011 terreri.
1114 4954 1259 5024 insperato
1280 4953 1333 5008 hoc
1346 4959 1452 5008 eventu
1478 4948 1637 5022 perterrita,
1653 4950 1777 5008 recurrit
1793 4952 1829 5008 ad

75 5034 209 5107 plurimae
236 5037 426 5095 consideratio
450 5039 541 5109 partis
567 5039 731 5107 incesserat,
756 5041 835 5098 band
860 5057 925 5114 pro·
979 5040 1150 5108 solitarium,
1178 5040 1315 5111 quodque
1338 5038 1392 5096 sibi
1419 5037 1522 5094 accidit
1542 5043 1681 5093 causatur
1711 5036 1831 5093 infortu-

74 5122 124 5180 cul
138 5121 205 5179 inde
219 5123 337 5180 eremita
359 5125 502 5182 manebat.
523 5124 622 5195 Quem,
643 5140 731 5183 causa
751 5127 926 5198 ejnsessen-
981 5130 1072 5198 nium,
1107 5137 1144 5199 et,
1175 5129 1263 5185 adimi
1293 5140 1411 5198 prorsus
1437 5125 1609 5198 aegritudine
1636 5131 1829 5194 consternata,

76 5209 145 5267 tiam
163 5206 364 5280 comperiendi,
389 5211 537 5268 scientiam
557 5211 782 5285 facundiamque
805 5228 926 5272 noscen-
980 5225 1141 5289 praeoptare
1160 5217 1213 5274 sibi
1240 5217 1346 5274 fatetur
1370 5215 1517 5272 interitum
1542 5227 1631 5286 quam
1652 5213 1831 5272 exsecrabile

76 5298 116 5367 di,
132 5312 200 5356 cum
213 5298 314 5355 crebro
328 5299 448 5370 quidam
462 5314 562 5358 eorum
577 5301 739 5375 argutiores
757 5301 924 5374 inviserent,
980 5305 1120 5377 arreptitii
1137 5305 1235 5363 subire
1250 5304 1429 5376 conjugium.

113 5486 170 5560 30⁶)
194 5448 233 5544 tle
254 5487 370 5555 lisdem,
394 5497 422 5545 et
437 5488 590 5546 ltahometi
610 5489 722 5563 origine
751 5491 817 5548 vide
836 5491 1009 5561 cedrenum,
1024 5502 1053 5551 et
1070 5495 1282 5554 Damascenum
1298 5494 1339 5552 lle
1353 5493 1522 5566 heresibus,
1537 5492 1593 5554 sub
1609 5492 1708 5552 tinem.
