3818 6008
444 160 450 167 .
528 112 637 169 GESTh
655 111 715 168 DEI
735 112 805 167 PER
826 111 992 171 thaneos.
1006 142 1040 153 -
1053 111 1121 167 tttt.
1145 112 1168 166 1.
1675 118 1728 172 tet

58 256 83 305 st
98 249 306 307 insinuandum
318 247 395 318 quod
411 262 468 304 non
483 262 550 304 eum
565 248 661 316 deum,
678 254 710 306 ut
733 248 824 319 aliqui
843 249 867 303 A
880 249 924 305 ria
938 256 965 305 et
980 263 1071 305 scenae
1088 248 1198 305 fierent.
1212 249 1298 305 Porro
1316 250 1351 305 de
1369 249 1579 322 catholicorum
1608 251 1727 307 necibus

55 345 125 403 tant,
154 337 322 408 opinantur,
347 335 396 392 sed
422 336 565 392 homniem
588 336 711 406 justum,
738 351 823 392 enm·
877 336 985 392 frustra
1008 351 1132 408 agerem,
1147 351 1213 393 cum
1230 336 1351 393 mortuis
1368 338 1396 393 in
1415 337 1478 406 fide,
1495 338 1562 395 vitm
1582 339 1727 395 aeternalis

60 439 96 483 ue
112 433 276 496 patronum,
298 438 450 494 perquem
473 424 550 495 leges
573 424 679 481 divinae
703 425 824 481 tradan—
876 423 1024 480 videretur
1039 425 1144 480 instare
1166 424 1378 489 concambium,
1406 427 1573 496 superstites
1596 426 1651 482 sub
1676 425 1728 480 mi·

55 513 127 569 lunc
141 513 254 570 coelitus
266 520 449 582 assumptum
466 519 611 580 astruunt,
628 513 739 569 etsolos
752 512 823 568 talos
877 512 931 566 seri
944 510 1017 583 jugo
1033 512 1190 568 famulatus
1211 513 1300 567 vitam
1328 522 1468 583 gererent,
1492 513 1569 583 ipsis,
1595 521 1626 568 ut
1649 513 1726 570 arbi-

56 601 400 658 osadsuorumfidelium
413 608 643 667 monumentum,
655 601 822 671 quosetiam
878 608 946 667 tror‚
976 601 1116 657 mortibus
1150 602 1298 656 acriorem.
1329 600 1462 672 Virgines
1489 599 1567 654 enim
1599 599 1726 656 bdelium

57 697 85 746 ta
98 690 283 746 veneratione
299 690 445 758 revisunt;
466 702 618 758 porcorum
634 703 702 744 vero
728 703 822 756 esum,
877 686 1070 756 deprehensae,
1087 687 1236 758 pubiicum
1252 687 1314 744 fieri
1328 687 1568 759 praecipiebantur
1590 695 1725 753 scortum,

78 792 198 848 prorsus
226 779 336 833 ratione
368 783 568 841 contemnunt,
602 777 653 847 qui
680 777 824 833 morsibus
877 789 943 830 cum
964 790 1108 846 nusquam
1136 777 1236 846 pudori
1252 776 1412 832 deferretur
1434 791 1468 831 ac
1492 777 1633 832 honestati
1655 791 1727 833 oon-

56 863 227 921 udomiuum
242 870 492 933 consumpserunt.
875 862 990 934 iugum.
1008 864 1111 920 Matres
1123 871 1264 933 corruptae
1279 864 1308 920 in
1323 872 1479 934 conspectu
1494 864 1630 931 filiarum,
1653 864 1726 920 mul-

309 951 425 1009 CAPUT
444 950 493 1007 tv.
877 951 1011 1020 tipliciter
1030 951 1156 1022 repetitis
1176 952 1354 1007 diversorum
1380 952 1511 1019 coitibus,
1534 953 1726 1016 vexabantur,

56 1040 130 1113 ]llae
145 1040 235 1111 igitur
249 1053 323 1110 quas
348 1053 437 1110 supra
462 1039 590 1096 diximus
611 1047 719 1112 gentes,
745 1046 824 1109 post·
877 1053 944 1094 cum
966 1038 1030 1115 tiliae
1055 1039 1226 1106 assistentes,
1256 1038 1386 1095 carmina
1413 1041 1566 1108 precinere
1596 1040 1727 1096 saltando

56 1143 129 1200 rper
152 1129 236 1200 longa
258 1138 396 1198 tempora,
421 1137 483 1198 post
508 1129 614 1184 multas
637 1128 822 1197 posteritates
878 1126 988 1182 nefaria
1005 1126 1079 1182 inter
1104 1126 1270 1197 huiusmodi
1293 1122 1474 1198 cogerentur.
1502 1128 1609 1183 Badem
1631 1128 1726 1182 statim

73 1221 170 1288 copta
192 1217 358 1289 gentilitatis
385 1217 517 1283 invainit,
542 1233 608 1274 cum
634 1216 822 1284 Palestinae,
878 1214 983 1285 passio,
998 1215 1075 1284 quod
1090 1215 1143 1270 diei
1158 1215 1274 1285 quidem
1289 1223 1316 1270 et
1341 1214 1422 1271 dolor
1440 1223 1467 1271 et
1490 1215 1583 1285 pudor
1605 1223 1656 1283 est,
1682 1229 1727 1271 re-

62 1305 266 1375 terosolymam
292 1318 326 1359 ac
355 1303 521 1373 sepulcrum
548 1304 660 1359 Domini
689 1318 823 1374 pervase-
877 1302 1048 1359 volvebatur
1077 1304 1112 1358 ad
1148 1303 1231 1369 filias,
1257 1318 1323 1374 quae
1348 1305 1433 1359 etiam
1462 1304 1573 1360 foeditas
1598 1303 1728 1360 obscenis

80 1391 313 1462 armeniamque,
344 1390 466 1459 Syriam,
497 1400 667 1461 partemque
695 1391 822 1459 Graeciae,
878 1391 1036 1447 infelicium
1068 1399 1192 1447 matrum
1223 1391 1407 1447 cantionibus
1436 1391 1605 1446 ornabatur.
1630 1392 1728 1448 Totius

69 1494 161 1551 usque
187 1480 223 1535 ad
246 1479 319 1534 illud
343 1491 422 1533 mare
444 1479 521 1548 quod
547 1478 701 1534 Brachium
726 1479 823 1535 Sancti
877 1479 1003 1550 denique
1027 1479 1152 1535 nominis
1182 1479 1341 1535 reverentia
1366 1477 1532 1545 Christiani,
1570 1479 1727 1548 prostibulo

56 1565 86 1638 ,u’t
115 1566 230 1631 dicitur,
253 1566 450 1621 obtinuerunt.
478 1567 557 1622 inter
578 1567 675 1622 omnia
698 1567 823 1623 Orientis
842 1539 864 1595 B
880 1568 1056 1624 tradebatur.
1089 1568 1220 1638 Cumque
1239 1569 1323 1624 sexui
1352 1567 1500 1635 feminino,
1526 1567 1603 1638 quod
1633 1574 1727 1623 tamen

56 1671 63 1710 t
84 1655 287 1725 Babylonicum
311 1654 474 1724 imperium,
499 1655 537 1711 ab
569 1654 690 1725 antiquo
712 1669 824 1726 praepo·
878 1655 1011 1712 excusari
1027 1657 1139 1725 poterit,
1157 1670 1208 1726 pro
1229 1656 1400 1725 competenti
1423 1663 1531 1713 natura
1554 1670 1611 1712 non
1633 1655 1727 1725 parci-

57 1742 162 1798 simum
179 1741 242 1808 fuit,
256 1750 283 1797 et
299 1741 395 1812 regnis
416 1741 641 1811 quampluribus
661 1741 822 1813 imperavit.
879 1750 937 1810 tur,
953 1743 983 1800 in
1003 1744 1196 1800 masculinum
1221 1745 1390 1814 pecualitate
1414 1753 1603 1815 transgressa,
1628 1742 1727 1800 solutis

56 1843 102 1886 ten
125 1830 297 1886 Parthorum
312 1844 444 1901 regnum,
467 1844 541 1900 quos
564 1831 671 1886 Turcos
690 1838 824 1902 corrupto
878 1830 1092 1888 humanitatum
1108 1832 1229 1902 legibus.
1250 1832 1345 1888 itur.»
1370 1897 1373 1903 ,

56 1932 87 1976 ue
117 1919 285 1985 vocitamus,
307 1919 337 1974 in
369 1932 398 1974 re
420 1919 537 1975 militari
565 1927 593 1975 et
617 1920 741 1989 equestri
764 1919 824 1976 ele·
913 1920 1002 1987 Unde,
1022 1927 1053 1975 ut
1068 1921 1156 1976 unius
1174 1919 1351 1975 exsecranda
1365 1927 1393 1975 et
1415 1920 1530 1989 penitus
1555 1918 1725 1975 intolerabili

56 2018 80 2068 a,
96 2005 186 2061 animi
200 2006 286 2062 etiarn
301 2008 409 2062 virtute
425 2007 587 2076 praepollet;
608 2007 658 2063 sed
680 2014 823 2063 terrarum
877 1999 999 2065 auribus
1018 2009 1164 2079 majestate
1176 2007 1288 2078 flagitii,
1307 2008 1364 2074 illa,
1391 2022 1457 2078 quae
1478 2008 1507 2062 in
1530 2007 1686 2063 mediocres
1699 2015 1726 2063 et
1774 2050 1780 2063 .

56 2092 161 2150 ‚tudine
183 2093 279 2149 minus
301 2101 387 2163 patet.
414 2094 684 2164 imperatoritaque
707 2094 825 2166 Babylo
877 2096 1000 2164 infimos,
1041 2095 1190 2151 defurebat
1229 2096 1398 2166 petulantia,
1432 2095 1616 2165 panderetur,
1657 2095 1726 2151 dicit

69 2194 118 2238 eas
134 2194 207 2250 quas
222 2182 413 2250 praemisimus
434 2182 598 2253 provincias
616 2195 722 2253 magno
745 2197 824 2239 exer·
877 2185 1031 2257 quemdam
1045 2200 1093 2241 cos
1109 2185 1247 2241 abusione
1262 2185 1433 2241 Sodomitica
1446 2170 1638 2239 ¹intervenisse
1660 2183 1723 2254 fal,

59 2277 229 2340 occuparat3
253 2270 302 2325 sed
327 2270 463 2339 temporis
493 2284 637 2340 processu,
663 2271 823 2327 Turturum
877 2273 1062 2345 interemisse]
1091 2273 1300 2344 episcopum«
1326 2274 1362 2329 Bt
1386 2272 1529 2343 quomodo
1555 2286 1679 2342 praeceps
1698 2279 1725 2327 et

56 2365 136 2429 gente
148 2357 238 2427 copia,
254 2357 377 2427 Assyriis
391 2358 492 2414 evictis
505 2359 652 2414 amiserat.
876 2360 1011 2417 omnibus
1033 2359 1160 2415 omnimo
1184 2358 1309 2415 vesaniis
1334 2359 1511 2429 preferenda
1534 2357 1633 2425 libido,
1658 2372 1725 2428 quae

56 2443 88 2499 tit
108 2443 269 2516 imperator
295 2447 460 2501 Graecorum
488 2462 507 2502 o
528 2447 651 2502 lieberto
680 2445 824 2501 Flandria
876 2460 989 2517 semper
1011 2445 1121 2502 consilii
1146 2445 1308 2516 frontisque
1332 2445 1422 2516 fugax
1449 2451 1588 2514 perpetuo
1615 2445 1725 2514 impetu

56 2534 216 2590 bannitio.
241 2535 285 2590 Hii
301 2535 392 2606 igitur
412 2536 501 2591 armis
527 2537 694 2602 vivaciores,
710 2543 823 2591 etcon-
876 2535 984 2605 egitur,
1012 2542 1040 2590 et
1068 2548 1126 2604 quo
1152 2534 1283 2590 crebrius
1308 2532 1515 2603 exstinguitur,
1541 2546 1574 2587 eo
1596 2532 1725 2588 vivacior

56 2636 82 2679 rs
96 2628 209 2678 utentes
223 2622 355 2690 audacia,
381 2623 450 2678 dum
476 2621 820 2691 constantinopolitannm
877 2622 993 2678 ssatuma
1012 2622 1113 2678 iterato
1128 2621 1323 2689 succenditur,
1339 2635 1409 2692 erga
1429 2620 1558 2676 humana
1579 2634 1608 2676 se
1622 2627 1725 2691 tempe-

56 2716 110 2767 ttut
133 2709 297 2780 imperium,
316 2717 343 2766 et
362 2710 454 2767 eidem
479 2711 544 2766 urbi
569 2724 641 2780 pene
658 2709 821 2767 obsidendae
877 2718 929 2777 ret,
946 2725 1012 2782 quae
1029 2711 1181 2766 brutorum
1197 2709 1366 2765 animalium
1380 2708 1526 2776 inauditis,
1541 2715 1569 2764 et
1585 2708 1628 2764 ori
1643 2708 1724 2764 Chri-

56 2806 141 2856 entur
164 2799 334 2868 irrumpere,
361 2797 518 2869 imperator
552 2800 714 2856 Graecorum
738 2796 821 2853 minis
840 2800 969 2888 Cstiano
996 2798 1091 2855 vetitis
1116 2797 1364 2854 commistionibus
1387 2795 1502 2853 sordet?
1531 2797 1566 2853 Bt
1594 2811 1661 2853 cum
1689 2796 1725 2852 sit

56 2901 73 2942 u
98 2886 307 2956 frequentibus,
328 2893 355 2942 ct
376 2886 499 2942 assiduis
529 2885 742 2942 incursionibus
764 2893 819 2942 tre·
876 2887 986 2944 miseris
999 2887 1139 2958 permissa
1158 2900 1211 2942 suo
1233 2887 1360 2957 ipsorum
1384 2886 1505 2942 arbitrio
1528 2883 1725 2955 multiplicitas

56 2982 122 3041 etus,
153 2974 228 3030 misit
258 2975 288 3029 in
316 2975 479 3041 Franciam,
512 2974 641 3030 scribens
667 2973 820 3030 Bothberto
876 2976 1059 3043 feminarum,
1088 2988 1190 3045 parum
1213 2981 1256 3030 est
1284 2973 1360 3044 apud
1387 2987 1435 3030 cos
1460 2973 1514 3028 nisi
1542 2980 1570 3028 et
1598 2971 1724 3043 dignitas

56 3065 75 3120 ri
98 3063 318 3120 Flaudreusium
344 3063 438 3119 comiti
464 3062 622 3132 epistolam,
650 3063 821 3131 multiplices
875 3072 961 3122 tantae
987 3063 1131 3134 spurcitie
1154 3062 1304 3119 volutabro
1332 3061 1558 3118 commaculetur
1586 3061 1721 3117 marium.

56 3154 169 3224 »jectam
194 3167 306 3219 causas,
336 3152 445 3222 quibus
466 3152 583 3208 excitari
614 3155 678 3223 ejus
705 3153 820 3209 animus
873 3154 931 3211 Nec
947 3153 1051 3210 mirum
1077 3151 1100 3207 si
1123 3153 1198 3208 fleus
1218 3151 1360 3207 exoletam
1377 3164 1477 3206 eorum
1496 3150 1665 3220 nequitiam,
1695 3156 1722 3205 et

56 3242 115 3298 tad
134 3240 341 3297 defendendam
359 3240 567 3310 periclitantem
583 3239 733 3296 Graeciam.
756 3240 819 3296 Non
874 3243 904 3298 in
930 3242 1082 3298 clamorem
1108 3253 1220 3296 versam
1247 3239 1428 3309 impatienter
1447 3238 1554 3304 tulerit,
1584 3246 1722 3308 tantaque

56 3328 145 3385 tideo
169 3328 339 3384 sollicitabat
358 3329 489 3384 eumdem
512 3331 618 3397 virum,
639 3329 717 3399 quod
741 3337 819 3386 tanto
873 3331 1051 3387 funestorum
1077 3328 1270 3384 habitatorum
1300 3334 1524 3389 exsecramenta,
1546 3340 1623 3382 more
1643 3326 1722 3382 anti-

56 3417 96 3483 io,
108 3416 197 3472 solius
213 3416 303 3486 ipsius
323 3418 477 3473 aestimaret
497 3417 628 3473 sufficere
651 3431 732 3487 posse
748 3432 819 3474 con·
873 3433 941 3489 quo,
959 3426 1035 3474 terra
1050 3417 1201 3473 vomuerit.
1220 3437 1231 3464 ›

56 3520 100 3573 tm,
114 3504 178 3562 licet
198 3505 355 3561 ditissimus
377 3514 458 3571 esset,
476 3514 504 3562 et
526 3519 660 3577 magnam
684 3504 819 3561 valuisset
907 3508 978 3563 Cum
1002 3519 1070 3576 ergo
1092 3504 1127 3560 de
1154 3501 1465 3572 constantinopolitana
1486 3515 1574 3571 qnam
1607 3500 1720 3570 potissi·

56 3608 96 3650 tre
118 3608 247 3661 manum,
264 3595 310 3650 sed
335 3595 406 3664 quia
429 3608 486 3649 non
511 3593 662 3663 ignorabat
689 3591 777 3663 quod,
794 3590 818 3646 si
871 3607 952 3649 mum
963 3592 1126 3658 verebatur,
1140 3599 1167 3646 et
1183 3604 1248 3660 quae
1265 3590 1384 3645 transito
1400 3587 1493 3644 Sancti
1517 3586 1631 3658 Georgii
1648 3588 1717 3641 Bra-

56 3682 104 3740 deo
130 3690 231 3753 potens
255 3683 377 3753 idipsum
402 3682 607 3754 aggrederetur
628 3680 689 3748 iter,
714 3686 818 3736 nostrae
871 3683 936 3739 chio
950 3680 1117 3737 imminebat
1136 3679 1293 3741 obsidione,
1316 3676 1408 3732 multa
1432 3676 1550 3745 querela
1574 3682 1718 3738 tractaret,

56 3786 68 3827 t
89 3771 181 3843 gentis
199 3772 308 3827 auxilia
333 3772 458 3842 plurima
474 3784 524 3840 pro
548 3769 608 3825 sola
628 3769 754 3824 novitate
777 3766 818 3825 rei
873 3771 947 3827 inter
966 3777 1069 3826 caetera
1091 3768 1207 3824 intulit:
1232 3787 1242 3814 ‹
1271 3764 1352 3830 Quod
1381 3762 1511 3819 videlicet
1535 3762 1558 3818 si
1582 3777 1639 3818 non
1663 3762 1721 3818 alia

56 3860 159 3917 aberet.
179 3860 245 3917 Fuit
259 3873 327 3916 vero
342 3874 436 3916 comes
451 3859 549 3926 isdem,
566 3865 709 3929 quantum
726 3870 815 3927 sagax
870 3857 1058 3916 subveniendi
1094 3856 1147 3913 sibi
1173 3855 1319 3912 videretur
1357 3853 1440 3910 nobis
1465 3853 1586 3916 occasio,
1619 3853 1718 3908 saltem

57 3949 112 4005 bus
136 3948 253 4013 bellicis,
284 3956 397 4005 tanturn
420 3947 570 4018 perspicax
596 3954 624 4002 ct
653 3944 763 4002 facetus
787 3944 816 3999 in
871 3956 986 4018 propter
1021 3960 1113 4012 senos,
1142 3957 1268 4015 quornm
1295 3956 1415 4011 corpora
1442 3940 1546 3997 ibidem
1576 3940 1720 3998 tumulata

57 4051 81 4092 s.
109 4038 134 4091 ls
159 4035 363 4106 lerosolymam
386 4035 523 4090 orationis
540 4034 631 4104 gratia
660 4033 817 4104 aliquando
870 4036 1025 4098 habentur,
1041 4033 1190 4104 apostolos,
1204 4045 1239 4087 ue
1253 4031 1290 4086 ab
1304 4029 1407 4100 impiis,
1428 4036 1479 4085 aut
1499 4029 1630 4085 incendio
1648 4044 1720 4085 con-

56 4132 123 4188 itus,
155 4124 273 4180 forsitan
306 4122 581 4192 Constantinopolim
610 4121 738 4192 perviam
765 4121 1108 4195 ba-ltflagrentur,aut
1131 4121 1160 4176 in
1183 4119 1337 4189 voragines
1358 4118 1719 4188 demergantur,oelcber-

81 4228 148 4269 cum
176 4213 237 4282 ipso
264 4219 306 4267 est
340 4212 509 4280 imperatore
534 4210 656 4276 locutus,
688 4209 818 4265 undeet
871 4211 974 4266 rimam
1003 4208 1133 4279 perbibet
1161 4208 1305 4263 civitatem
1340 4206 1505 4261 omnimoda
1531 4205 1719 4275 opitulatione

63 4317 128 4359 eum
145 4309 260 4372 sumpta
286 4303 393 4371 majore
420 4299 536 4366 fiducia,
556 4300 590 4355 de
613 4298 762 4370 adiutoriis
776 4306 817 4355 est
871 4297 1078 4369 dignissimam.
1095 4318 1105 4344 ι
1124 4296 1159 4352 Εῑ
1173 4302 1248 4351 certe
1263 4292 1335 4351 nihil
1346 4294 1453 4350 verius.
1466 4293 1551 4351 Urbis
1564 4294 1640 4350 enim
1658 4292 1716 4359 illa,

56 4389 301 4460 endis-appulsus.
323 4391 415 4458 ipsam
432 4398 528 4445 autem
544 4388 704 4458 epistolam,
728 4401 816 4457 quam
870 4400 928 4443 non
945 4385 1026 4442 modo
1042 4393 1206 4440 sanctorum
1222 4383 1337 4438 illorum
1353 4381 1546 4437 monumentis
1564 4380 1716 4444 excellens,

56 4491 95 4534 tre
113 4477 253 4547 opusculo
278 4476 324 4533 isti
338 4477 455 4533 omnino
478 4476 580 4547 piguit,
605 4474 738 4545 quaedam
762 4475 816 4531 ihi·
871 4475 919 4531 sed
941 4482 970 4530 et
992 4473 1118 4531 auctoris
1141 4472 1241 4528 merito
1265 4478 1293 4527 et
1316 4470 1431 4526 nomine
1450 4468 1618 4538 praecluens,
1642 4482 1718 4537 prae-

56 4565 201 4634 liatorum,
225 4565 322 4622 verbis
342 4573 436 4621 tamen
460 4564 562 4620 vestita
576 4563 667 4629 meis,
691 4561 818 4633 proferre
870 4562 967 4619 sertim
982 4575 1048 4618 cum
1068 4575 1104 4615 ex
1128 4559 1302 4616 revelatione
1316 4571 1451 4628 superna,
1466 4571 1502 4612 ex
1526 4555 1717 4612 vetustissimo

869 4648 1006 4719 oppidulo
1020 4661 1083 4703 eam
1104 4647 1153 4703 toti
1182 4645 1292 4701 mundo
1317 4642 1510 4713 spectabilem,
1539 4642 1716 4714 Romamque

56 4739 193 4811 perum
219 4740 352 4812 epistola.
382 4769 416 4779 -
446 4760 457 4788 ι
487 4739 527 4793 tte
554 4737 688 4793 Ecclesiis
718 4736 818 4807 queri·
870 4736 1026 4793 secundam
1052 4735 1159 4801 fecerit,
1194 4732 1335 4800 universi,
1367 4731 1391 4786 si
1414 4730 1474 4787 fieri
1507 4738 1610 4800 posset,
1640 4731 1717 4787 orbis

56 4843 65 4884 t
78 4836 130 4896 eet,
148 4843 222 4900 quas
238 4829 380 4899 siquidem
395 4827 539 4898 gentilitas
553 4839 653 4882 eversa
676 4824 817 4882 christia·
869 4838 1014 4883 concursu
1025 4831 1052 4880 et
1066 4822 1203 4893 suffragio
1217 4818 1378 4891 diguafuit.

82 4918 207 4985 tenebat,
237 4918 267 4973 in
294 4917 402 4988 quibus
429 4928 583 4986 equorum,
607 4926 640 4969 ac
670 4913 815 4969 mulorum
906 4913 999 4984 capot
1021 4909 1195 4966 amoenata
1210 4907 1348 4981 Baptista
1370 4905 1631 4976 constantinopoli.
1647 4907 1717 4962 Non

56 5019 195 5076 stumque
235 5006 404 5062 animalium
444 5003 579 5060 catabula
620 5000 814 5058 construebat.
868 5002 970 5072 prohat
989 5004 1089 5056 auctor
1104 5014 1258 5055 sacrorum
1288 4994 1476 5067 reliquiarum
1502 4994 1714 5051 ostentationes.

62 5095 218 5151 intantum
235 5093 412 5151 verumfuit
431 5098 463 5149 ut
481 5091 567 5147 etiam
589 5089 733 5151 fanasue,
750 5103 816 5159 quae
871 5094 972 5162 Quare.
990 5118 1021 5131 -
1048 5088 1184 5158 Sequitur
1208 5086 1323 5143 demum
1346 5091 1409 5154 post
1432 5081 1625 5154 apostolorum
1650 5084 1716 5141 illa-

870 5179 986 5244 tionem,
1009 5184 1037 5233 et
1064 5175 1133 5232 dicit
1162 5172 1272 5244 «apud
1294 5186 1323 5228 se
1348 5172 1421 5228 beati
1445 5170 1562 5227 loannis
1583 5171 1716 5243 Baptista

56 5269 103 5340 ttl,
129 5277 158 5326 ct
171 5268 291 5325 infinitae
305 5281 423 5339 qnoque
436 5265 626 5336 turpitudinis
645 5264 816 5322 commercia
869 5271 956 5334 caput
971 5263 1080 5320 haberi.
1101 5283 1111 5312 ι
1137 5260 1229 5328 Quod,
1256 5258 1391 5331 quemvis
1415 5258 1486 5315 falso
1509 5257 1636 5313 dicatu
1660 5259 1714 5314 Bo-

56 5364 145 5425 erent,
160 5364 194 5414 nt
215 5361 288 5413 m
312 5371 370 5413 non
387 5355 448 5427 jam
469 5353 604 5415 basilice,
627 5353 676 5409 sed
703 5354 816 5411 merito-
870 5353 984 5424 dieque,
999 5363 1035 5408 ac
1048 5350 1072 5407 si
1086 5349 1210 5406 vivemis
1229 5347 1350 5419 capillis,
1365 5354 1393 5404 et
1408 5355 1474 5405 cute
1493 5345 1626 5403 rideatur
1644 5347 1714 5403 iusi·
