3818 6008
56 227 126 283 lost
682 222 795 280 DOthl
815 224 844 279 l.
865 222 1038 281 buchultl
1056 224 1167 283 NOTAE.
1736 231 1805 290 totu

91 379 105 406 «
130 356 341 414 constituimus
369 355 404 410 ad
435 354 602 425 hospitalem
628 368 801 425 pauperum,
829 369 903 424 quo·
921 359 942 411 Α
958 355 985 410 id
1010 362 1052 412 est
1077 355 1106 411 iu
1122 355 1228 424 vitulis,
1257 356 1287 412 ln
1309 357 1487 426 vervecibus,
1513 359 1558 415 vel
1581 361 1716 419 omnibus
1739 377 1805 434 quaa

56 443 126 500 tidie
154 444 223 500 dare
252 457 340 513 panes
378 443 413 498 de
440 442 561 498 mistura
597 442 686 499 laotos
713 441 906 513 quadraginta
960 441 1067 498 dantur
1079 443 1114 499 de
1128 442 1265 515 gregibus
1280 444 1413 514 portario,
1429 444 1515 500 ctiam
1531 445 1560 500 in
1573 445 1701 503 caballis.

56 533 197 602 quinque,
215 530 355 587 librarum
372 530 470 598 trium,
487 530 660 597 etdimidiae,
675 539 702 586 et
715 530 749 586 de
761 529 906 586 frumento
997 549 1011 582 ι
1027 531 1148 602 Insuper
1162 532 1357 603 disposuimus
1372 533 1441 588 dare
1458 532 1510 603 ipsi
1526 547 1614 604 supra
1634 549 1805 594 commemo·

55 621 102 678 vel
126 620 226 691 spelta,
243 633 331 689 panes
353 620 485 689 quinque
500 618 601 689 quales
622 618 725 674 vassali
740 617 905 687 accipiunt;
960 627 1022 676 rato
1038 620 1231 691 hospitalario,
1247 620 1282 677 de
1294 621 1373 677 omui
1394 630 1513 693 argento
1529 623 1671 694 quidquid
1687 625 1723 680 ad
1739 639 1806 695 por·

56 711 90 766 u't
116 710 186 765 haut
207 706 295 764 simul
318 706 543 779 quinquaginta.
568 707 623 777 lpsi
648 721 717 763 vero
741 719 828 777 panes
855 707 907 763 isto
960 713 1018 763 tam
1043 708 1159 776 venerit,
1181 709 1313 779 quintam
1340 716 1467 780 partem,
1494 723 1544 780 per
1560 724 1664 766 manus
1690 713 1804 780 portarii

56 799 141 856 modo
165 797 339 868 partiantur,
363 804 395 852 ut
409 796 560 852 duodecim
576 809 726 865 pauperes,
742 795 793 867 qui
817 808 906 865 supra
960 796 1089 864 senioris,
1105 796 1212 867 dequo
1227 805 1346 868 argento
1361 798 1444 854 talem
1463 797 1607 853 voluimus
1631 798 1692 855 [ieri
1706 799 1806 856 distri-

56 895 169 944 noctem
194 886 233 941 ibi
253 893 381 949 manent,
406 884 550 955 accipiant
571 883 680 955 singuli
703 883 908 954 uuusquisque
962 883 1119 952 butionem,
1150 892 1262 942 utnon
1290 885 1387 942 miuus
1410 885 1539 957 quotidie
1566 899 1655 956 quam
1679 894 1806 959 quatuor

57 990 162 1047 panem
186 987 294 1044 suum;
318 981 346 1030 et
364 973 396 1028 ln
416 974 576 1030 crastinum
596 973 800 1043 unusquisque
820 971 908 1028 dimi·
961 970 1072 1028 denarii
1087 972 1211 1043 dentur3
1236 981 1264 1029 et
1276 975 1300 1029 ιι
1316 975 1411 1030 minor
1426 974 1512 1030 luerit
1528 989 1676 1043 numerus,
1692 975 1726 1032 de
1744 975 1807 1045 ipsa

57 1066 139 1122 dium
163 1064 199 1121 ad
224 1063 372 1119 viaticum.
397 1060 582 1132 llospitalarii
605 1067 701 1117 autem
725 1061 764 1129 ii,
792 1061 843 1132 qui
868 1061 907 1117 ibi
962 1059 1167 1131 quiunquam
1183 1061 1314 1118 sulficere
1329 1063 1418 1132 possit
1434 1063 1470 1118 ad
1486 1063 1562 1118 banc
1576 1063 1807 1121 distributionem

57 1153 274 1215 deserviuntur,
295 1151 329 1206 de
343 1163 432 1220 supra
446 1150 552 1220 scripto
568 1163 689 1206 numero
703 1150 908 1221 unusquisque
962 1148 1160 1217 quotidianam
1185 1149 1354 1217 lacieudam,
1380 1150 1469 1206 abbas
1483 1150 1508 1207 si
1530 1150 1593 1207 vult
1606 1150 1737 1221 suppleat
1757 1149 1808 1206 ali·

58 1256 164 1313 panem
181 1254 282 1299 unum.
298 1240 371 1297 Nam
393 1253 481 1310 panes
494 1238 626 1308 quinque
651 1237 839 1294 frumentandi
863 1237 909 1294 de
962 1237 1055 1309 unde3
1072 1238 1136 1295 etsi
1152 1239 1228 1295 ultra
1243 1241 1374 1307 creverit,
1391 1253 1448 1296 nou
1463 1240 1663 1297 subtrabatur.

58 1331 128 1387 bont
143 1328 243 1399 partiri
259 1327 333 1383 inter
348 1327 514 1398 peregrinos
529 1324 657 1392 ciericos,
672 1325 723 1397 qui
746 1329 773 1380 tn
789 1325 908 1383 relecto·
999 1347 1014 1377 κ
1043 1325 1135 1397 Ligna
1163 1334 1260 1383 autern
1289 1328 1436 1397 provideat
1460 1329 1605 1399 portarius
1630 1328 1807 1398 pauperibus

58 1419 137 1474 rium
151 1418 310 1484 ducuntur,
326 1416 362 1471 ad
379 1415 529 1480 viaticum,
544 1420 572 1470 et
585 1412 714 1470 infirmos
730 1415 782 1484 qui
796 1414 835 1470 ibi
846 1428 909 1473 sus·
962 1414 1119 1472 secundum
1142 1416 1390 1484 consuetudinem,
1407 1416 1451 1472 vel
1474 1424 1577 1472 catera
1591 1431 1657 1487 quae
1673 1416 1719 1473 bic
1733 1417 1807 1473 scri-

58 1511 218 1561 teutantur.
962 1512 1012 1575 pta
1027 1519 1084 1561 uon
1108 1504 1259 1569 habentur,
1281 1504 1356 1561 sicut
1378 1513 1446 1561 sunt
1462 1505 1551 1575 pauni
1576 1505 1603 1560 iu
1621 1505 1739 1572 lectulis,
1761 1504 1806 1562 vol

98 1594 192 1663 lpsam
234 1600 329 1647 tamen
368 1588 598 1646 distributionem
637 1602 743 1660 panum
789 1589 908 1646 arbitrio
963 1607 1033 1649 vasa
1055 1601 1083 1650 et
1104 1600 1205 1650 catera
1227 1607 1361 1662 quaeque.
1381 1593 1447 1648 llaec
1472 1594 1568 1649 omnia
1591 1606 1679 1662 supra
1701 1593 1808 1663 scripta

58 1685 134 1735 588
158 1679 365 1737 committimus
386 1677 575 1749 hospitalarii,
592 1691 625 1733 ea
649 1677 778 1734 videlicet
800 1679 910 1734 ratione
927 1648 997 1737 Bde
1013 1681 1058 1737 his
1073 1695 1139 1751 quae
1155 1681 1190 1737 ad
1213 1690 1323 1751 portam
1339 1682 1461 1737 veniunt
1475 1688 1590 1751 propter
1605 1680 1676 1736 illud
1692 1680 1809 1750 supple·

60 1776 94 1826 ut
116 1769 137 1824 si
156 1767 266 1824 venerit
290 1767 382 1838 major
406 1780 549 1823 numerus
569 1779 741 1836 pauperum,
758 1775 809 1822 aut
833 1766 908 1836 plus,
963 1777 1093 1826 mentum
1116 1770 1239 1839 argenti,
1268 1771 1343 1826 sicut
1363 1783 1453 1840 supra
1474 1777 1731 1826 commemoratum
1754 1776 1807 1834 est,

60 1865 112 1915 aut
138 1856 244 1924 minus,
273 1855 445 1926 indigentes,
476 1854 552 1911 sicut
580 1860 648 1910 sunt
676 1854 771 1910 inedia
796 1854 908 1921 delecti,
962 1858 1077 1914 dentur.
1274 1859 1276 1862 ⁴

60 1954 112 2002 aut
146 1944 258 2015 pueruli
294 1942 420 2014 parvuli,
461 1943 521 2013 ipse
547 1943 690 1999 discernat
712 1944 798 2014 juxta
831 1942 909 2013 quod
999 1946 1149 2016 «insuper
1170 1945 1291 2017 accipiat
1315 1944 1519 2014 hospitalarius
1543 1958 1560 2000 a
1583 1944 1740 2001 camerario
1759 1959 1808 2001 ve·

60 2040 182 2104 oportet.
962 2033 1106 2101 stimenta,
1119 2034 1162 2091 vel
1173 2034 1366 2091 calceamenta
1379 2033 1499 2090 lratrum
1514 2041 1619 2099 vetera,
1634 2032 1811 2103 pauperibus

102 2144 113 2172 ι
139 2120 220 2189 Quod
245 2119 268 2176 si
292 2117 444 2189 contigerit
472 2118 571 2189 aliquo
596 2126 720 2191 tempore
743 2117 839 2175 minus
861 2133 909 2175 ve·
964 2122 1118 2179 tribuenda
1133 2123 1291 2179 secuudum
1308 2121 1554 2178 cousuetudinem.

60 2213 124 2269 nire
147 2222 299 2281 pauperes,
330 2207 389 2277 ipse
417 2206 674 2276 hospitalarius-ot
701 2208 855 2278 magister,
882 2214 911 2264 et
1001 2234 1013 2257 ι
1029 2210 1219 2268 obsecramus
1235 2210 1324 2282 igitur
1346 2224 1445 2266 omnes
1457 2209 1565 2282 quibus
1576 2209 1729 2266 ordinandi
1745 2208 1810 2266 luc-

61 2300 158 2358 senior
182 2295 327 2368 portarius
352 2294 382 2350 iu
397 2297 565 2351 memoriam
576 2295 747 2351 omnimodis
773 2295 909 2362 babeant,
964 2298 1001 2355 rit
1023 2298 1150 2354 oliicium
1174 2297 1203 2354 in
1228 2298 1281 2354 hoc
1305 2299 1488 2365 monasterio,
1514 2305 1556 2366 ut,
1578 2299 1607 2353 iu
1630 2297 1761 2368 largitate
1776 2310 1810 2353 ac

62 2395 173 2462 quanto
187 2385 222 2441 de
244 2381 441 2454 suprascripto
463 2396 585 2439 numero
600 2389 716 2453 propter
737 2386 910 2453 paucitatem
963 2386 1175 2452 distributione,
1191 2385 1241 2442 liei
1256 2386 1352 2457 potius
1366 2387 1515 2442 attendant
1529 2387 1707 2442 voluntatem
1720 2400 1810 2457 quatu

60 2473 241 2534 venientium
264 2471 361 2527 minus
375 2470 568 2541 dispensatur,
591 2477 623 2526 ut
639 2470 743 2527 iterum
758 2485 824 2527 cum
842 2471 910 2541 plu·
964 2483 1069 2531 nostrae
1091 2475 1237 2545 parcitatis
1258 2475 1432 2545 exemplum,
1454 2473 1591 2545 quoniam
1607 2473 1811 2546 unusquisque

62 2579 109 2622 res
124 2561 266 2629 venerint,
282 2559 359 2630 quod
375 2557 513 2615 remansit
527 2558 718 2628 dispensetur.
963 2571 1006 2618 est
1022 2577 1072 2633 pro
1088 2578 1119 2640 se
1128 2562 1296 2619 redditurus
1311 2563 1461 2619 rationem.
1478 2581 1491 2615 ι

100 2648 243 2708 «Ceteris
267 2661 335 2703 vero
353 2646 531 2716 pauperibus
547 2645 739 2713 venientibus,
764 2653 790 2703 et
811 2646 911 2702 eadem
1000 2651 1094 2707 Habes
1107 2665 1176 2721 ergo
1189 2651 1278 2707 saucii
1300 2651 1435 2707 lldalardi
1457 2651 1687 2708 ardentissimam
1704 2651 1732 2707 iu
1749 2666 1813 2722 pro

64 2740 110 2797 die
134 2735 345 2802 recedentibus,
370 2735 440 2790 solet
467 2734 531 2790 dari
557 2734 735 2804 quartarius,
764 2734 808 2790 rel
837 2735 911 2791 sicut
964 2739 1076 2796 nimum
1091 2739 1271 2804 charitatem,
1292 2751 1325 2794 ao
1341 2738 1474 2809 pietatem
1488 2738 1524 2794 ad
1544 2753 1684 2810 pauperes
1696 2746 1724 2796 et
1736 2739 1811 2795 aldi-

62 2828 202 2889 diximus,
217 2824 304 2895 luna
319 2822 397 2895 quod
414 2821 618 2892 hospitalarius
633 2823 791 2892 providerit
805 2823 833 2878 in
849 2836 910 2877 ma·
964 2835 1053 2885 ctatos
1067 2826 1238 2898 egritudine
1252 2827 1453 2894 sublevandos,
1479 2841 1546 2898 quae
1560 2835 1587 2882 et
1602 2840 1690 2897 quam
1713 2825 1813 2882 diutia

60 2916 117 2988 jori
142 2912 186 2969 vel
207 2911 311 2968 minori
338 2925 460 2968 numero
476 2917 527 2966 aut
550 2910 717 2966 necessitate
738 2910 909 2980 compedire,
930 2917 1035 2998 csime
1062 2916 1091 2970 iu
1115 2915 1275 2973 corbeiensi
1308 2917 1480 2971 monasterio
1506 2916 1630 2986 (servata
1665 2912 1811 2986 usquead

63 3001 300 3074 companaticus,
326 3007 378 3056 aut
402 2999 563 3056 secundum
592 2998 828 3056 consuetudinem
858 2999 912 3055 tri·
965 3011 1091 3073 tempora
1103 3003 1234 3059 videlicet
1249 3003 1387 3061 abbatum
1403 3003 1729 3075 commendatariorum)
1746 3002 1810 3059 luit.

63 3093 184 3149 buatur.
964 3091 1143 3162 Quapropter
1165 3105 1222 3147 non
1247 3092 1329 3148 modo
1349 3090 1578 3156 celeberrimum,
1599 3092 1649 3148 sed
1672 3097 1699 3147 et
1720 3089 1813 3146 erasit

102 3203 114 3231 ι
132 3181 171 3235 De
185 3184 254 3249 potu
269 3185 365 3234 autern
380 3176 466 3232 detur
485 3175 613 3246 quotidie
628 3175 742 3232 modius
765 3174 911 3242 dimidius,
965 3179 1226 3250 opulentissimum.

64 3270 93 3339 iq
116 3275 158 3326 est
173 3266 291 3324 sextarii
316 3280 376 3332 ιιιι,
401 3265 436 3320 de
459 3264 569 3336 quibus
593 3264 766 3320 dividuntur
787 3278 847 3320 sex.
872 3278 911 3332 ιι,
1000 3267 1092 3335 Quam
1113 3282 1181 3324 vero
1201 3276 1290 3338 gratae
1306 3267 1358 3324 sibi
1374 3275 1468 3323 essent
1487 3267 1562 3324 beati
1587 3267 1663 3324 illius
1677 3266 1812 3323 antistitis

64 3356 270 3414 interillosxu
295 3353 513 3424 suprascriptos,
531 3353 570 3408 ita
591 3359 623 3407 ul
645 3353 912 3423 unusquisqueac·
965 3355 1161 3425 eleemosyna,
1188 3356 1362 3427 signiticavit
1392 3355 1549 3425 aliquando
1579 3356 1663 3411 [leus.
1696 3377 1710 3406 ι
1738 3355 1811 3412 Cum

64 3447 153 3515 cipiat
175 3444 279 3502 calices
299 3443 381 3499 duos.
408 3442 452 3498 Ex
475 3440 540 3497 aliis
565 3454 682 3510 quoque
705 3449 841 3510 quatuor,
861 3453 912 3495 seu
966 3444 1092 3513 quodam
1108 3444 1153 3499 die
1176 3443 1285 3514 (scribit
1308 3443 1442 3499 Paschas.
1463 3444 1491 3497 iu
1507 3442 1661 3514 vitamus,
1686 3456 1750 3513 cap.
1772 3442 1811 3513 7,)

63 3535 172 3590 dantur
186 3531 305 3598 clericis,
329 3530 438 3602 quibus
454 3529 537 3600 pedes
559 3528 696 3584 lavantur
719 3541 736 3583 a
758 3527 910 3595 iratribus
966 3546 1049 3588 omno
1065 3531 1244 3602 pulmentum
1256 3533 1331 3587 casei
1347 3530 1506 3599 hospitibus
1516 3530 1706 3600 expendisset,
1718 3530 1813 3587 illum·

64 3622 225 3692 unicuique
248 3620 324 3677 calix
340 3633 428 3686 unus,
451 3626 479 3674 et
494 3617 662 3673 Wilcrauuo
686 3615 817 3672 servitori
836 3615 912 3672 calix
966 3634 1023 3690 que
1045 3620 1081 3676 ob
1105 3619 1159 3674 hoc
1174 3618 1340 3675 cellerarius
1360 3618 1549 3689 objurgasset,
1575 3618 1720 3688 respondit
1741 3632 1812 3676 san-

64 3724 158 3780 unus;
174 3708 252 3780 quod
276 3707 425 3764 residuum
442 3703 539 3770 luerit,
556 3704 585 3759 in
600 3703 719 3761 arbitrio
735 3702 912 3772 hospitalarii
966 3716 1052 3765 ctus:
1072 3706 1208 3763 hominm
1225 3706 1314 3762 dabit.
1331 3708 1366 3763 Et
1380 3707 1447 3763 ille:
1465 3707 1507 3763 Τιι
1529 3720 1641 3776 semper
1657 3707 1711 3763 ista
1727 3707 1812 3778 polli-

64 3797 270 3868 relinquimns,
288 3794 432 3866 quomodo
455 3793 526 3849 illud
542 3792 603 3850 sive
618 3791 750 3856 infirmis,
775 3792 836 3847 sive
850 3789 914 3848 aliis
966 3797 1049 3864 ceris,
1074 3795 1122 3852 sed
1146 3809 1203 3850 non
1228 3794 1269 3851 sic
1290 3793 1432 3864 extemplo
1461 3793 1587 3860 dabitur,
1610 3794 1687 3865 quod
1716 3803 1813 3852 tamen

64 3885 246 3958 pauperibus
268 3883 387 3940 dividat.
408 3881 447 3936 De
471 3881 539 3937 vino
560 3879 725 3936 antemittit
749 3878 779 3935 itt
793 3879 913 3936 arbitrio
967 3885 1162 3942 indifferenter
1175 3882 1309 3941 aliundis.
1322 3883 1437 3939 Interim
1453 3883 1523 3939 dum
1535 3883 1595 3940 baec
1606 3891 1735 3954 aguntur
1748 3899 1813 3942 ecco

66 3974 180 4046 prioris.
967 3975 1024 4030 duo
1041 3974 1148 4030 adsunt
1163 3974 1292 4044 plaustra
1307 3986 1365 4042 pra
1380 3971 1499 4040 loribus,
1517 3986 1609 4028 uuum
1632 3973 1726 4028 nescio
1741 3973 1814 4045 quid

103 4061 325 4117 «infirmorum
349 4065 445 4115 autern
475 4056 670 4113 necessitatem
698 4055 792 4112 senior
816 4064 914 4127 porta·
967 4063 1062 4120 terens
1077 4062 1210 4133 piscium,
1225 4068 1254 4118 et
1275 4060 1352 4116 aliud
1376 4060 1493 4131 plenum
1508 4060 1607 4128 caseis,
1626 4081 1640 4112 o
1663 4068 1716 4117 etc.
1734 4062 1811 4118 ldem

67 4152 130 4208 rius
154 4149 237 4206 debet
261 4147 348 4219 juxta
373 4144 587 4217 possibilitatem
616 4144 775 4214 providere,
800 4144 860 4202 sive
885 4145 913 4201 ιιι
967 4149 1071 4206 accidit
1087 4157 1185 4206 sancto
1206 4148 1324 4218 ludoco,
1339 4147 1465 4205 Orderic.
1490 4148 1538 4205 lib.
1554 4164 1593 4216 ιιι,
1621 4150 1689 4206 llist.
1712 4150 1748 4206 ad
1764 4163 1811 4206 an.

66 4241 140 4307 cibo,
165 4239 226 4296 sive
248 4238 278 4292 iu
302 4243 382 4306 potu.
405 4235 434 4290 in
462 4233 508 4290 bis
529 4233 616 4290 rebus
639 4249 705 4305 quae
729 4232 914 4304 hospitalario
933 4231 1052 4308 lituum
1064 4237 1135 4309 lego,
1152 4239 1175 4294 si
1186 4237 1275 4305 lubet,
1293 4249 1356 4308 cap.
1368 4238 1403 4291 22
1417 4236 1490 4294 vttae
1504 4236 1531 4293 S.
1541 4236 1680 4295 bernardi
1689 4238 1812 4310 Tyron.;

66 4330 171 4386 desunt
182 4326 218 4383 ad
230 4340 304 4396 opus
317 4324 509 4381 infirmorum.
969 4327 1078 4383 liceret.
1106 4329 1135 4382 B.
1169 4326 1332 4393 banlranci,
1361 4339 1424 4396 cap.
1446 4327 1510 4393 8,§
1543 4326 1569 4393 3,
1592 4334 1620 4383 ιι
1641 4326 1745 4384 Statut.
1779 4331 1813 4385 2³

105 4438 116 4466 ι
134 4415 169 4471 Et
182 4415 206 4471 ιι
220 4412 373 4483 contigerit
396 4410 493 4467 venire
509 4409 674 4482 peregrinos
688 4409 723 4465 de
746 4407 915 4481 longinquis
968 4413 1043 4470 Petri
1058 4413 1242 4470 Venerabilis.

67 4501 233 4575 provinciis,
254 4501 305 4571 qui
329 4497 574 4570 suprascriptum
597 4497 914 4566 uumerumexcedaut,
1004 4502 1132 4558 Alterum
1164 4501 1240 4572 quod
1270 4515 1334 4557 sum
1365 4499 1530 4570 prolaturus
1550 4498 1755 4566 testimonium,
1776 4516 1814 4558 ex

66 4590 212 4664 portarius
236 4587 384 4659 provideat
406 4585 447 4642 eis
465 4599 531 4655 quae
553 4584 712 4641 necessaria
727 4592 806 4651 sunt,
829 4584 869 4640 ila
883 4592 916 4642 ut
970 4589 1097 4661 antiquis
1120 4589 1242 4646 abbatiae
1265 4587 1462 4645 cluniacensis
1485 4587 1754 4658 consuetudinibus,
1783 4589 1814 4646 in

66 4694 125 4737 non
142 4679 293 4734 minuatur
308 4673 468 4745 quicquam
482 4672 516 4729 de
530 4673 575 4728 bis
586 4688 652 4743 quae
667 4673 843 4744 quotidianis
855 4673 916 4730 die·
971 4679 1110 4745 ordinem,
1131 4678 1250 4748 jubente
1273 4678 1303 4734 B.
1327 4677 1449 4748 llugoue
1473 4675 1484 4731 l
1500 4674 1614 4742 abbate,
1630 4690 1646 4731 a
1670 4676 1815 4734 Beruardo

65 4770 123 4826 bus
137 4769 273 4837 deputata
289 4769 367 4820 sunt.
971 4765 1096 4837 quodam
1118 4765 1258 4822 monacho
1279 4765 1406 4837 digestis
1423 4763 1535 4820 haurio.
1552 4764 1603 4820 Est
1623 4773 1721 4822 autem
1735 4766 1815 4838 ejus-

105 4877 119 4906 «
131 4854 273 4911 Addimus
296 4852 382 4908 etiam
398 4851 433 4906 de
452 4848 648 4920 companatico
662 4848 691 4904 iu
715 4848 793 4905 cibos
808 4863 917 4921 paupe·
972 4853 1048 4910 modi
1063 4867 1126 4924 cap.
1147 4855 1190 4909 ιι.

66 4959 134 5002 rum
157 4944 193 4999 ad
217 4955 320 5012 pensas
336 4953 406 5007 xxx,
431 4953 496 5010 quae
521 4939 630 4995 dantur
653 4939 864 4994 intercessum
889 4946 917 4995 et
1196 4941 1345 5010 beosficio
1360 4939 1590 5013 eleemosynarii.

67 5031 194 5099 lardum,
217 5038 245 5087 et
265 5029 375 5086 modios
398 5041 459 5083 ιιι
485 5026 520 5083 de
544 5026 758 5098 leguminibus3
783 5026 917 5096 quintam
1009 5029 1284 5096 «Quemadmodum
1308 5043 1325 5084 a
1352 5028 1471 5085 custode
1494 5029 1608 5099 hospitii
1635 5029 1817 5100 recipiuntur

68 5128 180 5191 partem
195 5119 230 5174 de
245 5119 367 5185 decima,
384 5129 473 5186 quam
488 5114 591 5185 accipit
605 5114 751 5184 portarius
764 5126 782 5169 a
796 5115 918 5172 cellera-
971 5132 1071 5174 omnes
1086 5117 1239 5189 peregrini,
1265 5117 1317 5187 qui
1332 5116 1440 5173 iaciunt
1465 5117 1519 5175 iter
1533 5118 1699 5189 equitando,
1719 5119 1819 5177 eodem

69 5210 113 5265 rio
130 5208 164 5263 de
189 5206 337 5279 anguillis,
359 5202 404 5261 vel
428 5217 509 5260 caseo
530 5211 652 5270 recente,
673 5202 724 5273 qui
746 5202 919 5260 constitutus
973 5205 1057 5262 modo
1072 5212 1214 5277 quotquot
1231 5205 1338 5275 pedites
1353 5205 1475 5274 vadunt,
1491 5213 1594 5277 prater
1606 5206 1669 5263 illos
1682 5208 1733 5279 qui
1749 5207 1820 5265 tales

68 5306 111 5353 est
128 5296 197 5351 dare
217 5295 252 5352 de
268 5294 365 5351 decem
382 5290 594 5361 berbicariciis;
618 5306 671 5347 nec
694 5305 752 5348 non
771 5299 800 5348 ιι
812 5290 847 5348 de
870 5290 919 5349 illo
974 5300 1052 5362 suut,
1067 5301 1100 5350 ut
1119 5295 1154 5350 ad
1168 5293 1419 5364 eleemosynariam
1443 5294 1484 5352 ire
1499 5308 1556 5351 non
1570 5295 1667 5364 velint,
1692 5295 1729 5352 ab
1743 5295 1821 5352 elec-

70 5385 122 5457 qui
136 5383 171 5440 do
184 5382 260 5440 villis
274 5381 425 5440 dominicis
440 5380 527 5439 datur
543 5379 572 5436 in
588 5379 740 5437 decimam.
975 5382 1140 5451 mosynario
1164 5379 1330 5451 recipiendi,
1355 5391 1472 5453 excepto
1486 5383 1510 5441 ιι
1532 5381 1644 5454 legatus
1657 5391 1710 5452 ιιι,
1723 5390 1756 5442 ,ιι
1771 5383 1822 5443 ιιι-

110 5495 121 5523 ι
137 5470 272 5529 similiter
285 5485 400 5531 omnem
418 5469 550 5543 quintam
565 5467 682 5527 decima
701 5467 736 5526 do
749 5468 920 5541 pecudibus,
975 5476 1051 5526 teras
1065 5468 1165 5538 dolcrt,
1181 5467 1233 5525 bos
1246 5468 1354 5542 colligit
1367 5477 1464 5530 custos
1478 5469 1606 5543 hospitii.
