3818 6008
117 215 167 269 54³

559 214 590 268 V.
610 209 777 268 GUIBERTI
796 211 942 266 austris
961 212 989 267 S.
1010 211 1130 269 MARIAE
1149 213 1195 268 DE
1214 211 1415 270 NOVIGENTO

1816 217 1868 270 tit

115 356 234 407 3333333
263 348 392 423 Virginis
420 349 540 405 termam
570 347 812 418 apprehendendo
839 347 963 404 Abrabae
981 349 1003 403 Δ
1018 346 1065 402 via
1092 355 1144 415 est,
1180 355 1208 403 et
1230 348 1266 404 ad
1283 347 1502 420 intelligentiam
1531 349 1590 406 reri
1617 349 1736 407 luminis
1765 351 1870 423 vergit,

117 439 243 496 seminis.

451 580 567 637 CAPUT
586 581 635 638 tv.

151 711 234 763 Porta
247 706 388 760 amentatis
418 704 494 776 opud
517 704 685 758 Ezechielem
706 718 752 771 xc,
778 706 805 758 6.
833 733 869 743 -
895 705 962 761 Haec

115 803 157 851 est
171 795 249 865 apud
263 793 437 849 Ezechielem
452 793 537 849 etiam
553 800 634 863 porta
654 793 711 862 illa,
739 808 805 864 qum
831 794 962 864 respicie-

116 883 165 938 bat
185 882 222 937 ad
246 882 322 937 viam
344 881 521 948 orientalem,
545 888 573 937 et
597 896 661 937 ecce
684 882 776 953 gloria
802 882 850 937 Dei
876 881 963 939 lsrael

116 970 333 1042 ingrediebatur
360 985 409 1039 per
434 969 509 1025 viam
533 970 710 1026 orientalem.
737 969 760 1026 0
787 978 878 1040 porta,
913 985 964 1041 per

115 1073 206 1130 uuam
230 1059 306 1113 Deus
330 1059 364 1114 ad
388 1073 440 1113 nos
462 1057 638 1128 ingreditur!
663 1073 679 1113 o
704 1066 795 1128 porta,
816 1072 875 1129 qua
899 1057 962 1113 fidei

116 1147 252 1218 mysteria
267 1146 456 1219 reteguntur!
483 1147 624 1217 Speciosa,
652 1147 783 1217 inquens,
809 1155 888 1216 porta
913 1160 963 1216 per

116 1250 205 1307 quam
229 1236 277 1291 Dei
299 1235 401 1291 civitas
423 1236 562 1306 aperitur.
589 1237 655 1292 llaec
678 1237 792 1306 respicit
823 1236 859 1291 ad
887 1236 962 1292 viam

115 1325 292 1393 orientalem,
313 1325 382 1396 quia
400 1325 544 1395 quidquid
559 1325 618 1394 ipsa
637 1332 688 1388 est,
712 1324 856 1396 quidquid
879 1323 907 1378 in
928 1335 963 1378 ea

115 1421 211 1469 actum
239 1419 291 1479 est,
318 1413 357 1468 nil
382 1413 462 1468 aliud
488 1427 578 1482 quam
599 1413 689 1469 diriui
712 1412 831 1468 luminis
856 1411 962 1468 indicat

1017 445 1142 492 mentem
1158 436 1289 506 inspirat.

1053 527 1088 579 Et
1103 525 1202 579 tmccit
1215 541 1257 579 me
1270 526 1387 594 spiritus
1402 524 1493 595 (itia,
1510 528 1545 595 5).
1563 526 1650 583 Levat
1666 541 1719 583 nos
1737 527 1868 599 spiritus,

1017 626 1083 669 cum
1100 626 1137 668 ex
1157 612 1311 683 repletione
1335 613 1525 681 conscientie,
1554 615 1631 685 quod
1648 623 1690 671 est
1716 615 1868 687 templum,

1017 701 1046 757 in
1061 701 1245 757 eminentiam
1270 701 1519 771 contemplationis
1544 711 1731 772 promovetur
1757 703 1868 761 intelle-

1017 797 1089 846 ctus.
1104 791 1139 845 Et
1151 792 1307 845 introducit
1335 806 1376 845 mc
1390 793 1420 844 in
1440 795 1543 845 atrium
1560 793 1675 846 interius
1699 791 1804 863 (ibid).
1835 793 1869 848 ln

1017 879 1123 936 atrium
1143 878 1264 934 interius
1294 879 1513 948 introducimur,
1541 894 1607 936 cum
1633 881 1670 937 ad
1694 880 1867 950 praecordia-

1017 967 1057 1022 lcs
1072 966 1177 1023 divinae
1191 968 1338 1024 charitatis
1353 969 1505 1037 amplexus
1520 968 1711 1025 admittimur.
1730 968 1869 1024 Exterius

1016 1064 1113 1112 autem
1127 1055 1252 1113 charitas
1269 1064 1311 1112 est
1337 1056 1459 1126 proximi
1473 1064 1489 1125 ;’
1504 1072 1562 1127 quo
1587 1057 1662 1111 enim
1687 1057 1781 1127 magis
1804 1055 1868 1111 Filii

1015 1158 1053 1200 ex
1067 1146 1156 1201 Matre
1177 1145 1377 1212 bumilitatem,
1392 1153 1419 1201 et
1439 1145 1537 1201 llatris
1550 1160 1587 1201 en
1611 1145 1682 1202 Nato
1709 1143 1867 1215 potentiam

1016 1233 1195 1303 inspicimus,
1212 1241 1290 1290 tanto
1306 1233 1430 1304 amplius
1446 1235 1475 1290 iu
1499 1248 1598 1290 eorum
1627 1247 1723 1289 amore
1744 1232 1868 1288 exarde-

1015 1324 1132 1378 scimus.
1150 1322 1230 1378 Unde
1249 1321 1384 1378 subditur
1401 1323 1465 1376 :Et
1487 1338 1544 1377 cccc
1566 1324 1669 1392 repleta
1691 1328 1754 1378 erat
1777 1321 1869 1390 gloria

1017 1411 1129 1465 Domini
1143 1410 1237 1466 domus
1253 1409 1352 1480 tibiali.
1376 1411 1473 1468 Gloria
1496 1412 1546 1468 Dei
1570 1411 1642 1468 ratio
1666 1410 1811 1481 accipitur
1838 1410 1868 1466 in

115 1500 264 1557 actionem.
283 1502 355 1557 tium
373 1501 438 1556 talis
459 1501 508 1556 illa
533 1502 606 1557 inter
631 1501 750 1558 seminas
772 1500 920 1557 benedicta
945 1512 962 1553 a
1016 1512 1098 1555 sacra
1127 1499 1232 1570 pagina
1261 1498 1323 1555 cmii
1346 1508 1488 1570 terraeque
1515 1500 1667 1567 concretio,
1695 1500 1744 1556 sed
1771 1498 1868 1570 potius

114 1588 197 1644 nobis
209 1589 353 1645 credatur.
369 1590 442 1645 Ecce
454 1604 521 1645 mox
536 1589 606 1645 dum
620 1590 660 1644 sic
671 1597 796 1658 amatur,
809 1588 859 1644 Dei
871 1588 963 1660 gloria
1016 1601 1066 1658 pro
1088 1595 1184 1644 nostra
1209 1588 1301 1644 salute
1323 1589 1351 1644 in
1376 1587 1521 1644 bominem
1543 1587 1701 1646 divinitatis
1724 1588 1866 1651 inductio,

115 1691 166 1747 per
184 1677 276 1748 ipsam
300 1679 376 1732 viam
401 1678 572 1749 ingreditur,
599 1679 750 1749 quiaque
776 1676 868 1748 magis
895 1689 959 1731 eam
982 1644 1096 1733 BUnde
1112 1677 1239 1747 psalmus
1253 1691 1319 1733 cum
1346 1678 1435 1733 [icum
1460 1677 1603 1733 mirabilia
1626 1677 1724 1734 iecisse
1748 1677 1865 1744 diceret,

114 1765 202 1821 totius
240 1765 433 1822 venerationis
464 1765 585 1821 internae
624 1765 701 1822 ulnis
748 1763 957 1834 amplectimur,

116 1860 194 1910 tanto
222 1868 238 1909 a
267 1855 350 1909 nobis
375 1853 539 1910 evidentius
571 1853 749 1911 celsitudinis
774 1852 838 1923 ejus
868 1852 961 1908 honor

114 1942 300 2014 agnoscitur3
316 1943 339 1998 is
354 1942 429 1998 enim
452 1957 510 1998 nan
524 1941 739 2010 commutando,
764 1942 814 1997 sed
837 1941 961 1996 amando

116 2037 291 2101 penetratur.

149 2119 189 2173 Et
211 2134 264 2173 333
289 2121 314 2173 ei
352 2123 411 2174 erut
449 2121 530 2187 quasi
554 2135 607 2174 coe
638 2135 773 2190 aquarum
812 2120 961 2174 multarum

113 2204 223 2278 (Erech.
240 2221 317 2276 xciii,
333 2209 373 2277 2).
390 2207 434 2262 llli
458 2210 512 2263 Deo
534 2207 628 2269 lsrael,
653 2207 731 2278 quod
756 2207 961 2277 interpretatur

112 2311 172 2351 cum
195 2299 247 2350 Deo
275 2296 449 2365 directorum,
480 2296 541 2351 hacc
570 2295 676 2352 temina
699 2295 790 2366 gloria
813 2303 864 2362 est,
891 2295 962 2366 quia

110 2383 179 2440 dum
193 2384 409 2440 consideramus
424 2398 461 2440 ex
476 2393 587 2455 quauta
611 2397 674 2439 eam
698 2384 775 2440 Deus
799 2383 960 2440 bumilitate

112 2474 287 2543 provexerit,
309 2473 380 2543 quid
396 2472 424 2527 iu
440 2487 473 2528 ca
488 2472 583 2528 tenerit
607 2472 636 2527 in
659 2473 704 2528 bis
726 2476 790 2546 ojus
819 2472 960 2528 excellen-

14 2569 17 2572 ·
114 2561 159 2617 tice
174 2560 464 2631 contemplationibus
487 2576 568 2616 meus
586 2561 667 2617 nulla
691 2576 749 2617 333
773 2561 876 2617 delicit.
904 2561 961 2631 lpsi

114 2649 212 2722 gloriae
224 2658 330 2706 voxest
340 2664 373 2706 ac
382 2651 403 2705 si
416 2664 560 2721 aquarum
571 2650 729 2706 multarum
743 2649 826 2720 (Psoi.
838 2665 905 2716 333,
919 2651 959 2716 tt,

1013 1766 1172 1835 expressit:
1196 1767 1331 1832 Smcnnit,
1357 1767 1421 1832 sibi,
1446 1766 1552 1838 inquit,
1578 1767 1755 1822 deuternsua
1778 1765 1864 1836 (Psol.

1013 1868 1100 1920 xcvii,
1118 1854 1154 1921 l),
1170 1854 1310 1909 subaudis
1331 1869 1423 1924 genus
1448 1854 1632 1922 humanum,
1658 1855 1693 1910 Et
1713 1844 1795 1910 illud:
1820 1854 1864 1908 ln-

1015 1943 1119 1998 babitct
1140 1943 1230 2011 gloria
1255 1946 1284 1996 in
1310 1949 1384 1997 terra
1409 1947 1503 1998 nostro
1536 1944 1621 2013 (Psut.
1656 1957 1770 2008 cxxxvi,
1809 1944 1862 2012 10).

1013 2031 1090 2088 Nihil
1104 2032 1180 2088 enim
1196 2033 1231 2088 de
1245 2032 1302 2087 Deo
1316 2031 1467 2102 gloriosus,
1484 2045 1573 2103 quam
1588 2031 1666 2102 quod
1690 2030 1770 2101 apud
1797 2029 1865 2086 inti-

1014 2119 1090 2176 deles
1105 2121 1140 2176 de
1154 2135 1187 2177 eo
1211 2128 1253 2176 est
1279 2119 1376 2188 vilius,
1401 2120 1479 2190 apud
1501 2119 1590 2175 bonos
1615 2118 1765 2186 humilius,
1787 2119 1865 2188 apud

1015 2222 1114 2264 omues
1128 2208 1282 2265 salvandos
1296 2208 1407 2264 utilius.
1423 2207 1518 2263 Gloria
1543 2215 1638 2263 autem
1659 2215 1702 2263 est
1726 2207 1863 2277 trequens

1013 2310 1079 2352 cum
1096 2296 1180 2352 lande
1193 2296 1318 2367 alicujus
1333 2295 1438 2365 opinio.
1455 2296 1487 2351 ln
1507 2311 1565 2366 quo
1588 2311 1655 2367 ergo
1679 2295 1757 2351 Deus
1780 2295 1864 2351 nobis

1014 2383 1067 2438 erit
1082 2383 1235 2454 gloriosior
1249 2396 1338 2454 quam
1353 2397 1389 2439 ex
1405 2398 1437 2439 eo
1462 2384 1539 2453 quod
1565 2384 1646 2438 nobis
1660 2382 1780 2449 exstitit,
1805 2396 1862 2437 non

1014 2473 1076 2528 sine
1098 2472 1160 2528 suis
1186 2472 1334 2528 doloribus
1363 2472 1509 2527 immensis
1530 2471 1689 2527 iniieriort
1710 2471 1865 2528 Conscien-

1015 2561 1061 2616 tia>
1073 2574 1142 2631 ergo
1157 2560 1269 2627 domus,
1288 2569 1440 2630 postquam
1456 2560 1485 2615 in
1501 2559 1667 2615 cubiculum
1679 2559 1774 2628 Regis,
1786 2557 1865 2629 quod

1014 2656 1055 2704 est
1095 2649 1200 2704 atrium
1238 2649 1368 2715 interino,
1394 2648 1616 2713 introducimur,
1646 2647 1741 2704 subito
1773 2645 1864 2702 sancti

111 2738 181 2808 quia
196 2753 262 2794 cum
278 2752 337 2794 una
350 2738 385 2794 sit
400 2738 520 2795 scientia
535 2740 610 2794 banc
623 2752 736 2808 semper
744 2737 960 2809 essctvirgiuem
1016 2737 1139 2807 Spiritus
1153 2736 1273 2807 illapsus
1288 2738 1453 2793 divinarum
1482 2735 1743 2792 misericordiarum
1768 2749 1865 2792 recor-

111 2834 139 2882 et
153 2827 202 2882 Dei
219 2835 349 2895 matrem,
365 2835 461 2882 tamen
477 2841 527 2897 pro
542 2827 663 2883 diversis
677 2834 704 2883 et
725 2827 906 2898 diligentium
930 2835 957 2883 et
1016 2825 1129 2883 datione
1153 2827 1353 2898 gloriabunda,
1384 2834 1452 2882 tnnc
1470 2840 1538 2882 rere
1560 2825 1696 2894 repletur,
1725 2824 1796 2895 quia
1821 2822 1862 2879 nil

112 2914 273 2971 amantium
292 2913 492 2986 qualitatibus,
517 2915 649 2986 quaudiu
674 2929 799 2986 praesens
823 2916 957 2972 volvetur
978 2915 1051 2993 cad
1078 2930 1130 2971 nos
1169 2916 1333 2972 invisendos
1367 2916 1416 2971 Dei
1443 2914 1580 2984 Spiritum
1610 2914 1701 2984 magis
1726 2920 1864 2983 provocat

111 3003 260 3065 saeculum,
279 3017 335 3059 non
349 3004 470 3059 deerunt
485 3004 535 3074 qui
550 3004 613 3074 ejus
632 3005 824 3076 gratissimam
839 3013 867 3060 et
887 3018 950 3059 ver·
1018 3019 1105 3075 quam
1122 3004 1199 3074 quod
1215 3017 1295 3059 mens
1305 3003 1350 3059 sui
1366 3002 1563 3072 Redemptoris
1590 3001 1712 3067 labores,
1734 3007 1762 3057 et
1790 3001 1865 3057 dona

112 3090 156 3147 bis
171 3098 198 3146 et
210 3090 324 3161 scriptis
339 3091 549 3163 promulgaturi
563 3091 621 3147 sint
636 3091 760 3147 laudem.
1016 3093 1163 3164 recogitat.
1177 3094 1243 3149 Post
1258 3091 1355 3163 aliqua
1370 3105 1487 3162 quoque
1502 3090 1631 3146 addidit:

146 3180 267 3234 Ecclesia
287 3180 443 3234 illustratur
468 3181 621 3235 313333-
644 3183 680 3235 Et
707 3185 782 3235 terra
802 3179 962 3249 splendebat
1052 3184 1181 3236 Converti
1195 3197 1235 3236 me
1250 3181 1287 3235 nd
1303 3183 1377 3236 ciam
1388 3184 1474 3250 portae
1487 3181 1641 3234 sanctuarii
1661 3177 1817 3243 exterioris,
1839 3180 1864 3229 ct

111 3267 284 3336 amcjestcte
309 3268 367 3336 ejus
391 3270 499 3334 (Eneca.
525 3283 602 3336 xciii,
626 3269 666 3338 2).
694 3268 818 3324 Exclude
841 3268 961 3324 llariam
1015 3273 1183 3326 eratctausn
1204 3270 1309 3341 (Ezecb.
1338 3284 1413 3336 xciv,
1449 3269 1483 3337 t).
1513 3268 1567 3324 Via
1589 3273 1678 3337 portae
1698 3265 1864 3321 considera-

111 3354 148 3410 ab
161 3354 297 3421 Ecclesia,
314 3356 385 3426 quid
401 3356 454 3412 erit
474 3355 599 3412 Ecclesia
613 3357 669 3413 nisi
697 3355 834 3413 miseria?
849 3357 872 3412 si
901 3357 962 3426 ipsa
1016 3361 1055 3418 tio
1070 3368 1112 3416 est
1126 3360 1243 3429 llariae3
1258 3359 1457 3414 sanctuarium
1473 3356 1610 3421 exterius,
1632 3367 1774 3424 corporeae
1804 3353 1864 3408 vir-

111 3456 169 3499 333
184 3444 337 3514 genuisset,
353 3459 419 3515 quae
435 3444 635 3515 redemptionis
657 3444 761 3500 mentio
786 3444 962 3500 exstitisset?
1015 3449 1144 3520 ginitatis
1159 3449 1248 3518 ipsius
1263 3448 1360 3503 deciis.
1377 3446 1444 3501 lianc
1458 3445 1556 3500 313333
1580 3452 1631 3504 est,
1658 3443 1753 3498 omnis
1777 3441 1864 3512 pudi-

65 3559 68 3565 ·
110 3531 834 3604 Atquiagenuit,videquisinomniumpiorum
857 3533 958 3590 menti·
1014 3540 1087 3596 citiae
1099 3537 1317 3593 circumstantia
1331 3534 1614 3603 communita1quae
1639 3545 1696 3586 uon
1722 3531 1862 3600 aperitur,

111 3620 167 3677 bus
187 3620 439 3678 florulentissimus
464 3622 563 3694 gloriae
588 3622 648 3693 spei
668 3623 752 3679 decor
774 3622 897 3679 emersit.
927 3623 960 3678 Et
1014 3624 1233 3698 quianullailli
1257 3622 1411 3679 titillationi
1434 3636 1471 3678 ex
1500 3629 1580 3692 parte
1609 3620 1789 3690 discingitur.
1820 3621 1866 3674 Vir

111 3709 177 3781 quis
203 3709 249 3765 ille
275 3711 345 3766 adeo
380 3712 455 3766 inter
492 3709 668 3766 Christianos
700 3710 880 3778 miserabilis,
909 3711 960 3781 qui
1013 3732 1068 3771 non
1083 3718 1183 3770 transit
1194 3730 1245 3784 per
1264 3727 1322 3768 eam
1343 3711 1436 3778 (ibid,
1462 3710 1501 3781 t),
1526 3711 1597 3780 quia
1620 3707 1702 3764 nulla
1724 3705 1865 3761 maritalis

73 3800 77 3804 ’
110 3799 155 3855 vet
175 3813 224 3855 orc
257 3814 314 3855 333
343 3800 485 3870 praeierat,
514 3800 565 3870 aui
594 3814 653 3855 non
682 3799 816 3870 periculis
844 3799 961 3870 objiciat
1015 3804 1134 3861 intentio
1153 3803 1230 3860 cadit
1256 3803 1284 3857 in
1310 3814 1383 3858 eam.
1414 3803 1544 3854 Dominus
1569 3799 1640 3852 Deus
1664 3799 1805 3866 ingressus
1827 3800 1866 3849 cst

110 3888 327 3943 uomenllariae
341 3887 590 3943 mirabilistbum
609 3902 677 3959 ergo
698 3896 784 3944 tanta
807 3889 871 3960 ejus
896 3902 959 3943 ma·
1012 3909 1062 3964 per
1086 3908 1154 3959 earn,
1189 3893 1294 3962 critque
1321 3891 1415 3945 clausa
1438 3890 1558 3959 principi
1582 3886 1684 3956 (ibid),
1711 3883 1782 3956 quia
1812 3884 1864 3940 etsi

108 3975 197 4047 jesias
211 3976 361 4047 geniturae,
377 3975 441 4030 licet
462 3976 582 4047 cogitari
608 3975 689 4046 plene
713 3991 770 4032 non
793 3977 888 4045 possit,
913 3985 958 4031 at-
1014 3981 1151 4037 divinitas
1173 3986 1303 4051 penetrat
1329 3977 1429 4034 matris
1453 3975 1667 4040 conscientiam,
1690 3972 1750 4043 ipse
1778 3972 1863 4038 idem,

111 4064 248 4131 tenditur,
279 4077 312 4119 eo
336 4063 462 4119 Ecclesia
488 4064 638 4134 splendore
663 4065 850 4137 respergitur,
889 4065 958 4136 quia
1014 4070 1064 4140 qui
1081 4069 1218 4124 nascendi
1234 4068 1268 4124 de
1283 4066 1403 4138 Virgine
1423 4065 1555 4136 princeps
1567 4071 1618 4130 est,
1643 4076 1701 4118 non
1717 4060 1866 4117 imminuit

111 4151 237 4222 idipsum
254 4153 329 4208 unde
346 4153 484 4210 honorata
501 4161 647 4225 tantopere
659 4162 779 4222 constat,
795 4154 831 4210 ad
856 4155 958 4226 auspi·
1013 4167 1071 4214 cast
1080 4157 1156 4214 itatis
1172 4156 1344 4214 custodiam.
1366 4157 1497 4224 Princeps
1521 4155 1579 4222 ipse
1602 4150 1702 4207 sedebit
1724 4152 1754 4204 in
1782 4165 1815 4204 ea
1833 4155 1864 4204 ut

111 4241 198 4309 cium,
215 4240 250 4297 ad
269 4242 959 4314 propagationem,giortttcauonemqucEcclesiae
980 4220 1134 4302 Dcocuedat
1167 4261 1264 4315 panem
1302 4260 1392 4299 coram
1430 4245 1541 4298 bomine
1575 4238 1667 4309 (ibid,
1698 4239 1737 4308 3).
1761 4237 1864 4294 Sedere

112 4330 283 4386 omnimodis
298 4338 493 4401 retorquetur.
510 4333 575 4401 ipsa
588 4339 630 4386 est
645 4339 732 4399 terra,
759 4332 806 4388 cui
828 4332 955 4389 dicitur:
1012 4342 1083 4391 atri
1105 4335 1252 4405 regnantis
1266 4341 1317 4390 est.
1334 4334 1366 4388 ln
1380 4346 1413 4389 ea
1439 4334 1536 4402 itaque
1555 4331 1637 4396 sedit,
1661 4330 1712 4400 qui
1734 4329 1764 4385 in
1787 4343 1862 4396 eam,

110 4422 160 4473 Dei
173 4421 344 4488 agricultura
357 4423 420 4475 estis
435 4421 461 4492 (l
475 4421 540 4475 Cor.
558 4435 598 4483 ru,
613 4420 652 4491 9),
668 4428 696 4476 et
715 4421 812 4476 iutra:
1012 4423 1178 4496 virginitate
1204 4422 1302 4489 ittaesa,
1331 4429 1361 4477 ut
1389 4435 1442 4476 rex
1465 4427 1637 4475 naturarum
1667 4417 1787 4474 introiit.
1820 4416 1864 4473 lbi

146 4509 182 4563 Et
209 4509 295 4563 cecidi
314 4524 395 4579 super
424 4511 523 4576 sociem
552 4525 637 4563 meam
668 4510 775 4579 (dccci.
801 4524 881 4577 xuni,
919 4511 954 4580 3).
1013 4527 1116 4583 panem
1132 4524 1229 4567 coram
1246 4510 1366 4564 Doniino
1382 4508 1514 4575 comedit,
1541 4509 1611 4578 quia
1633 4507 1737 4562 electos
1762 4520 1864 4561 omues

111 4593 201 4665 Super
216 4595 316 4653 taciem
330 4597 469 4664 cadimus,
485 4598 803 4669 cumamagnitudine
825 4599 957 4670 benigni·
1012 4602 1042 4656 in
1071 4599 1171 4656 eodem
1200 4607 1281 4654 utero
1315 4597 1367 4652 sibi
1403 4597 1606 4666 incorporavit.
1639 4597 1723 4662 Mens,
1755 4594 1860 4665 iuquit,

112 4683 176 4739 tatis
189 4699 206 4740 a
221 4683 335 4741 Christo
350 4685 493 4754 impensae,
511 4685 539 4741 iu
555 4686 727 4743 couscientia
747 4688 956 4745 erubescimus.
1011 4689 1087 4744 cibus
1100 4692 1148 4754 cst,
1165 4691 1195 4742 nt
1206 4688 1310 4753 sociam
1323 4686 1486 4740 celeritatem
1513 4685 1606 4738 Patris
1630 4687 1683 4738 mei
1705 4685 1800 4750 (Joan.
1823 4698 1861 4748 33,

110 4771 182 4838 Quid
204 4773 365 4838 retribuam,
398 4774 504 4844 iuquit,
527 4790 577 4847 pro
601 4777 724 4830 omnibus
748 4792 808 4845 qne
830 4777 958 4831 retribuit
1012 4777 1070 4846 at).
1086 4775 1168 4842 Quod
1182 4782 1223 4831 est
1244 4788 1340 4830 coram
1364 4773 1493 4829 Doctrina.
1522 4775 1570 4827 Per
1592 4772 1753 4826 uestibulum
1776 4776 1861 4841 porta

109 4861 179 4916 mitti
191 4865 205 4916 ἶ)
219 4862 309 4933 (Psal.
330 4877 395 4930 cxv,
414 4866 468 4927 m.)
483 4862 613 4932 Mnjestas
628 4867 752 4930 inpressa
767 4871 806 4920 est
830 4867 959 4935 ternplum
1011 4865 1175 4932 ingreditur,
1192 4870 1217 4918 et
1228 4879 1279 4933 per
1296 4865 1371 4916 uiam
1384 4863 1441 4931 eins
1454 4862 1595 4930 egreditur
1605 4860 1713 4931 (Erech.
1732 4875 1810 4928 xciv,
1820 4859 1859 4928 3),

113 4951 224 5019 (Eteri.
241 4965 320 5019 3333,
337 4951 375 5022 l),
405 4952 474 5008 dum
503 4952 590 5023 digno
616 4953 726 5022 pudore
751 4954 957 5010 concutimur:
1012 4969 1079 5011 cum
1095 4966 1145 5023 per
1159 4951 1361 5017 bumilitatem,
1380 4965 1445 5020 quae
1469 4950 1582 5020 proprie
1605 4956 1772 5005 sanctorum
1797 4949 1860 5004 ani-

111 5039 180 5107 auia
196 5039 236 5095 nil
252 5040 372 5112 dignum
386 5040 470 5096 ltatri
482 5046 510 5095 et
526 5039 594 5097 Filio
611 5042 810 5098 retribuemus.
828 5043 960 5112 Maiestas
1014 5041 1183 5109 mosvestit,
1209 5041 1297 5111 Virgo
1321 5039 1506 5110 gravidatum
1540 5045 1568 5094 et
1596 5045 1657 5107 post
1685 5037 1860 5094 exhaustum

111 5126 160 5183 Dei
177 5128 316 5198 templum
336 5127 506 5198 ingreditur,
523 5128 592 5198 quia
607 5128 637 5184 in
661 5130 886 5186 consideratione
908 5144 958 5185 no·
1014 5131 1087 5187 idem
1106 5130 1266 5189 sacrarium
1287 5128 1341 5184 sub
1365 5128 1463 5183 eadem
1489 5128 1546 5193 via,
1572 5126 1599 5181 id
1621 5132 1663 5181 est
1692 5124 1859 5189 intentione,

111 5223 170 5270 stra
185 5215 255 5285 qnid
271 5217 343 5271 bens
358 5215 386 5270 iu
403 5215 521 5286 Virgine
537 5232 587 5286 pro
602 5217 684 5274 nobis
699 5218 805 5284 iecerit,
821 5216 957 5274 attectuo·
1012 5219 1071 5275 vita
1100 5219 1281 5289 transigitur.
1313 5216 1371 5273 Sub
1399 5230 1458 5286 qua
1476 5216 1553 5271 enim
1578 5214 1686 5269 vilitate
1709 5229 1739 5269 se
1759 5212 1858 5284 egerit,

111 5301 221 5357 sissimo
249 5302 414 5371 ampliatur.
443 5303 496 5360 Per
523 5306 599 5360 viam
625 5314 720 5361 autem
739 5313 960 5375 3333333333-
1015 5312 1082 5361 teste
1121 5310 1163 5358 est
1192 5300 1392 5372 Evangetinm,
1416 5314 1482 5356 cum
1504 5299 1637 5360 defertur,
1655 5298 1691 5353 ad
1720 5298 1858 5368 temptum

110 5388 194 5459 spicit
208 5388 244 5443 ad
264 5388 402 5446 orientem
428 5392 566 5462 templum
587 5392 674 5448 intrat
697 5391 798 5463 (iridi,
822 5393 891 5449 dum
908 5407 958 5464 per
1014 5391 1260 5463 parvulusotlicio
1276 5397 1438 5459 pareutum.
1810 5462 1814 5469 ,

110 5476 196 5535 tidem
211 5475 431 5546 dispensationis
443 5479 473 5536 in
487 5480 577 5537 llaria
597 5481 688 5550 tecte,
712 5495 778 5552 quaa
801 5481 958 5554 singularis
1050 5480 1162 5535 Clarius
1177 5480 1248 5534 omni
1260 5483 1387 5533 creatura
1407 5476 1495 5532 Deum
1513 5476 1588 5532 uidet
1614 5481 1640 5531 et
1659 5477 1806 5545 cognoscit.
1827 5502 1858 5517 -
