3794 6008
572 221 756 280 MORALIUM
776 221 981 280 tricennale
1001 225 1064 280 llll.
1084 225 1157 281 vllt.
1687 229 1740 303 ala
1782 292 1785 298 ,

52 353 158 424 piritus
179 355 208 410 in
233 369 350 412 carnem
373 356 449 424 (Gal.
477 372 503 423 v,
530 358 582 425 ιι).
605 357 636 412 Si
657 359 829 426 percusserit,
850 357 999 420 amenta,
1028 371 1120 413 unum
1145 357 1252 414 seilicet
1272 358 1437 426 denarium,
1464 366 1492 415 et
1521 373 1571 429 per
1595 360 1738 418 internam

52 441 93 509 ιιι,
109 445 290 511 Esoouacm,
315 443 400 499 idest
421 445 443 499 si
459 443 625 499 seditionem
642 444 762 501 allectus
785 458 835 501 ex·
890 445 1054 501 eorumdem
1087 452 1334 502 sacramentorum
1373 446 1577 517 ellicientiam,
1609 449 1740 508 videlicet

52 530 108 586 in
131 531 345 601 corporalibus,
368 544 402 587 ea
427 546 493 601 quae
518 532 656 588 remotius
681 532 718 588 ab
742 531 784 588 eis
805 546 837 588 se
891 532 1030 599 alterum,
1056 534 1139 604 quasi
1166 548 1216 603 per
1239 533 1420 589 vicenarium
1443 541 1647 605 temperamus.
1673 537 1739 594 Ocea

53 619 86 688 it,
103 634 171 691 pars
187 620 350 677 salvabitur
364 621 393 676 in
414 619 624 690 spiritualibus.
642 621 694 677 Sed
711 621 741 676 in
758 628 836 677 tanto
890 620 1029 676 ducentos.
1044 621 1116 678 Oves
1131 621 1341 692 simplicitatem
1356 621 1386 677 in
1401 637 1440 690 se,
1455 630 1483 679 et
1498 622 1535 678 ob
1550 624 1665 681 velleris
1680 625 1737 682 im-

52 708 144 765 tmiue
157 709 194 765 ad
210 709 300 766 Βειιιιι
318 723 431 766 necesse
443 715 493 777 est,
510 709 596 765 bomo
608 708 838 766 interiorsever-
889 707 1065 778 pensionem,
1089 708 1219 765 benetlcii
1240 708 1269 764 in
1293 709 1365 766 alios
1389 710 1585 766 extensionem
1610 713 1736 784 signant.

53 796 155 866 (Vens.
172 797 211 868 9.)
231 799 314 865 Deus,
331 797 380 864 ait,
394 799 486 866 putris
501 797 711 861 meitbrcbom,
726 801 752 851 et
768 799 836 852 Deos
889 795 1025 852 Ducantae
1041 797 1138 867 itaque
1159 811 1226 853 oves
1240 797 1357 862 dantur,
1374 812 1440 854 cum
1464 812 1522 853 non
1537 799 1631 855 solum
1644 799 1736 866 nobis,

52 899 73 950 c,
90 884 119 940 id
135 892 176 941 est
191 885 276 952 Deus,
293 884 346 955 qui
361 898 412 953 per
431 883 570 940 rationem
586 884 683 939 lumen
695 892 722 941 et
735 882 835 940 aeterni
889 883 938 940 sed
961 884 1047 940 etiam
1072 884 1211 955 proximis
1225 885 1360 955 perfectio
1384 884 1497 955 pietatis
1512 884 1644 951 intertur,
1662 885 1739 941 unde

52 972 86 1028 lii
100 987 179 1043 spem
196 972 265 1029 mibi
283 973 482 1043 patrocinaris.
498 974 618 1039 Domine,
633 975 682 1042 pot
697 971 836 1029 indixeris
890 973 1018 1041 pravitas
1049 973 1144 1029 cordis
1172 973 1343 1029 obstruitur.
1376 975 1487 1028 Arietcs
1512 972 1737 1029 cervicositatem

52 1103 60 1128 ,
76 1068 110 1117 ut
135 1069 293 1117 reverterer
312 1063 341 1114 ta
354 1065 465 1127 terrum,
486 1059 513 1114 id
536 1067 578 1116 est
594 1059 834 1117 incultibilitatem
890 1059 1027 1130 llgurant,
1041 1061 1093 1132 qni
1110 1074 1160 1130 per
1174 1061 1352 1132 geminatum
1368 1060 1520 1118 denarium
1536 1061 1653 1126 dantur,
1668 1059 1737 1130 quia

51 1148 91 1204 tis
117 1148 280 1220 irugilcrae3
302 1156 329 1205 et
345 1163 395 1218 per
419 1149 494 1204 hanc
511 1148 539 1203 in
562 1148 655 1205 locum
680 1151 835 1204 nativitatis
888 1162 939 1218 per
959 1148 1121 1206 interiorem
1153 1156 1180 1205 et
1205 1149 1376 1205 exteriorem
1399 1149 1532 1222 Decalogi
1556 1148 1736 1219 adimpletio-

63 1276 72 1301 ,
103 1244 211 1293 statum
242 1236 350 1293 scilicet
380 1235 621 1293 immutabilitatis
655 1237 835 1308 originaliter
888 1251 954 1293 nem
969 1252 1094 1308 nequam
1110 1238 1255 1308 appetitus
1269 1238 1340 1294 colla
1356 1245 1538 1309 premuntur.

77 1324 190 1393 debita,
215 1332 248 1381 ut
272 1325 312 1381 sic
327 1325 435 1382 bonum
460 1324 531 1381 ιιιιιιι
554 1325 604 1380 llat
619 1323 685 1381 vitae
709 1332 832 1382 aterna.
923 1326 1008 1385 Vsus.
1025 1331 1067 1382 ts.
1083 1358 1117 1366 —
1133 1328 1257 1382 Cometes
1269 1329 1350 1393 setas.
1363 1326 1495 1383 Camelus
1508 1326 1546 1383 ab
1562 1325 1736 1383 incurvitate

52 1426 80 1468 s.
109 1414 166 1482 to.)
191 1415 281 1468 lllinor
305 1429 381 1479 sum,
406 1416 528 1480 nomiae,
546 1415 649 1468 curvetis
669 1414 834 1471 misericor·
887 1413 981 1471 dictus
996 1415 1198 1471 sustinentiam
1213 1415 1318 1482 innuit,
1335 1429 1401 1485 quae
1416 1422 1487 1470 tunc
1502 1414 1559 1470 leta
1570 1421 1621 1481 est,
1638 1414 1661 1470 si
1676 1427 1734 1483 ecs,

52 1515 67 1566 ·,
84 1508 112 1556 et
136 1501 245 1571 absque
260 1501 361 1557 merito
385 1501 454 1556 mibi
471 1508 529 1557 ate
544 1501 675 1569 collatis;
698 1517 766 1557 nam
779 1517 834 1558 ex·
889 1517 962 1572 quos
981 1504 1111 1570 sustinet,
1133 1503 1244 1575 diliglt;
1271 1504 1323 1558 bas
1338 1517 1390 1573 per
1411 1501 1603 1574 trigenarium
1622 1501 1735 1567 damus,

52 1599 56 1644 :
80 1590 176 1660 gratia
199 1589 336 1656 elicium,
353 1597 380 1645 et
403 1589 523 1645 veritate
545 1593 635 1644 minor
649 1606 719 1657 sum,
744 1604 832 1660 quam
889 1606 1028 1661 cumpro
1052 1592 1111 1648 solo
1134 1591 1282 1648 Trinitatis
1306 1605 1403 1648 amore
1428 1591 1455 1647 id
1479 1590 1603 1662 agimus.
1636 1591 1738 1646 Vaccus

52 1676 122 1734 tissa
151 1678 338 1747 compleveris
362 1685 390 1733 et
412 1677 579 1748 complebis.
605 1680 638 1734 la
663 1679 755 1733 baculo
777 1694 834 1734 meo
853 1649 1086 1750 Bouadrcpiato.
1111 1679 1210 1736 Vaccae
1233 1693 1285 1749 per
1318 1677 1586 1749 quadragenarium
1610 1677 1737 1746 dantur,

52 1767 102 1821 siai
122 1766 268 1820 tedonem
290 1768 383 1831 istum,
402 1765 611 1835 temporalibus
635 1765 679 1820 bis
702 1765 834 1823 videlicet
887 1781 953 1824 cum
969 1767 1088 1824 lascivia
1102 1767 1199 1824 saeculi
1210 1782 1260 1839 per
1270 1774 1396 1838 quatuor
1410 1766 1566 1838 Evangelia
1580 1773 1608 1823 et
1622 1765 1738 1822 becalo-

52 1867 64 1910 s
79 1860 223 1924 tanquam
238 1853 332 1910 baculi
345 1854 446 1910 solatio
463 1853 588 1910 innitens
598 1853 728 1919 transivi,
744 1854 835 1912 donec
888 1871 957 1927 gum
973 1863 1146 1913 coarctatur.
1163 1856 1262 1922 Tauri,
1279 1869 1404 1925 quorum
1421 1854 1538 1926 quidem
1561 1868 1662 1911 carnes
1675 1854 1738 1910 esui

53 1942 224 2012 apiscentlis
238 1943 302 2013 ejus
327 1942 408 2011 plene
423 1956 565 2008 exuerer;
586 1943 740 1998 Jordanem
760 1956 832 2012 prte—
888 1944 1008 2011 babiles,
1034 1945 1154 2015 sanguis
1175 1958 1242 2000 vero
1266 1943 1378 2000 lethifer
1400 1950 1452 2010 est,
1480 1943 1584 1999 bonam
1609 1942 1738 2000 exterius

55 2044 71 2086 s
92 2030 200 2099 saeculi,
217 2031 268 2101 qui
283 2031 436 2087 descensus
449 2045 548 2086 eorum
564 2031 680 2099 dicitnr,
697 2030 747 2100 qui
768 2029 834 2087 val·
888 2035 1038 2100 actionem,
1053 2033 1101 2088 sed
1118 2046 1238 2103 pravam
1254 2031 1439 2088 intentionem
1451 2031 1609 2099 insinuant,
1625 2031 1676 2102 qui
1687 2045 1738 2102 per

52 2117 250 2190 lacrymarum
266 2126 437 2185 excurrunt,
455 2124 480 2173 et
492 2134 563 2173 narro
579 2135 638 2173 cum
652 2120 758 2173 duobus
774 2124 834 2174 tor·
888 2124 1067 2195 geminatum
1082 2121 1246 2187 denarium,
1262 2134 1299 2176 ex
1316 2120 1477 2191 septenario
1491 2126 1519 2176 et
1535 2119 1660 2178 arnaria
1675 2133 1739 2176 con·

52 2207 211 2274 reprodior,
238 2206 265 2261 id
296 2214 338 2263 est
363 2221 430 2263 cum
455 2206 519 2262 lorti
552 2206 691 2263 divisione
715 2207 834 2277 spiritus
887 2217 1012 2267 stantem
1028 2209 1202 2272 interantur.
1219 2217 1251 2265 ut
1266 2222 1317 2280 per
1334 2209 1418 2264 lldem
1433 2214 1460 2264 et
1472 2207 1595 2279 gratiam
1610 2222 1736 2280 nequam

54 2308 123 2351 rsus
146 2308 272 2364 carnem,
296 2294 330 2350 ad
348 2310 425 2362 cum,
446 2295 497 2365 qni
519 2296 644 2365 potentia
659 2293 708 2368 [s.,
732 2302 833 2365 poten-
887 2297 1055 2355 intentionis
1069 2303 1136 2353 vcta
1151 2304 1309 2353 mutentur.
1327 2299 1438 2358 Asinus,
1455 2296 1606 2367 segnitiem
1628 2295 1736 2352 scilicet

52 2379 190 2452 ldeitatis
204 2395 315 2450 semper
328 2382 511 2447 nnnebabet,
530 2397 588 2437 non
601 2384 660 2453 jam
679 2382 833 2439 mundanae
887 2394 915 2443 et
930 2394 1087 2457 stuporem,
1112 2384 1288 2455 accipimus;
1313 2385 1358 2440 bis
1381 2384 1533 2440 denarium
1553 2398 1605 2454 pro
1630 2381 1735 2438 visibili

52 2482 121 2526 uam
137 2469 177 2524 rei
192 2469 319 2535 acclinis,
337 2471 420 2540 quasi
435 2472 497 2528 sine
512 2471 614 2527 baculo
633 2479 769 2528 revertor.
886 2483 914 2532 et
927 2473 1064 2531 invisibili
1076 2481 1323 2529 sacramentorum
1338 2472 1476 2539 efficacia,
1493 2480 1526 2528 ut
1540 2452 1630 2541 supra
1644 2470 1734 2527 suml-

52 2571 108 2614 rns.
137 2560 179 2612 ιι.
204 2588 239 2597 -
263 2560 315 2626 Ta,
343 2559 475 2629 inquam,
504 2560 628 2624 Domine,
655 2575 717 2614 ecte
735 2576 776 2614 me
800 2560 833 2615 de
888 2576 963 2618 mus.
980 2561 1032 2617 Sed
1054 2562 1151 2628 aslnae,
1168 2575 1220 2631 per
1234 2560 1299 2616 fidei
1314 2574 1347 2616 ac
1363 2560 1483 2631 spiritus
1498 2559 1626 2632 vigorem
1642 2571 1660 2613 a
1675 2566 1736 2615 tor-

52 2660 64 2699 ι
87 2647 190 2710 [ratris
204 2649 266 2708 mei,
290 2646 395 2703 scilicet
410 2647 444 2701 de
468 2655 604 2716 potestate
628 2647 748 2704 allectus
767 2662 833 2706 car·
888 2665 956 2721 pore
972 2650 1126 2716 suscitata,
1148 2650 1238 2718 pallos
1259 2650 1356 2715 decem,
1375 2649 1458 2705 idest
1481 2660 1568 2718 opera
1589 2647 1635 2702 vel
1651 2644 1735 2702 allec

52 2749 66 2800 t,
82 2737 151 2803 quio
163 2735 242 2788 valde
264 2738 342 2789 timeo
357 2751 389 2789 ae
412 2738 520 2790 amiens
546 2737 582 2791 ad
607 2736 762 2805 penetralia
783 2751 833 2793 ra·
887 2745 934 2795 tus
949 2738 1108 2795 secundum
1125 2737 1299 2809 Deculogum
1310 2737 1424 2793 babent.
1440 2737 1537 2807 (Vens.
1559 2735 1613 2801 lb.)
1627 2735 1663 2791 Et
1676 2735 1737 2791 baec

56 2834 86 2885 s,
109 2825 245 2891 percutiat
267 2828 396 2888 matrem,
422 2823 591 2882 charitatem
616 2841 676 2880 com
695 2827 779 2894 filiis,
806 2826 833 2882 id
885 2844 936 2897 per
957 2842 1054 2882 monas
1073 2842 1211 2881 aaronem
1233 2826 1348 2896 singula
1368 2825 1465 2892 mittit,
1480 2826 1551 2881 dum
1572 2838 1622 2894 per
1642 2822 1736 2879 olllcia

52 2908 196 2966 effectibus
208 2910 278 2966 suis.
296 2911 393 2979 (Vsus.
411 2911 466 2981 ιι.)
482 2914 521 2966 ιιι
537 2913 639 2967 locutos
654 2928 680 2967 es
700 2915 772 2982 quod
786 2915 833 2969 di·
852 2949 873 3004 ε
888 2916 1083 2972 membrorum
1103 2929 1168 2985 quae
1183 2914 1269 2970 menti
1287 2914 1448 2970 inserviunt
1464 2926 1588 2983 quaeque
1600 2910 1737 2968 exhibere

52 3013 86 3053 es
107 3013 195 3053 semea
215 2998 405 3069 ammplam
429 2999 560 3056 videlicet
585 3001 783 3069 intentionem,
795 3017 833 3060 ex
887 3005 1041 3062 contendit.
1059 3006 1190 3073 Dicitque
1209 3004 1301 3071 pueris
1319 3019 1325 3056 ι
1341 3002 1498 3057 antecedite
1512 3017 1562 3064 mc,
1577 3005 1603 3054 et
1623 3003 1735 3068 sttspa-

56 3086 125 3142 boni
141 3087 284 3157 prodeunt
307 3088 429 3143 tructus.
446 3089 522 3144 Sicut
536 3105 647 3143 arenam
662 3092 756 3157 maris,
774 3105 833 3159 quae
887 3096 954 3148 tium
973 3095 1046 3147 inter
1066 3107 1171 3159 prepara
1188 3095 1213 3144 et
1229 3105 1345 3158 prepem.
1359 3089 1444 3145 Pueri
1467 3088 1649 3155 antecedunt,
1668 3100 1736 3142 cum

57 3175 235 3229 multitudine
255 3177 396 3229 nemausi
409 3192 462 3230 noa
477 3181 575 3245 potest,
595 3177 621 3232 id
643 3184 685 3233 est
708 3176 782 3233 sicut
796 3191 832 3232 ex
887 3180 1008 3237 humilia
1022 3178 1163 3235 desideria
1177 3176 1294 3233 allectus
1316 3190 1435 3247 operum
1452 3182 1592 3246 praeeunt.
1609 3174 1737 3244 Spatium

52 3262 125 3319 asal
139 3264 301 3329 coniicitur,
318 3272 344 3319 ct
360 3264 431 3319 cibis
446 3264 504 3320 sale
520 3266 664 3330 conditur,
682 3265 721 3321 lta
736 3265 833 3321 inten-
885 3270 919 3328 ιι
931 3272 1004 3323 inter
1024 3282 1132 3337 prepem
1146 3271 1171 3320 et
1186 3281 1304 3334 prepem,
1321 3279 1387 3321 cum
1408 3272 1486 3321 certa
1509 3263 1610 3334 ligitur
1630 3262 1736 3319 distin-

53 3360 64 3407 t
77 3352 153 3407 actio
167 3366 230 3408 mea
244 3352 383 3421 sapientia
400 3351 499 3407 divina
518 3353 692 3408 condiretur.
712 3353 834 3409 intentio
887 3358 943 3414 ctio
960 3358 1033 3412 inter
1049 3355 1168 3410 rationis
1183 3362 1276 3410 motus
1290 3361 1317 3410 et
1331 3352 1427 3409 carnis
1439 3351 1568 3408 allectus.

69 3438 213 3508 siquidem
239 3439 509 3509 sapientificaretur,
536 3448 563 3495 et
590 3454 626 3495 ex
650 3441 708 3509 ipso
734 3454 834 3510 sapore
925 3449 996 3499 m
1010 3444 1095 3501 Vens.
1111 3444 1152 3509 tt,
1171 3445 1210 3508 18,
1227 3445 1268 3497 ι9.
1282 3443 1366 3496 —Et
1375 3443 1504 3511 pracepit
1512 3443 1611 3511 priori,
1623 3441 1735 3497 dicetis:

52 3546 55 3575 ι
76 3526 252 3583 condiretur.
269 3528 367 3583 brena
383 3535 480 3585 autern
494 3543 560 3584 cum
577 3529 659 3584 valde
675 3530 773 3600 gravis
786 3529 832 3598 sit,
887 3535 918 3590 si
928 3533 1034 3587 obuiam
1044 3532 1170 3586 bobumis
1181 3533 1256 3585 Esau
1265 3534 1381 3598 fratrem
1390 3545 1484 3592 meum,
1492 3535 1517 3583 et
1524 3529 1736 3596 internoscere

52 3630 68 3672 ιι
85 3614 259 3672 humilitatis
277 3617 473 3673 maturitatem
496 3616 656 3689 signiticat3
672 3632 708 3673 ex
724 3618 778 3675 bac
792 3618 833 3674 sal
887 3626 928 3676 te:
939 3619 1449 3688 Quoccdisetcujases,etcujnssuat
1460 3619 1738 3687 istaqaaeseqacrts?

51 3703 113 3776 ruia
126 3704 203 3760 Deus
227 3705 357 3774 parvulis
373 3705 548 3763 intellectum
570 3707 617 3762 dat
634 3707 719 3778 (Psoi.
736 3722 833 3775 cxvtrr,
887 3709 959 3763 dices
971 3724 977 3762 :
990 3709 1067 3763 Serui
1077 3710 1118 3761 ιιιι
1134 3707 1229 3773 Jacob,
1242 3721 1354 3761 manera
1371 3709 1446 3760 misit
1456 3706 1564 3759 domino
1581 3719 1638 3760 meo
1651 3707 1735 3759 Esou.

52 3835 56 3848 .
71 3791 141 3859 Quae
154 3805 242 3848 arena
256 3807 314 3849 nnn
328 3802 511 3862 numeratur,
525 3794 596 3865 quia
611 3794 724 3851 tructus
737 3795 834 3851 humi·
887 3796 977 3864 Prior,
999 3794 1144 3850 secundus
1166 3801 1194 3850 et
1208 3794 1308 3851 tertius
1329 3793 1418 3849 etalii
1434 3799 1587 3862 sequentes
1607 3804 1734 3862 gregem,

52 3883 70 3937 {s
83 3894 119 3936 ac
132 3880 327 3951 intelligentiae
340 3882 448 3938 anullo
461 3883 725 3953 comprehenditur.
887 3885 991 3941 diversi
1008 3883 1080 3939 milti
1095 3881 1229 3939 videntur
1244 3882 1361 3940 babitus
1376 3882 1474 3945 animi,
1492 3880 1543 3951 qui
1558 3879 1658 3950 primae
1671 3892 1738 3949 sug-

52 3984 105 4028 tas.
135 3972 177 4024 ιι.
201 3999 236 4009 -
259 3971 378 4040 Cumque
401 3970 544 4026 dormisset
565 3972 605 4025 ιιι
629 3976 704 4025 nocte
726 3971 776 4025 illa
797 3985 835 4025 se·
888 3971 1020 4044 pastioni.
1037 3970 1171 4027 secundae
1199 3971 1391 4038 delectationi,
1406 3977 1435 4026 et
1456 3968 1545 4026 tertiae
1559 3966 1738 4025 consensioni

52 4061 96 4114 uit
110 4057 144 4114 de
162 4059 203 4113 bis
218 4074 278 4128 qua
301 4059 418 4113 babebat
433 4075 545 4114 munero
560 4061 639 4114 Esau
663 4061 752 4126 fratri
774 4074 832 4113 suo.
887 4069 914 4118 et
937 4060 1047 4118 caeteris
1071 4059 1215 4116 malorum
1240 4060 1421 4129 processibus
1443 4058 1613 4115 obsistentes
1637 4067 1738 4112 occttr·

52 4146 195 4209 edormit,
209 4161 275 4202 cnm
286 4146 632 4217 spiritibusintericribus
645 4147 795 4203 intendens
806 4147 834 4202 in
889 4156 967 4206 runt.
990 4150 1026 4205 Et
1049 4163 1085 4204 ex
1108 4148 1153 4204 bis
1180 4147 1343 4205 sortiuntur
1367 4159 1522 4203 numerum
1545 4157 1612 4201 cum
1633 4142 1740 4214 quibus

58 4235 224 4292 tentationis
238 4235 383 4292 horrorea
397 4236 556 4292 visibilium
572 4237 727 4306 cupiditate
742 4235 833 4306 quies·
852 4244 989 4335 I3agunt.
1006 4237 1044 4302 sl,
1069 4235 1174 4307 inquit,
1192 4236 1317 4292 carnalis
1333 4235 1467 4291 volontas
1488 4234 1539 4290 tibi
1555 4230 1699 4304 ingruerit
1711 4238 1739 4288 et

52 4324 168 4396 Separat
181 4324 215 4379 de
231 4326 273 4380 bis
295 4340 356 4394 qua
377 4325 457 4380 tabet
470 4341 584 4379 multem
606 4328 691 4391 Esca,
707 4338 773 4380 cum
798 4325 833 4380 de
889 4325 1074 4382 intentionem
1101 4338 1160 4394 qtto
1176 4322 1284 4394 dirigas
1307 4322 1482 4389 discusserit,
1502 4329 1529 4378 et
1544 4322 1591 4377 cni
1616 4319 1739 4377 Domino

52 4413 101 4469 rtis
123 4412 269 4482 opulentia
292 4412 371 4483 apud
397 4426 427 4468 sc
447 4412 574 4484 colligit,
600 4413 677 4468 unde
701 4412 834 4468 allectum
890 4411 1040 4478 inservias,
1059 4419 1086 4468 et
1100 4412 1146 4467 eui
1158 4411 1268 4468 utilitas
1282 4425 1382 4468 eorum
1394 4410 1513 4467 attineat
1526 4422 1741 4480 quaeexseque·

52 4507 113 4556 tem
138 4500 349 4556 rationabiliter
376 4500 525 4557 obstruere
550 4503 647 4571 possit.
673 4501 714 4556 lbi
739 4508 834 4557 autem
890 4502 939 4569 ris,
956 4500 1056 4558 dices:
1073 4502 1128 4557 Deo
1153 4500 1205 4556 soli
1220 4500 1338 4571 spiritus
1362 4498 1451 4555 animi
1478 4498 1574 4566 intuli,
1589 4497 1650 4567 ipsa
1670 4496 1740 4553 vitia

52 4589 130 4646 adem
143 4589 301 4646 intentione
317 4589 371 4645 sub
387 4596 451 4660 typo
466 4591 583 4646 seminis
596 4590 682 4657 dicta,
698 4590 836 4646 dormisse
890 4589 1123 4660 supplantando.
1149 4603 1206 4644 non
1230 4602 1280 4658 pro
1302 4603 1355 4644 sua
1380 4587 1428 4644 sed
1454 4600 1516 4643 mea
1540 4584 1740 4642 commoditate

52 4685 91 4734 at.
114 4678 210 4747 (Vens.
228 4678 283 4748 ll.)
298 4678 399 4748 Caprae
414 4678 546 4735 ducentae
568 4679 768 4748 perlectionem
785 4693 837 4749 ge·
890 4677 1005 4733 obedire
1029 4677 1115 4733 statui
1137 4677 1206 4747 ipsi,
1223 4684 1314 4733 totum
1338 4676 1415 4746 qnod
1439 4687 1598 4745 prosequor
1611 4672 1740 4730 studium

52 4779 72 4822 ιι
94 4764 344 4835 contemplationis
367 4765 546 4836 signillcant,
561 4765 667 4820 divinae
686 4763 792 4820 scilicet
810 4770 837 4819 et
891 4764 1004 4831 devovi,
1019 4770 1047 4819 et
1063 4763 1126 4831 tibi,
1140 4778 1156 4819 c
1172 4762 1302 4830 allectus,
1319 4762 1371 4834 qui
1392 4761 1460 4818 olim
1476 4760 1591 4817 servitio
1607 4773 1670 4815 meo
1685 4757 1739 4814 ab·

52 4853 115 4920 alis,
137 4868 203 4923 quae
223 4853 368 4924 praecipue
389 4852 506 4921 dicitur,
532 4853 626 4910 virtus
648 4851 835 4909 discretionis.
894 4866 963 4911 usus
977 4866 1018 4920 es,
1042 4851 1150 4922 quibus
1165 4851 1291 4908 bestialis
1310 4859 1361 4908 tua
1383 4850 1480 4907 toritas
1494 4846 1742 4905 satiaturraticci-

52 4954 88 4998 rte
100 4940 177 4997 enim
193 4941 286 4997 ardua
300 4948 413 5011 petunt.
430 4943 525 4997 Hircos
539 4944 650 5009 cipinti.
666 4940 838 4998 vicenarius
892 4941 989 4997 nando
1005 4938 1079 4995 misi.
1104 4938 1267 5010 (Venelli.)
1290 4942 1325 4994 ιιι
1338 4938 1446 4994 addetis
1463 4952 1469 4992 :
1486 4939 1547 5006 lpse
1568 4950 1673 5005 qaoque
1686 4950 1742 4988 ser·

52 5027 154 5084 luobus
168 5029 294 5084 denariis
309 5036 439 5097 constat,
455 5029 592 5086 denarius
613 5043 680 5086 vero
694 5044 730 5085 ex
751 5035 839 5098 septe-
892 5045 941 5084 vus
964 5033 1025 5082 tuos
1046 5026 1097 5098 qui
1118 5027 1170 5083 tibi
1194 5027 1350 5097 aliquando
1373 5024 1504 5082 inserviit
1526 5024 1622 5088 Jacob,
1650 5021 1678 5077 id
1701 5028 1742 5078 est

52 5129 73 5172 ‚o
83 5122 113 5171 et
131 5116 267 5172 ternario.
285 5117 338 5174 Per
362 5118 522 5174 ternarium
538 5118 618 5183 fides,
636 5131 687 5187 per
704 5124 839 5187 septena·
892 5115 1064 5181 intellectus,
1092 5117 1146 5171 iter
1169 5119 1307 5181 nostrum,
1329 5114 1508 5170 devotionem
1535 5110 1642 5169 scilicet
1665 5109 1743 5166 desi-

52 5203 466 5276 nSpiritusdatioaccipitur;
483 5205 719 5277 quibusduobus
737 5205 840 5275 plenus
893 5205 965 5261 devii
992 5203 1081 5260 nostri
1120 5203 1230 5260 sortiter
1262 5203 1419 5259 muniendo
1449 5203 1633 5273 prosequitur.
1665 5201 1744 5255 llicit

52 5291 171 5349 istianus
183 5292 317 5350 allicitur.
336 5296 441 5364 capros
452 5309 520 5365 ergo
535 5294 648 5362 dantus,
665 5308 730 5350 cum
745 5292 840 5350 carnis
894 5296 993 5349 enim:
1021 5292 1135 5347 Plocobo
1157 5292 1236 5346 ittam
1261 5292 1418 5347 muneribus
1450 5307 1509 5361 qaae
1528 5289 1696 5361 precedunt,
1718 5293 1744 5342 et

52 5377 132 5436 derio
162 5379 220 5435 vim
246 5380 373 5450 provida
404 5381 653 5452 contemplationis
676 5381 839 5452 objicimus.
895 5386 988 5452 posteo
1009 5381 1189 5449 otdetoeum,
1214 5382 1334 5448 forsitan
1353 5379 1647 5451 propitiabiturmidi.
1664 5376 1756 5454 Quod

52 5466 103 5522 icti
115 5467 205 5523 bircae
218 5468 323 5525 damus
337 5483 404 5525 cnm
424 5468 541 5526 latorem
557 5469 735 5526 carnalitatis
748 5476 775 5526 et
790 5484 842 5540 per
895 5478 937 5528 est
953 5485 960 5525 ε
974 5470 1108 5527 AEstimat
1130 5470 1208 5541 quod
1233 5470 1390 5541 prelibatis
1411 5468 1560 5526 allectibus
1582 5465 1744 5525 ellectibus·

52 5555 149 5613 sibilia
173 5570 239 5627 quaa
259 5557 439 5626 suscepimus
463 5557 527 5614 ildei
550 5572 584 5615 ac
604 5559 723 5628 spiritus
742 5571 841 5615 sacra·
896 5571 955 5629 que
975 5557 1112 5628 pietatum
1126 5571 1194 5614 eum
1214 5559 1335 5630 mitiget,
1351 5566 1449 5630 postca
1462 5556 1585 5624 videbit,
1602 5555 1629 5613 id
1644 5561 1686 5612 est
1701 5552 1744 5608 vi·
