3818 6008
119 241 170 295 583
568 236 598 289 V.
619 233 783 292 pulsuum
804 235 949 290 neentis
968 235 996 290 S.
1018 233 1138 289 HARIAE
1156 232 1203 289 bu
1223 232 1415 290 uowounro
1720 281 1728 293 ,
1817 233 1866 288 584
1905 290 1908 297 ,

118 368 241 424 audacia
277 382 352 436 qum
389 365 474 421 ctiam
507 364 663 420 cmlostium
693 365 847 435 spirituum
871 365 1092 436 gloriaeAquia
1108 366 1189 436 virgo
1203 365 1266 433 luit,
1289 365 1361 421 inter
1380 370 1484 421 caetera
1500 367 1632 434 potentiae
1646 378 1707 420 sum
1727 363 1868 419 miracula
1906 366 1908 371 '

119 456 239 512 similari
254 470 313 510 non
333 460 475 520 contenta,
495 453 582 523 ipsius
597 453 652 520 sui,
671 453 747 523 quod
764 453 843 509 dictu
858 455 963 510 mirum
1019 453 1194 525 adjicientes,
1221 453 1354 509 deitatem
1368 451 1421 509 sibi
1451 453 1527 523 ignis
1555 451 1763 523 ascripserunt.
1793 451 1868 522 Ignis

119 545 163 610 sit,
182 542 383 613 tranquillitati
398 546 472 595 trra
497 541 586 597 beatae
602 541 724 597 nimium
752 541 860 597 invidet
876 541 964 596 Crea-
1019 542 1097 598 enim
1121 541 1193 597 nibil
1209 549 1342 613 generat,
1367 541 1438 596 nihil
1454 541 1539 596 etiam
1555 541 1647 611 virgo.
1664 540 1746 597 Unde
1760 547 1788 596 et
1806 541 1868 595 vir-

119 632 197 698 toris,
211 645 269 687 non
282 644 332 698 spe
345 629 461 699 quidem
477 629 617 696 eamdem,
632 643 690 699 qua
711 629 788 684 Deus
810 636 861 695 est,
880 635 966 683 natu·
1020 629 1201 702 ginesipsius
1220 629 1380 686 servituras
1394 627 1463 690 lano
1485 644 1553 685 otim
1567 628 1770 697 instituissent,
1788 635 1868 684 tanta
1905 640 1908 697 p

118 733 179 774 ram
198 717 384 787 adipiscendi,
400 717 448 772 sed
464 731 497 772 ea
512 731 571 787 qua
593 717 684 772 sancti
700 731 737 772 ex
759 717 808 772 Dei
828 716 964 772 liliatiouc
1020 718 1177 788 ‹lisciplinae
1190 719 1340 774 severitate
1361 732 1463 774 earum
1487 717 1613 773 lasciviae
1628 717 1817 784 obstiterunt,
1838 723 1869 772 ut

117 804 289 861 deificantur
317 804 417 874 requie
439 812 466 861 et
495 819 562 875 pace
593 804 718 860 fruendi.
745 805 812 861 llaec
840 813 881 861 est
916 804 965 860 illa
1019 805 1131 876 legibus
1145 805 1287 862 edicerent
1305 804 1448 862 Vestalem
1467 805 1610 876 virginem
1634 804 1728 874 stupri
1742 802 1870 859 insimu-

117 892 254 950 tortitudo
275 891 359 960 asini,
395 906 454 948 nou
475 893 512 948 ob
538 892 826 960 irrationabilitatem,
852 891 900 948 sed
928 889 965 944 ob
1019 893 1117 960 latam,
1133 901 1160 949 et
1169 892 1338 969 convictam,
1355 907 1422 949 cum
1441 907 1493 948 suo
1508 893 1603 948 vivam
1615 898 1779 962 stupratore
1792 898 1869 948 terra

117 980 369 1036 mansuetudinem
399 980 637 1051 tolerantiamque
661 981 690 1036 in
724 980 855 1037 issachar
883 979 965 1036 bene
1019 981 1122 1038 debere
1135 981 1228 1036 obrui.
1246 980 1325 1048 Quod
1346 980 1533 1037 attentissime
1548 979 1700 1051 vestigare,
1714 993 1768 1036 nec
1789 978 1868 1036 inul-

116 1068 240 1126 dictione
254 1068 337 1139 positi
352 1067 434 1136 (Gen.
465 1082 545 1136 xtra,
565 1069 618 1137 li),
639 1069 689 1140 qni
715 1068 814 1125 vident
835 1067 964 1138 requiem
1019 1076 1081 1125 turn
1097 1068 1238 1125 dimittere
1250 1067 1386 1124 Romanis
1400 1068 1516 1124 solertia
1531 1067 1623 1125 multa
1634 1067 1699 1125 luit.

117 1172 135 1214 a
153 1157 314 1215 carnalium
338 1156 410 1213 bello
426 1157 622 1222 tumultuum,
640 1157 718 1227 quod
741 1164 813 1212 esset
830 1156 915 1225 bona,
937 1162 965 1211 et
1055 1156 1083 1212 Si
1096 1157 1187 1228 igitur
1208 1164 1356 1226 tantopere
1379 1156 1562 1224 vilissimum,
1585 1171 1621 1212 ne
1636 1156 1795 1224 laberetur,
1821 1156 1866 1212 vi·

117 1252 225 1302 terram
245 1245 373 1315 corporis
394 1244 501 1301 scilieet
524 1244 553 1299 iu
578 1259 636 1314 quo
651 1259 729 1301 nuno
753 1244 965 1316 peregrinando
1019 1251 1097 1301 trum
1122 1252 1191 1301 tunc
1221 1245 1355 1314 temporis
1383 1244 1564 1313 servabatur,
1591 1243 1669 1314 quod
1693 1251 1770 1301 certe
1799 1257 1867 1300 eum

117 1334 280 1404 hospitatur
295 1346 449 1399 carcerem,
471 1347 537 1403 quae
570 1332 690 1389 mitibus
714 1333 744 1388 in
759 1333 966 1403 possessionem
1020 1333 1165 1403 praecipue
1181 1333 1316 1389 reniteret
1335 1332 1449 1388 nullum
1464 1338 1535 1400 erat,
1551 1339 1579 1388 et
1595 1332 1740 1403 integrum
1760 1346 1798 1388 ne
1810 1331 1867 1388 duo

117 1422 244 1491 dabitur,
269 1422 339 1493 quia
358 1422 475 1492 optima,
501 1423 654 1477 humorum
668 1421 820 1491 supposuit
834 1420 870 1477 ad
900 1435 963 1491 por·
1020 1421 1135 1491 quidem
1153 1419 1220 1475 vilia
1236 1434 1325 1476 corna
1340 1419 1465 1476 valebat.
1481 1419 1554 1486 Quid
1570 1419 1641 1475 illud
1657 1419 1736 1475 omni
1756 1418 1867 1490 topazio

118 1510 238 1567 tandum
263 1510 376 1579 pondus
402 1509 459 1565 diei
474 1517 501 1564 et
525 1517 622 1577 astris,
648 1518 675 1564 et
690 1509 808 1565 babitus
830 1516 872 1565 est
890 1523 961 1564 con·
1019 1507 1146 1564 nobilius
1166 1507 1357 1579 margaritum
1386 1508 1469 1563 debet
1493 1507 1598 1564 habere
1622 1506 1770 1571 custodia.
1791 1520 1868 1578 prae-

118 1597 250 1666 temptui,
263 1597 345 1666 quasi
357 1598 490 1667 quadam
503 1597 598 1667 gravis
610 1597 738 1652 molestia
751 1597 851 1666 mnndi
865 1595 963 1652 lrrxus.
1019 1596 1116 1652 sertim
1132 1597 1208 1666 apud
1224 1610 1284 1664 nos,
1302 1596 1410 1666 quibus
1423 1610 1476 1653 sua
1497 1609 1556 1666 prae
1571 1582 1693 1652 auribus
1704 1595 1809 1652 crebro
1824 1594 1866 1651 le-

119 1686 186 1742 Haec
201 1693 269 1741 sunt
296 1693 403 1742 sanctae
431 1684 518 1755 liujus
540 1685 633 1755 prima
657 1684 886 1755 excogitamenta
907 1685 963 1739 vir·
984 1656 1131 1756 Bguntur
1151 1685 1286 1754 praemiat
1307 1683 1402 1741 locum
1423 1698 1491 1755 ergo
1520 1683 1549 1738 in
1573 1683 1737 1740 Christiano
1756 1689 1868 1753 pectore

119 1775 198 1840 tutis,
230 1781 262 1829 ut
289 1774 362 1829 sir-ut
387 1787 459 1828 suus
480 1781 581 1828 auctor
604 1771 761 1828 essentialis
783 1773 910 1842 potentia
929 1772 965 1828 ab
1019 1775 1112 1829 virtus
1125 1773 1263 1840 obtineat,
1284 1786 1357 1842 quos
1371 1786 1460 1843 regno
1479 1780 1507 1828 et
1522 1769 1613 1843 gloria
1630 1771 1764 1841 pollicitis
1782 1769 1865 1827 Chri·

118 1862 196 1918 omui
224 1869 314 1927 motu,
344 1869 372 1916 et
403 1859 551 1930 superflua
586 1860 757 1930 cogitatione
785 1861 966 1931 dignoscitur
1020 1868 1083 1918 stus
1097 1861 1210 1917 invitat.
1236 1860 1264 1916 Si
1282 1861 1356 1917 inter
1380 1860 1581 1931 paganismum
1605 1858 1708 1930 viguit,
1725 1873 1795 1914 cum
1809 1858 1867 1915 sine

118 1964 229 2018 exsors,
248 1950 287 2005 ita
302 1963 448 2019 quemque
461 1949 506 2004 sui
522 1948 682 2004 studiosum
704 1947 853 2018 integritas
869 1962 967 2018 quan·
1019 1948 1086 2006 vitae
1102 1949 1256 2019 utriusque
1273 1948 1390 2017 praemio
1405 1949 1467 2004 sola
1477 1961 1579 2019 greges
1591 1947 1711 2003 miseros
1725 1958 1813 2017 poena
1826 1962 1866 2002 co·

119 2044 180 2093 tum
196 2038 225 2092 in
240 2035 402 2106 corruptela
414 2035 523 2104 positus
532 2035 615 2091 bomo
628 2034 688 2090 steri
700 2034 819 2104 patitur,
834 2034 871 2089 ab
887 2036 966 2092 inor·
1021 2036 1116 2106 gebat,
1133 2035 1324 2105 amplectatur
1332 2049 1415 2091 suam
1428 2034 1609 2092 solitudinem
1625 2033 1762 2106 quisquis
1774 2035 1867 2106 jugali

119 2125 217 2181 dinato
233 2123 361 2196 quolibet
373 2124 482 2193 inipetu
499 2123 600 2178 reddat
612 2122 784 2193 immunem;
802 2123 831 2178 in
852 2131 964 2180 tantum
1020 2124 1164 2180 consortio
1179 2125 1338 2196 bucusque
1350 2124 1454 2191 caruit,
1475 2131 1502 2179 et
1517 2137 1553 2179 ex
1566 2121 1792 2194 conjugatorum
1807 2137 1867 2179 me

118 2228 187 2285 ergo
203 2213 324 2269 similem
341 2212 490 2275 dixerim„
1020 2211 1117 2275 lestiis,
1133 2211 1190 2266 imo
1206 2211 1336 2281 miseriis,
1365 2211 1489 2268 astutior
1512 2210 1614 2278 lactus,
1639 2224 1700 2267 suae
1720 2210 1796 2281 paci,
1808 2225 1867 2267 ma·

448 2298 564 2356 CAPUT
584 2298 635 2355 Ill.
1021 2300 1065 2372 gis
1079 2313 1146 2355 vero
1160 2299 1330 2356 beatitudini
1342 2313 1495 2370 nunquam
1509 2298 1653 2369 deceptus,
1670 2312 1784 2369 precor,
1798 2299 1868 2355 invi-

157 2391 199 2444 De
219 2387 285 2445 retii
308 2387 360 2443 Dei
375 2387 529 2460 temperati
543 2385 736 2459 generatione.
752 2415 788 2428 -
807 2387 924 2444 Accedit
939 2395 966 2444 et
1020 2389 1093 2444 deat.
1112 2388 1236 2445 Noverat
1264 2386 1347 2458 plane
1367 2387 1523 2458 Apostolus
1538 2401 1605 2443 cum
1616 2387 1765 2455 clamaret,
1780 2386 1869 2444 tribn-

119 2477 189 2534 buic
205 2485 264 2533 tam
280 2477 432 2548 precipuae
447 2476 615 2532 adventioni
632 2475 722 2531 altera
731 2489 790 2531 non
806 2490 968 2546 usquequa·
1021 2474 1155 2531 lationem
1183 2475 1333 2531 babituros
1360 2475 1527 2547 hujusmodi
1554 2474 1585 2546 (Ι
1599 2476 1666 2529 Gor.
1697 2490 1718 2544 r,
1740 2474 1801 2546 28.)
1820 2473 1867 2531 sed

119 2579 177 2637 que
192 2564 381 2634 improbanda
396 2563 480 2631 ratio,
502 2563 580 2633 quod
602 2562 732 2618 videlieet
753 2562 967 2633 indisputabilis
1021 2577 1109 2634 quam
1125 2563 1233 2620 bonum
1248 2562 1303 2620 sibi
1319 2563 1377 2619 lore
1401 2577 1458 2619 non
1473 2563 1580 2631 reticet,
1600 2563 1624 2618 si
1648 2561 1688 2619 sio
1706 2570 1867 2629 manerent,

119 2668 156 2710 ex
187 2652 278 2708 Patris
305 2651 464 2707 eternitate
483 2649 619 2706 coeterni
643 2650 705 2706 Filii
732 2658 823 2717 ortus,
850 2666 908 2706 non
932 2651 967 2708 de
1022 2659 1054 2708 ut
1069 2653 1127 2722 ipse
1138 2659 1265 2708 maneret
1279 2651 1374 2722 (lbid,
1392 2652 1428 2721 7).
1448 2650 1471 2708 0
1491 2660 1608 2721 quantae
1625 2650 1784 2708 alacritatis
1797 2665 1869 2722 pen·

119 2740 247 2797 exterius
268 2739 408 2802 adhibita,
431 2753 497 2810 qnae
523 2738 564 2794 illi
589 2738 732 2795 nativitati
754 2746 965 2809 cooperaretur,
1021 2752 1083 2807 nae,
1100 2739 1207 2809 quibus
1221 2738 1325 2796 eoelum
1344 2740 1455 2807 subeat,
1469 2738 1522 2795 sibi
1538 2738 1662 2808 subripit
1676 2739 1729 2810 qui
1743 2746 1805 2796 tam
1818 2752 1868 2795 ne-

119 2826 290 2895 substantia,
321 2841 357 2882 ne
384 2808 547 2881 nostrarum
575 2824 787 2896 geniturarum,
824 2826 967 2896 conjuga·
1021 2827 1130 2898 gotioso
1146 2824 1531 2897 commercioseimmergitl
1785 2831 1799 2841 ‘

119 2914 229 2972 liumve
244 2913 486 2970 necessitudinum
502 2898 606 2981 oliveio,
620 2913 844 2983 corruptivoque
859 2915 968 2970 semine
985 2955 1005 3009 C
1349 2966 1465 3023 CAPUT
1484 2966 1522 3023 lv

119 3009 230 3060 constat
244 3001 413 3068 celebratus,
431 3001 480 3056 sed
498 2999 597 3057 exilio
623 2999 802 3056 inscrutabili
825 3002 964 3070 sacrario,
1526 3006 1532 3019 ·

120 3091 314 3161 thesauroque
334 3089 434 3156 Patris,
456 3102 513 3144 non
538 3087 616 3144 aliud
642 3087 710 3158 quid
727 3087 850 3145 alterum
877 3104 966 3160 quam
1055 3088 1869 3163 Ratioquaoirqinitaeamplectendoauodetar.-Idxcb

120 3179 198 3250 quod
215 3178 284 3249 ipse,
307 3185 357 3234 aut
379 3176 513 3248 elfigiale,
541 3177 589 3232 scd
617 3191 680 3244 sua,
707 3176 818 3248 absque
835 3192 894 3249 qua
914 3193 967 3234 nec
1021 3187 1071 3246 tat,
1094 3186 1121 3235 et
1143 3193 1200 3234 nou
1225 3179 1344 3250 injuria,
1367 3179 1416 3235 sed
1435 3193 1575 3251 perquam
1591 3180 1668 3252 juste
1687 3180 1760 3238 illud
1784 3183 1870 3240 etiam

120 3274 227 3339 puncto
262 3266 378 3336 quidem
413 3264 474 3330 luit,
500 3264 641 3334 sapientia
669 3263 821 3336 virtusque
850 3265 964 3335 prodiit,
1020 3268 1056 3324 ad
1078 3267 1166 3339 bujus
1187 3266 1302 3323 virtutis
1321 3281 1458 3333 amorem,
1484 3269 1596 3337 piorum
1622 3282 1809 3340 quorumque
1831 3269 1872 3328 al-

120 3355 291 3425 competenti
307 3354 360 3409 sibi
388 3353 543 3424 generandi
564 3354 657 3419 modo,
688 3360 719 3409 ut
743 3353 802 3422 ipse
823 3353 967 3409 munditia
1021 3355 1119 3412 lectus.
1130 3354 1209 3422 Quod
1229 3355 1334 3412 scilieet
1349 3355 1417 3412 olim
1438 3356 1613 3426 propositum
1638 3372 1655 3413 a
1684 3358 1801 3415 saeculis
1822 3359 1870 3415 in-

120 3441 448 3500 mundillcausomnium
460 3455 525 3512 quae
541 3441 711 3497 mundilieat
726 3440 832 3511 glorias
844 3441 967 3496 excede·
1019 3442 1191 3513 corporandi
1205 3442 1284 3499 verbi
1304 3442 1485 3512 mysterium,
1515 3457 1573 3500 non
1588 3443 1705 3501 aliunde
1729 3459 1821 3516 quam
1834 3460 1870 3504 ex

121 3539 174 3600 ret,
200 3538 228 3587 et
254 3545 290 3587 ex
315 3546 354 3599 se,
379 3530 444 3602 igne
470 3529 577 3585 scilicet
591 3527 765 3597 vivificante,
791 3528 842 3599 qui
863 3538 965 3585 cuncta
1020 3539 1202 3588 sacrosancta
1218 3531 1564 3603 pretiosaevirginisalvo
1583 3539 1740 3603 patratum,
1760 3534 1871 3592 desua

120 3618 214 3678 loveat
242 3617 330 3676 Filius
350 3627 488 3689 tanquam
511 3617 645 3687 splendor
666 3618 766 3673 exiret.
794 3616 912 3674 Talibus
931 3619 966 3674 ad
1021 3620 1189 3676 salvationis
1195 3620 1328 3691 jucunda
1343 3627 1495 3690 proventu,
1510 3619 1601 3677 tidelis
1614 3635 1695 3677 mens
1710 3620 1795 3679 nulla
1813 3636 1871 3679 non

120 3708 311 3765 roborandam
337 3705 543 3763 continentiam
570 3705 732 3762 Christiana
765 3706 906 3763 vivacitas
930 3706 969 3762 in·
1022 3707 1225 3780 gaudet-Qus
1244 3696 1320 3763 enim
1335 3707 1379 3764 vel
1395 3724 1460 3779 quae
1479 3708 1575 3779 potius
1589 3711 1681 3779 posita
1703 3710 1732 3766 in
1748 3712 1869 3782 ancipiti

120 3797 243 3854 struitur
258 3796 449 3867 argumentis,
466 3801 493 3850 et
517 3794 545 3849 in
560 3794 733 3864 temporaria
755 3793 903 3865 voluptate
917 3807 968 3861 ge·
1021 3798 1056 3854 de
1081 3811 1134 3854 sua
1157 3796 1300 3852 servanda
1318 3796 1484 3868 virginitate
1497 3798 1626 3864 consilio,
1642 3797 1712 3854 dum
1737 3800 1872 3856 eminen-

119 3885 210 3941 renda
238 3883 341 3939 cedens
370 3882 443 3948 aliis,
474 3896 559 3937 omne
586 3883 664 3952 quod
688 3883 743 3938 sibi
774 3882 809 3937 de
837 3879 969 3938 saeculari
1021 3886 1165 3942 tissimum
1179 3886 1267 3942 decus
1281 3885 1352 3941 tanti
1368 3894 1470 3955 partus
1485 3885 1616 3954 attendit,
1640 3901 1696 3942 non
1717 3888 1755 3944 ad
1774 3902 1868 3958 prose-

121 3987 219 4031 amore
253 3973 364 4043 irrepit,
391 3971 560 4038 subnervat,
589 3978 616 4027 ot
651 3979 790 4042 perpetua
822 3970 969 4027 sterilitate
1023 3973 1138 4044 quenda
1163 3973 1296 4044 protinus
1322 3972 1443 4044 vestigia
1464 3980 1551 4029 tantae
1580 3973 1730 4030 Genitrieis
1746 3975 1872 4047 aspirati

121 4061 230 4118 mundo
253 4059 432 4115 infructuosa
448 4071 575 4114 marcere
590 4058 754 4129 disponens,
781 4057 969 4128 spiritualiter
1022 4060 1187 4117 blirandum
1211 4059 1234 4116 si
1259 4059 1390 4116 sullioere
1414 4060 1621 4118 considerando
1642 4061 1711 4119 buic
1731 4062 1872 4120 miraculo

121 4148 179 4205 Deo
194 4148 327 4215 iocunda,
348 4155 375 4203 et
400 4147 574 4203 illiberale
599 4146 689 4216 pretio
705 4145 861 4215 pudicitiae,
891 4145 967 4202 omni
1021 4147 1195 4217 valeremus,
1213 4162 1386 4219 magnopere
1411 4149 1493 4205 nobis
1516 4158 1589 4207 esset
1613 4151 1691 4221 quod
1708 4152 1787 4209 Deus
1815 4152 1871 4209 bu·

122 4235 192 4293 llore
204 4236 328 4307 gratius,
340 4248 388 4304 spe
403 4235 543 4307 gaudiosa
558 4232 713 4304 prepollet.
987 4245 1117 4300 pmanae
1144 4237 1327 4294 continentiae
1346 4238 1454 4294 bonum
1476 4238 1546 4294 aden
1562 4239 1781 4309 magnipendat,
1806 4254 1870 4298 cum

156 4328 229 4382 Cum
245 4323 334 4395 igitur
348 4324 450 4391 Deum,
470 4336 528 4378 nou
549 4322 609 4377 sine
623 4321 778 4391 Scriptura
796 4319 966 4387 testimonio,
1022 4339 1120 4382 omnes
1149 4332 1256 4381 nostrae
1283 4325 1433 4382 munditia>
1462 4326 1580 4397 puritati
1603 4326 1724 4396 collatae,
1758 4341 1872 4401 pannus

121 4413 205 4485 quasi
221 4412 374 4483 quemdam
390 4411 484 4482 ignem
499 4409 629 4480 accipiat,
646 4409 681 4464 de
700 4423 757 4481 quo
768 4407 808 4463 nil
824 4408 879 4463 nisi
890 4408 968 4480 quod
1022 4420 1238 4470 menstruatae
1261 4413 1400 4483 propbeta
1414 4418 1488 4469 814
1507 4413 1676 4485 judicentur
1702 4416 1779 4485 (Iso.
1797 4431 1869 4482 nxrv,

121 4501 273 4573 spirituale
293 4500 329 4556 sit
343 4507 455 4556 certum
474 4506 515 4554 est
529 4497 619 4569 gigni,
643 4511 701 4553 non
727 4496 852 4553 absurde
880 4497 905 4552 ei
940 4496 969 4552 iu
1023 4499 1061 4571 6),
1076 4507 1104 4556 et
1118 4514 1161 4568 ea,
1176 4515 1241 4571 quae
1256 4500 1428 4571 plerumque
1447 4499 1502 4571 ipsi
1515 4500 1543 4556 in
1567 4501 1650 4557 nobis
1663 4501 1763 4560 minus
1783 4503 1872 4576 placi·

121 4590 175 4647 isto
190 4604 220 4645 se
234 4594 391 4659 comparat,
408 4601 474 4657 quae
485 4586 555 4643 dum
568 4585 684 4642 ruitura
698 4585 795 4640 carnis
805 4585 970 4654 posteritate
1023 4595 1089 4644 tura
1112 4595 1258 4658 putamus,
1287 4595 1338 4644 aut
1353 4596 1428 4644 certe
1452 4588 1530 4659 quod
1545 4602 1604 4644 non
1634 4589 1696 4646 siue
1710 4604 1800 4661 poena
1821 4598 1870 4655 est,

121 4690 183 4733 sese
200 4683 358 4746 spontanea
382 4674 487 4745 privat,
512 4674 543 4730 lit
569 4680 601 4730 ut
620 4687 653 4729 eo
679 4671 837 4729 studiosius
852 4672 969 4729 demum
1023 4673 1156 4730 habenda
1178 4688 1230 4745 pro
1252 4675 1343 4731 nibilo
1365 4675 1445 4745 (Lac.
1475 4689 1544 4744 xvir,
1569 4675 1624 4747 lli),
1643 4677 1715 4746 bae,
1730 4679 1787 4735 etsi
1798 4677 1870 4751 apud

122 4764 189 4821 ildei
211 4763 400 4831 documentis,
417 4776 490 4834 qnos
505 4762 607 4832 poterit
628 4762 686 4817 Deo
702 4760 856 4832 parturiat,
871 4767 898 4817 et
912 4775 971 4816 nun
1023 4777 1075 4818 nos
1090 4763 1171 4819 nulla
1184 4765 1240 4820 siut
1257 4771 1308 4820 aut
1330 4762 1410 4831 vilia,
1436 4771 1582 4834 tantopere
1596 4772 1747 4834 acceptare
1771 4766 1871 4838 digno·

122 4851 270 4908 moriturae
287 4849 392 4907 sobolis
407 4863 503 4906 semen
521 4849 557 4905 ad
577 4849 715 4916 dolorem,
730 4848 777 4904 sed
798 4848 971 4904 aeternaliter
1024 4858 1081 4906 tur.
1099 4852 1170 4907 Cum
1183 4852 1259 4907 enim
1270 4850 1397 4918 aliunde,
1413 4858 1440 4907 et
1455 4850 1538 4923 longe
1554 4851 1689 4919 nobilius,
1701 4853 1871 4910 sublimius·

122 4940 244 4997 victura
259 4939 295 4994 ad
321 4937 461 5010 gaudium
485 4936 596 4993 lundat.
615 4936 764 4993 Notarium
783 4943 824 4992 est
846 4935 870 4991 si
892 4936 972 4992 Chri·
1025 4952 1082 5008 quo
1114 4952 1203 5008 quam
1228 4938 1354 4995 leminea
1379 4938 1416 4995 sit
1455 4939 1618 5011 virginitas,
1648 4940 1751 4998 multis
1785 4940 1871 4998 modis

123 5028 235 5086 stianus
250 5027 395 5098 quispiam
412 5035 469 5082 tarn
487 5025 569 5082 beato
582 5024 649 5082 vitae
679 5025 774 5096 generi
796 5024 969 5095 refragetur,
1024 5023 1159 5082 aliissese
1182 5039 1333 5095 procreare
1347 5024 1484 5082 divinitas
1510 5035 1613 5096 posset.
1643 5026 1720 5085 Licet
1740 5028 1820 5086 enim
1840 5027 1872 5085 lo

123 5123 151 5174 et
164 5115 248 5172 nimis
264 5122 401 5172 causetur
420 5114 556 5181 arduum,
575 5128 628 5170 nec
648 5112 752 5169 debere
771 5114 881 5168 servari
903 5127 970 5169 con·
1024 5119 1068 5170 ret
1083 5113 1176 5185 virgo,
1199 5122 1292 5170 tamen
1307 5115 1377 5185 quia
1389 5112 1506 5184 femina,
1523 5114 1596 5171 uteri
1612 5115 1656 5172 sni
1672 5116 1804 5188 dignitas
1817 5129 1871 5174 non

123 5204 231 5273 tendat,
248 5218 315 5261 eum
335 5203 413 5273 apud
432 5209 542 5260 veteres
558 5202 743 5259 observatum
759 5200 883 5257 evidenti
899 5216 971 5272 gen·
1025 5201 1171 5259 confertur
1185 5202 1220 5259 ad
1231 5203 1333 5270 baum,
1351 5203 1403 5273 qui
1413 5202 1554 5260 virtutum
1570 5216 1761 5276 quarumque
1770 5205 1871 5280 glorias

122 5293 220 5351 tilium
235 5292 398 5349 litterarum
419 5296 546 5362 patescat
560 5289 702 5360 exemplo.
729 5288 845 5346 Vestam
865 5302 972 5360 quam·
1025 5290 1198 5347 mortalibus
1227 5289 1361 5347 intimare
1388 5289 1532 5348 veniebat.
1564 5291 1750 5363 singularem
1781 5294 1869 5360 istam,

123 5380 191 5437 darn
207 5379 364 5437 voluerunt
377 5393 438 5436 csse
449 5380 542 5447 deam,
559 5385 681 5450 quamet
693 5386 814 5435 matrem
823 5391 971 5449 magnam,
1026 5390 1116 5448 quam
1134 5392 1171 5435 ne
1185 5378 1358 5450 eonjugium
1369 5378 1476 5436 loedare
1487 5378 1645 5449 videretur,
1663 5380 1797 5440 laudavit
1810 5380 1870 5455 qui·

123 5474 153 5526 et
169 5465 268 5524 nescio
282 5467 414 5538 quaealia
440 5466 553 5524 inllnita
572 5466 608 5523 de
621 5479 656 5524 ea
674 5464 853 5533 labulantur,
871 5478 970 5536 quani,
1027 5466 1102 5534 dem,
1124 5467 1172 5522 sed
1197 5480 1254 5523 uon
1277 5480 1314 5523 ex
1334 5474 1475 5538 praecepto
1495 5466 1594 5533 edidit,
1614 5481 1705 5539 quam
1719 5468 1870 5528 reverende
