3818 6008
445 246 511 304 'DE
531 247 702 312 VlTAssUA
721 249 814 308 Ltltltt
834 252 976 308 tuus·
988 253 1055 311 titt.
1077 253 1111 309 ll.
1600 250 1663 315 '906

56 393 98 435 em
128 380 201 435 alter
223 381 274 450 qui
308 380 478 448 presidebat
510 383 603 453 capite
640 387 862 451 renunciet
884 402 935 444 vos
958 389 1076 455 diaboli,
1104 403 1197 460 quare
1221 404 1267 446 me
1290 404 1347 446 non
1372 393 1584 462 transponitis?
1606 394 1664 452 Noc

56 482 71 524 n
92 468 249 538 premissa,
270 470 318 524 scd
336 470 444 526 torsula
460 470 553 538 ruins,
568 480 607 532 et,
623 481 656 529 ut
670 471 761 529 solent
816 489 905 541 mora,
933 476 1065 533 diabolus
1086 491 1147 534 sese
1168 476 1262 544 ebert,
1284 480 1415 547 ascende,
1441 481 1585 552 inquiens,
1609 498 1662 556 ego

56 552 77 610 li
96 554 350 623 circumcelliones,
373 557 496 626 nudipes
519 557 663 625 incedens,
680 572 760 615 ceno
816 569 842 618 te
866 562 966 620 leram.
992 563 1069 620 Illico
1084 564 1184 621 inlolix
1200 566 1275 624 male
1294 581 1416 626 casurus
1440 572 1576 629 ascendit.
1604 572 1666 637 Quo

56 642 129 699 *bil
149 642 233 714 quasi
263 644 375 700 ¹1⁰Vllel
389 644 418 700 id
438 645 585 714 calcasset,
613 646 759 717 pedalium
814 651 948 711 diabolus
963 663 1111 726 assumpto
1140 654 1195 712 sub
1219 657 1319 714 eadem
1353 658 1424 715 bora
1440 660 1470 716 iu
1485 659 1595 717 ltaliam
1617 661 1666 718 de·

56 745 68 786 n
96 745 148 801 per
172 732 325 788 interstitia
349 732 543 790 densescente.
565 734 645 791 Alter
660 749 760 792 veroa
815 742 880 799 tulit
903 742 980 801 inira
1007 743 1182 802 suburbium
1206 745 1340 814 civitatis,
1368 760 1433 816 qun
1460 747 1588 806 subtura
1613 749 1668 820 [cet

56 817 109 875 oris
135 819 176 874 ita
202 819 356 876 delituerat
375 828 408 877 ut
429 820 530 878 vultus
548 821 613 893 ejus
634 823 761 894 qualitas
814 829 938 903 Subura]
959 830 1075 897 dicitur,
1092 846 1161 890 eum
1187 839 1268 889 tanta
1283 833 1459 906 benignitate
1473 835 1615 905 deposuit,
1633 842 1666 892 ut

56 920 111 965 n⁰n
125 914 229 977 l⁰⁵⁸⁰l2
246 905 290 979 l⁸')
311 908 391 965 hilm
403 908 499 977 talari,
525 910 649 982 etnigro
667 911 761 981 capite
813 931 917 975 coxam
943 919 968 974 ci
994 919 1150 991 frangeret.
1187 921 1239 977 Est
1261 928 1358 978 autem
1387 921 1449 992 ipsa
1481 922 1583 980 civitas
1611 923 1668 981 diei

814 1004 872 1063 lere
898 1005 988 1064 unius
1004 1007 1105 1065 itincre
1131 1009 1204 1065 citra
1219 1009 1331 1066 urbem.
1350 1009 1443 1067 Pridie
1461 1018 1558 1069 auum
1572 1011 1667 1068 domi·

57 1098 115 1156 (ιιιθ
144 1085 257 1156 lssss⁰l²⁸
271 1097 411 1142 ⁰⁰f³ffl³0
439 1098 575 1156 WSOMS
598 1083 758 1153 allssssdtlssb
814 1096 947 1168 nusejns
961 1096 1104 1167 predictis
1128 1097 1165 1153 ad
1182 1096 1284 1153 limina
1300 1098 1492 1168 apostolorum
1512 1100 1666 1170 proiectus,

57 1172 107 1230 ndi
142 1172 391 1230 animadversione
426 1173 568 1230 adluitur·
594 1173 667 1231 Cum
698 1173 760 1230 silit
814 1184 851 1241 ab
871 1184 945 1241 urbo
963 1183 1109 1256 digressus
1137 1184 1240 1250 luerat,
1269 1193 1298 1242 ot
1327 1185 1461 1243 subturae
1496 1187 1666 1258 hospitatus.

69 1260 175 1333 &¹1⁰1ae
191 1275 330 1332 anae,
352 1262 429 1319 unde
448 1262 531 1320 V0bl⁸
549 1269 629 1320 lanta
643 1261 761 1320 temeri·
813 1271 868 1340 Qui
881 1286 949 1329 cnm
969 1279 1127 1344 antequam
1148 1272 1296 1341 diesceret,
1324 1275 1507 1344 surrexisset,
1524 1284 1557 1333 ut
1574 1276 1665 1334 solent

56 1366 88 1410 ac
102 1354 173 1410 bora
200 1355 279 1411 bunc
294 1355 323 1410 in
339 1354 432 1412 locum
449 1358 593 1421 veneritis,
623 1356 652 1412 in
673 1370 760 1427 quern
815 1360 942 1417 bibernis
957 1360 1172 1432 peregrinantes
1196 1362 1353 1430 mensibus,
1375 1377 1441 1418 cum
1464 1368 1547 1420 extra
1563 1365 1665 1422 civita-

56 1442 183 1514 tliquiris
206 1444 406 1501 claustralium
432 1446 640 1502 monachorum
663 1446 760 1501 venire
814 1457 947 1505 temcum
962 1449 1023 1506 suis
1040 1462 1125 1521 agros
1138 1449 1300 1522 attingeret,
1317 1451 1469 1521 enjusdam
1487 1453 1565 1509 baud
1583 1453 1667 1526 longe

57 1533 108 1589 at‘t
122 1533 158 1588 At
171 1532 219 1588 ille
239 1547 245 1587 :
261 1532 428 1601 Audieram,
446 1533 570 1601 domine,
587 1533 642 1590 boc
656 1533 685 1588 in
700 1545 760 1589 mo·
814 1543 935 1593 astrata
946 1536 1062 1608 publica
1077 1537 1241 1609 plangentis
1255 1539 1367 1595 audivit
1383 1553 1493 1596 vocem.
1509 1539 1664 1610 Quaeritur,

62 1610 140 1677 viros
164 1635 225 1677 esse
248 1620 404 1692 religiosos,
435 1629 462 1678 ει
477 1622 657 1680 addiscendae
672 1634 761 1678 causa
815 1625 967 1695 reperitur,
982 1625 1052 1696 quia
1074 1640 1131 1682 vox
1151 1634 1214 1683 erat
1228 1639 1246 1681 a
1262 1626 1377 1683 domino
1392 1641 1456 1693 suo,
1471 1642 1509 1684 ex
1523 1629 1584 1686 sola
1599 1644 1667 1687 voce

56 1744 58 1759 ·
82 1710 267 1776 adveneram,
284 1723 382 1781 quaeso
406 1725 443 1766 ne
463 1724 539 1781 aegre
554 1711 670 1767 teratur.
686 1711 760 1777 Non,
780 1697 1008 1786 Bcognoscitur.
1025 1713 1223 1785 interrogatus
1238 1716 1381 1785 quomodo
1398 1715 1467 1773 illuc
1492 1716 1665 1786 devenisset,

56 1798 93 1854 tic
116 1797 216 1869 religio
240 1805 291 1854 aut
319 1799 388 1856 ordo
419 1798 587 1868 addiscitur,
610 1799 698 1856 sodsi
718 1799 762 1855 ris
815 1798 900 1855 relert
923 1811 987 1856 sero
1012 1812 1043 1855 se
1070 1797 1160 1856 luisse
1186 1798 1321 1868 calciam,
1352 1807 1380 1857 ot
1406 1801 1531 1871 qualiter
1559 1802 1665 1861 ibidem

56 1887 131 1944 deos
145 1887 194 1958 qui
212 1886 241 1943 in
258 1886 384 1943 claustro
399 1894 468 1944 sunt
489 1887 570 1944 rade.
590 1887 651 1944 lllie
677 1887 761 1944 disci·
815 1886 928 1944 diabolo
955 1894 1126 1957 exportante
1150 1887 1301 1944 corruerit.
1327 1887 1468 1946 Dominus
1481 1889 1550 1946 satis
1565 1904 1668 1961 super-

56 1989 157 2047 gorem,
182 1983 210 2033 et
242 1975 402 2033 sanctitatis
428 1977 594 2034 rudimenta
628 1977 761 2047 reperies.
815 1990 873 2045 que
899 1975 1189 2033 miratus-bominem
1219 1976 1248 2031 in
1263 1976 1427 2046 proximam
1443 1977 1547 2034 extulit
1561 1978 1666 2035 cirita-

59 2077 129 2136 ergc
143 2065 221 2132 binc,
243 2064 314 2136 quia
329 2065 408 2136 quod
422 2066 492 2136 ipsis
507 2065 655 2122 monacbis
667 2065 763 2121 domi·
814 2071 883 2131 tem,
910 2063 946 2120 de
967 2063 1030 2121 suis
1056 2064 1187 2134 praebens
1214 2065 1345 2133 pecuniis
1360 2064 1436 2121 unde
1450 2080 1537 2123 suum
1552 2072 1668 2124 curaret

56 2160 87 2210 ist
114 2155 244 2222 vetitum,
261 2153 343 2211 vobis
358 2162 401 2212 εει
415 2155 499 2227 longe
513 2154 638 2225 amplius
652 2154 763 2211 incom-
815 2149 941 2208 reditum
954 2157 982 2207 et
997 2149 1202 2207 inlirmitatem.
1231 2151 1276 2207 Ex
1290 2149 1335 2207 bis
1350 2165 1418 2223 ergo
1429 2166 1495 2223 quat
1511 2166 1612 2223 passus
1626 2161 1668 2211 est

56 2255 80 2299 tr
93 2242 296 2299 inhibendum.
816 2238 915 2296 didicit
937 2245 966 2296 et
991 2239 1089 2296 docuit
1103 2239 1210 2309 ‚benm,
1229 2253 1289 2296 non
1302 2239 1447 2298 daemones
1469 2255 1520 2311 pro
1546 2243 1669 2315 negotiis

56 2344 80 2388 re
93 2331 193 2388 eadem
217 2340 345 2403 repetere
365 2330 460 2399 vellet,
487 2331 654 2402 pariterque
672 2343 765 2388 mora·
816 2327 1004 2386 invocandos.

56 2419 187 2476 inantiori
207 2419 243 2475 ad
271 2432 319 2475 eos
333 2432 464 2475 sermone
489 2418 659 2487 infrenduit,
684 2426 712 2475 ct
726 2417 763 2475 ab
851 2421 927 2472 ⁴⁹8
949 2414 1094 2472 eluricum
1120 2415 1237 2473 obesum
1263 2415 1392 2484 sedulius
1403 2415 1514 2474 maccla·
1526 2420 1668 2491 torquent.

58 2507 101 2565 lre
131 2509 230 2580 coegit.
256 2507 388 2578 Cumque
411 2507 448 2563 ad
462 2507 566 2564 ostilam
587 2521 680 2578 usque
695 2521 765 2579 pro-
815 2503 911 2574 -l⁸³)
926 2504 1010 2574 apud
1033 2504 1169 2561 Sanctum
1189 2504 1359 2563 liedardum
1374 2505 1472 2564 itidem
1496 2507 1667 2579 bomoerat,

56 2610 61 2653 ι
82 2596 112 2653 ιιι
137 2595 236 2654 limine
258 2595 458 2653 substiterunt.
483 2596 520 2652 ιιι
550 2595 705 2668 respiciens
727 2597 763 2654 ad
817 2593 892 2651 idem
908 2594 938 2649 in
952 2593 1077 2661 abbatia,
1093 2594 1155 2664 ipsa
1168 2593 1425 2651 babensolbcium.
1439 2595 1670 2668 Cumquesupcr

73 2681 130 2751 ille,
159 2682 210 2753 qui
225 2681 287 2738 dux
312 2689 374 2739 erat
397 2682 490 2750 verbi,
512 2696 615 2739 rursus
642 2680 762 2738 intulit:
818 2681 953 2740 turritam
966 2696 985 2739 a
1000 2690 1080 2753 parte
1109 2681 1213 2739 vivarii
1239 2689 1350 2753 portam
1365 2683 1466 2752 sistris,
1482 2699 1541 2754 ore,
1556 2692 1585 2743 et
1604 2699 1669 2744 cnr-

69 2770 138 2829 blnc
161 2769 326 2837 eliminatis,
349 2776 425 2827 certe
443 2770 468 2826 si
488 2784 533 2826 me
554 2769 704 2826 vobiscum
719 2782 764 2826 re·
818 2771 906 2829 nibus
920 2770 1137 2842 aliquantulum
1151 2771 1243 2828 noctis
1251 2771 1425 2843 pervigilum
1435 2786 1515 2830 more
1529 2773 1670 2842 duxisset,

57 2856 191 2924 inissetis,
215 2864 258 2913 est
283 2857 402 2927 quidam
425 2857 460 2914 de
483 2857 586 2914 vestris
612 2856 766 2914 clientibus
819 2859 1029 2917 adextremum
1045 2872 1132 2929 super
1158 2872 1239 2916 oram
1256 2871 1341 2930 aque
1363 2859 1604 2918 deambulaturus
1618 2861 1671 2919 de·

56 2960 85 3014 ε,
109 2946 188 3017 quod
211 2945 236 3000 si
255 2944 378 3001 inliciari
403 2951 666 3017 praesumensqego
689 2944 765 3001 bello
785 2947 980 3047 Cscanderat.
998 2948 1052 3006 cni
1072 2946 1131 3003 illio
1150 2946 1238 3004 stanti
1265 2948 1354 3004 trium
1385 2949 1540 3007 mulierum
1564 2950 1671 3020 species

56 3041 198 3106 meterem,
213 3041 241 3090 et
265 3032 425 3104 plurimum
438 3034 505 3091 inde
520 3033 607 3091 'vobis
621 3041 766 3104 questum
821 3049 991 3107 apparuere,
1008 3050 1134 3107 quarum
1152 3036 1327 3093 obaudiente
1341 3051 1400 3094 una
1415 3037 1488 3094 dixit
1504 3052 1511 3092 :
1528 3038 1672 3110 ingredia-

56 3166 60 3180 .
86 3121 148 3190 Qun
175 3122 269 3178 senior
295 3122 395 3178 audito
422 3120 550 3179 subrisit.
586 3123 650 3179 lam
676 3134 766 3190 nunc,
821 3139 888 3183 mur
907 3125 936 3181 in
963 3125 1051 3182 bunc.
1068 3124 1122 3182 Cui
1139 3123 1230 3181 altera
1246 3138 1253 3179 :
1269 3124 1382 3196 Pauper
1396 3132 1448 3191 est,
1469 3139 1522 3182 nos
1541 3125 1612 3183 bene
1625 3125 1672 3183 lo-

56 3209 172 3268 eriticns
197 3210 374 3280 sumpsimus
393 3225 429 3266 ex
452 3217 504 3267 tna
536 3210 768 3270 contabulatione
821 3227 964 3271 veronen
989 3220 1091 3284 posset.
1122 3212 1164 3268 tid
1194 3213 1256 3268 hec
1281 3212 1387 3269 tertia:
1404 3213 1454 3269 Est
1478 3213 1597 3285 quidam
1625 3214 1672 3270 bic

56 3313 88 3369 n,
102 3299 172 3357 dnm
188 3299 240 3370 qui
259 3298 405 3370 religionis
418 3311 507 3355 causa
522 3299 634 3356 venisse
649 3307 676 3355 te
688 3299 768 3356 dtxe-
821 3303 943 3359 clericus
965 3301 1049 3372 lingo
1066 3301 1171 3357 obesus
1194 3308 1222 3357 et
1241 3300 1366 3371 pinguis.
1394 3299 1481 3357 rebus
1495 3303 1671 3370 exuberans,

56 3395 118 3446 cte
142 3388 269 3460 pugilem
295 3387 420 3444 lateatis.
443 3387 536 3458 igitur
561 3394 647 3444 tante
667 3389 767 3445 merito
821 3391 872 3461 qul
902 3389 974 3447 bene
996 3403 1049 3446 nos
1081 3388 1202 3453 nutriat,
1233 3389 1328 3458 ipsum
1355 3388 1463 3447 adoriri
1484 3389 1594 3448 bonum
1618 3398 1671 3448 cst.

61 3491 114 3534 neo
128 3475 292 3533 andiendus
316 3490 356 3543 es,
378 3490 430 3531 nec
453 3475 604 3532 tenendus.
620 3479 656 3532 tlt
672 3477 768 3533 senior
820 3477 1054 3535 inanescentibus
1076 3476 1142 3545 illis,
1164 3477 1249 3533 bomo
1275 3490 1335 3533 sese
1356 3476 1385 3532 in
1401 3490 1431 3533 se
1446 3479 1561 3548 recepit,
1576 3487 1604 3535 et
1618 3479 1674 3535 tria

56 3564 166 3631 citatus,
202 3564 280 3635 quod
309 3563 381 3620 tales
405 3563 482 3620 intra
508 3563 625 3620 domum
650 3563 768 3621 admissi
821 3566 1014 3625 nominatiora
1035 3564 1083 3621 illa
1104 3564 1228 3622 lebrium
1255 3564 1395 3620 intellexit
1416 3578 1532 3636 genera,
1562 3581 1627 3638 quae
1642 3581 1673 3623 se

63 3653 157 3724 surgit
171 3660 199 3709 ct
220 3653 257 3709 ad
278 3653 382 3710 domus
399 3666 493 3723 usque
519 3652 663 3722 porticum
679 3652 767 3722 vadit,
823 3654 946 3713 ridicula
961 3652 1046 3725 quasi
1076 3664 1236 3724 pauperem
1260 3651 1428 3709 curiositate
1446 3652 1625 3723 despicerent
1645 3662 1673 3712 et

56 3787 58 3801 .
86 3741 191 3798 ibidem
216 3740 268 3812 qui
295 3754 395 3798 secum
423 3740 579 3797 manebant
599 3739 702 3797 iratres
723 3754 768 3797 re·
822 3744 852 3801 in
877 3742 959 3800 illum
974 3741 1027 3813 qui
1053 3740 1189 3798 carnibus
1211 3748 1239 3797 et
1267 3739 1430 3797 substantia
1454 3741 1605 3799 exhauriri
1621 3744 1673 3800 vix

56 3829 271 3900 tbementerquc
303 3829 446 3901 coarguit,
468 3842 522 3886 cur
546 3835 603 3887 tam
637 3835 769 3886 exterum
823 3837 945 3903 poterat,
961 3829 1175 3887 contenderent.
1192 3829 1256 3886 Non
1268 3831 1434 3898 exspectata
1452 3829 1542 3901 igitur
1557 3830 1621 3889 lucc
1637 3832 1674 3888 ad

56 3917 176 3975 ominum
198 3918 316 3974 introire
331 3917 472 3974 sivissent.
497 3916 541 3973 llli
561 3924 658 3974 antem
675 3917 771 3973 admi-
824 3917 1045 3992 propinquinres
1073 3930 1147 3988 quos
1177 3915 1294 3987 reperit,
1324 3917 1432 3974 accedit
1458 3920 1623 3988 monachos,
1647 3928 1675 3978 et

56 4015 69 4065 t
84 4005 205 4064 delirare
229 4006 386 4072 credentes,
413 4005 478 4062 lassi
494 4013 562 4063 sunt
581 4006 724 4063 neminem
740 4019 771 4063 se
824 4007 914 4065 relato
928 4005 969 4062 eis
982 4019 1016 4062 eo
1031 4004 1108 4075 quod
1123 4004 1244 4071 viderat,
1262 4011 1289 4060 et
1310 4004 1451 4074 audierat,
1466 4006 1502 4062 ad
1523 4007 1674 4077 prelatum

55 4097 117 4167 lpse
144 4109 214 4152 vero
233 4095 358 4152 reterens
381 4095 434 4166 qui
455 4101 558 4163 essent,
581 4095 726 4165 quomodo
741 4109 771 4151 se
825 4095 900 4152 mitti
915 4102 998 4167 rogat
1012 4095 1173 4165 lingonem,
1190 4099 1223 4149 ut
1236 4092 1358 4150 sciretur
1370 4093 1495 4164 qualiter
1508 4094 1673 4154 sebaberet.

60 4183 167 4255 quidve
180 4183 329 4250 dixissent,
343 4190 371 4239 et
391 4189 506 4254 tempus
518 4184 625 4253 pariter
640 4183 769 4255 signans,
825 4171 949 4241 Mittitur
962 4191 990 4240 ct
1014 4182 1070 4240 sub
1093 4181 1228 4238 maximis
1247 4181 1371 4239 lebrium
1385 4182 1504 4239 estibus
1522 4186 1673 4254 reperitur.

56 4271 170 4330 mnium
189 4271 349 4328 testimonio
367 4269 478 4340 didicit,
502 4284 520 4326 a
542 4270 722 4328 demonibus
740 4284 770 4327 sc
789 4270 811 4326 ll
827 4273 872 4328 Ex
884 4270 1104 4342 quoconjicitur
1123 4268 1191 4325 talia
1206 4270 1375 4327 morborum
1389 4285 1496 4343 genera
1510 4271 1566 4329 Dec
1579 4271 1676 4343 judice

60 4401 66 4417 .
82 4359 240 4418 Suntenim
252 4360 387 4431 quedam
402 4359 545 4416 daemonia
559 4358 627 4417 solis
638 4358 772 4416 ludibriis
825 4374 843 4418 a
856 4358 1035 4416 daemonibus
1050 4357 1218 4414 ministrari.
1239 4358 1320 4416 Unde
1335 4366 1363 4415 et
1379 4360 1483 4417 mulier
1497 4358 1528 4416 in
1543 4361 1676 4432 Evange-

60 4448 128 4506 sunl
141 4452 168 4505 et
184 4448 283 4520 aliqua
295 4454 391 4504 mente
405 4447 543 4516 crudelia,
568 4454 596 4505 et
614 4448 651 4505 ad
665 4447 773 4505 leden·
825 4449 864 4507 lio
879 4460 970 4505 curra
993 4445 1090 4503 decem
1104 4452 1132 4502 ct
1146 4452 1255 4516 septem
1279 4444 1342 4518 lat,
1355 4448 1429 4518 octo]
1443 4449 1555 4504 annisa
1570 4448 1677 4505 satana
1722 4462 1725 4466 ·

56 4550 109 4604 ina,
125 4538 210 4608 cujus
226 4536 304 4594 verbi
315 4537 409 4609 gratia
425 4544 509 4594 extra
521 4536 701 4608 propositum
715 4537 773 4593 duo
826 4537 932 4609 legitur
950 4534 1067 4606 alligata
1095 4535 1170 4605 (tue.
1186 4548 1249 4602 xrn,
1280 4535 1333 4606 ιι).
1363 4536 1391 4591 ιε
1409 4536 1496 4591 etiam
1512 4537 1564 4606 qui
1588 4537 1677 4608 epile·
1706 4596 1710 4603 ,

69 4627 266 4699 proponimus.
828 4626 912 4697 palm,
926 4624 955 4681 id
979 4629 1023 4680 est
1036 4622 1179 4680 caducum
1203 4623 1367 4694 patiebatur
1381 4623 1527 4692 morbum,
1543 4639 1560 4680 a
1573 4625 1677 4695 spiritu

262 4713 377 4770 CAPUT
391 4713 440 4771 Vl.
827 4712 977 4770 immundo
993 4710 1072 4767 allidi
1097 4712 1126 4768 in
1147 4720 1264 4780 terram,
1279 4726 1425 4783 spumare,
1442 4713 1561 4770 stridere
1581 4714 1678 4770 denti-

56 4799 192 4875 rquidcin
205 4802 473 4858 incccctodamcae
486 4800 656 4857 ira-ltaliam
674 4804 774 4857 traaa-
827 4803 892 4870 bus,
908 4808 936 4857 et
948 4800 1057 4857 asciare
1072 4799 1241 4870 perhibetur
1255 4800 1361 4871 (Marc.
1379 4814 1418 4868 ut,
1448 4803 1499 4870 tr),
1516 4802 1594 4872 quod
1610 4814 1678 4858 ora-

56 4892 181 4963 -tpnd
193 4900 321 4949 castrum
336 4891 505 4948 calniacum
516 4888 626 4963 [vulgo.
641 4889 775 4962 chauny]
829 4890 905 4948 tione
922 4887 1015 4946 solum
1039 4895 1067 4944 et
1086 4888 1198 4960 jejunio
1227 4890 1323 4945 curari
1348 4902 1429 4960 posse
1456 4891 1603 4946 asseritur.
1626 4889 1679 4946 lob

56 4980 89 5037 ‚ia
102 4980 277 5050 Guascelini,
296 4981 382 5037 castri
398 4978 489 5051 ipsius
508 4979 632 5045 Domini,
650 4977 776 5037 ramulus
828 4979 914 5036 otiam
927 4976 1059 5044 interius,
1075 4983 1102 5033 ct
1117 4975 1254 5043 exterius,
1272 4977 1299 5032 id
1313 4984 1355 5033 est
1368 4990 1488 5048 corpore
1502 4984 1530 5034 et
1543 4977 1678 5034 substan·

68 5076 139 5138 erat,
173 5069 220 5126 cui
253 5070 289 5126 ad
319 5067 428 5126 castelli
455 5065 616 5125 custodiam
644 5067 776 5125 noctibus
830 5066 880 5133 tia,
895 5067 1059 5123 demonum
1076 5064 1256 5121 intestatione
1271 5063 1381 5122 icritur.

56 5156 91 5215 idi
105 5156 233 5214 oldoinm
249 5156 443 5214 incumbebat.
459 5155 512 5224 Qui
534 5156 705 5226 vespertinis
719 5171 777 5213 ce-
866 5157 909 5213 De
921 5153 1028 5211 ctmico
1044 5152 1148 5209 deinde
1159 5152 1526 5226 canonicorepnlarijocic,
1540 5153 1591 5226 qni
1601 5159 1680 5227 poet·

68 5245 129 5318 lam
152 5259 272 5316 prorsus
299 5245 345 5302 die
370 5245 459 5313 horis,
488 5259 555 5302 cum
583 5259 673 5302 coente
687 5244 779 5302 immi·
830 5260 917 5317 qaam
926 5240 1589 5318 pesmmcmegicaeicitcm,monncbrrstmtdam
1599 5244 1681 5299 beato

56 5346 120 5392 estc
132 5334 254 5403 timeret,
270 5340 351 5391 trans
375 5332 499 5391 durium
514 5332 623 5404 positus
635 5333 779 5393 clamabat
827 5334 889 5403 ane
901 5331 1021 5389 εωεεεειι
1034 5349 1054 5387 c
1070 5331 1140 5387 cita.
1164 5360 1199 5371 -
1213 5329 1390 5404 conceptum
1404 5344 1566 5388 sermonem
1585 5337 1682 5389 encre

56 5422 88 5479 tb
115 5423 215 5494 aliquo
242 5421 324 5480 alteri
346 5421 417 5492 ripe
444 5435 559 5479 navem.
575 5421 707 5495 Cumque
720 5422 779 5480 eia
832 5421 900 5494 quis
915 5420 1021 5493 possut
1045 5418 1187 5487 Quartum
1212 5418 1351 5491 denique,
1375 5419 1453 5490 quod
1482 5421 1626 5477 memoriae
1653 5435 1685 5479 se

61 5509 260 5577 obaudiretur,
275 5508 305 5565 in
320 5508 447 5566 turonem
463 5508 547 5566 bomo
566 5522 667 5566 versus
678 5509 752 5567 dixit
769 5526 776 5567 :
832 5508 951 5581 subigit,
963 5510 1067 5578 scripu
1083 5508 1190 5578 pariter
1214 5508 1394 5583 subigamus.
1412 5506 1539 5566 Clericus
1552 5507 1683 5580 quidam,

109 5606 248 5672 Parnoi..
275 5607 377 5675 cult.
1465 5611 1507 5670 29
