3818 6008
581 240 763 300 huhtbthtt
783 241 815 298 tlt
837 237 989 300 undasne
1008 242 1074 298 bib.
1096 242 1140 301 tt.
1653 250 1700 303 tea

56 372 132 430 llitur
154 372 191 430 ad
209 372 341 429 libidines
364 371 513 443 explendae
532 371 687 443 superfluae
709 372 793 430 volu·
813 375 1035 439 subscuritate
1069 382 1098 432 et
1125 374 1239 431 incuria
1265 375 1430 432 obtectam:
1464 376 1531 433 inde
1563 378 1593 434 ht
1623 393 1701 435 mare

71 461 229 530 Quinarius
243 461 330 517 etiam
355 475 392 517 ex
416 463 605 531 quaternario
627 469 747 531 constat,
770 470 798 519 ct

56 565 82 618 e,
107 550 191 622 quasi
206 550 333 623 quodam
355 550 497 622 superiori
522 551 650 620 prtcside,
674 552 798 607 undeet

56 654 71 696 s
93 647 190 696 noster
208 639 408 708 temporalium
431 637 539 709 gloriae,
556 653 622 709 qnae
642 647 798 708 quaterna-

56 735 192 796 nrantur,
214 734 350 798 praestare
368 726 518 797 principaii
539 727 686 798 tnajestate
702 727 796 783 dehet.

56 824 104 873 tnr
117 817 229 886 primus
247 815 415 886 Amrapltel,
431 816 483 886 qui
505 814 711 886 interpretatur
724 816 799 870 dicit

56 909 121 972 eret,
147 905 224 974 quod
247 904 390 974 praecipue
409 905 445 959 ad
465 904 691 970 delectationem,
714 904 797 975 quasi

56 1007 92 1050 ns
113 983 347 1049 deliberationem
371 993 481 1048 attinet.
502 991 660 1059 Secundus,
682 992 797 1058 arioch,

57 1080 135 1137 citur
156 1081 258 1145 ebrius,
285 1080 327 1136 vel
352 1081 389 1135 ud
409 1081 584 1136 solitudinem
609 1081 746 1150 redigens,
769 1081 798 1136 itt

56 1168 173 1239 nipitnr
196 1183 354 1225 consensus
378 1169 530 1236 dementia,
555 1169 666 1226 consilii
687 1184 798 1240 expers,

56 1258 112 1314 lieo
126 1258 236 1315 cultore
251 1258 364 1328 repulso
377 1259 470 1314 solum
485 1257 539 1314 sihi
554 1258 699 1314 hominem
716 1259 800 1315 relitt-

56 1361 66 1417 ;
90 1346 192 1402 tertius
213 1346 337 1416 denique
357 1354 400 1402 cst
420 1346 672 1415 chodorlahomor,
698 1346 749 1417 qui
773 1354 801 1402 et

852 464 930 527 salis,
952 464 1041 521 idest
1064 478 1100 520 ex
1119 464 1171 520 boc
1195 463 1357 520 innascitur
1379 464 1482 522 aoimae
1506 465 1622 537 repulsa
1648 468 1698 524 liei

852 552 1002 622 sapientia,
1024 552 1177 623 prudentia
1191 551 1288 608 carnis
1304 568 1310 606 :
1336 553 1377 608 sal
1393 551 1470 609 enim
1485 555 1555 624 quia
1571 553 1701 612 hocloco

854 641 941 697 maris
963 640 1078 707 dicitur,
1103 640 1209 696 astutia
1234 640 1390 710 accipitur3
1414 655 1493 699 mare
1515 657 1571 698 non
1599 641 1701 700 incon-

853 745 925 802 grue
939 730 1013 786 slent
1028 729 1179 794 saeculnm,
1198 730 1274 785 itaet
1288 743 1355 785 caro
1370 729 1486 799 dicitur,
1507 746 1574 801 quae
1588 746 1700 801 semper

853 827 956 876 aestuat
983 818 1145 887 desideriis3
1180 818 1329 887 prudentio
1365 826 1462 874 autem
1499 822 1601 877 enanis.
1634 835 1701 891 quae

853 907 890 963 ab
932 905 1066 976 apostolo
1102 921 1172 960 tnors
1212 913 1332 961 vocatur
1364 906 1455 975 (Rom.
1498 921 1556 972 vttt,
1597 905 1636 977 6),
1670 905 1699 961 in

853 994 921 1052 solis
949 995 1145 1065 voluptatibus
1173 993 1341 1050 exercendis
1367 1009 1401 1050 ac
1424 994 1612 1064 exquirendis
1636 994 1699 1065 glo-

853 1084 956 1140 riatur.

889 1174 974 1231 Vens.
990 1172 1017 1226 4.
1041 1201 1077 1213 -
1097 1170 1244 1225 Duodecim
1267 1173 1348 1225 annis
1367 1174 1517 1226 servierunt
1542 1172 1699 1227 Chodotio-

854 1264 956 1327 homor,
980 1266 1005 1315 et
1025 1262 1104 1314 tertio
1119 1260 1220 1314 decimo
1243 1275 1314 1313 anno
1332 1266 1497 1315 recesserunt
1522 1261 1555 1314 nh
1581 1276 1619 1315 eo.
1646 1261 1700 1316 Pet·

854 1348 1091 1415 Ghodoriubomcr,
1115 1362 1202 1418 quem
1225 1346 1354 1404 diximus
1370 1349 1453 1418 quasi
1477 1349 1614 1405 decorum
1637 1363 1699 1405 nta-

56 1434 152 1491 omine
176 1434 261 1505 quasi
285 1435 410 1488 decorum
429 1434 600 1503 muscipulam
613 1442 710 1505 sonat3
736 1449 800 1489 nta-
854 1436 989 1508 nipulutn
1011 1437 1160 1507 appellari,
1184 1436 1369 1506 voluptatem,
1393 1452 1459 1507 quat
1486 1437 1597 1494 tructus
1612 1440 1700 1494 totius

56 1538 71 1580 s
104 1523 218 1579 tructus
249 1531 290 1578 est
319 1522 421 1592 operis,
453 1522 564 1579 tructus
597 1531 693 1579 anteat
719 1522 800 1593 pravi
854 1526 1001 1597 nequitiae,
1028 1533 1056 1581 et
1081 1525 1164 1596 quasi
1190 1524 1310 1596 quidam
1335 1525 1486 1592 decorest,
1512 1525 1700 1598 intelligimus

65 1613 128 1683 ipsa
146 1612 328 1683 voluptatum
346 1611 475 1667 suavitas
488 1618 539 1668 est.
555 1611 617 1668 Non
633 1627 701 1682 crgo
714 1613 800 1668 dcco·
855 1614 991 1686 ligurari3
1013 1616 1066 1670 tria
1091 1628 1158 1670 vero
1177 1622 1281 1684 quater
1302 1613 1455 1670 duodecim
1474 1613 1600 1680 lacittnt;
1624 1614 1699 1668 dno-

57 1700 175 1771 thuasi
190 1699 311 1756 decorus
325 1698 493 1769 manipulus
506 1707 559 1765 est,
574 1702 644 1770 qnia
660 1715 715 1756 non
732 1715 800 1757 vcra
819 1684 839 1740 Β
854 1702 946 1759 decim
975 1703 1073 1773 itaque
1098 1703 1182 1758 annis
1205 1702 1244 1758 illi
1271 1703 1422 1770 servimus,
1451 1717 1517 1758 ctttn
1543 1701 1700 1758 trinitatem

56 1788 136 1856 ,sed
151 1787 252 1854 lallax,
268 1796 296 1844 et
319 1787 491 1859 imaginaria
505 1788 626 1845 dulcedo
644 1789 672 1844 itt
693 1788 799 1846 talibus
853 1792 966 1859 mentis,
1001 1790 1141 1847 rationem
1173 1790 1290 1857 scilicet,
1314 1791 1501 1858 voluntatem,
1532 1806 1566 1846 ac
1590 1805 1701 1846 memo-

56 1875 166 1933 ‚anthus
185 1883 237 1931 est.
264 1876 349 1932 Porro
369 1885 502 1946 quartus,
525 1894 575 1931 ree
600 1881 721 1947 gentium
746 1884 798 1941 est,
854 1880 927 1936 riam
943 1879 1094 1950 voluptati,
1112 1894 1178 1948 cquae
1199 1879 1228 1933 in
1254 1879 1351 1949 regnis
1371 1878 1505 1934 vitiorum
1523 1878 1699 1948 praeminet,

56 1965 183 2034 eprobus
205 1978 306 2020 sensns
329 1978 365 2020 ex
389 1970 439 2019 59
466 1965 620 2022 criminum
642 1974 799 2022 consuetu·
854 1965 938 2036 quasi
960 1966 1015 2022 snb
1038 1967 1222 2037 quaternario
1240 1967 1456 2036 temporalitatis
1480 1967 1570 2037 buius
1592 1965 1701 2022 addici-

56 2060 90 2121 st,
114 2062 142 2109 et
160 2053 235 2108 sient
250 2067 301 2108 rex
316 2053 485 2119 exercitum,
502 2052 543 2109 ita
566 2053 626 2124 ipse
650 2055 703 2111 sibi
729 2069 799 2110 cott-
854 2069 929 2110 mus.
964 2055 1119 2111 Duodecim
1150 2055 1236 2111 etiatu
1265 2055 1349 2110 attttis
1378 2054 1418 2111 illi
1448 2054 1602 2120 servimus,
1633 2067 1699 2110 cunt

71 2141 203 2198 omnium
234 2140 411 2212 flagitiorum
440 2148 558 2210 coetum,
587 2143 669 2213 quasi
696 2158 798 2214 agmen
856 2143 966 2210 mentis,
989 2153 1022 2200 nt
1044 2144 1180 2205 dixittttts.
1199 2144 1364 2209 trinitatem,
1387 2151 1415 2199 et
1436 2144 1564 2213 corporis
1584 2141 1700 2213 quanti-

56 2230 267 2301 ·nmgcatium.
855 2241 941 2290 tatem
965 2233 1056 2290 eidem
1080 2233 1207 2303 quadam
1238 2232 1359 2287 annuali
1384 2231 1555 2302 perlectione
1581 2230 1701 2301 subjici·

56 2322 93 2376 ,nt
108 2319 163 2375 nisi
178 2318 284 2375 bellum
300 2319 440 2375 adversus
455 2326 585 2375 nostrum
601 2320 747 2376 carnalem
762 2320 800 2375 al·
855 2336 933 2388 mus;
946 2322 996 2378 sed
1014 2322 1095 2378 tertio
1110 2320 1220 2377 decimo
1235 2320 1271 2376 ab
1286 2335 1319 2376 eo
1330 2320 1500 2386 recedimus,
1516 2333 1582 2375 cttm
1599 2320 1701 2383 Deum,

60 2450 68 2476 ,
101 2422 134 2464 ac
154 2407 177 2463 si
202 2407 325 2464 llammae
340 2407 513 2463 admoveant
527 2415 655 2476 ventum,
678 2409 733 2465 sub
749 2423 801 2465 suo
855 2410 906 2480 qui
926 2409 1022 2466 unitas
1039 2418 1090 2478 est,
1117 2408 1266 2479 presidem
1281 2422 1314 2464 ac
1328 2416 1466 2464 rectorem
1482 2407 1564 2463 nobis
1588 2407 1616 2462 in
1641 2421 1702 2462 cor-

56 2497 171 2567 tnperio
205 2496 401 2552 attrahentes:
435 2495 546 2565 primus
571 2497 669 2566 itaque
698 2506 800 2554 nostrie
855 2513 923 2568 porc
937 2512 971 2553 ac
985 2498 1083 2553 anima
1098 2497 1285 2553 instituimus.

56 2584 120 2641 onis
153 2592 248 2640 motus
270 2583 353 2654 qttasi
383 2584 501 2654 qnidam
527 2599 577 2641 rex
600 2600 659 2640 non
688 2600 825 2657 regens·
891 2587 977 2643 Vens.
998 2591 1024 2654 5,
1048 2591 1074 2652 h,
1091 2590 1168 2640 7.-
1188 2588 1279 2653 igitur
1301 2600 1372 2639 catto
1392 2590 1491 2653 quarte
1506 2584 1607 2639 deciam
1631 2586 1702 2638 ceint

59 2672 188 2744 primens
209 2672 238 2727 itt
262 2672 383 2728 Sodoma
407 2680 462 2744 est,
488 2671 609 2728 Sotiottta
636 2688 701 2730 vero
722 2683 801 2731 tituta
856 2675 1100 2741 Citodoriuitomor,
1124 2681 1150 2729 et
1172 2690 1256 2740 repes,
1278 2677 1327 2744 qui
1341 2690 1401 2728 cnm
1421 2689 1450 2726 eo
1472 2679 1560 2738 crttttt,
1588 2687 1701 2741 petetis-

56 2776 82 2816 ·:
110 2769 192 2817 muta
220 2768 263 2818 est
285 2775 367 2817 mens
388 2768 495 2828 nostra,
521 2776 588 2817 curn
616 2761 656 2818 ttil
679 2762 799 2833 dignum
855 2772 1000 2832 seruataque
1025 2765 1166 2833 Raphuim
1189 2767 1218 2817 in
1239 2765 1380 2819 Astaroth.
1403 2764 1541 2826 Citrttut‘m,
1565 2766 1590 2816 et
1608 2762 1702 2815 zaraim

56 2865 63 2906 i
88 2850 239 2919 respondet
258 2849 294 2905 ad
309 2849 504 2905 delectationis
521 2850 655 2907 ludibria.
680 2850 800 2907 Gntnor-
855 2868 915 2907 cunt
944 2855 992 2915 cis,
1019 2854 1243 2907 aestimansque
1266 2852 1446 2917 dctrtcttcitn,
1463 2853 1488 2904 ct
1509 2851 1650 2903 Ottorraecs
1674 2850 1702 2902 in

57 2937 128 2995 ditio
154 2937 260 3007 populi,
286 2937 315 2993 in
337 2952 395 3008 quo
411 2937 604 2994 intrumentis
626 2938 726 2995 urbem
751 2955 800 2996 co·
828 2940 990 3002 ,moralibus
1017 2940 1088 3000 Scir,
1115 2954 1200 3008 usque
1227 2940 1264 2993 nd
1291 2940 1456 3008 campestria
1485 2939 1610 3004 Phoron,
1644 2953 1703 3006 quae

56 3041 127 3082 num
151 3039 280 3096 ‚nequam
304 3024 451 3082 elirenatio
476 3025 654 3082 tumultuosa
673 3035 800 3084 notatur.
856 3029 948 3082 estin
979 3028 1135 3090 solitudine,
1164 3033 1189 3081 et
1216 3032 1407 3096 percusserunt
1435 3042 1539 3081 ornnem
1568 3026 1703 3092 cepionem

56 3114 292 3183 tintcrpretatur
315 3128 450 3184 cruores3
476 3114 597 3186 sanguis
616 3123 711 3172 antero
734 3124 803 3172 tunc

64 3201 159 3258 solum
191 3217 248 3258 usu
276 3203 377 3258 Latino
403 3203 519 3270 dicitur,
547 3218 613 3258 cuttt
641 3218 658 3259 a
686 3218 803 3274 corpore

56 3305 106 3347 ere
128 3290 243 3346 videtur
260 3305 266 3344 :
283 3304 401 3346 cruores
413 3303 481 3361 ergo
497 3297 565 3347 sunt
587 3299 710 3360 peccata,
737 3305 802 3360 quat

56 3393 82 3435 ts
104 3392 228 3448 pravum
256 3393 292 3434 ex
322 3379 436 3434 interna
466 3379 606 3435 seditione
634 3380 800 3450 procedunt.

56 3483 67 3523 ι
88 3480 187 3536 capra,
204 3466 248 3523 vel
272 3468 400 3533 datttula,
417 3468 461 3523 vel
477 3468 560 3523 statio
575 3468 638 3538 eius
663 3467 692 3523 itt
718 3467 801 3536 mari,

56 3572 71 3613 o
96 3555 267 3626 intelligitur
295 3556 354 3625 ipse
379 3563 473 3612 noster
500 3556 629 3624 allectus,
655 3557 706 3628 qui
736 3573 801 3613 cum

78 3658 116 3700 ex
137 3644 269 3712 Sodoma,
289 3644 440 3700 seditiosus
463 3659 499 3700 ex
524 3645 691 3712 Giintorrha,
717 3645 804 3702 luerit

55 3748 81 3789 te
104 3741 301 3804 transgressor
324 3747 361 3789 ex
383 3733 502 3802 Adatha,
517 3733 578 3804 jam
601 3735 684 3804 quasi
704 3748 802 3804 capra,

59 3821 201 3878 rduorum
225 3829 268 3877 cst
292 3830 436 3892 appetens,
461 3836 510 3891 spe
531 3822 610 3878 inani
634 3823 804 3880 sublevatur

56 3923 123 3975 tera,
139 3909 244 3965 dehinc
259 3909 288 3965 in
305 3924 411 3966 motem
433 3910 567 3975 dantula,
584 3926 650 3982 quat
665 3912 802 3981 pavidum

61 3996 140 4063 imai,
165 4011 200 4053 ne
224 3997 321 4053 habita
340 3997 449 4067 perdat,
478 3998 578 4054 timore
599 3999 745 4056 descendit
768 4000 804 4056 ad

56 4100 64 4154 ;
84 4086 183 4156 sicque
202 4087 286 4141 statio
300 4087 363 4156 ejus
377 4085 408 4141 iit
421 4086 450 4141 in
465 4088 547 4152 tnnri,
563 4087 632 4143 dum
651 4102 803 4158 nunquam

56 4189 71 4230 o
90 4173 180 4229 animi
195 4181 272 4230 statu
288 4174 512 4231 indesinentium
529 4175 657 4246 impulsu
671 4185 803 4233 motuum

857 3118 1081 3182 Arnuiecilttrutn,
1115 3121 1141 3170 ci
1181 3116 1381 3182 Amotniuctttn,
1418 3118 1467 3186 qui
1503 3115 1647 3170 httbitohut
1675 3118 1703 3167 itt

857 3205 1081 3262 Asusonthumur.
1108 3207 1266 3272 deducique
1292 3209 1356 3259 sunt
1378 3203 1416 3258 od
1442 3207 1544 3270 sontem
1569 3203 1703 3271 illispbot,

856 3297 917 3363 ipso
932 3297 971 3348 cst
985 3294 1080 3351 Gades.
1096 3294 1250 3364 Postquam
1267 3293 1296 3348 in
1311 3292 1435 3349 convalli
1454 3293 1582 3349 blambre
1596 3291 1703 3346 Abram

857 3382 918 3453 tigit
943 3382 1173 3449 tabernaculum,
1196 3382 1368 3438 dederamus
1383 3382 1443 3453 regi
1464 3380 1638 3450 nequissimo
1654 3393 1703 3434 vo·

857 3470 960 3541 luptati
991 3471 1159 3540 repudium;
1188 3471 1249 3527 inec
1273 3471 1350 3526 enim
1366 3469 1501 3540 praecellit
1525 3468 1555 3523 in
1575 3467 1702 3552 regibus,

857 3559 927 3629 quia
959 3559 998 3614 nil
1028 3559 1173 3629 voluptate
1197 3558 1333 3614 cordibus
1361 3557 1511 3613 hominurn
1538 3556 1705 3612 dominatur

857 3648 995 3704 tenacius.
1025 3650 1059 3703 tt
1082 3647 1171 3702 animi
1201 3661 1313 3713 rursus,
1350 3652 1381 3701 nt
1406 3645 1517 3711 assolet,
1545 3651 1704 3713 tepescente

857 3742 945 3801 statu,
968 3740 995 3791 ct
1010 3735 1162 3791 denarium
1177 3734 1283 3790 divinae
1299 3733 1370 3804 legis
1387 3732 1575 3804 quaternario
1591 3739 1703 3800 tempo-

857 3824 980 3881 ralitatis
1006 3831 1194 3893 supponente,
1221 3821 1358 3878 memoria
1387 3821 1553 3891 voluptatis,
1582 3820 1703 3876 delecta-

859 3913 954 3981 tionis,
988 3926 1154 3978 consensus,
1191 3911 1466 3981 cottsuetudinisqne
1494 3910 1622 3980 pristinae
1652 3921 1704 3963 ac-

858 4002 952 4058 cincta
971 4001 1127 4073 suliragiis,
1152 4001 1273 4070 percutit
1296 4000 1431 4069 [taphnim
1455 4002 1484 4052 in
1507 3998 1649 4062 Astaroth,
1676 3995 1704 4050 id

858 4098 901 4146 est
929 4090 1035 4146 imbelli
1063 4103 1117 4146 sua
1148 4088 1348 4151 teneritudine,
1376 4087 1550 4157 quenullis
1582 4086 1706 4142 motibus

859 4179 963 4243 obstat,
992 4178 1098 4234 excitat
1121 4185 1148 4233 et
1172 4184 1331 4232 commovet
1353 4176 1494 4247 gigantes,
1517 4174 1597 4245 quod
1615 4175 1706 4230 inter-

56 4276 60 4317 ι
88 4260 240 4318 fluctuare.
270 4262 406 4332 Sequitur
434 4262 522 4334 igitur
547 4264 607 4333 jam
632 4265 707 4332 Balc,
739 4280 804 4343 qoae
824 4277 845 4329 n
862 4274 991 4336 pretatur
1019 4266 1168 4334 Ropboim,
1198 4263 1225 4319 id
1254 4271 1297 4320 est
1321 4264 1460 4333 superbos
1486 4263 1637 4329 daemones,
1671 4262 1707 4318 ad

56 4357 164 4406 relatur
187 4351 337 4416 ttbserhuit,
372 4350 415 4407 vei
442 4355 642 4421 praeoipituci23
669 4367 735 4409 nant
762 4354 807 4410 bis

78 4438 115 4495 ad
138 4439 203 4494 vitae
225 4439 437 4495 destitutionem
463 4440 640 4510 praecipitata
674 4442 804 4509 miseriis,

57 4542 85 4583 tn
100 4527 254 4584 oblivionis
276 4528 446 4584 absorbetur
461 4528 611 4595 barathro,
626 4538 657 4586 ιιι
678 4534 739 4601 jam
755 4534 806 4588 vix

55 4616 120 4672 aisse
155 4616 231 4684 velit,
266 4615 294 4672 itt
330 4632 388 4687 quo
416 4617 453 4673 sit
483 4618 573 4688 posita
604 4626 805 4689 tempestatum

56 4704 145 4774 snper
174 4704 218 4760 bis
243 4705 341 4775 itaque
364 4705 500 4762 omnibus
526 4720 607 4777 reges
630 4717 707 4775 sunt,
735 4709 804 4764 dum

73 4800 170 4849 motus
185 4794 391 4864 cogitationum
409 4795 527 4865 agmina
542 4795 595 4850 sihi
617 4796 803 4864 contrahunt,

66 4888 195 4952 quatuor
218 4884 359 4938 adversus
375 4883 505 4952 quinque
529 4899 559 4940 se
582 4885 709 4956 erigunt,
734 4887 803 4942 dum

56 4978 98 5026 ttae
131 4969 303 5028 deiectiones
323 4971 412 5026 animi
432 4971 504 5028 alias
528 4971 556 5027 in
581 4971 685 5029 aliectu
709 4981 805 5029 nostro

56 5058 146 5124 iones,
174 5062 202 5115 et
226 5059 380 5130 nequitias,
403 5067 455 5115 ant
482 5059 569 5117 etiam
590 5062 703 5117 easdem
729 5062 806 5130 ipsas

56 5154 143 5215 arant,
172 5154 201 5202 et
227 5146 402 5203 accendunt.
432 5147 514 5204 Unde
541 5149 695 5219 sequitur:
731 5148 805 5215 Quia

74 5234 104 5291 hi
122 5243 320 5292 convenerunt
345 5235 493 5292 invallem
517 5237 688 5304 silvestrem,
713 5237 805 5293 idest

73 5322 259 5398 negligentiae
291 5323 428 5379 examina
458 5324 590 5381 coierunt
615 5325 644 5381 in
681 5333 803 5382 mentem

56 5425 110 5481 am3
134 5411 189 5475 ¹sed
221 5411 257 5466 ab
282 5411 451 5468 excellentia
472 5411 631 5470 sanctitatis
654 5413 803 5484 deiectam.

56 5498 151 5557 tatico
179 5500 307 5570 quodam
333 5501 451 5558 horrore
481 5502 598 5573 peccati,
635 5501 804 5560 multimoda

861 4353 1019 4410 taciendam
1046 4352 1170 4421 lapsurae
1189 4351 1275 4407 utenti
1299 4351 1549 4421 explorationem:
1574 4350 1707 4406 Astur-oth

860 4456 938 4510 sane,
963 4440 1070 4497 iaciunt
1092 4440 1298 4507 exploratores,
1314 4439 1431 4495 dicitur.
1447 4440 1595 4495 Percussio
1609 4447 1705 4496 autent

861 4532 913 4585 ista
933 4544 990 4585 non
1017 4527 1195 4597 interemptio
1213 4535 1265 4591 est,
1283 4527 1332 4582 sed
1345 4542 1453 4583 seottrte
1468 4542 1502 4583 ac
1525 4528 1648 4584 nimium
1671 4527 1706 4583 de

859 4633 888 4674 se
919 4617 1032 4674 fidentis
1062 4615 1166 4671 anitttae
1199 4615 1367 4684 concitatam
1403 4615 1496 4672 solent
1529 4615 1605 4671 enirn
1635 4629 1707 4670 vasa

859 4707 979 4775 percuti,
1003 4713 1034 4761 ut
1051 4719 1167 4767 muscae,
1185 4702 1228 4759 vel
1250 4717 1319 4773 apes
1340 4703 1410 4759 inibi
1434 4704 1530 4773 quiete
1554 4702 1704 4758 cottsiden·

859 4803 901 4851 tes
926 4795 1112 4860 suscitentur,
1140 4792 1216 4848 unde
1243 4800 1270 4847 et
1299 4807 1468 4861 percussum
1495 4792 1601 4847 dicitnr
1629 4791 1705 4847 latus

860 4883 932 4938 Petri
955 4881 984 4937 in
1009 4895 1133 4936 carcere.
1159 4881 1223 4936 Post
1244 4879 1469 4948 explorationem
1492 4893 1560 4949 ergo
1585 4878 1706 4933 intirmat

859 4969 971 5037 tnentis,
989 4985 1055 5040 quan
1078 4969 1114 5024 ad
1130 4983 1243 5024 omnem
1271 4967 1439 5023 memoriam
1454 4966 1490 5022 ad
1504 4967 1573 5022 vitia
1599 4980 1707 5022 conca-

860 5059 947 5126 lescit,
971 5058 1140 5129 percutitur,
1166 5056 1250 5112 idest
1270 5063 1403 5112 movetur
1417 5056 1555 5122 cornuin,
1573 5053 1650 5124 quod
1664 5061 1706 5109 est

858 5161 978 5214 cornua,
999 5146 1151 5216 inquibus
1172 5145 1307 5216 signatur
1328 5142 1510 5215 repugnandi
1526 5150 1626 5199 contra
1644 5157 1705 5198 mc-

859 5236 955 5292 tnoriae
978 5233 1191 5307 suggestionem
1213 5232 1405 5289 conlidentia:
1422 5232 1512 5288 solent
1540 5246 1641 5302 nempe
1663 5247 1706 5287 sc-

858 5339 926 5382 cnre
936 5324 1028 5396 aliqui
1048 5321 1218 5394 incogitata
1233 5320 1378 5389 delectari,
1396 5322 1431 5378 de
1445 5320 1506 5378 suis
1521 5321 1564 5376 lisi
1581 5321 1706 5390 viribus,

859 5413 936 5486 quod
950 5427 1039 5484 pravo
1055 5410 1164 5483 possint
1180 5410 1259 5481 operi
1274 5409 1420 5466 reluctari.

895 5502 1101 5558 Percutiuntur
1122 5513 1191 5570 crgo
1214 5512 1333 5566 cornua,
1361 5499 1431 5557 dum
1456 5498 1491 5554 ad
1511 5497 1709 5558 delectationis
