3818 6008
531 107 712 164 nonatlull
732 110 765 164 IN
784 108 937 165 auausnl
958 111 1022 164 tta.
1043 111 1074 165 lt.

1632 109 1683 161 308

56 234 142 288 itione
165 234 304 302 eldeitnr,
329 241 356 290 et
385 249 448 304 spes
473 250 507 291 es
536 236 778 308 intelligibilitatis
796 238 861 294 Aet
877 245 934 293 tota
948 238 1117 308 supellectili
1134 238 1174 293 ire
1195 237 1335 308 praecipit,
1349 236 1419 293 dum
1437 235 1552 293 nullum
1568 237 1685 293 virtutis

56 321 141 377 itione
173 322 388 392 compnngitur.
420 323 575 379 Osculatur
603 326 726 390 iratres,
753 334 780 381 et

56 424 92 465 cr
113 409 253 480 singulos,
271 410 340 465 dum
367 411 470 479 spiritu
487 412 631 480 sapientire
655 414 781 469 internos

56 497 92 553 'tbi
108 504 200 552 motus
217 499 347 561 associat,
364 507 390 553 et
406 498 613 568 agglutinando
628 501 663 554 ad
680 502 781 571 eujus-

56 583 182 638 oleetum
212 583 316 639 allecta
355 583 467 652 pietatis
494 592 642 640 exaestuat.
672 587 779 642 Eorum

56 683 146 739 iquos
160 670 337 734 osculamur,
354 677 381 724 ct
401 670 503 738 spiritu
520 687 593 739 sape
611 672 778 741 imbuimur,

58 757 83 812 is
109 757 281 826 tinguimur.
311 757 366 826 lpsl
394 757 471 812 enim
500 759 569 812 dum
595 755 801 826 spiritualiter

56 845 174 904 .salivis
195 846 342 914 sapientiae
365 845 457 913 ipsum
482 846 689 915 intelligibilem
713 849 781 898 toa

60 948 107 990 unt
125 934 243 988 iaciunt.

83 1024 123 1076 ta.
151 1052 185 1061 —
208 1021 393 1089 Amuliumque
414 1026 462 1088 cst,
488 1028 513 1075 et
538 1023 634 1076 celebri
662 1039 782 1076 sermone

56 1113 118 1164 nia
137 1111 202 1163 anta
225 1113 298 1176 repis
324 1125 330 1163 :
355 1112 488 1164 l'cneramt
508 1114 609 1176 fratres
629 1112 740 1180 losepb;
757 1117 781 1164 et

59 1202 99 1250 est
113 1197 229 1259 Pharao,
250 1202 331 1262 atque
347 1199 432 1249 omnis
448 1199 558 1261 familia
582 1199 650 1265 ejus.
665 1198 697 1251 In
714 1198 782 1252 aula

56 1283 165 1349 aditur,
195 1298 261 1338 eum
284 1285 312 1338 in
337 1283 440 1339 allcetu
463 1285 570 1339 carnali
597 1285 699 1339 inentis
728 1285 781 1341 ista

66 1371 193 1443 graviter
208 1380 388 1440 personatur,
404 1382 431 1426 et
445 1372 526 1442 quasi
543 1387 611 1426 inex
627 1373 781 1428 evertenda

56 1481 59 1511 e
82 1459 252 1516 celebratur.
271 1460 343 1514 bula
359 1468 455 1515 autem
473 1467 525 1526 est,
540 1460 609 1529 quia
626 1460 664 1515 ibi
678 1461 781 1516 diabe-

836 325 1010 394 propnsitum
1035 326 1079 382 vel
1112 326 1238 382 studium
1268 324 1425 381 asedueta
1452 324 1562 380 ratione
1591 325 1684 395 excipi

835 411 981 481 permittit,
1009 427 1058 482 per
1076 414 1153 483 qtiod
1170 414 1205 468 ab
1231 414 1353 483 AEgp'pto
1378 412 1478 468 redimi
1502 412 1597 482 possit.
1628 413 1683 480 Sic,

836 499 939 569 inquit,
954 509 1105 570 suppetent
1125 501 1207 556 vobis
1222 501 1383 566 saecularia,
1401 509 1433 556 ut
1448 514 1506 555 uon
1527 501 1620 556 doleat
1636 516 1686 556 vos

836 589 964 643 amisisse
978 589 1149 657 spiritualia.

871 675 957 730 Vens.
978 678 1021 740 il,
1047 679 1091 729 Ὦ.
1117 706 1151 715 -
1173 678 1301 730 Fecerunt
1310 675 1369 744 filii
1390 675 1475 729 lsrael
1497 679 1527 728 at
1550 678 1588 729 eis
1603 691 1683 730 man·

835 764 929 817 datiam
944 765 1046 830 suerat.
1065 764 1167 833 Quibus
1183 764 1258 817 dedit
1280 765 1378 832 lascpb
1398 764 1526 832 plaustra
1538 763 1683 817 secundum

836 851 986 905 Phalaronis
1002 854 1155 920 imperium,
1178 856 1202 904 et
1216 852 1321 905 cibaria
1344 854 1374 904 in
1386 853 1491 904 itinere.
1511 851 1684 920 Sicaniisque

833 940 954 1008 proferri
965 941 1052 1006 jussit
1067 939 1145 993 birras
1168 941 1251 992 stolus
1273 955 1279 991 :
1305 938 1521 1006 benjamineae
1537 938 1612 991 dedit
1627 945 1684 991 tre-

836 1032 923 1080 centos
946 1032 1085 1094 argenteos
1111 1042 1171 1080 cum
1196 1028 1314 1094 quiesque
1340 1029 1415 1080 stolis
1440 1028 1560 1094 optimis.
1591 1026 1684 1080 bintus

836 1114 1000 1182 rationales,
1017 1115 1068 1184 qui
1092 1129 1157 1169 cum
1181 1115 1237 1168 Deo
1264 1114 1360 1169 directi
1387 1114 1497 1183 pridem
1526 1121 1594 1169 sunt
1618 1113 1684 1183 (boc

835 1203 912 1256 euim
929 1203 1015 1257 lsrael
1042 1202 1258 1271 interpretatur)
1276 1203 1403 1270 corrupti
1420 1200 1581 1256 intellectus
1601 1214 1685 1255 man-

836 1290 901 1344 dato
923 1290 1068 1345 obediunt.
1094 1291 1221 1343 Plaustra
1242 1289 1300 1356 dat,
1327 1304 1393 1344 cnm
1418 1288 1624 1344 circumitionis
1646 1285 1685 1342 io·

836 1377 954 1431 rinsecae
969 1378 1104 1431 materias
1122 1377 1313 1443 adiniuistrat,
1337 1383 1420 1446 prout
1436 1376 1480 1431 vel
1495 1374 1623 1443 affectus,
1641 1375 1684 1431 vel

836 1464 968 1519 diabolus
992 1464 1121 1534 imperat.
1148 1466 1260 1521 Cibaria
1284 1469 1313 1518 ia
1337 1467 1435 1518 itincre
1460 1470 1586 1533 praestat,
1617 1478 1684 1518 cum

56 1548 140 1616 cipue
163 1548 337 1612 diversatur,
359 1556 385 1602 et
407 1549 447 1602 uti
466 1562 513 1602 rex
536 1548 686 1616 spatiatur.
704 1548 779 1604 Gau·
801 1552 1045 1626 sssuborieutlum
1062 1552 1162 1608 salatia
1179 1552 1361 1607 fortunarum
1380 1551 1475 1618 inicrt,
1499 1559 1530 1607 ut
1544 1549 1636 1620 magis
1650 1549 1685 1604 ad

58 1650 92 1691 us
112 1644 138 1690 ct
163 1636 312 1699 vitiorum,
329 1650 394 1703 qna
409 1635 463 1690 sibi
486 1634 686 1690 asseculantur
710 1637 777 1704 (lb),

56 1737 227 1792 consurgere
253 1723 377 1787 videtur,
407 1724 477 1791 qtila
505 1731 614 1792 quanto
644 1722 780 1779 fervidior

56 1818 139 1866 status
161 1811 333 1879 plerumque
364 1810 518 1877 precedit,
548 1816 628 1865 tanto
654 1811 781 1866 rabidior

56 1913 86 1964 is,
101 1907 128 1953 et
148 1899 347 1967 opportunitas
363 1897 541 1966 postmodum
559 1898 692 1966 peccandi
707 1898 779 1954 sub-

56 2001 74 2039 r.

73 2078 115 2139 lt,
142 2077 182 2128 la.
199 2103 233 2112 -—
254 2075 381 2140 dicitque
402 2073 439 2125 ad
458 2074 557 2140 Josepb
579 2078 609 2126 ut
633 2076 780 2142 imperaret

56 2178 69 2216 s
95 2162 186 2215 diceas
213 2177 220 2215 ε
246 2162 392 2216 Oneraracs
411 2161 537 2230 jamenta
565 2164 601 2214 ite
621 2165 652 2214 in
681 2167 781 2216 teriam

56 2266 82 2315 a,
103 2255 128 2302 at
150 2250 233 2303 tollite
256 2249 320 2302 inde
338 2254 444 2316 patrem
462 2254 580 2302 uestrum
595 2254 620 2302 ct
643 2253 779 2315 cognatio-

67 2340 154 2391 aem'te
171 2337 207 2390 ad
226 2353 279 2402 me,
297 2341 322 2390 et
343 2352 390 2404 ego
406 2337 475 2390 dabo
495 2337 572 2392 abbis
595 2341 686 2391 amnia
712 2338 781 2391 bona

58 2468 65 2493 ,
92 2430 122 2478 nt
147 2425 293 2479 comedatis
320 2426 465 2480 medullam
491 2429 578 2478 terrae.
608 2425 720 2480 Pharan
745 2426 780 2481 ad

56 2513 237 2583 aquitana
262 2525 390 2580 pereum
415 2512 553 2567 iratribus
577 2511 717 2581 imperare
738 2514 780 2568 ni-

56 2614 109 2657 ‚um
132 2599 321 2654 affectualitas
337 2597 484 2654 lenociniis
507 2598 781 2655 intellectualitatem

56 2701 73 2744 e
97 2687 275 2758 aggreditur,
298 2693 325 2740 et
348 2700 482 2755 peream
508 2687 654 2742 interiores
669 2690 780 2758 cogita-

61 2781 153 2830 status
168 2775 327 2845 subiugare
350 2781 480 2829 conatur.
500 2774 621 2829 Onerate
636 2775 778 2845 jumenta,

832 1654 987 1695 excursum
1013 1640 1177 1708 cupiditatis
1203 1640 1319 1694 alliciat.
1336 1640 1459 1706 Singulis
1484 1639 1590 1708 prolert
1606 1639 1685 1692 binas

833 1729 1008 1793 maiescum
1023 1727 1190 1797 quibusque
1204 1727 1326 1784 statibus
1344 1726 1493 1796 pollicetur
1509 1727 1582 1781 inter
1593 1740 1684 1797 agen-

834 1815 870 1870 da
894 1814 1044 1870 saecularia
1070 1829 1166 1870 sacras
1190 1822 1217 1870 et
1245 1815 1426 1885 cogitationis
1449 1821 1475 1869 el
1492 1813 1588 1884 operis
1613 1827 1685 1869 eou-

835 1903 979 1957 lineutias.
1013 1902 1156 1970 ijamin
1184 1907 1312 1956 trecentos
1345 1908 1484 1968 argenteos
1511 1902 1583 1967 dat,
1614 1902 1683 1959 dum

834 1990 994 2060 ingenium,
1015 1989 1179 2045 memoriam
1198 1997 1224 2045 et
1242 2004 1337 2052 usum,
1354 1989 1415 2044 sine
1431 1988 1539 2058 quibus
1555 1988 1684 2045 numeris

835 2086 988 2148 argentam
1011 2077 1116 2132 ἀίνίηω
1140 2076 1265 2132 scientiae
1289 2077 1413 2145 proiecto
1437 2091 1494 2131 neu
1509 2077 1629 2144 emicat,
1655 2091 1684 2132 se

835 2166 872 2221 ad
888 2165 1087 2221 luleimentum
1106 2166 1164 2235 spel
1180 2164 1224 2219 vel
1245 2163 1392 2219 electionis
1408 2162 1544 2217 daturum
1558 2161 1681 2231 jactitat.

836 2255 887 2306 bat
908 2260 936 2307 et
952 2251 1082 2322 quinque
1102 2252 1188 2307 stelas
1202 2251 1333 2320 optimas,
1357 2250 1426 2304 dum
1444 2248 1513 2304 laiso
1528 2249 1614 2304 etiam
1629 2247 1684 2303 sibi

835 2339 955 2407 spondet
979 2338 1156 2394 exteriorum
1180 2352 1316 2394 sensuum
1341 2334 1581 2405 impassibilitates
1596 2341 1684 2404 atque

835 2426 1003 2481 munditias.

871 2513 956 2569 Vsus.
979 2515 1023 2566 23.
1043 2543 1077 2552 -
1100 2512 1276 2566 Tantumdem
1298 2513 1418 2580 pecunia
1441 2515 1468 2564 et
1485 2511 1600 2564 uestium
1617 2512 1682 2562 mit·

836 2604 982 2671 taispatri
1004 2617 1061 2668 suo,
1086 2601 1190 2654 addens
1209 2604 1234 2654 ai
1249 2602 1339 2653 casinus
1361 2599 1460 2666 decem,
1483 2600 1532 2667 qui
1554 2597 1682 2652 subvehe-

834 2694 894 2743 rent
917 2706 951 2743 ca
972 2689 1096 2744 amnibus
1121 2689 1228 2743 diuitiis
1244 2687 1379 2756 AEqult,
1401 2692 1426 2741 et
1440 2686 1550 2740 tetidem
1575 2688 1681 2753 asinas,

836 2779 956 2830 triticum
970 2779 999 2830 in
1020 2779 1116 2830 itinere
1134 2792 1270 2845 pariesque
1291 2781 1440 2844 portantes.
1458 2775 1532 2829 Patri
1553 2781 1683 2829 tantum-

56 2877 71 2918 e
95 2862 172 2917 caris
202 2869 229 2917 et
255 2861 497 2917 sollicitudinibus
520 2862 617 2917 saeculi
648 2877 777 2931 corpora.
799 2845 897 2919 Cdom
914 2863 1009 2930 mittit,
1025 2863 1096 2933 quia
1110 2864 1222 2931 spiritui
1239 2863 1266 2917 in
1282 2862 1500 2932 praesentiarum
1517 2875 1575 2916 nen
1587 2861 1683 2917 miuus

56 2964 67 3005 t
91 2963 141 3019 pro
165 2949 335 3020 corporibus
357 2950 424 3019 poni
450 2950 528 3005 testis
553 2956 596 3005 est
616 2951 746 3006 Psalmus
771 2967 777 3006 :
833 2950 1035 3006 discretionum
1052 2960 1079 3005 et
1093 2951 1289 3016 scientiarum,
1305 2964 1357 3005 uec
1371 2963 1428 3004 non
1445 2956 1471 3004 et
1485 2948 1681 3004 sanctimoniae

56 3040 144 3102 percit,
167 3037 217 3102 ait,
242 3053 260 3090 a
284 3042 370 3090 morte
389 3040 532 3092 animabus
558 3054 662 3104 aarum,
691 3044 716 3092 et
735 3041 780 3108 iu·
834 3038 973 3108 premittit
993 3052 1082 3108 quam
1104 3037 1162 3106 spei
1176 3037 1234 3107 jam
1256 3045 1283 3092 et
1303 3038 1408 3096 lutura
1423 3035 1611 3091 beatitudinis
1625 3036 1682 3090 mi-

56 3128 78 3178 {a
97 3131 181 3179 morte
197 3127 327 3179 conclusit
350 3128 433 3191 (Psal.
456 3142 561 3190 cxxvii,
582 3130 637 3192 50).
663 3129 698 3180 In
723 3132 781 3181 ter-
833 3138 902 3180 serae
917 3124 1080 3180 certitudini
1105 3125 1190 3180 dedit.
1218 3126 1355 3179 decimet
1380 3125 1471 3178 asinos
1496 3122 1585 3189 addit,
1614 3136 1681 3178 eum

56 3229 141 3267 anana
160 3217 207 3279 ite,
234 3213 695 3285 luerivebisproiuturinegotia
713 3229 779 3284 pro·
833 3226 937 3282 eorpus
965 3219 1091 3283 quatuor
1119 3212 1266 3268 elementis
1296 3221 1451 3280 constaus;
1478 3219 1506 3266 et
1535 3209 1680 3278 animam,

56 3301 445 3367 Gbanaaneuimaegottator
459 3301 573 3357 dicitur.
591 3302 660 3357 lnde
673 3308 780 3370 patrem
833 3315 899 3371 quae
923 3300 1025 3367 tribus,
1044 3300 1188 3355 intellectu
1215 3299 1356 3366 videlicet,
1375 3298 1522 3355 voluntate
1535 3305 1563 3354 ct
1577 3296 1682 3353 alieetu

72 3389 167 3455 tollite,
183 3386 241 3442 sele
256 3387 362 3443 seilicet
377 3400 494 3457 corpore
508 3386 657 3442 mundana
671 3400 780 3442 curan·
832 3396 874 3444 est
895 3396 1045 3457 praeslanS,
1070 3387 1124 3442 sub
1142 3387 1211 3443 ialse
1233 3386 1382 3442 Trinitatis
1401 3400 1497 3440 amore
1511 3385 1604 3440 eidem
1619 3385 1681 3455 spi-

58 3475 184 3530 ationcm
200 3475 257 3531 Deo
274 3475 392 3531 liberam
413 3488 517 3531 vacare
532 3474 668 3530 sinentes.
687 3477 781 3529 Tollite
833 3477 912 3542 ritui,
941 3483 973 3531 ut
996 3475 1130 3544 deinceps
1157 3475 1272 3529 asinum
1298 3475 1392 3544 juvat,
1425 3487 1482 3526 non
1507 3480 1565 3527 tam
1595 3472 1682 3528 tradit

56 3565 174 3628 itionem,
202 3567 227 3616 et
248 3565 336 3615 emite
359 3562 396 3615 ad
420 3577 471 3624 me,
497 3568 659 3618 vestrarum
687 3561 779 3617 inere·
833 3576 922 3633 quam
949 3561 1124 3618 mendaciter
1159 3561 1247 3616 addit.
1280 3561 1313 3616 lli
1340 3575 1398 3616 non
1425 3559 1605 3626 Jerusalem,
1632 3559 1681 3614 sed

56 3651 186 3725 'irtutum
202 3650 334 3706 asaeeulo
348 3649 485 3717 extollite,
496 3657 522 3706 et
534 3650 574 3705 sie
582 3651 643 3720 jain
659 3650 780 3716 pristina
832 3649 960 3720 AEgypti,
976 3648 1092 3705 divitias
1105 3649 1281 3717 subvehunt,
1297 3648 1366 3717 quia
1379 3660 1563 3719 quacunque
1578 3660 1680 3716 propo·

56 3727 198 3794 arsatioue
214 3737 317 3803 securi,
335 3737 372 3791 ad
387 3736 486 3806 aliqua
504 3737 664 3792 secuudum
680 3750 733 3804 mc,
751 3735 779 3791 id
833 3746 947 3795 uantur
969 3738 1054 3806 bona,
1072 3738 1259 3793 tenebrarum
1280 3737 1490 3792 contractiones
1507 3741 1583 3791 suut.
1601 3734 1682 3789 ‘loti-

56 3824 166 3880 tdialem
182 3823 315 3879 allectum
332 3823 467 3894 gerenda,
482 3823 603 3878 fidenter
616 3823 703 3879 corda
715 3837 780 3878 con·
832 3828 896 3883 dem
913 3827 1009 3894 asinae,
1027 3829 1147 3880 triticum
1164 3827 1193 3878 in
1212 3828 1316 3890 cernere,
1334 3833 1360 3879 et
1372 3838 1456 3893 panes
1473 3829 1597 3893 portant,
1614 3835 1681 3878 eum

64 3920 94 3968 et
112 3926 179 3968 cum
201 3912 240 3967 ita
261 3919 453 3982 temperanter
469 3911 576 3967 mundo
598 3910 640 3966 usi
658 3911 778 3978 lueritis,
832 3915 947 3970 lascivae
974 3913 1101 3982 corperis
1126 3920 1154 3968 et
1182 3913 1286 3968 anirnae
1313 3910 1367 3967 sub
1387 3910 1522 3967 simulate
1544 3910 1605 3977 Dei,
1630 3909 1681 3979 qui

56 3999 161 4055 tutibus
185 3999 326 4055 bonorum
354 4014 539 4069 quorumque
567 4000 664 4068 copiis,
695 4002 780 4055 totius
833 4003 958 4059 Trinitas
980 4010 1032 4068 est,
1056 4015 1152 4058 amore
1173 4000 1324 4066 motiones,
1350 3999 1543 4068 perfunctorie
1564 3998 1680 4068 quidem

77 4088 209 4144 utilitatis
228 4086 395 4151 medullam,
412 4086 489 4157 quod
504 4094 545 4142 est
568 4087 709 4156 voluptas,
727 4101 781 4157 pa·
799 4098 860 4188 1‚et
875 4091 959 4162 quasi
975 4090 1003 4145 in
1020 4089 1122 4145 itinere
1146 4089 1268 4144 verbum
1292 4087 1351 4152 Dei,
1368 4101 1426 4156 quo
1450 4085 1521 4142 alios
1543 4084 1637 4153 alunt,
1654 4091 1681 4140 et

56 4188 106 4230 mo
120 4175 235 4244 sapietis
250 4175 320 4244 quid
337 4175 412 4229 iutro
427 4182 507 4244 gerat
523 4175 692 4231 dulcedinis.
833 4180 900 4249 ipsae
914 4178 1022 4250 jejunae
1036 4184 1195 4243 remanent,
1214 4183 1343 4246 portant,
1361 4182 1388 4230 et
1405 4188 1492 4244 panes
1506 4173 1679 4244 gratiarum,

56 4304 59 4316 .
83 4265 125 4320 la.
141 4263 185 4316 20.
207 4292 241 4301 -
256 4263 381 4329 Pracipe
397 4265 479 4315 etiam
499 4266 529 4314 at
543 4263 639 4315 tollunt
653 4265 777 4331 plaustra
832 4274 860 4323 et
874 4279 1029 4322 munerum
1043 4265 1209 4320 divinorum
1231 4277 1288 4319 uon
1305 4262 1369 4330 sibi,
1383 4262 1432 4317 scd
1455 4261 1518 4317 aliis
1532 4259 1616 4316 utiles
1630 4273 1682 4330 per

56 4367 62 4404 l
85 4351 219 4418 AEqyplt,
239 4350 278 4404 ad
298 4350 493 4404 subvectionem
515 4351 692 4418 paruulorum
715 4365 778 4406 sua-
833 4352 1006 4424 hypocrisim
1020 4358 1174 4407 ostentant.

66 4439 222 4506 conjugum,
237 4443 262 4491 et
284 4437 365 4491 dicito
383 4453 389 4492 :
414 4437 510 4491 Tollite
524 4442 629 4506 patrem
650 4443 778 4507 vestrum,
869 4442 955 4498 Vens.
971 4442 1015 4494 al.
1033 4470 1067 4479 —
1079 4439 1370 4507 Dimisiterqasratres
1383 4451 1455 4502 suas,
1472 4440 1497 4489 at
1510 4437 1680 4505 proficiscen·

56 4531 115 4581 rate
130 4527 290 4595 quantocius
303 4528 447 4581 amicatus.
465 4527 517 4582 Nea
530 4525 678 4580 dimittatis
695 4527 779 4596 quid·
835 4530 906 4583 tibus
921 4531 965 4584 ait
980 4543 986 4582 :
999 4523 1038 4584 dle
1052 4529 1212 4581 irascamini
1226 4529 1255 4580 in
1269 4528 1324 4580 oia.
1337 4527 1451 4581 Fratres
1464 4523 1591 4587 dimittit,
1602 4535 1679 4589 cum,

56 4631 66 4669 c
87 4616 248 4685 supellectili
265 4619 366 4684 nestra,
382 4617 449 4683 quia
462 4630 550 4670 omnes
564 4629 626 4684 opes
647 4615 779 4684 AEapptt,
834 4617 895 4672 siue
913 4617 970 4672 ullo
985 4615 1105 4670 ratinuis
1115 4614 1159 4670 vel
1172 4612 1422 4670 intellectualitatis
1432 4610 1555 4681 objectu,
1568 4608 1682 4665 luterio

56 4709 145 4759 auat.
171 4704 304 4759 Plaustra
333 4703 367 4759 de
395 4703 693 4774 AEgyptotolluntur,
714 4716 781 4757 curn
835 4719 880 4760 res
894 4711 984 4760 emtus
998 4703 1118 4758 arbitrio
1131 4717 1183 4757 suc
1199 4703 1312 4758 deserit.
1326 4699 1581 4757 Proficiscentesne
1592 4700 1622 4751 ia
1636 4699 1681 4750 ala

58 4798 132 4846 tates
153 4791 252 4845 mundi
277 4791 482 4848 circumituum
508 4792 691 4858 adamantur,
716 4805 782 4860 quae
836 4792 998 4848 irascantur
1013 4791 1156 4860 probibet,
1179 4789 1249 4859 quia
1271 4789 1307 4845 ab
1322 4788 1477 4844 intentione
1492 4791 1568 4841 reeta
1582 4798 1681 4854 egres-

56 4879 175 4935 siuariae
201 4878 231 4932 iu
256 4879 410 4948 Evangelio
435 4885 641 4948 comparantur
669 4877 780 4946 (Metti.
835 4894 890 4948 sos,
906 4894 942 4935 ne
965 4881 994 4935 iu
1018 4878 1148 4934 avaritiae
1172 4876 1266 4934 studio
1291 4875 1327 4932 ab
1350 4875 1479 4944 appetitu
1496 4871 1680 4943 praesentium

56 4966 90 5038 b).
115 4966 148 5022 lu
165 4964 209 5020 bis
223 4965 360 5036 coniuges
382 4980 416 5021 ac
430 4966 543 5035 parvuli
567 4967 781 5032 subvehuntur,
837 4968 1009 5038 gaudiorum
1030 4967 1154 5036 alicujus
1181 4964 1358 5035 oppositione
1377 4961 1499 5020 tristitiae
1524 4959 1680 5026 deliciant,

56 5055 148 5125 agiles
163 5069 230 5111 cum
254 5054 376 5109 intirmis
398 5054 532 5123 operibus
548 5054 718 5121 voluntates,
734 5067 784 5123 per
837 5063 1001 5124 praemonet.
1029 5054 1125 5126 (Vatis.
1150 5053 1206 5122 ab.)
1232 5054 1287 5118 Qui
1306 5050 1477 5105 ascatdcates
1499 5065 1533 5103 ea
1555 5048 1683 5117 Egypta

61 5141 221 5213 AEgyptum
242 5143 390 5212 mysticam
405 5141 598 5198 deducuntur.
616 5142 687 5198 Cum
704 5151 784 5212 patre
836 5148 966 5197 emerant
989 5145 1019 5196 in
1045 5148 1146 5197 terram
1165 5141 1297 5197 chanaan
1319 5137 1356 5192 ad
1380 5140 1489 5207 patrem
1514 5150 1593 5191 auum
1610 5138 1682 5189 164

56 5324 204 5383 derivatur
218 5326 254 5381 ab
269 5326 382 5393 assecta,
396 5325 473 5395 quod
489 5324 633 5381 interdum
649 5333 677 5380 et
689 5325 811 5380 assecula
824 5323 971 5381 scribitur.
