3818 6008
105 256 159 310 8l9
552 254 581 307 V.
602 253 770 312 obtenuit
788 252 936 309 assatis
952 252 981 310 S.
1002 253 1123 309 haute·
1142 253 1188 309 bh
1208 249 1407 310 bollenum
1811 254 1864 308 82⁰
1901 246 1905 303 Ι

107 398 251 449 consuete
270 391 422 449 debilitatis
435 398 463 446 et
483 389 592 457 iormre,
619 404 677 460 pre
692 388 874 447 vehementia
892 388 954 445 ino·
973 387 1148 445 Abeneiicia
1157 387 1218 459 jam
1232 392 1354 457 experta
1364 400 1534 458 proponere,
1548 386 1660 458 potiora
1673 386 1703 443 in
1714 394 1864 459 posterum

110 480 185 550 pinae
213 479 349 536 novitatis
367 478 504 547 basisset,
532 491 659 549 nequam
682 476 811 548 spiritus,
830 477 955 547 procaci·
1011 476 1146 547 polliceri,
1177 477 1211 533 de
1242 476 1307 532 lidei
1324 474 1511 532 translatione
1533 475 1718 532 sedulosatis
1740 475 1863 533 hortari.

109 567 175 624 tatis
197 567 326 637 antique
349 579 407 622 non
422 566 581 632 immemor,
606 567 718 636 primus
742 564 843 623 eiiert:
862 587 876 616 ιι
892 566 954 622 Non
1010 563 1059 620 lile
1084 572 1181 621 autem
1205 564 1329 635 largitati
1352 568 1428 619 ue
1451 563 1615 620 omnimodo
1640 563 1700 619 lieri
1729 561 1867 634 gratula-

108 668 183 717 sum,
216 654 320 725 inquit,
349 669 436 724 quem
460 654 593 710 aestimas.
620 656 699 711 scias
730 661 825 710 autem
839 669 957 710 meesse
1010 651 1517 723 hundusexpcrtae‚obsequiatanti
1543 650 1683 722 principis
1696 649 1869 708 liberalitati

108 741 265 807 diabolum,
286 742 323 798 ad
338 742 485 798 diuturnae
513 750 570 799 tuae
593 743 726 799 torsionis
740 743 894 812 prebenda
908 757 956 800 re·
1010 741 1184 810 sempiterna
1213 743 1388 812 promtum,
1406 753 1494 811 super
1513 743 1578 810 ejus
1603 753 1683 806 vero,
1709 739 1793 811 quod
1809 738 1869 795 ire-

108 829 203 885 media
217 829 349 886 missum.
360 830 493 902 Magister
506 845 736 901 namquemeus,
754 831 805 902 qui
821 831 957 888 omnibus
1011 843 1104 900 quens
1122 830 1304 901 exigebatur,
1335 829 1453 884 irentinii
1482 829 1627 899 pensione,
1643 828 1758 902 jugiter
1777 827 1869 884 indu·

109 917 139 972 in
155 931 275 975 moerore
290 918 398 988 positis,
419 919 442 975 si
458 919 513 975 sibi
532 920 701 983 assentiant,
720 919 957 990 compassibiliter
1011 920 1069 974 cias
1081 918 1240 976 obsecrare.

108 1003 262 1077 suflragari
282 1007 430 1083 dignatur,
440 1007 476 1063 ad
494 1016 520 1063 te
534 1021 579 1063 me
591 1007 704 1077 dirigit;
719 1021 781 1072 nec,
797 1008 818 1062 si
834 1007 859 1063 ei
871 1015 957 1076 prout
1014 1011 1019 1019 ‘
1046 1006 1141 1076 Igitur
1154 1021 1221 1062 cum
1237 1006 1321 1063 homo
1337 1005 1425 1062 isdem
1446 1006 1626 1063 creberrimis
1649 1011 1678 1062 et
1708 1005 1786 1061 inter
1805 1019 1868 1061 me-

108 1092 160 1148 tibi
187 1094 288 1151 dixero
311 1095 493 1165 acquiescere
521 1093 601 1161 velis,
628 1095 763 1151 solatium
782 1096 956 1152 morabitur.
1011 1094 1074 1149 dias
1097 1093 1279 1151 invisibiliter
1308 1102 1420 1150 turmas
1446 1092 1678 1164 apparitionibus
1696 1100 1866 1164 urgeretur,

109 1181 181 1238 Cum
204 1182 281 1238 enim
310 1183 347 1238 sit
370 1183 505 1252 liberalis,
522 1197 575 1239 nco
596 1184 667 1239 desit
681 1183 828 1252 opulentia
844 1184 957 1240 indulta
1011 1181 1061 1237 hei
1082 1191 1166 1250 nutu,
1183 1197 1234 1253 per
1250 1183 1384 1239 Latinum
1400 1182 1499 1239 orbem
1515 1181 1773 1251 hierosolymitani
1792 1181 1869 1238 itine

109 1270 283 1340 dandorum,
304 1269 504 1328 aiiectantihus
529 1286 606 1341 opes,
638 1285 727 1341 supra
752 1285 841 1342 qnam
864 1273 958 1330 valeas
1012 1271 1052 1326 ris
1075 1270 1151 1326 iama
1162 1271 1336 1342 porrigitur,
1350 1279 1378 1325 et
1392 1270 1526 1340 quisque,
1541 1268 1593 1342 qui
1617 1269 1798 1340 aliquosese
1812 1269 1866 1325 cri-

108 1357 256 1425 aestimari,
273 1357 430 1429 largusest
450 1372 605 1415 muncrum
631 1359 769 1424 subsidio,
794 1359 956 1430 egentibus,
1011 1358 1089 1414 mine
1104 1366 1282 1427 persenserat
1304 1356 1485 1427 implicitum,
1507 1356 1586 1423 illuc,
1602 1370 1697 1412 novas
1726 1356 1788 1413 Deo
1805 1370 1866 1427 pte·

110 1444 290 1515 ultraquam
309 1446 419 1516 sperari
433 1446 460 1502 id
475 1454 578 1516 posset,
601 1461 659 1503 non
683 1446 778 1504 diiicrt
801 1446 958 1504 adminicn·
1011 1446 1148 1502 nitentias
1174 1446 1330 1516 aperiente,
1363 1445 1506 1517 dirigitur.
1522 1445 1601 1501 lnter
1615 1458 1692 1515 qnos
1708 1444 1763 1501 istc
1778 1443 1865 1514 proo-

109 1534 180 1590 lnm.
203 1534 246 1589 'lu
261 1548 340 1601 vero,
365 1535 416 1605 qui
429 1542 513 1591 vetus
526 1535 715 1591 iniortunium
741 1535 829 1592 animi
842 1535 958 1608 aegritn·
1010 1534 1076 1591 cisci
1092 1535 1205 1604 delegit,
1219 1534 1266 1590 sed
1283 1534 1437 1600 neiarinm,
1452 1532 1611 1604 quodcum
1626 1532 1747 1589 diabolo
1761 1545 1864 1603 magna

109 1621 177 1678 dine
204 1636 317 1692 semper
342 1623 493 1679 recentiori
515 1623 653 1692 deploras,
669 1623 693 1679 si
717 1624 788 1694 quid
813 1632 854 1680 est
880 1625 957 1680 unde
976 1665 998 1720 Β
1009 1622 1070 1694 J'am
1092 1631 1225 1693 exparte
1247 1622 1404 1694 pepigerat,
1421 1621 1514 1678 ledus
1528 1621 1610 1678 nulla
1623 1620 1810 1677 confessione
1827 1633 1863 1676 re

110 1709 252 1780 queraris,
269 1724 424 1781 exprome,
450 1711 542 1768 sciens
564 1711 681 1768 indubie
696 1719 722 1768 te
741 1712 832 1768 multo
848 1712 958 1783 maiora
1012 1712 1093 1768 texit.
1120 1710 1248 1768 Proiecto
1263 1711 1362 1782 itaque
1375 1716 1403 1766 et
1428 1709 1643 1766 emulationem
1665 1706 1721 1765 ilai
1738 1707 1861 1774 habenti,

111 1806 310 1868 sumpturum,
327 1813 417 1869 quam
441 1814 601 1870 presumas
622 1814 786 1870 exposcere.
801 1800 829 1857 Si
839 1800 957 1857 fratrem
1012 1799 1077 1856 licet
1100 1814 1157 1856 non
1187 1800 1347 1855 secundnm
1369 1798 1528 1866 scientiam,
1557 1797 1628 1854 dum
1648 1811 1774 1868 operum
1789 1796 1862 1853 initio

109 1885 243 1942 intuleris
268 1887 461 1954 interiectum,
480 1887 596 1943 ultionis
620 1888 789 1944 sententiam
804 1889 957 1945 accelerari
1011 1884 1153 1943 bonorum
1166 1888 1306 1944 conlessio
1325 1902 1383 1944 non
1398 1895 1441 1944 est
1454 1886 1602 1957 praemissa
1616 1886 1775 1951 malorum,
1789 1891 1862 1942 tants

109 1988 281 2045 cognosces;
299 1973 322 2030 si
337 1975 473 2046 quaelibet
494 1976 643 2046 quesieris
664 1976 852 2044 incrementa,
869 1978 957 2034 mira·
1011 1974 1111 2045 gratie
1127 1975 1187 2042 bei,
1205 1976 1434 2043 intereundum,
1452 1974 1595 2031 hominem
1607 1978 1768 2032 comitatur
1782 1972 1861 2030 uber·

109 2062 177 2119 bere
191 2062 309 2119 iactum.
328 2084 342 2112 »
1011 2069 1065 2128 tas,
1092 2063 1251 2119 intantum
1268 2064 1323 2120 Deo
1350 2063 1460 2135 placuit
1474 2063 1566 2132 labor,
1582 2062 1751 2134 quamlibet
1770 2061 1863 2118 minus

145 2152 222 2222 Ergo
233 2151 312 2220 velis,
326 2152 440 2223 jubeas,
456 2152 566 2208 suberit
579 2167 631 2222 pro
648 2153 719 2209 velle
730 2152 862 2210 iacultas.
1011 2148 1096 2221 plena
1111 2151 1215 2222 pietate
1229 2159 1434 2222 praesumptus,
1451 2159 1484 2208 nt
1496 2151 1526 2206 in
1539 2150 1601 2221 ipso
1614 2149 1815 2221 expeditionis
1826 2148 1862 2204 iti·

145 2239 313 2295 Attenderat
337 2239 383 2296 ille
397 2239 546 2296 insolitum
571 2240 653 2297 valde
676 2255 773 2311 pecus,
795 2243 958 2300 mirabatur
1010 2252 1089 2305 nere,
1108 2239 1196 2294 nullis
1221 2253 1288 2296 eum
1308 2240 1440 2297 innectus
1454 2247 1571 2296 exactor
1590 2237 1769 2309 compellare
1782 2237 1862 2294 aude

109 2326 257 2383 diabolum
286 2341 353 2384 cum
387 2328 514 2384 maximo
545 2336 661 2398 stupore
696 2329 877 2398 loquentem;
908 2332 956 2387 sed
1009 2326 1207 2398 retangariis.
1235 2326 1309 2394 Quin
1333 2327 1436 2398 potius,
1462 2340 1496 2382 ac
1523 2326 1546 2382 si
1567 2326 1640 2383 nihil
1668 2341 1741 2384 enm
1767 2325 1860 2382 eodem

109 2423 254 2486 quantum
265 2415 478 2486 pollicitationis
492 2416 634 2473 lenocinio
648 2417 827 2485 trahebatur,
844 2426 956 2476 tantum
1011 2415 1152 2486 pactionis
1168 2415 1272 2473 habitae
1290 2416 1475 2485 meminisset,
1495 2415 1586 2473 nullis
1600 2413 1646 2472 vel
1669 2415 1701 2471 in
1715 2413 1861 2472 visioneei

110 2503 308 2574 pollicitatoris
333 2505 463 2575 nequitia
485 2505 656 2562 terrebatur.
676 2505 750 2562 vicit
765 2506 880 2563 tandem
894 2522 955 2564 am-
1010 2511 1163 2573 appareret
1177 2504 1279 2560 nrodis.

109 2590 178 2647 bitio
192 2592 407 2662 promissorum,
422 2601 492 2649 etse
506 2593 614 2649 latetur
634 2593 730 2650 oblata
746 2603 895 2666 gratanter
908 2610 955 2652 ac·
1045 2594 1134 2661 Capta
1150 2599 1291 2660 postremo
1305 2590 1492 2660 Hierusalem,
1508 2604 1576 2648 cum
1594 2590 1624 2647 in
1636 2591 1702 2661 ipsa
1715 2605 1787 2648 cnm
1801 2589 1861 2645 aliis

109 2679 221 2749 cipere:
240 2680 410 2747 «Attamen,
431 2680 526 2751 inquit
549 2680 691 2749 diabolus,
705 2682 728 2738 si
749 2691 775 2738 te
792 2683 956 2754 bnjnsmeae
1011 2680 1047 2736 ad
1086 2687 1198 2749 tempus
1230 2679 1427 2736 diversaretur
1461 2679 1542 2748 urbe,
1579 2683 1608 2734 et
1638 2685 1724 2736 nocte
1765 2679 1862 2750 aliqua

108 2766 269 2836 sponsionis
299 2768 411 2824 irnctus
425 2768 558 2837 oblectat,
574 2777 601 2825 et
616 2777 643 2826 te
666 2770 804 2842 principis
825 2774 889 2841 mei,
904 2775 956 2845 qni
1010 2782 1077 2824 cum
1100 2767 1276 2838 quibusdam
1305 2775 1458 2838 putaretur
1487 2767 1614 2824 dormire
1636 2767 1794 2837 militibus,
1813 2767 1862 2824 sol·

109 2854 144 2909 ad
160 2862 187 2911 te
197 2869 242 2911 me
257 2855 342 2923 misit,
356 2855 483 2926 gratuita
498 2856 695 2914 benevolentia
720 2866 869 2931 utcunque
892 2863 956 2932 pal·
1009 2855 1106 2913 licitus
1131 2869 1218 2926 super
1247 2856 1307 2912 suis
1334 2870 1524 2927 suorumque,
1541 2856 1592 2927 qui
1607 2856 1663 2912 suh
1679 2856 1738 2924 din,
1751 2870 1806 2927 pro
1820 2870 1861 2912 re·

108 2941 197 3012 lexit;
216 2958 282 2999 cnm
304 2943 369 3013 ipsis
390 2942 548 3013 effectibus,
566 2953 622 3002 tam
648 2948 684 3003 de
701 2947 809 3005 nltiono
823 2952 954 3020 germani
973 2972 993 3025 g
1009 2944 1101 3015 glottis
1127 2943 1345 3011 consuetudine,
1370 2943 1592 3000 commanebant
1614 2943 1710 3013 equis,
1738 2943 1863 3015 respexit

108 3031 247 3102 quamde
269 3032 451 3088 successibus
478 3033 659 3090 iortunarnm
675 3051 741 3106 quae
757 3039 953 3108 pronuntiavi,
1009 3032 1046 3088 ad
1060 3031 1131 3098 illos,
1147 3038 1175 3087 et
1191 3031 1311 3101 speciem
1326 3032 1431 3088 stantis
1445 3031 1631 3088 considerans
1645 3031 1778 3088 bominis
1793 3032 1863 3087 inter

107 3133 178 3176 vera
194 3120 371 3191 probaveris,
390 3121 443 3176 hoc
458 3135 540 3178 mens
553 3123 612 3193 ipse
637 3125 773 3195 magister
787 3139 804 3181 a
816 3133 843 3181 te
856 3126 953 3197 exigit,
1008 3133 1065 3184 eos,
1082 3119 1174 3176 iurem
1195 3120 1360 3189 suspicatus
1379 3121 1521 3192 exsurgit,
1534 3128 1562 3176 et
1575 3121 1643 3190 quis
1656 3128 1732 3177 esset
1743 3120 1861 3177 vocibus

108 3215 253 3278 quatenus
265 3207 426 3265 hominium
442 3209 496 3266 sibi
509 3209 605 3276 iacias,
620 3218 648 3266 et
661 3213 864 3270 translataiide
878 3214 956 3271 Chri·
1008 3207 1143 3265 turbatus
1166 3208 1298 3278 inquirit.
1329 3209 1380 3265 Cui
1397 3222 1465 3265 mox
1491 3208 1547 3275 ilie,
1575 3207 1751 3264 habitudine
1776 3222 1859 3280 quan

1899 888 1905 917 i

107 3295 270 3365 stianitatis,
286 3296 316 3352 in
334 3296 428 3366 ipsum
445 3297 656 3356 indivisibiliter
678 3308 705 3356 te
728 3302 752 3356 ei
772 3302 954 3359 cohaesurum

107 3384 256 3452 spondeas,
272 3385 308 3440 ab
335 3385 379 3441 his
392 3387 480 3442 etiam
506 3401 572 3457 qnae
594 3389 718 3445 vetuerit
741 3399 956 3459 perseveranter

107 3471 261 3529 abstineas.
282 3472 355 3530 Sunt
382 3483 479 3531 autem
496 3475 642 3546 specialia,
658 3490 676 3532 a
693 3478 811 3547 quibus,
837 3494 904 3537 cum
918 3483 954 3538 ad

107 3561 202 3632 ipsum
225 3563 408 3631 concesseris,
434 3564 561 3621 cohiberi
586 3579 798 3638 usquequaque
812 3575 839 3625 te
860 3569 951 3626 velit:

106 3664 143 3706 ne
170 3664 304 3722 unquam
326 3651 457 3708 videlicet
476 3652 566 3709 ullam
599 3653 772 3725 ingrediaris
792 3657 952 3725 ecclesiam,

106 3753 142 3796 ne
157 3754 243 3810 quem
258 3741 342 3796 etiam
356 3740 532 3810 baptizatum
545 3756 626 3799 sacro
637 3744 672 3798 de
683 3744 758 3800 ionte
773 3745 922 3817 suscipias,
940 3771 951 3797 ι

106 3833 134 3883 et
149 3827 265 3884 tertium
280 3828 417 3897 quiddam
435 3828 540 3898 pariter
565 3830 656 3886 vetuit
672 3831 749 3900 quod
761 3832 907 3890 exciderat
917 3835 953 3891 ab

104 3915 169 3984 ejus
189 3915 326 3985 quintili
341 3915 471 3970 narravit
498 3902 644 3972 memoria¹
657 3918 708 3975 Cui
726 3919 811 3976 homo
827 3920 888 3978 haec
902 3923 951 3979 ait:

107 4021 121 4053 a
137 4002 223 4058 Facili
247 4015 265 4057 a
293 4016 338 4058 me
357 4003 540 4060 observantia
556 4013 691 4074 poterunt
705 4007 876 4079 sinealiqua
888 4025 953 4081 pro·

1006 3303 1170 3353 consuescet
1185 3297 1274 3363 illata,
1289 3296 1373 3366 quasi
1392 3310 1526 3355 reverens
1539 3310 1573 3352 ac
1589 3296 1786 3366 pudibundus
1799 3296 1856 3353 ait:
1901 3316 1904 3375 ζ

1008 3405 1023 3436 α
1034 3385 1135 3442 Nonne
1150 3399 1195 3441 me
1219 3385 1317 3441 nosti?
1334 3406 1348 3434 ι»
1363 3385 1401 3440 At
1417 3384 1475 3454 ille,
1490 3383 1581 3441 veluti
1606 3393 1692 3442 vetus
1703 3383 1763 3441 sihi
1778 3385 1859 3442 inno·

1010 3482 1127 3530 varetnr
1142 3472 1338 3544 opprobrium,
1363 3473 1453 3530 multo
1472 3472 1601 3529 severius
1622 3471 1729 3529 iniert:
1748 3495 1761 3522 ι
1779 3472 1857 3540 Novi,

1007 3561 1112 3632 inquit.
1129 3584 1143 3613 ι)
1171 3561 1282 3629 Quibus
1306 3562 1461 3632 utrobique
1489 3561 1616 3632 prolatis,
1641 3575 1696 3616 nec
1720 3559 1773 3618 ille
1801 3567 1860 3632 post

1007 3649 1261 3721 interrogationem
1302 3649 1413 3720 aliquid
1453 3649 1698 3720 percunctationis
1738 3648 1861 3707 attexuit

1006 3753 1060 3795 neo
1075 3740 1126 3796 iste
1148 3741 1299 3811 quidpiam
1318 3740 1462 3811 responsis
1487 3739 1601 3810 adjecit.
1618 3737 1690 3806 Quae
1705 3739 1860 3811 apparitio,

1006 3837 1150 3898 qnantum
1171 3830 1207 3886 ad
1230 3830 1376 3886 hominem
1400 3829 1538 3899 quamvis
1561 3828 1653 3885 otiosa
1681 3827 1783 3898 luerit,
1806 3829 1862 3886 heo

1007 3923 1104 3972 tamen
1122 3917 1316 3987 dispensante,
1327 3916 1467 3987 quiddam
1478 3915 1559 3972 nobis
1573 3928 1630 3970 non
1641 3915 1735 3971 otiose
1749 3915 1860 3972 innuits

1007 4005 1153 4062 diabolum
1183 4005 1314 4062 videlicet
1343 4019 1402 4061 non
1421 4004 1560 4061 obliviose
1580 4004 1746 4074 preterisse
1768 4004 1860 4061 homi-

105 4089 419 4158 erastinationeteueri,
447 4091 482 4147 de
494 4092 623 4150 hominio
639 4109 706 4151 vero
735 4096 875 4163 iaciendo,
900 4099 952 4156 ali-

105 4188 179 4244 quas
194 4181 257 4244 peto
272 4174 403 4231 inducias
417 4175 490 4232 dari.
509 4198 519 4225 ι
542 4177 723 4235 abhorrebat
737 4193 806 4236 sane
827 4181 952 4239 multum
1006 4182 1076 4251 quid
1101 4181 1234 4250 voluerit,
1245 4189 1273 4239 et
1283 4181 1395 4239 silentio
1412 4181 1578 4252 prodidisse,
1593 4187 1666 4251 qula
1681 4183 1860 4252 neqniverit.

104 4261 190 4319 homo
216 4262 298 4325 idem,
323 4262 419 4319 liberae
434 4264 530 4321 adbuc
541 4266 788 4335 rationlsintuitn,
805 4270 883 4338 quod
897 4284 951 4326 ex·
970 4264 1081 4336 DQuid
1097 4269 1205 4340 plura?
1221 4270 1324 4340 Rediit,
1342 4269 1390 4326 sed
1418 4284 1472 4325 nec
1493 4269 1567 4325 inter
1595 4268 1783 4327 redeundum
1797 4271 1861 4327 dia·

103 4350 251 4408 secrabilis
264 4351 335 4408 adeo
362 4365 380 4407 a
408 4366 437 4409 se
455 4352 521 4410 iidei
552 4355 695 4412 traductio
718 4365 882 4427 peteretnr;
901 4363 949 4418 sed
1005 4357 1089 4416 bolus
1114 4372 1144 4415 se
1165 4358 1206 4414 illi
1231 4358 1450 4428 conspicabilem
1478 4371 1604 4428 usquam
1619 4357 1860 4428 importunumve

104 4439 281 4499 tolerabilius
303 4440 453 4511 judicabat
478 4441 649 4501 Christianis
669 4445 771 4502 oillciis
793 4447 947 4519 abstinere,
1004 4448 1135 4518 prebuit.
1163 4448 1200 4504 At
1223 4461 1257 4503 eo
1280 4447 1359 4503 domi
1383 4446 1550 4514 constituto,
1580 4445 1685 4504 neiarii
1708 4447 1859 4506 coniastim

103 4543 191 4600 quam
205 4527 296 4600 ipsius
309 4530 486 4586 credulitatis
499 4530 805 4591 lundamentocarere.
1002 4536 1114 4592 consilii
1151 4535 1305 4592 miserabili
1329 4549 1458 4606 persone
1495 4536 1687 4592 resuscitatur
1722 4551 1858 4606 assessor,

137 4616 427 4688 Deniqncnecmora,
444 4619 473 4674 in
488 4626 601 4676 tantum
618 4619 762 4689 iraterne,
777 4631 949 4696 suggerente
1003 4633 1036 4681 ut
1050 4625 1101 4681 vix
1125 4638 1217 4694 pauca
1244 4632 1371 4695 tempora
1396 4624 1432 4681 ab
1456 4623 1859 4694 hujusmodicommonitorio

1007 4108 1082 4163 nem,
1099 4094 1147 4150 sed
1171 4110 1206 4151 ex
1222 4095 1284 4165 ipsa
1298 4094 1344 4150 sui
1356 4094 1517 4150 ostensione
1530 4089 1672 4148 eteitecm
1691 4092 1862 4150 enuntiasse

102 4703 238 4774 maligno,
267 4706 470 4775 suppeditatur
489 4706 516 4763 ei
530 4710 732 4777 opportunitas
760 4710 887 4780 ultionis,
917 4720 950 4769 ut
1004 4712 1104 4770 ieriata
1135 4712 1270 4769 locent«
1296 4713 1419 4772 Possunt
1439 4712 1569 4768 homines
1591 4712 1629 4769 ab
1651 4711 1699 4769 his
1728 4728 1857 4787 quosve

101 4791 347 4849 crebrescentibus
367 4796 485 4850 omnino
498 4805 708 4866 superarentur
733 4799 787 4856 viri
803 4808 870 4857 vota
888 4801 949 4857 ior·
1003 4809 1104 4858 rentur
1131 4801 1291 4858 interstitiis
1324 4800 1474 4871 aliquibus
1501 4799 1656 4871 disparari,
1678 4815 1793 4875 eosque
1822 4803 1855 4858 ah

102 4880 189 4936 tnnis.
205 4880 237 4936 ln
253 4880 391 4951 huncque
421 4883 538 4941 modum
561 4885 732 4943 succedente
756 4889 891 4968 remedio,
912 4889 948 4946 ab
1002 4889 1255 4961 inquietudinibus
1277 4890 1427 4946 conclavia
1458 4903 1512 4946 sua
1539 4889 1727 4961 parietesque
1754 4892 1854 4950 distin·

101 4966 179 5025 illius
199 4967 295 5024 animo
308 4969 528 5029 oblitterabatur
542 4973 647 5029 sensim
660 4976 790 5032 moeroris
804 4977 947 5045 atrocitas,
1002 4986 1112 5050 gnunt;
1128 4977 1307 5049 spiritualem
1335 4991 1406 5035 vero
1433 4977 1595 5047 nequitiam
1620 4991 1675 5034 nec
1697 4980 1852 5051 prasentia

99 5068 168 5112 cunr
182 5064 277 5113 umen
293 5057 409 5114 interim
422 5059 502 5117 nullo
527 5061 673 5120 moderes
692 5070 879 5135 presumeret
893 5065 948 5121 sibi
1002 5066 1174 5137 populorum
1199 5081 1252 5124 nec
1267 5067 1448 5123 munimenta
1473 5065 1670 5124 claustrorum
1691 5081 1711 5125 a
1726 5069 1789 5127 suis
1806 5081 1850 5126 ex·

99 5155 119 5197 a
149 5143 263 5201 diabolo
287 5153 427 5205 attentare
453 5149 625 5219 prohibitas.
647 5150 718 5209 Cum
740 5152 850 5209 interca
873 5153 947 5210 anti·
1001 5155 1136 5213 cursibus
1147 5164 1256 5212 arcent.
1276 5177 1290 5205 »

100 5242 177 5299 quus
199 5231 335 5291 humanae
353 5243 466 5294 naturae
487 5238 576 5295 bostis
595 5239 695 5297 sedulo
724 5240 815 5297 eidem
838 5241 948 5299 homini
1036 5245 1101 5301 Vim
1116 5244 1205 5315 igitur
1220 5243 1260 5300 illi
1274 5244 1345 5301 adeo
1360 5242 1545 5301 individuum
1569 5244 1746 5314 perpetienti
1767 5252 1849 5317 atqnc

98 5329 247 5387 apparere,
274 5335 328 5378 nec
351 5324 447 5392 modo,
472 5334 505 5383 ut
526 5328 639 5396 assolet,
666 5328 849 5386 solitudinem
871 5331 944 5401 ejus,
1000 5330 1144 5388 lethaliter
1167 5331 1324 5387 iastidienti
1349 5331 1499 5398 latronem,
1520 5330 1567 5387 die
1587 5332 1721 5401 quadam
1738 5333 1846 5391 obvie·

99 5412 150 5461 aut
164 5415 271 5464 secreta
293 5412 435 5481 aucupari
464 5412 534 5484 loca,
551 5416 644 5473 sedin
664 5416 758 5473 media
768 5417 853 5475 etiam
863 5419 945 5492 vulgi
1000 5418 1105 5475 habere
1124 5419 1245 5491 contigit
1259 5420 1414 5489 quemdam
1432 5419 1536 5476 Christi
1552 5420 1747 5488 sacerdotem,
1760 5421 1846 5478 scien

98 5493 219 5550 asmntis
244 5495 417 5568 irequentia,
446 5500 639 5574 improvidum
661 5504 757 5561 subito
779 5506 942 5577 convenire,
1000 5508 1049 5574 tia,
1074 5507 1260 5580 benignitate,
1288 5523 1322 5565 ac
1348 5508 1396 5579 pia
1410 5508 1555 5566 hilaritate
1581 5510 1777 5583 precipuum,
1799 5522 1843 5567 ne
