3818 6008
71 244 122 297 387

512 239 544 295 V.
564 238 727 296 adlevari
746 238 891 294 taetris
910 239 937 295 S.
959 238 1080 293 MARlAE
1099 238 1144 292 ba
1163 235 1365 295 Novleeuvo

1766 238 1818 291 388

72 372 246 439 affectuales
263 372 312 444 qui
338 372 395 428 Deo
415 370 512 441 judice
531 385 668 428 sensuum
685 378 848 427 vestrorum
864 385 913 426 er·
931 371 1074 438 Avisitat,
1092 385 1157 427 cum
1181 369 1281 425 erebro
1305 383 1339 425 ea
1363 383 1393 425 se
1416 367 1519 424 vidisse
1533 369 1677 439 puniendo
1698 370 1820 425 demon·

71 464 131 520 rori
144 463 331 527 dimittimini,
347 476 425 517 nunc
440 461 468 515 in
482 462 535 516 hoe
549 468 644 516 vestro
656 461 744 516 exitio
758 468 786 516 et
801 460 918 517 rationis

71 550 241 608 exterminio
257 549 402 605 addiscere
424 549 568 618 poteratis.
583 546 652 614 Quae
669 548 800 616 stultitia,
816 562 918 619 quaeve

72 637 185 693 insania
209 638 238 691 in
263 635 376 704 spiritu,
404 634 455 704 qul
479 648 529 689 vos
555 647 652 705 regere
676 635 823 702 debuerat,
844 634 911 690 deli-

72 725 171 781 tescit?
192 724 238 780 cui
261 724 283 778 sl
308 737 358 779 vos
372 723 504 786 subdere,
521 731 549 778 et
563 723 599 778 ab
614 738 647 778 eo
669 723 730 794 regi
745 723 916 788 voluissetis,

72 822 223 879 nunquam
238 808 275 862 ad
290 808 344 862 tale
360 808 563 862 inconveniens
578 791 712 863 vitiorum
729 814 778 863 aut
793 809 918 877 pertidia

71 896 230 952 venissetis.
257 917 271 944 «
298 895 415 965 Propter
431 895 645 951 multitudinem
665 896 826 966 iniquitatis
850 903 919 961 tuae,

73 1006 87 1035 >
107 993 134 1041 ct
148 983 363 1041 multitudinem
374 985 515 1039 amentiae.
531 1005 541 1031 ι
558 982 631 1050 Quia
641 984 765 1041 multum
779 984 919 1040 exerrasti

72 1087 90 1128 a
108 1073 233 1129 bonitate
249 1079 277 1127 et
294 1073 358 1138 lide,
372 1087 430 1127 uon
443 1072 615 1141 dispariliter
630 1072 747 1129 tradidit
762 1081 788 1128 ιε
799 1073 875 1128 Deus
890 1073 919 1127 in

72 1162 279 1233 ignominiosos
302 1175 395 1217 casus.
420 1161 461 1216 Ae
483 1161 508 1216 si
523 1161 629 1216 diceret
649 1176 655 1214 :
676 1159 749 1227 Quia
762 1161 838 1231 qood
856 1175 918 1230 pee-

73 1252 168 1318 eabas,
192 1252 282 1306 Deum
301 1250 406 1305 habere
422 1250 450 1304 lu
466 1250 597 1305 notitiam
619 1263 676 1304 non
693 1250 825 1319 putabas,
843 1249 920 1305 dedit

74 1348 100 1397 te
115 1339 191 1395 Deus
204 1340 234 1394 in
249 1338 435 1408 cogitationes
448 1338 595 1407 reprobas.

109 1472 195 1528 Vens.
212 1475 238 1525 8.
256 1499 290 1510 -
308 1493 317 1518 ι
337 1469 503 1540 speculator
524 1469 659 1541 Ephraim
682 1485 749 1526 eum
774 1471 830 1527 Deo
847 1485 917 1526 meo.

77 1583 87 1608 »
110 1559 251 1630 Propheta
273 1559 396 1628 laqueus
420 1558 513 1615 ruinae
536 1558 629 1614 laetus
647 1567 689 1614 est
711 1573 799 1629 super
822 1573 920 1615 omnes

77 1669 87 1693 ι
109 1646 172 1701 vias
187 1646 259 1716 ejus,
271 1652 297 1700 et
315 1645 471 1699 insaniam
487 1645 572 1700 domo
587 1645 634 1701 Dei
650 1644 723 1714 elus.
742 1665 755 1694 s
775 1646 917 1715 Ephraim,
940 1677 959 1730 B

74 1734 257 1790 voluntarius
271 1733 376 1789 scilieet
401 1733 518 1789 habitus
537 1733 642 1788 mentis
659 1734 813 1802 speeolotor
828 1735 920 1789 tactus

73 1826 125 1887 est,
143 1827 175 1876 ut
197 1835 231 1876 ea
248 1835 313 1892 quae
338 1821 394 1877 Deo
410 1822 562 1891 pertinent,
584 1822 660 1890 velit,
682 1831 709 1879 et
724 1823 780 1878 Deo
796 1824 920 1893 gerenda
996 1871 1000 1879 .

74 1917 224 1978 proponat,
250 1931 260 1957 ι
284 1909 366 1975 velle,
389 1907 533 1978 inquiens,
559 1909 628 1965 mihi
645 1910 765 1980 adjacet,
788 1897 921 1980 perticere

78 2010 167 2051 nnon
192 1996 305 2052 invenio
329 1997 413 2066 (Rom.
437 2011 486 2063 vu,
512 1998 555 2066 te)
584 2012 590 2051 :
616 2000 780 2054 »voluntas
798 1998 874 2053 euim
892 1998 920 2052 in

76 2084 184 2141 bonum
202 2086 230 2140 in
255 2084 411 2155 Scripturis
431 2087 536 2155 saepios
550 2085 700 2155 accipitur,
716 2094 743 2141 et
767 2086 803 2142 ob
824 2087 919 2157 provi-

74 2174 211 2237 dentiam,
236 2188 294 2243 qua
309 2182 424 2243 peecata
446 2181 474 2229 et
496 2174 619 2230 adversa
642 2175 765 2239 olfaciat,
783 2177 921 2245 propheta

74 2269 208 2330 vocetur3
234 2270 261 2316 et
283 2261 353 2330 proh
377 2260 470 2317 dolori
497 2263 610 2328 laqueus
636 2267 724 2317 meina
752 2264 792 2330 tlt,
818 2271 851 2319 ut
874 2278 921 2318 se-

75 2349 167 2418 ipsum
184 2349 291 2405 scilieet
310 2349 415 2420 illaque
430 2358 457 2406 et
476 2350 530 2406 sibi
545 2352 696 2408 consilium
712 2352 919 2419 subtrahendo,

74 2446 100 2492 ει
116 2438 179 2493 aliis
201 2440 333 2509 exempla
351 2439 502 2509 pravitatis
521 2441 662 2497 attribuat
676 2456 760 2497 ruere
779 2440 918 2497 iaciendo.

75 2526 110 2581 Et
124 2527 148 2582 is
170 2532 258 2581 ruina
273 2529 385 2592 laqueus
402 2527 433 2599 ιιι
453 2543 535 2598 super
559 2545 649 2584 omnes
672 2532 731 2584 aius
756 2530 825 2598 ejus,
843 2529 921 2598 quod

76 2623 188 2670 nonest
207 2615 286 2670 allud
307 2630 395 2685 quam
415 2630 492 2671 suas.
511 2617 656 2674 liebraieae
670 2619 746 2673 enim
770 2618 922 2673 locutionis

75 2711 127 2767 est,
147 2711 177 2758 ιιι
191 2711 233 2759 εει
256 2703 326 2759 illud
351 2719 356 2757 :
376 2726 386 2752 ι
404 2704 549 2775 AEthiopia
570 2707 723 2775 presentet
739 2720 843 2762 manus
858 2707 922 2776 eius

76 2790 164 2860 (Psoi.
181 2805 268 2859 cxvii,
285 2793 338 2861 32),
358 2813 371 2840 n
386 2792 414 2847 id
429 2800 470 2848 est
484 2808 562 2857 suas,
582 2817 592 2842 ι
610 2794 676 2862 Deo,
692 2817 700 2841 ι
715 2809 781 2850 cum
799 2795 827 2850 ιιι
842 2809 921 2849 οιιιιιι

78 2879 232 2935 intentione
256 2880 333 2950 ejus,
363 2895 428 2950 quae
455 2880 508 2936 viee
537 2882 686 2938 interiores
714 2884 750 2938 ad
777 2884 922 2939 exteriora

75 2968 168 3036 operis
183 2975 368 3024 excurrentes
380 2976 457 3034 sunt,
474 2970 588 3025 nonnisi
602 2971 709 3040 peceati
727 2973 823 3041 lapsus
838 2972 922 3026 inve·

75 3054 182 3123 niatur,
205 3063 232 3110 et
246 3058 339 3112 omnis
364 3057 472 3113 consilii
488 3059 592 3127 aditus,
610 3060 687 3129 quod
703 3060 846 3130 siguificat
861 3059 922 3115 col·

75 3142 146 3210 lum,
162 3144 230 3215 quia
247 3145 310 3201 inde
327 3153 452 3215 permeat
467 3147 600 3215 verbum,
616 3148 794 3204 obstruatur.
808 3149 922 3201 Insania

74 3235 104 3285 tn
117 3232 194 3286 domo
208 3236 257 3287 Dei
279 3234 338 3301 ejus
351 3242 403 3298 est,
420 3249 486 3290 cum
507 3236 663 3305 pessimum
679 3236 793 3308 eiusad
816 3235 922 3292 scelera

75 3319 213 3387 studium,
227 3322 305 3391 quod
323 3321 490 3392 principalis
503 3323 567 3393 elus
582 3323 744 3394 frequentat
760 3324 788 3378 in
805 3324 921 3379 modum

75 3406 124 3463 Dei
140 3407 271 3476 cultura,
288 3409 398 3464 devotio
414 3410 489 3466 intra
502 3412 620 3469 domum
631 3412 822 3478 eonscientiae,
836 3413 923 3468 totius

75 3497 155 3566 pensi
181 3504 209 3552 et
224 3497 361 3553 moderati
384 3500 498 3567 penitas
518 3515 623 3571 expers
647 3509 700 3566 est,
724 3509 751 3557 et
768 3502 921 3557 intentam

74 3596 155 3639 mens
177 3591 297 3653 proruat
321 3586 495 3654 vecordiam,
519 3596 551 3643 ut
574 3596 682 3645 secreta
703 3589 865 3659 cupiditas,
891 3588 921 3643 in

74 3681 203 3741 apertam
218 3682 352 3743 erumpat
367 3677 533 3731 amentiam.

971 465 1051 513 slral.

1008 545 1093 600 viis.
1112 547 1153 597 lt).
1174 574 1204 583 —
1221 542 1335 610 «Quasi
1353 558 1426 599 uvas
1443 544 1471 599 in
1484 546 1594 601 deserto
1610 544 1706 601 inveni
1720 545 1819 612 lsrael,

971 653 986 681 »
1007 630 1089 702 quasi
1098 632 1281 701 primapoma
1289 631 1417 688 liculnea
1429 633 1457 687 in
1472 634 1622 688 cacumine
1632 634 1696 703 ejus
1706 633 1821 703 vidipa·

972 740 986 768 >i
1008 728 1065 775 tres
1079 733 1191 775 eorum.
1209 719 1317 784 »Οιιεει
1331 734 1396 776 uvae
1409 722 1438 774 in
1449 721 1554 775 deserto
1564 723 1651 775 lsrael
1661 722 1818 790 invenitur,

972 823 1038 863 eum
1052 808 1199 878 dispersus
1213 823 1231 863 a
1244 810 1336 879 seipso
1351 810 1475 864 carnalis
1488 817 1584 865 noster
1595 809 1715 866 allectus
1730 810 1820 865 divini

972 897 1084 952 timoris
1098 897 1271 967 aspiratione
1286 897 1444 968 colligitur3
1460 905 1487 953 ει
1503 901 1583 963 oaesi
1598 912 1656 954 uva
1669 902 1699 952 ia
1715 898 1819 953 deserto

972 984 1125 1054 reperitur,
1141 999 1208 1040 cum
1232 984 1262 1039 in
1277 985 1402 1041 desolata
1421 985 1569 1055 quondam
1589 993 1683 1041 mente
1699 985 1840 1042 internae'

972 1074 1203 1144 compunctionis
1221 1073 1342 1129 dulcedo
1366 1075 1499 1129 sentitur.
1526 1072 1613 1140 Quasi
1626 1077 1719 1143 primo
1737 1090 1820 1142 pomo

971 1164 1092 1233 poclm
1114 1171 1208 1233 patres
1238 1163 1393 1230 videntur,
1418 1177 1484 1217 cum
1510 1170 1604 1218 motus
1627 1162 1782 1218 rationales
1804 1176 1820 1216 a

972 1251 1080 1321 quibus
1106 1250 1344 1307 affectualitatum
1380 1250 1601 1320 intemperantia
1627 1251 1817 1318 moderatur,

974 1340 1098 1409 primum
1116 1339 1165 1395 Dei
1182 1340 1285 1409 illapsu
1300 1354 1336 1395 ex
1353 1340 1442 1394 veteri
1460 1352 1514 1394 sua
1528 1338 1683 1394 acerbitate
1699 1339 1819 1403 reducti,

973 1427 1139 1483 maturitate
1168 1429 1255 1483 menti
1285 1427 1375 1483 indita
1402 1425 1602 1482 dulcorantur.
1635 1427 1701 1481 llaec
1728 1431 1819 1494 primo

969 1532 1053 1586 pomo
1065 1521 1094 1569 in
1116 1521 1254 1570 accuratae
1268 1518 1454 1586 reperiuntur
1476 1516 1546 1584 quia
1562 1514 1734 1585 principalia
1755 1529 1821 1570 cor·

974 1606 1018 1660 dis
1043 1605 1131 1660 nostri
1147 1604 1243 1660 studia
1267 1605 1296 1659 in
1323 1605 1480 1660 intentione
1495 1617 1633 1673 superna,
1658 1618 1724 1673 quae
1747 1603 1821 1659 inte-

974 1694 1095 1749 rioritati
1112 1702 1216 1748 nostrae
1236 1691 1415 1764 dignoscitur
1429 1691 1624 1762 praeemiuere,
1649 1689 1819 1745 tundantur.
1848 1742 1850 1746 ,

974 1787 1048 1836 τοῦ
1065 1782 1176 1837 israelis
1197 1794 1266 1851 ergo
1289 1787 1358 1835 sunt
1374 1787 1469 1849 patres
1489 1787 1611 1834 maturae
1632 1778 1753 1833 rationis
1769 1779 1821 1833 ha-

975 1871 1062 1938 bitus,
1077 1869 1128 1940 qui
1152 1868 1214 1939 pias
1228 1875 1369 1939 generant
1394 1867 1566 1923 allectiones.
1593 1866 1647 1922 Per
1669 1865 1820 1921 ficulneam

974 1973 1056 2014 antor
1070 1957 1193 2026 proximi
1211 1958 1240 2012 in
1263 1956 1419 2026 scripturis
1434 1956 1583 2024 accipitur,
1600 1955 1673 2009 sicut
1694 1955 1722 2008 in
1738 1955 1821 2008 vinea

974 2061 1055 2102 amor
1075 2047 1124 2101 [lei
1140 2047 1325 2116 exprimitur.
1343 2047 1441 2099 Primo
1460 2059 1528 2114 ergo
1538 2059 1621 2112 pomo
1635 2043 1757 2111 ficulnea
1772 2056 1820 2113 po·

975 2136 1047 2190 tiora
1083 2141 1150 2190 sunt
1184 2135 1322 2190 exercitia
1352 2132 1563 2189 misericordiae.
1598 2133 1693 2185 Patres
1725 2131 1820 2201 itaque

976 2222 1074 2293 primis
1103 2222 1232 2278 ficulneae
1257 2226 1348 2293 pomis
1373 2222 1565 2290 adaptantur,
1596 2220 1665 2290 qula
1696 2221 1820 2290 primum

975 2311 1113 2367 tratribus
1135 2326 1208 2382 quos
1222 2311 1354 2367 videmus
1376 2309 1512 2366 benctleia
1538 2309 1702 2378 impendere
1717 2307 1821 2364 suade-

975 2413 1049 2464 mur,
1070 2407 1101 2454 ut
1119 2399 1220 2465 Deum
1246 2414 1334 2469 quem
1357 2399 1455 2453 videre
1479 2412 1535 2453 non
1556 2411 1719 2466 possumus,
1744 2403 1821 2466 post-

974 2488 1091 2543 modum
1115 2487 1293 2557 attingamus
1333 2488 1401 2544 Uvis
1428 2500 1495 2543 vero
1521 2487 1570 2541 titii
1598 2497 1819 2556 comparantur,

974 2576 1045 2645 quia
1060 2574 1180 2630 allectus
1201 2576 1302 2641 nostri,
1326 2575 1410 2644 quasi
1425 2589 1461 2630 ex
1483 2573 1635 2645 largitione
1651 2584 1780 2644 paterna,
1796 2580 1821 2627 ει

975 2664 1065 2719 lactea
1093 2664 1265 2729 innocentia,
1287 2677 1353 2734 quae
1370 2678 1420 2734 per
1434 2677 1551 2718 succum
1569 2663 1698 2719 ficulneae
1711 2662 1822 2733 ligura-

914 2793 919 2804 .
976 2761 1040 2818 tur,
1071 2752 1107 2806 ad
1136 2752 1294 2807 dilectionis
1324 2752 1371 2807 Dei
1400 2752 1605 2822 pinguedinem
1637 2759 1664 2807 et
1693 2764 1822 2821 saporem

974 2840 1089 2895 avidius
1105 2840 1288 2896 imbuuntur.
1316 2841 1347 2895 ln
1362 2847 1438 2895 terra
1452 2841 1529 2895 enim
1545 2841 1664 2910 spiritus
1679 2840 1823 2912 damnat

941 2927 1127 3027 Cproximus
1152 2928 1307 2998 diligatur;
1330 2928 1364 2983 de
1387 2928 1457 2984 coelo
1472 2941 1540 2983 vero
1556 2935 1775 2998 consequenter,
1792 2933 1822 2981 ut

976 3016 1062 3071 Deus.

1012 3125 1025 3152 «
1048 3103 1101 3173 lpsl
1124 3111 1219 3159 autem
1246 3104 1427 3161 intraverunt
1449 3106 1484 3160 ad
1511 3104 1698 3176 Beelphegor,
1723 3112 1751 3161 et
1770 3104 1822 3160 ab·

977 3212 990 3244 i
1011 3193 1125 3248 alienati
1141 3199 1209 3248 sunt
1224 3191 1253 3246 ln
1268 3192 1446 3260 contusione,
1463 3200 1491 3248 et
1505 3192 1572 3248 laeti
1588 3201 1656 3248 sunt
1671 3193 1822 3249 abomina-

977 3280 1082 3336 nbilcs
1104 3281 1179 3336 sicut
1200 3294 1234 3336 ea
1262 3295 1328 3350 quae
1357 3281 1530 3337 dilexerunt.
1559 3303 1568 3329 ι
1599 3281 1823 3350 Adaeetpteqor

976 3368 1094 3432 intrant,
1120 3384 1185 3425 oum
1208 3383 1278 3436 suae,
1300 3383 1389 3439 quam
1414 3369 1542 3425 diximus
1567 3369 1711 3425 electionis
1733 3368 1822 3436 obliti,

976 3458 1077 3513 lotium
1099 3456 1265 3529 ignominiae
1284 3471 1344 3513 sose
1362 3457 1525 3527 labyrintho
1547 3456 1695 3528 injectant.
1712 3458 1747 3512 Et
1769 3471 1825 3511 me·

975 3545 1030 3601 rito
1055 3545 1171 3609 dieitur,
1189 3545 1307 3612 intrant,
1331 3545 1401 3615 quia
1424 3559 1454 3601 se
1476 3545 1662 3615 experientiae
1682 3544 1824 3601 universae

975 3633 1188 3688 libidinositatis
1222 3634 1421 3689 immersitant.
1457 3633 1633 3704 Beelphegor
1668 3633 1744 3689 ειιιιιι
1783 3637 1826 3686 etr

977 3724 1116 3789 tentrqtnts
1139 3721 1259 3789 dieitur,
1287 3723 1315 3777 in
1340 3737 1400 3792 quo
1427 3721 1617 3792 turpitudinis
1639 3722 1824 3778 exsecrandae

109 3807 192 3864 Vens.
209 3808 236 3861 9.
253 3837 289 3849 -
312 3830 321 3857 ι
349 3809 493 3866 Ριειιιιιιιε
515 3819 706 3879 peccaverunt
721 3812 795 3867 sicut
810 3813 838 3867 in
860 3812 922 3868 die·
978 3810 1155 3879 impudentia
1183 3810 1345 3865 denotatur.
1376 3811 1408 3864 la
1435 3811 1594 3877 confusione
1623 3811 1826 3866 abalienantur

77 3914 89 3941 ›
110 3893 166 3949 bus
179 3893 286 3948 Gabaa.
307 3915 318 3941 ι
340 3892 485 3960 Profunda
500 3904 598 3965 peccat
619 3895 754 3966 quisquis
771 3896 807 3951 ad
823 3910 922 3966 pecca·
976 3899 1045 3954 dum
1062 3912 1120 3969 quo
1134 3898 1349 3953 eoniusibiliora
1365 3905 1540 3968 perpetrant,
1560 3899 1598 3953 nil
1614 3912 1643 3954 se
1655 3897 1825 3954 confusibile

74 3989 137 4038 tum
153 3989 211 4037 tota
226 3981 316 4036 animi
335 3981 539 4039 deliberatione
558 3983 661 4039 inhiat.
686 3983 841 4040 ilistorlam
865 3984 923 4040 lle-
977 4000 1061 4058 agere
1081 3986 1262 4042 arbitrantur
1283 3987 1358 4042 unde
1381 3987 1529 4057 estquod,
1551 3987 1628 4055 apud
1644 3987 1823 4056 Apostolum,

75 4083 145 4140 gum
175 4069 290 4125 videtur
319 4077 445 4141 tangere,
477 4073 593 4141 quando
623 4088 638 4129 e
667 4072 765 4128 Gabaa
794 4072 861 4128 Saul
892 4073 922 4128 in
977 4075 1095 4145 quidam
1121 4075 1150 4129 in
1177 4074 1319 4144 pudendis
1349 4076 1410 4130 suis
1433 4075 1550 4145 gloriari
1576 4074 1677 4130 dieunt
1699 4076 1740 4143 tlt
1764 4076 1822 4131 dor.

74 4171 172 4228 regem
191 4158 349 4214 assumitur
366 4160 389 4227 ll
408 4161 473 4227 hep.
488 4174 528 4228 xi,
552 4160 591 4230 t),
610 4173 725 4216 recusso
741 4160 790 4216 Del
802 4160 922 4229 imperio
975 4178 1017 4228 xi,
1036 4163 1090 4233 18).
1113 4162 1318 4217 abominabiles
1343 4162 1426 4228 liunt,
1450 4163 1499 4232 qul
1515 4162 1603 4218 totius
1618 4162 1683 4218 boni
1701 4164 1825 4219 hominis

75 4245 199 4315 prosola
222 4248 349 4317 gentium
367 4262 453 4303 more.
471 4248 539 4303 Saul
556 4249 919 4318 interpretaturoppetttus,
941 4252 1108 4322 ptortunas
1140 4251 1287 4306 amittunt.
1317 4249 1391 4316 Quid
1423 4257 1465 4306 est
1492 4251 1569 4306 enim
1603 4251 1824 4307 abominabilem

75 4332 173 4389 Gabaa
187 4335 276 4389 colles.
294 4334 316 4388 Ε
340 4334 461 4390 collibus
476 4335 543 4390 Saul
563 4335 599 4390 ad
623 4348 746 4406 regnum
771 4335 920 4404 accipitur,

76 4422 192 4493 quando
208 4439 223 4478 e
239 4422 351 4494 magnis
366 4423 531 4479 animorum
546 4425 709 4479 tumoribus
723 4423 855 4480 oboritur
869 4438 923 4494 ap-

76 4512 193 4581 petitus,
210 4525 267 4567 non
285 4512 335 4583 qui
353 4511 434 4567 nobis
458 4511 560 4578 subsit,
581 4512 668 4583 juxta
685 4512 762 4582 quod
779 4512 891 4568 adeam
907 4526 924 4566 a

77 4599 197 4655 Domino
212 4599 327 4666 dieitur,
342 4600 389 4655 sed
404 4599 454 4670 qui
471 4599 554 4654 nobis
570 4599 818 4669 impudentissime
832 4601 923 4657 dorni-

77 4696 171 4744 netur.
189 4688 263 4743 [laus
275 4691 351 4744 enim
363 4687 467 4744 tastum
479 4690 667 4759 concipimus,
678 4691 789 4760 majora
800 4691 925 4760 proiecto

77 4791 165 4847 quam
191 4777 272 4832 nobis
295 4784 469 4847 competant,
492 4778 588 4833 statim
608 4787 818 4849 consequenter
833 4779 924 4835 ambi·

77 4880 152 4923 mos.
170 4887 184 4916 ι
207 4866 416 4922 Recordabitur
430 4865 599 4936 iniquitates
616 4881 728 4935 eorum,
749 4877 777 4924 ει
797 4869 926 4925 visitabit

80 4972 93 5004 v
113 4961 228 5023 peccata
242 4968 353 5009 eorum.
375 4975 385 5001 ι
411 4953 563 5023 Postquam
581 4955 721 5026 iniquitas
737 4956 766 5010 in
781 4955 926 5011 stolidita-

80 5048 135 5097 tem
151 5043 285 5105 vertitur,
300 5049 332 5097 ut
356 5040 465 5097 nelarie
481 5041 612 5098 libertate
627 5051 772 5113 peccetur,
787 5052 925 5113 tanquam

80 5130 202 5186 elamore
219 5132 317 5202 aliquo
338 5132 421 5197 Deus,
441 5139 471 5187 ut
493 5130 593 5188 ulcisci
613 5138 754 5202 properet,
771 5133 924 5187 excitatur.

80 5217 160 5273 Unde
185 5233 241 5276 vox
256 5220 409 5290 sanguinis
432 5219 502 5276 Abel
525 5220 602 5290 (dea.
619 5235 658 5287 iv,
678 5223 727 5288 to;
741 5234 823 5285 xviri,
839 5222 884 5289 ιιι)
899 5227 928 5277 ει

79 5305 187 5362 clamor
207 5307 394 5364 Sodomorum
409 5309 524 5365 dieitur.
548 5309 621 5364 Dum
637 5308 713 5363 euim
729 5308 824 5378 quiete
837 5308 926 5364 delin-

80 5394 190 5464 quitur,
207 5396 289 5464 quasi
305 5397 381 5452 Deus
395 5397 585 5453 obliviscitur.
599 5395 753 5453 Recordari
767 5408 835 5467 ergo
852 5396 929 5454 vide·

80 5488 142 5548 tur,
170 5496 236 5538 cum
260 5487 424 5553 peccantem
447 5485 576 5539 adversis
601 5484 781 5555 aggreditur.
810 5485 927 5541 Peccata

977 4353 1048 4407 esse,
1071 4338 1125 4394 nisi
1150 4339 1180 4394 in
1201 4352 1336 4394 successu
1360 4339 1398 4408 pil
1419 4337 1513 4408 operis
1533 4352 1668 4407 prospero
1685 4347 1826 4408 proventu

979 4427 1095 4483 carere‘l
1116 4427 1151 4482 Et
1175 4426 1228 4481 hoc
1251 4431 1322 4481 sicut
1347 4443 1379 4480 eo
1405 4441 1471 4496 qum
1493 4427 1633 4497 diligunt3
1659 4428 1734 4481 sicut
1757 4426 1826 4481 vitia

978 4517 1054 4572 eninr
1083 4529 1149 4585 qum
1172 4522 1390 4585 prosequuntur
1420 4515 1505 4571 etiam
1535 4515 1595 4571 solo
1623 4515 1739 4570 nomine
1765 4513 1826 4569 sine

979 4611 1046 4660 actu
1062 4605 1202 4659 bonorum
1226 4604 1371 4659 memoriis
1385 4603 1496 4659 horrori
1518 4610 1595 4664 sont,
1615 4604 1656 4659 sic
1670 4605 1756 4659 etiam
1774 4601 1825 4672 ipsi

980 4693 1031 4763 qui
1046 4706 1145 4747 eorum
1168 4692 1338 4748 commercio
1363 4706 1392 4748 se
1407 4692 1572 4748 involvunt.
1593 4690 1620 4747 Si
1636 4692 1713 4747 enim
1731 4694 1827 4747 sordes

980 4779 1115 4849 quaelibet
1142 4794 1191 4849 per
1211 4794 1240 4836 se
1263 4780 1370 4850 putidae
1395 4788 1472 4846 sunt,
1496 4789 1571 4836 certe
1596 4780 1752 4850 putidiores
1776 4779 1826 4850 iqui

981 4867 1085 4923 harum
1102 4867 1261 4923 volutabris
1275 4882 1305 4923 se
1319 4876 1418 4937 sponte
1434 4868 1577 4938 injiciunt.

1016 4956 1101 5011 Vens.
1121 4960 1162 5011 tt.
1176 4987 1211 4996 -
1233 4979 1243 5005 ι
1262 4957 1399 5027 Ephraim
1417 4957 1501 5027 quasi
1526 4958 1587 5013 avis
1610 4957 1747 5027 avolavit,
1771 4957 1828 5029 glo

984 5066 994 5091 ι
1016 5043 1060 5098 ria
1074 5058 1175 5100 eorum
1195 5058 1212 5099 a
1235 5052 1330 5114 partu,
1348 5053 1375 5101 et
1399 5045 1434 5101 ab
1454 5053 1544 5113 utero,
1560 5054 1588 5102 et
1609 5061 1626 5101 a
1645 5054 1825 5117 conceptu.»

982 5132 1115 5201 Ephraim
1134 5137 1214 5198 quasi
1235 5136 1293 5187 aeis
1317 5133 1422 5201 avolat,
1447 5132 1517 5189 dum
1541 5133 1694 5204 aliquoties
1709 5134 1746 5189 ad
1761 5133 1828 5190 boni

982 5222 1174 5290 appetentiam
1200 5229 1276 5278 taeta
1306 5222 1485 5278 rationaliter
1510 5223 1645 5278 alacritas
1672 5222 1828 5279 voluntatis

982 5311 1099 5380 aspirat,
1116 5311 1163 5366 sed
1179 5310 1276 5366 subita
1294 5325 1324 5366 se
1346 5310 1462 5367 levitate
1479 5311 1644 5367 subducens
1660 5311 1689 5367 in
1704 5326 1737 5367 εο
1753 5310 1828 5382 quod

983 5407 1106 5469 emperat
1128 5399 1246 5455 minime
1267 5407 1437 5469 perseverat,
1463 5400 1672 5468 dlorloeoium,
1689 5407 1721 5456 ut
1741 5409 1829 5456 retro·

983 5488 1071 5559 grade
1094 5488 1256 5558 aggrediar,
1277 5503 1294 5540 o
1317 5492 1445 5557 concepta
1465 5494 1517 5556 est,
1533 5503 1600 5545 cum
1624 5489 1754 5560 ejusdem
1777 5503 1827 5545 ro-
