3818 6008
884 160 899 199 1

111 242 178 300 11187

622 240 670 295 ΑΙ)
690 239 770 296 ΟΡΡ.
794 239 871 295 vult.
893 239 1060 298 putabar}
1081 241 1125 296 DE
1143 239 1344 299 Novluuurd

1798 240 1865 298 idas

151 370 289 428 111616νί6
304 367 502 441 Flauiocensie
515 367 683 422 monosterii
696 368 905 439 compendium.
970 371 992 426 Α
1044 391 1059 418 «
1079 371 1159 428 Stetit
1171 376 1267 427 antem
1286 371 1387 428 inesse
1399 378 1428 428 et
1441 379 1520 428 statu
1541 372 1696 441 praelatnm
1713 369 1787 427 11166
1806 384 1863 425 mo·

144 460 348 518 ldouasterinm
375 457 558 513 Flaviacense
583 457 612 512 in
634 457 814 514 Belvacensis
828 458 957 514 dioecesis

108 560 190 618 pago,
206 549 293 603 situm
309 560 395 615 prope
420 546 520 614 Eptam
545 544 679 611 lluvium,
703 553 828 615 tempore
860 548 956 617 Dago-

107 635 190 701 berti,
215 649 325 690 annum
354 634 467 690 circiter
494 635 555 699 650,
579 646 640 699 666,
665 632 867 703 6666661661
895 635 954 701 alii,

107 724 159 777 6611
186 722 355 787 condidisse,
394 722 563 791 dotasseque
595 728 728 776 sanctum
769 720 955 778 Geremarnm

107 810 202 880 (cnjns
224 811 339 866 nominc
365 819 461 880 postea
485 808 555 865 illud
579 808 748 879 insignitum
773 809 836 881 1611)
858 824 956 866 nosces

106 912 143 954 ex
159 897 258 953 litteris
286 899 404 954 ioannis
425 897 458 963 V,
485 897 608 967 episcopi
625 897 819 965 belvacensis3
835 911 901 967 6666
915 897 956 953 616

107 987 222 1043 666661.

143 1075 304 1140 «1666666,
323 1073 504 1130 miseratione
528 1072 627 1128 divina
650 1072 831 1129 belvacensis
848 1073 955 1143 episco-

107 1176 171 1232 pus,
199 1164 341 1218 universis
373 1169 526 1232 praesentes
554 1160 664 1217 litteras
689 1161 804 1227 visuris,
822 1161 953 1217 salntem.

105 1250 192 1308 Nobis
221 1251 316 1308 dilecti
353 1251 413 1318 silii,
447 1250 624 1306 venerabiles
652 1257 680 1306 et
704 1250 798 1306 devoti
820 1249 954 1322 religiosi,

106 1339 205 1407 abbas,
221 1350 248 1395 ct
276 1346 445 1406 conventus,
474 1346 501 1393 et
530 1337 638 1407 priores
651 1337 677 1393 ei
699 1337 817 1405 subditi,
833 1338 954 1394 devotis-

106 1427 170 1482 simi
187 1428 307 1484 6666611
333 1427 360 1484 S.
386 1426 531 1484 Geremari
552 1427 586 1482 66
604 1426 746 1492 Flaviaco,
765 1435 868 1483 nostrae
889 1427 956 1483 6166

106 1517 186 1578 cesis,
210 1515 336 1573 dolentes
354 1523 566 1586 exposuerunt3
593 1523 699 1572 saneta
721 1515 864 1586 religionis
887 1529 954 1571 con-

106 1611 268 1673 temptores,
285 1605 340 1659 imo
357 1603 453 1658 verius
471 1603 648 1672 despectores
672 1602 738 1673 ipsis
767 1603 953 1673 exprobrare,

1011 460 1178 528 casterium,
1196 459 1327 516 ducentis
1344 460 1429 516 annis
1452 464 1480 516 et
1509 460 1740 532 quinquaginta,
1764 457 1811 514 vel
1833 473 1864 514 66

1009 548 1217 604 6166616666
1243 549 1321 618 pacis
1336 549 1454 619 iniquus
1479 550 1672 620 perturbator,
1698 556 1727 604 et
1742 547 1864 603 humani

1010 637 1122 708 generis
1134 651 1273 705 corrosor,
1292 637 1343 708 661
1367 639 1516 708 asuperis
1544 637 1654 694 cerruit
1683 637 1721 693 ad
1746 637 1864 701 inferos,

1009 742 1042 784 ex
1059 725 1175 782 servitio
1198 725 1246 782 illo
1261 725 1290 781 in
1307 727 1480 782 monasterio
1495 727 1638 783 celebrato
1661 725 1864 796 perturbatus,

1009 814 1126 872 nefandi
1152 814 1268 871 11616616
1293 829 1341 871 cor
1366 814 1545 883 subintrans,
1567 816 1782 871 monasterium
1805 813 1864 868 Fla·

1009 904 1124 959 1166116
1140 902 1270 958 16661166
1298 917 1389 973 66666
1400 904 1436 959 66
1451 904 1544 959 solnm
1559 903 1667 959 destrui
1685 900 1865 972 procuravit,

1009 992 1036 1042 et
1052 985 1191 1056 religiosis
1216 1000 1273 1041 non
1299 986 1390 1041 66116
1418 995 1478 1055 6661
1501 985 1654 1049 delunotis,
1667 993 1697 1043 61
1722 985 1866 1056 maingis,

1009 1073 1154 1130 66666166
1168 1081 1196 1129 61
1218 1073 1317 1130 incolis
1342 1089 1480 1139 vacuum,
1506 1073 1682 1143 661666666
1714 1073 1817 1128 166616
1843 1081 1869 1128 61

1009 1161 1208 1227 inhabitabile,
1230 1170 1344 1219 centuni
1362 1171 1390 1219 et
1405 1162 1524 1230 triginta
1546 1161 1652 1217 mansit
1681 1161 1791 1230 annis;
1818 1176 1869 1217 nec

1009 1249 1124 1307 anobis
1148 1249 1284 1306 inventus
1297 1258 1340 1306 est
1359 1250 1409 1321 661
1434 1251 1462 1305 16
1480 1251 1596 1320 66661616
1619 1248 1766 1307 exstiterit
1781 1249 1867 1305 deva·

1008 1339 1130 1395 statione
1145 1352 1297 1394 succursor
1310 1347 1338 1395 et
1352 1338 1527 1407 consolatcr;
1552 1340 1600 1408 661
1617 1337 1749 1405 chartas,
1776 1350 1868 1407 papy-

1009 1441 1067 1492 ros,
1084 1428 1214 1498 registra,
1242 1427 1286 1482 vel
1303 1426 1391 1483 libros
1417 1427 1493 1483 illius
1508 1426 1675 1483 monasterii
1691 1440 1868 1482 conservare

1008 1514 1159 1585 cupiverit.
1178 1515 1235 1571 Nee
1261 1515 1367 1571 mirum
1395 1515 1532 1585 qnoniam
1560 1516 1637 1585 apud
1659 1514 1828 1584 praedones,
1842 1524 1868 1570 et

1010 1603 1074 1659 lidei
1091 1603 1261 1660 Christiana
1285 1604 1424 1670 inimicos,
1445 1603 1533 1659 moris
1555 1611 1617 1659 erat
1638 1602 1755 1669 usitati,
1773 1611 1803 1658 et
1817 1603 1867 1659 ad·

106 1706 192 1748 sunm
216 1690 424 1748 monasterinm
453 1690 563 1760 pridem
587 1690 618 1747 in
648 1691 785 1748 honorem
809 1692 956 1749 Trinitatis
975 1665 995 1720 Β
1012 1692 1068 1746 666
1088 1690 1189 1748 616666
1207 1697 1301 1747 exstat
1317 1691 1431 1758 inistis,
1456 1705 1576 1762 eaquae
1598 1690 1805 1748 Christianam
1821 1705 1864 1746 sa·

106 1779 293 1836 sanctissima
320 1780 375 1836 [teo
403 1779 542 1847 dicatum,
575 1794 626 1849 per
652 1780 869 1837 devotissimum
899 1782 955 1838 Deo
1010 1780 1127 1850 piebant
1139 1779 1317 1850 religionem,
1334 1779 1400 1848 igne
1410 1778 1506 1835 voraci
1517 1793 1699 1835 consumere.

105 1865 292 1924 Geremarum
310 1874 463 1936 patronum
483 1881 580 1935 snum,
611 1867 767 1939 adjuvante
793 1868 955 1925 beatissimo
1045 1867 1129 1924 «Sed
1157 1868 1226 1939 6616
1251 1866 1378 1923 misereri
1406 1866 1497 1924 voluit
1524 1869 1641 1923 Creator
1666 1867 1864 1939 omnipotens,

104 1954 243 2012 audoeno
282 1954 503 2025 liothomagensi
540 1954 762 2026 archiepiscopo,
801 1970 953 2027 nunqnam
1010 1956 1118 2027 populi,
1134 1964 1162 2013 61
1180 1954 1377 2019 beatissimum
1406 1956 1590 2011 Geremarum
1613 1956 1864 2012 6616661666-

106 2043 260 2100 lundatnm
288 2043 430 2099 exstitisse
452 2043 487 2098 de
511 2042 671 2100 redditibus
692 2044 783 2114 ipsius
798 2044 953 2114 Geremari,
1009 2058 1170 2101 remsuum
1191 2044 1219 2100 in
1244 2043 1305 2100 loco
1321 2057 1381 2100 suae
1402 2043 1562 2100 sanctitatis
1588 2044 1694 2099 iterum
1719 2045 1863 2112 venerari,

105 2131 155 2188 666
178 2145 215 2187 ex
245 2131 415 2202 partialibus
442 2131 526 2187 honis
540 2132 657 2188 6116666
681 2133 874 2201 venientibus,
902 2135 953 2189 im·
1008 2140 1134 2190 mentem
1149 2132 1365 2203 predecessoris
1386 2132 1476 2188 nostri
1491 2132 1572 2188 honae
1591 2133 1744 2189 memoriae
1760 2133 1863 2204 Drogo

105 2221 284 2293 properando
310 2222 388 2291 ipsis,
421 2222 541 2278 veritate
570 2237 628 2279 non
656 2222 845 2294 sullragante,
876 2223 954 2294 6666
1009 2221 1055 2277 616
1080 2220 1257 2277 Bnlvaoensis
1280 2219 1416 2290 episcopi,
1441 2219 1534 2292 gratia
1557 2219 1681 2290 Spiritus
1699 2221 1797 2277 sancti
1822 2224 1863 2276 in-

106 2310 199 2375 61661,
216 2309 297 2367 11166
326 2310 522 2367 66611661666
542 2309 729 2368 Geremarnm
744 2325 830 2368 suum
844 2311 955 2368 dotasse
1008 2310 1123 2366 ebriens
1134 2309 1171 2365 ad
1190 2322 1295 2365 novam
1311 2308 1390 2364 illius
1415 2308 1579 2365 monasterii
1609 2307 1772 2379 inspiravit
1799 2325 1862 2366 con·

105 2398 278 2467 coenobium,
294 2399 444 2470 multaque
459 2398 659 2469 aliareligiosa
673 2399 736 2456 loca
749 2400 816 2471 ipsis
828 2399 952 2468 subdita,
1009 2399 1211 2455 structionem:
1252 2397 1390 2453 ordinans
1431 2397 1475 2468 (nt
1498 2396 1588 2466 ipsius
1617 2405 1681 2452 erat
1716 2396 1863 2466 ordinare)

105 2502 141 2544 ex
166 2487 227 2543 6616
252 2487 503 2558 patrimonialibus
525 2495 552 2544 ct
579 2488 837 2558 paraphernalibus
860 2488 952 2546 bonis.
1009 2486 1126 2544 antelati
1143 2485 1287 2542 Geremari
1310 2484 1446 2555 praeviam
1469 2484 1646 2556 insequendo
1671 2484 1863 2552 voluntatem,

106 2575 299 2640 Quamobrem
325 2575 395 2646 6616
412 2576 440 2631 16
457 2577 546 2632 saeris
574 2576 710 2642 historiis,
737 2577 854 2645 chartis,
880 2577 953 2648 regi·
1009 2575 1079 2631 illud
1105 2574 1310 2631 monasterinm
1334 2587 1352 2629 a
1373 2572 1553 2629 sanctissima
1568 2572 1710 2630 'l'rinitate
1733 2573 1864 2630 denomi-

106 2664 183 2731 stris,
211 2664 350 2735 librisque
378 2672 406 2720 et
426 2664 578 2734 scripturis
600 2664 742 2720 veteranis
767 2667 881 2734 nostris,
904 2673 955 2722 ant
1009 2663 1083 2731 nari,
1112 2663 1244 2719 addendo
1268 2662 1304 2718 ad
1326 2662 1376 2717 1161
1399 2662 1562 2718 laudemet
1585 2662 1676 2731 166166
1700 2662 1866 2719 fundatoris

105 2752 231 2809 66616616
258 2760 286 2809 61
309 2766 422 2822 sponsae
450 2756 566 2819 nostrae,
581 2751 616 2808 de
632 2752 759 2822 ipsorum
787 2753 955 2810 lundatione
1009 2751 1164 2818 Geremari,
1186 2751 1390 2807 monasterium
1416 2749 1512 2805 Sancti
1542 2750 1690 2806 Geremari
1709 2750 1863 2820 appellari.

106 2839 298 2907 inveniretur,
316 2839 455 2896 vellemus
469 2839 623 2907 testillcari,
642 2839 834 2909 postularunt.
1009 2841 1042 2896 ln
1057 2839 1142 2911 cujns
1156 2839 1196 2895 rei
1216 2838 1411 2895 testimonium
1437 2836 1626 2908 praesentdtns
1651 2837 1756 2894 litteris
1783 2838 1865 2910 sigil-

142 2945 156 2979 e
174 2929 277 2985 Notum
308 2927 431 2984 iacimus
458 2942 511 2984 nos
538 2927 611 2983 male
626 2927 795 2984 latrantium
807 2928 956 2998 cupientes
973 2962 994 3019 c
1010 2930 1068 2986 lum
1086 2936 1215 2985 nostrum
1226 2927 1365 2984 duximus
1380 2926 1594 2997 apponendum.

106 3029 158 3072 ora
173 3016 316 3083 claudere,
337 3016 532 3072 testimonium
554 3015 668 3071 veritati
689 3017 868 3073 exsultantes
892 3031 955 3086 per·
1046 3040 1057 3066 ‹
1088 3018 1192 3073 [iatum
1217 3030 1294 3072 anno
1322 3015 1433 3071 bomini
1456 3015 1615 3071 ..millesimo
1635 3015 1865 3088 quadringente

106 3103 215 3172 bibere,
230 3104 424 3161 cartillcamns
446 3104 586 3161 veteranis
601 3104 691 3173 libris,
712 3104 848 3177 legendis.
867 3105 954 3162 cbar-
1008 3107 1080 3162 simo
1095 3105 1306 3177 septuagesimo
1322 3111 1433 3170 octavo,
1451 3103 1498 3160 die
1509 3104 1656 3173 Mercurii,
1674 3111 1763 3161 tertia
1785 3120 1863 3162 men-

107 3191 143 3249 tis
166 3200 193 3248 61
214 3193 375 3264 6661616616,
401 3193 508 3264 661666
533 3192 615 3249 11666
635 3193 798 3264 suspicione
819 3208 953 3263 vacuam,
1007 3194 1150 3252 sisinnii.

105 3280 247 3352 nullaque
273 3289 341 3338 nota
363 3280 625 3351 reprehensibilem,
643 3296 676 3336 ea
695 3292 952 3354 quassabantur,
1046 3284 1112 3338 «lie
1136 3281 1271 3337 mandato
1295 3279 1405 3336 666161
1431 3279 1471 3336 616
1498 3279 1656 3350 signatum,
1685 3282 1721 3338 11.
1738 3281 1861 3353 Champ

105 3369 257 3426 contineri.
280 3369 416 3426 Videlicet
430 3369 602 3425 serenissimi
623 3370 698 3443 regis
716 3370 866 3442 bagoberti
883 3379 954 3428 tem·
1007 3371 1128 3429 desua·

105 3457 225 3528 poribus
247 3456 405 3529 gloriosum
429 3456 648 3512 Geremarnma
669 3457 764 3513 sobole
779 3459 860 3529 rogia
884 3472 954 3528 pro·
1042 3460 1184 3517 Caeterum
1197 3455 1302 3530 viginti
1318 3456 1436 3513 abbates
1450 3456 1487 3513 ab
1511 3457 1580 3527 ipsis
1602 3459 1762 3516 monaserii
1782 3460 1861 3517 incu-

21 3548 27 3585 s
105 3554 244 3611 creatum,
260 3544 394 3601 maximae
407 3545 549 3601 exstitisse
563 3544 733 3614 sanctitatis,
761 3545 955 3616 6616666661-
1007 3546 1121 3615 nabilis,
1138 3545 1173 3601 ad
1198 3544 1345 3602 excidium
1368 3558 1385 3601 a
1413 3544 1617 3602 llortbmannis
1640 3545 1770 3615 illatum,
1790 3563 1860 3618 prae·

105 3633 142 3691 116
166 3648 248 3690 sacro
282 3634 328 3690 ille
357 3634 536 3706 bagobertns
567 3647 618 3689 rex
652 3648 718 3689 cum
746 3634 861 3690 amabili
885 3649 953 3705 paee
1007 3636 1095 3692 luisse
1123 3642 1224 3690 notant
1242 3642 1361 3690 veterna
1387 3632 1516 3705 ejusdem
1541 3632 1595 3688 1661
1616 3645 1862 3700 6666666166

104 3721 650 3794 6666666666666111.1616116666
670 3722 715 3779 ille
741 3723 954 3794 gloriosusGe-
1007 3723 1124 3796 661666,
1161 3734 1271 3777 666666
1310 3728 1338 3776 61
1362 3720 1642 3788 exGontanellensi,
1670 3723 1737 3780 sive
1766 3724 1862 3781 Sancti

104 3824 247 3879 romarus,
265 3819 327 3868 tum
351 3825 408 3867 non
429 3811 522 3867 solnm
553 3811 630 3882 apnd
664 3811 793 3867 homines
820 3812 953 3882 militare,
1007 3808 1202 3882 vandregesili
1237 3808 1384 3870 chronico.
1420 3823 1518 3865 eorum
1548 3811 1668 3866 nomina
1692 3813 1818 3882 (pancos
1841 3814 1863 3868 si

104 3897 163 3956 imo
176 3899 326 3955 mundana
344 3899 498 3969 postposita
523 3899 625 3955 militia
641 3899 752 3970 cupivit
766 3900 886 3957 caelestis
900 3900 953 3957 mi·
1006 3900 1134 3970 excipias
1165 3898 1217 3970 661
1254 3901 1417 3967 16666666
1456 3897 1565 3969 iniuria
1602 3901 1749 3969 excidere)
1776 3901 1864 3958 desu-

104 3986 172 4044 litiae
188 3988 331 4058 particeps
360 3987 430 4054 lieri,
461 3987 539 4044 velut
552 4002 647 4044 novus
676 3996 737 4058 tyro
750 3990 804 4045 sub
819 3998 953 4047 veterano
1006 4003 1128 4045 memus.

104 4081 133 4129 61
160 4074 318 4144 666666616
344 4075 464 4130 66166116
491 4074 599 4130 6111116
626 4085 745 4143 rectore,
784 4083 812 4132 et
833 4076 954 4133 coelestis
1042 4078 1157 4135 Primus
1170 4078 1384 4135 ahbassanctus
1400 4076 1572 4132 Geremarus
1595 4075 1719 4145 exstitit,
1736 4092 1772 4136 ac
1801 4078 1863 4136 lun·

104 4162 242 4232 principis
256 4162 374 4230 vicario,
391 4171 489 4218 sancto
517 4163 653 4220 6666666
669 4164 888 4236 liotbomagensi
903 4179 953 4221 ar·
1006 4165 1089 4222 dator
1105 4164 1269 4222 monasterii
1289 4165 1491 4230 Flaviacensis,
1513 4164 1705 4221 sanctissima
1730 4168 1862 4224 Trinitati

104 4249 294 4321 chiepiscopo,
311 4258 398 4320 61666
423 4251 532 4321 praelati
553 4251 628 4322 regis
649 4252 830 4320 cancellario,
851 4255 952 4309 adver·
971 4254 1089 4314 11161116
1103 4254 1200 4310 616611.
1225 4254 1280 4310 1166
1308 4260 1401 4323 gestas
1420 4253 1510 4308 saneti
1526 4253 1670 4309 Geremari
1686 4255 1728 4312 ab
1741 4258 1862 4327 6611666

38 4395 43 4402 ,
104 4351 154 4395 666
175 4351 301 4404 carnem,
325 4339 478 4405 mundum,
493 4348 521 4396 et
542 4340 683 4396 daemonia
699 4339 950 4399 hellaredecrevit.

141 4451 152 4477 ι
182 4427 272 4498 Cuius
286 4428 416 4484 6666661
434 4429 494 4499 jam
510 4429 660 4485 sanctitate
686 4443 792 4500 magna
819 4430 950 4498 inuentis,

103 4525 220 4574 6666166
234 4518 397 4583 consilium,
422 4519 457 4574 de
483 4517 595 4589 6661611
614 4519 690 4589 regis
704 4519 856 4590 bagoberti
880 4535 952 4576 con-

103 4620 190 4661 sensu
207 4606 372 4677 religionem
388 4606 516 4674 intravit,
532 4605 561 4661 in
580 4605 640 4661 loro
653 4605 704 4676 661
717 4607 824 4663 6161166
839 4608 950 4664 Flavia-

102 4708 165 4760 cus,
180 4694 231 4751 nbi
246 4709 304 4750 non
320 4695 410 4751 66116
429 4702 499 4765 6661,
514 4694 574 4750 6616
590 4694 626 4749 66
652 4695 805 4752 11661666
821 4698 953 4754 transmi-

1006 4350 1123 4398 auctore
1138 4349 1280 4408 exaratas,
1306 4349 1384 4398 etex
1407 4349 1519 4398 vetusto
1543 4341 1640 4397 codice
1658 4345 1862 4414 manuscripto

1006 4430 1180 4489 Conchensis
1192 4429 1366 4496 monasterii,
1381 4443 1453 4487 eura
1472 4438 1570 4486 nostra
1587 4431 1766 4502 exscriptas,
1789 4434 1862 4489 inter

1006 4520 1202 4576 additamenta
1215 4519 1428 4576 collocavimus.

1042 4608 1090 4663 111.
1104 4608 1227 4666 Sanetus
1243 4607 1415 4664 Gennardus
1438 4606 1594 4679 (secundus
1611 4607 1691 4665 enim
1723 4608 1860 4666 oblivioni

1006 4697 1140 4768 traditus)
1160 4706 1259 4755 sancto
1280 4696 1423 4753 ansberto
1439 4697 1522 4766 longe
1548 4694 1657 4751 charus
1686 4696 1760 4766 luit;
1786 4698 1860 4755 unde

102 4783 192 4853 gratis
207 4783 313 4849 liberis,
334 4783 368 4838 de
386 4781 528 4838 clodovaei
550 4784 625 4854 regis
648 4783 774 4853 predicti
798 4786 952 4857 bagohcrti
1002 4785 1088 4857 iuxta
1112 4800 1218 4857 corpus
1250 4785 1379 4857 ejusdem
1408 4785 1438 4840 in
1476 4782 1690 4840 Fontanellensi
1719 4787 1858 4852 66666616,

103 4871 154 4928 lilii
168 4885 320 4938 66666666,
344 4872 452 4941 6661166
470 4878 498 4927 61
519 4885 648 4936 assensn,
670 4873 843 4929 revelatione
869 4888 953 4947 ange
1004 4876 1051 4932 661
1067 4875 1152 4931 61166
1168 4875 1349 4945 praesederat,
1365 4872 1514 4943 sepultura
1531 4871 1630 4927 donari
1641 4875 1790 4930 statuerit.

103 4956 158 5014 lica
174 4959 291 5029 praevia,
322 4958 357 5013 ad
381 4957 568 5015 sanctissima
582 4948 610 5014 et
624 4958 794 5016 beatissimae
806 4960 952 5019 Trinitatis
1041 4962 1087 5020 111.
1104 4959 1576 5034 SanctusBenignusFontanellae
1591 4961 1769 5018 monasterio
1795 4975 1859 5032 pne

103 5045 216 5102 latriam
238 5054 266 5103 et
303 5046 527 5113 venerationem,
565 5047 740 5117 coenobinm,
767 5049 844 5119 6666
873 5065 952 5107 nnnc
1005 5051 1097 5109 inerat
1126 5051 1219 5122 prius,
1243 5051 1292 5106 sed
1317 5064 1334 5104 a
1357 5048 1536 5120 Regenlredo
1558 5048 1773 5118 maioridomns
1797 5063 1857 5119 pro·

103 5133 178 5191 beati
194 5134 340 5191 Geremari
356 5134 472 5202 dicitnr,
493 5149 558 5193 cum
584 5134 717 5205 pluribus
731 5136 952 5209 aliisreligionis
1001 5138 1095 5210 jactus
1110 5138 1138 5194 in
1161 5139 1292 5195 abbatem
1320 5136 1531 5194 Flaviacansem
1557 5151 1575 5192 a
1597 5139 1752 5196 monacbis
1779 5153 1858 5196 assu·

22 5286 25 5291 ,
102 5219 180 5284 locis,
208 5220 331 5292 propriis
360 5222 526 5293 sumptibus
551 5224 727 5293 construxit;
754 5238 865 5280 necnon
890 5226 951 5281 6616
1003 5227 1104 5284 61166.

100 5306 235 5365 66616116
258 5310 344 5373 villis,
370 5311 479 5376 castris,
511 5325 545 5367 ac
574 5312 734 5369 redditibus
758 5312 876 5381 dotavit,
896 5327 950 5370 cn·
1040 5315 1070 5368 V.
1087 5313 1282 5380 ildebrandus,
1306 5313 1488 5385 integritatis,
1519 5312 1735 5383 prudentiaeac
1752 5314 1856 5387 ingenii

101 5395 182 5464 piens
194 5405 222 5452 et
236 5397 373 5454 allectans
386 5413 422 5455 ex
440 5400 561 5456 terrenis
584 5400 670 5457 61616
694 5403 748 5457 beo
768 5401 852 5464 datis,
873 5402 950 5458 mul·
1004 5402 1334 5473 gloriaclarus,atque‹
1356 5401 1519 5472 imperatori
1537 5401 1685 5458 hudovico
1694 5402 1747 5459 Pio
1758 5403 1856 5474 (codex

1004 5505 1094 5550 manu
1115 5498 1253 5549 exaratus
1284 5489 1319 5546 de
1341 5489 1534 5562 ldebrando),
1565 5489 1667 5547 merito
1696 5492 1856 5564 prudentie

16 5556 24 5563 -
100 5481 137 5543 116
152 5483 182 5545 16
196 5483 265 5542 lonis
280 5487 375 5562 16666
391 5487 544 5547 Dominum
559 5489 651 5547 Deum
666 5489 807 5552 venerari.
