3818 6008
566 108 749 165 uobtttbbt
767 111 803 167 m
822 110 970 168 danastri
990 111 1056 167 tta.
1072 111 1106 168 tt.

1668 118 1721 173 290

56 240 105 293 bae
120 239 263 295 :Reddita
282 245 322 295 est
342 240 410 294 milti
422 246 543 311 pecunia
561 258 630 304 oceo,
656 260 688 298 en
703 244 819 299 babetur
837 248 859 300 b
874 245 986 312 nititur,
1010 251 1037 300 et
1053 243 1136 315 quasi
1152 242 1192 300 nil
1208 257 1239 300 se
1252 244 1428 315 explicuisse
1444 246 1531 303 videt.
1553 250 1660 319 ioscplt,
1677 250 1722 306 in-

56 344 110 382 ceo.
130 329 210 385 Unus
239 341 355 384 saccum
370 332 472 399 aperit,
500 345 565 386 curn
591 346 693 387 sensus
716 332 819 389 inentis

56 423 90 473 tet
110 416 267 486 cujuslibet
293 417 432 485 passionis
458 425 592 474 naturam
620 419 742 489 sibiipsi
767 434 818 490 per

56 504 176 561 *lentiam
206 504 351 574 patefacit.
378 505 448 562 lude
471 506 520 562 dat
538 506 661 577 jumento
686 509 817 577 pabulum

56 596 173 656 *asarta
190 594 260 663 quia
283 608 319 649 ex
344 594 406 663 ipsa
418 595 647 665 impugnationis
670 598 817 653 occasione

56 681 198 753 pabulum
212 681 323 738 coteste
339 697 470 753 quarere
483 683 606 755 cogitur,
623 685 701 754 (ruod
714 699 817 755 corpo-

56 770 177 840 ppetitui
191 769 308 841 objiciat
323 771 352 826 in
369 772 485 827 remotis
498 773 688 828 conscientiae.
704 772 741 828 Os
753 786 816 829 sae-

61 856 159 913 aditus
186 864 227 913 est
250 859 367 925 peceati,
388 858 438 913 ubl
459 858 542 915 debet
565 859 688 928 pecunia
711 859 817 916 divinae

56 946 116 1002 ttiae
139 945 175 1001 ad
200 945 273 1001 idem
298 945 484 1003 refellendum
508 947 642 1004 inveniri.
668 948 816 1004 Redditam

56 1033 108 1090 bus
136 1034 287 1104 pecuniam
315 1034 440 1101 nuntiat,
467 1036 536 1091 dum
559 1035 689 1105 ejusdem
714 1036 817 1093 mentis

58 1136 95 1179 us
108 1130 269 1192 opportune
285 1123 349 1192 sibi,
374 1123 539 1180 tentationis
561 1123 669 1181 scilieet
693 1131 817 1194 tempore

56 1224 109 1276 tm,
132 1209 287 1279 Scriptura
317 1210 470 1266 testimonii
495 1212 720 1268 recordationem
746 1213 817 1268 inti-

59 1306 89 1353 et
105 1299 143 1354 ad
167 1298 289 1367 idipsum
304 1299 478 1370 gratulando
496 1301 669 1357 corroborat.
688 1301 817 1357 liabetur

56 1403 105 1455 cti,
122 1401 188 1443 attan
205 1388 249 1443 vis
262 1387 351 1442 divini
368 1388 512 1459 praecepti,
528 1403 564 1445 ne
580 1389 651 1445 lorte
667 1389 816 1459 perelllua·

872 334 945 404 quit,
971 347 1042 390 cura
1067 333 1198 389 videlieet
1224 333 1344 389 eoelestis
1368 336 1527 405 atrgmenti,
1549 337 1718 407 visibilium,

873 430 904 477 ut
928 422 1044 488 assolet,
1074 435 1199 477 amorem
1225 436 1281 476 nita
1306 431 1423 492 superat
1450 422 1578 491 allectos,
1607 427 1658 496 qui
1683 429 1720 484 ob

872 509 985 579 pietatis
1013 511 1150 580 gemitum
1181 508 1293 566 Simeon
1324 511 1391 566 olim
1421 513 1523 568 morito
1549 513 1721 584 dicebatur,

871 598 996 654 vinculis
1015 598 1193 654 carnalitatis
1213 599 1395 669 astringitur.
1419 600 1570 668 ijomia,
1588 603 1639 672 uui
1655 617 1720 673 spos

871 687 1116 756 electionisque
1141 700 1192 757 per
1213 686 1359 742 dexteram
1386 687 1535 758 signatur,
1559 690 1717 759 accipitur,

872 775 960 832 stultis
986 775 1108 838 auferre,
1138 775 1208 845 quia
1232 775 1329 830 otonia
1353 776 1556 845 presumptive
1581 779 1719 849 aggredi-

873 864 953 928 mini,
970 863 1117 933 aquibus,
1146 876 1211 918 cum
1238 877 1288 918 vos
1309 861 1398 919 relabi
1422 864 1585 934 contigerit,
1612 868 1718 937 cogetis

871 952 1015 1007 meetiam
1044 950 1184 1007 desalute
1208 950 1368 1020 desperare.
1394 951 1460 1007 llaec
1488 952 1656 1009 bumanitus
1679 954 1716 1010 ad

870 1053 900 1095 se
927 1038 1061 1095 decidens
1089 1038 1320 1095 intellectualitas
1343 1038 1412 1095 solet
1438 1038 1540 1095 dicere.
1570 1042 1645 1107 llaec,
1669 1042 1717 1097 in-

871 1127 945 1198 quit,
971 1127 1065 1183 omnis
1087 1126 1272 1183 sanctitatum
1298 1125 1467 1183 excellentia
1496 1129 1523 1182 in
1551 1142 1615 1184 mea
1639 1131 1716 1187 mala

871 1216 987 1272 recidet.

901 1304 986 1360 Vens.
1012 1305 1056 1358 37.
1071 1333 1106 1343 -
1122 1304 1173 1360 dai
1192 1304 1300 1365 Redeo,
1316 1303 1366 1374 qui
1381 1303 1487 1360 dieitur
1500 1305 1595 1360 cidens
1618 1309 1715 1376 titiam,

871 1392 931 1462 ipsa
957 1392 1082 1463 prolecto
1114 1392 1344 1448 intellectualitas
1373 1392 1467 1461 seipsa
1499 1392 1631 1448 subtilior
1655 1394 1715 1464 jam

60 1475 198 1531 inseritur
213 1475 321 1532 carnali
337 1476 484 1533 desiderio.
502 1479 541 1531 Et
558 1479 739 1546 obstupefacti
756 1485 814 1531 tor·
836 1481 977 1574 Beorrigi
1008 1481 1155 1550 incipiens,
1185 1488 1212 1536 et
1242 1480 1393 1537 intendens
1416 1479 1497 1551 empti
1525 1481 1630 1535 taltonis
1653 1481 1718 1536 irit-

56 1579 88 1627 te,
109 1564 240 1619 dicerunt
257 1570 352 1619 mutato
369 1581 375 1618 :
392 1565 529 1630 Quidrtam
548 1570 588 1619 est
602 1566 650 1619 boe
664 1565 738 1632 qatod
750 1568 816 1632 fecit

76 1652 173 1708 Deus?
200 1653 365 1710 Mirandum
395 1655 479 1723 plane
512 1655 580 1710 satis
609 1662 651 1710 est
682 1655 816 1711 bumanis

56 1754 111 1807 tus,
150 1756 215 1797 cum
245 1742 326 1812 ligari
360 1755 376 1797 a
405 1744 462 1798 Deo
488 1758 518 1799 se
542 1744 641 1799 vident
666 1743 815 1798 mandato·

71 1842 191 1885 sutirum
231 1831 435 1900 compedibus,
463 1833 514 1901 qni
540 1831 691 1887 absterreri
722 1846 816 1902 quorr-

58 1916 110 1973 eix
135 1916 238 1986 gladiis
261 1919 491 1989 impendentibus
513 1926 643 1989 poterant
666 1919 703 1974 ab
729 1920 817 1976 scela-

56 2108 89 2150 ιε.
118 2096 162 2163 29,
187 2097 231 2150 30.
259 2125 296 2139 -
328 2098 520 2163 venerantque
546 2097 583 2151 ad
609 2097 690 2151 Jacob
709 2101 816 2166 patrem

67 2187 98 2237 ia
123 2189 224 2238 terram
251 2185 391 2248 chanaan,
418 2190 444 2240 et
464 2189 650 2240 narraverant
672 2189 696 2240 ei
724 2189 817 2240 omnia

56 2271 223 2326 madescat.
247 2273 366 2327 Locutus
391 2277 431 2327 est
449 2273 536 2333 nobis.
558 2273 705 2345 inqultmt,
729 2275 816 2328 domi-

56 2366 127 2413 erra
155 2360 233 2423 dara,
259 2369 312 2418 etc.
341 2363 374 2416 la
400 2366 501 2417 terram
530 2363 660 2418 Cinnano
684 2364 815 2437 veniunt,

56 2444 213 2503 allectionis
238 2447 431 2503 terrenitatem
454 2449 489 2504 ad
514 2448 816 2519 peccandi-concupi·

59 2546 92 2589 as
113 2547 174 2588 sese
190 2536 310 2604 turpiter
333 2535 541 2605 demittentem,
562 2550 707 2606 germanae
732 2537 818 2593 ratio·

59 2627 122 2679 torn
149 2623 234 2684 vires,
263 2622 353 2679 donec
376 2623 413 2679 ad
434 2625 708 2694 supereminentiam
737 2639 816 2682 aoce-

60 2708 233 2774 intellectus,
260 2711 309 2780 qui
338 2711 554 2769 universitatem
583 2712 721 2769 vitiorum
744 2727 817 2784 sup·

870 1576 960 1635 eturn,
986 1569 1056 1639 quia
1078 1583 1135 1624 tion
1160 1569 1221 1624 sine
1243 1568 1340 1625 dolore
1359 1568 1491 1637 parimus
1517 1569 1660 1640 quidquid
1677 1577 1719 1625 est

870 1656 1012 1712 bonorum
1035 1669 1165 1725 operum,
1187 1655 1328 1724 respondit
1344 1670 1351 1708 ι
1367 1658 1439 1710 boos
1452 1657 1525 1714 filios
1539 1672 1609 1711 meos
1629 1659 1717 1712 irater-

869 1748 926 1814 fice,
942 1745 968 1798 si
993 1759 1047 1798 oon
1066 1744 1199 1797 reducere
1219 1759 1279 1797 eura
1304 1743 1363 1798 tibi.
1384 1744 1472 1798 Trade
1497 1749 1527 1798 in
1548 1760 1632 1798 mona
1646 1760 1716 1806 mea,

870 1839 895 1887 et
909 1848 956 1902 epo
970 1848 1030 1887 eam
1052 1836 1195 1887 restituam
1210 1832 1271 1886 tibi.
1293 1836 1332 1888 Ac
1351 1831 1374 1887 si
1391 1831 1496 1888 diceret
1514 1848 1520 1887 :
1538 1833 1616 1888 Duos
1635 1833 1717 1902 prin-

869 1921 975 1991 cipales
1007 1920 1156 1977 charitatis
1192 1918 1322 1984 aflectus,
1353 1919 1390 1975 ad
1418 1920 1508 1977 Deum
1546 1920 1653 1976 seilicet
1691 1926 1718 1976 et

870 2010 1055 2080 proximum,
1087 2023 1160 2078 quos
1194 2008 1283 2075 lovea,
1309 2007 1378 2063 dnm
1406 2008 1585 2078 perfectionis
1612 2008 1718 2063 laturae

870 2096 959 2153 robur
974 2097 1127 2168 attingant,
1144 2095 1173 2150 in
1189 2103 1274 2151 temet
1291 2095 1431 2161 interime,
1443 2097 1465 2149 si
1482 2095 1634 2151 tradideris
1649 2108 1716 2151 eum

870 2186 969 2241 manui
994 2199 1073 2253 rneaa,
1097 2184 1125 2239 id
1139 2191 1180 2240 est
1199 2183 1221 2239 si
1238 2183 1396 2239 seeundum
1421 2181 1622 2238 rationalitatis
1645 2196 1717 2251 ope-

871 2275 1009 2329 rationem
1031 2286 1064 2328 ac
1088 2273 1284 2343 magisterium
1307 2271 1446 2328 direxeris
1470 2284 1559 2341 spem,
1586 2284 1637 2340 per
1651 2270 1717 2327 elli-

870 2362 1003 2418 eientiam
1018 2370 1178 2418 consecutae
1198 2359 1385 2416 beatitudinis
1407 2372 1469 2415 eam
1487 2359 1538 2413 tibi
1556 2372 1717 2428 repraesen-

871 2451 947 2518 tabo,
964 2449 1039 2521 quod
1065 2449 1158 2505 credis
1184 2455 1234 2504 aut
1258 2461 1356 2518 speras
1378 2447 1552 2503 verilicaodo
1567 2460 1618 2516 per
1644 2460 1716 2502 rem.

871 2540 970 2608 (Vens.
1000 2537 1057 2609 48.)
1083 2539 1143 2594 Noa
1170 2537 1320 2597 descendet,
1350 2539 1449 2613 iropait,
1469 2536 1543 2605 filias
1566 2550 1641 2589 mais
1669 2549 1716 2588 eo·

871 2628 983 2682 biseam.
1006 2626 1154 2682 alternare
1178 2625 1227 2681 tali
1243 2624 1326 2680 modo
1347 2624 1437 2680 solent
1461 2623 1489 2678 in
1505 2624 1602 2678 animo
1617 2621 1718 2678 divina

871 2729 904 2771 ac
922 2716 1050 2772 bumana
1072 2714 1205 2782 rationes,
1228 2713 1296 2770 dum
1321 2712 1369 2768 illa
1390 2711 1512 2767 sublime
1533 2710 1667 2766 admonet
1690 2717 1718 2766 et

56 2805 87 2866 tt,
112 2795 288 2868 irrumpunt.
310 2799 473 2856 intellectus
494 2802 570 2857 onim
597 2801 817 2873 contemplativa
837 2805 1000 2876 coaggerit
1024 2804 1078 2860 sub
1103 2801 1281 2859 discretionis
1304 2801 1418 2856 nomine
1441 2800 1495 2855 ista
1519 2807 1638 2869 tepores.
1661 2799 1718 2855 Vos

56 2885 144 2943 lotitia
165 2886 280 2954 dieitur,
297 2893 324 2945 et
341 2888 402 2945 ideo
417 2903 529 2946 ornnem
554 2889 673 2945 rationis
697 2890 816 2947 modurn

56 2974 197 3046 graditur.
228 2975 302 3032 llulc
328 2984 449 3033 narrant
475 2977 618 3048 quaesibi
647 2978 814 3046 acciderint,

64 3062 103 3119 ad
131 3063 209 3120 laune
234 3063 401 3121 reseruntur
426 3065 816 3138 discutienda·quaecunquo

56 3151 169 3207 tdrersa
193 3152 238 3208 vel
267 3166 405 3224 prospera
433 3153 607 3226 ingruerint.
636 3156 752 3209 Locutus
776 3158 815 3209 est

67 3238 195 3295 domium
229 3245 307 3296 terra
339 3241 416 3310 dare,
446 3241 553 3298 scilieet
582 3242 741 3312 spiritualis
765 3243 815 3298 de-

56 3342 104 3385 um
127 3328 305 3398 incrementi,
323 3330 401 3401 quod
424 3331 617 3401 supereminet
638 3333 716 3387 omni
732 3339 815 3389 terrae

56 3428 83 3483 s,
113 3414 217 3486 objecit
250 3414 332 3472 nobis
367 3415 450 3472 initia
483 3416 555 3472 bene
593 3417 711 3473 vivendi
748 3431 815 3488 pro·

56 3501 143 3560 itibus
171 3502 351 3562 incommoda
382 3504 558 3562 dildcoltatis
585 3511 725 3563 venturae.
752 3509 815 3564 caa-

56 3604 109 3661 tuae
122 3599 288 3662 sequumur
303 3592 438 3664 superius
453 3600 583 3656 tractata,
601 3603 767 3666 nenegant,
784 3602 816 3651 ut

56 3692 81 3748 r,
96 3681 196 3751 repeti.

56 3782 90 3825 ts.
108 3769 152 3830 35,
177 3770 222 3822 ab.
243 3798 271 3809 -
293 3770 343 3824 His
370 3769 460 3832 dietis,
484 3786 544 3825 com
559 3771 700 3839 [ramenta
726 3771 817 3841 effan-

56 3861 75 3920 t,
101 3859 207 3925 singuli
232 3864 393 3928 repererant
421 3862 451 3914 in
475 3877 521 3915 ore
546 3877 686 3916 saccorum
716 3862 816 3930 ligatas

56 3948 109 4000 ias.
131 3947 331 4013 actorumque
346 3949 429 4003 simul
442 3950 576 4012 omnibus,
593 3950 665 4005 dicit
673 3954 756 4021 pater
768 3951 816 4004 la·

56 4032 163 4100 samoe
184 4035 275 4091 bbere
301 4052 343 4091 me
362 4052 418 4092 esse
436 4039 550 4104 fecistis.
573 4038 672 4108 ioseplt
695 4055 749 4094 oon
774 4043 814 4093 est

56 4163 60 4183 .
87 4122 196 4178 Seneca
218 4128 326 4179 teactae
350 4129 380 4180 in
402 4129 528 4189 vinculis,
554 4132 580 4181 et
603 4127 748 4196 benjamin
767 4142 815 4181 aa·

56 4214 123 4267 taio
144 4227 187 4267 me
200 4212 341 4269 bacmala
362 4219 454 4269 omnia
472 4214 637 4269 reciderant.
659 4214 814 4285 Postquam

56 4299 214 4357 intellectus
245 4301 326 4359 lance
353 4303 451 4359 omnia
478 4303 679 4370 trutinantur,
706 4302 814 4374 singuli

871 2893 959 2947 nimie
978 2892 1102 2962 propriis
1116 2890 1235 2945 fidentes
1259 2887 1371 2944 viribus
1392 2887 1449 2943 alta
1464 2885 1646 2957 praesumitis,
1667 2886 1715 2941 sod

870 2980 937 3036 rita
952 2993 1022 3036 meae
1044 2978 1224 3043 exercitium,
1248 2976 1323 3046 qitod
1339 2983 1381 3031 est
1406 2974 1482 3031 iilius
1496 2974 1631 3036 dexterae,
1653 2987 1717 3042 spes

870 3068 1002 3123 videlicet
1016 3066 1211 3138 promerendae
1232 3063 1377 3120 electionis
1404 3077 1462 3118 non
1478 3062 1629 3118 nobiscum
1648 3075 1717 3131 pro-

871 3155 1002 3227 greditur
1024 3154 1060 3211 ad
1083 3154 1185 3222 ardua,
1215 3153 1263 3208 sed
1289 3153 1364 3208 sicut
1387 3151 1592 3221 scriptumest
1617 3151 1716 3206 :onas

870 3259 952 3314 saper
981 3249 1006 3299 te
1028 3259 1062 3297 oe
1090 3243 1221 3297 levaveris
1249 3241 1302 3309 (lV
1328 3241 1392 3308 lieo.
1420 3254 1464 3306 nt,
1490 3239 1554 3308 25l3
1583 3238 1619 3294 ad
1647 3252 1717 3308 pro-

870 3333 995 3404 positum
1015 3331 1110 3389 tendet
1130 3344 1197 3386 cum
1223 3341 1369 3394 mensura,
1395 3326 1553 3397 quietalis
1580 3340 1717 3382 ascensus

871 3434 928 3477 non
952 3418 1032 3475 aliud
1047 3431 1136 3489 quam
1162 3417 1315 3473 descensus
1337 3423 1410 3471 esset
1433 3414 1468 3470 ad
1486 3414 1594 3469 inbuta.
1619 3415 1717 3469 mater

870 3507 948 3578 ejas,
975 3504 1137 3563 intellectus
1163 3504 1321 3561 secundum
1349 3502 1404 3558 sibi
1436 3501 1529 3558 debite
1560 3500 1717 3571 majestatis

872 3595 1023 3666 imperium
1038 3599 1159 3648 mortuos
1176 3596 1225 3659 est,
1249 3593 1301 3649 iste
1316 3592 1398 3654 sotus,
1423 3603 1488 3660 spes
1503 3589 1609 3646 seilicet
1633 3589 1715 3645 lutu-

871 3696 969 3740 rorum
989 3685 1135 3749 remansit3
1152 3681 1261 3751 siquid
1281 3683 1306 3735 ei
1328 3679 1503 3734 cecideritin
1524 3682 1610 3744 terro,
1629 3678 1715 3733 idest

870 3780 969 3828 eontra
988 3772 1181 3829 terrenitatem
1208 3770 1289 3827 robis
1310 3768 1488 3825 certantibus
1502 3768 1537 3823 ad
1558 3781 1646 3838 quam
1662 3766 1717 3823 ob-

871 3860 1016 3918 tinendam
1041 3859 1167 3929 tenditis,
1193 3874 1273 3914 canos
1299 3873 1379 3923 meos,
1408 3857 1502 3913 idest
1529 3855 1715 3912 delectionem

870 3957 1103 4020 vetustatemque
1126 3962 1219 4005 meam
1234 3947 1272 4003 oct
1290 3949 1392 4014 inferos
1413 3945 1522 4003 ultimae
1543 3944 1717 4013 desperatio·

872 4038 917 4094 nis
929 4038 1086 4109 deponetis.
1104 4039 1135 4094 ln
1151 4037 1262 4094 interno
1272 4037 1349 4093 enirn
1366 4035 1434 4107 quis
1447 4032 1631 4091 confitebitur
1645 4031 1718 4088 tibil

837 4087 954 4199 n(licat.
971 4142 1010 4196 m,
1026 4128 1067 4197 6.)

1170 4196 1287 4253 cbeur
1310 4194 1412 4252 XLlll.

904 4306 990 4362 Vitas.
1017 4307 1040 4358 l.
1057 4306 1083 4360 2.
1101 4334 1134 4344 -
1157 4303 1269 4357 interim
1284 4304 1370 4368 tames
1394 4315 1497 4355 omnem
1522 4303 1622 4354 terram
1636 4298 1715 4353 vete·

56 4396 115 4446 tnta
141 4386 306 4458 effundunt,
335 4404 402 4447 cum
428 4390 519 4447 divini
549 4390 679 4448 subsidia
703 4391 815 4447 consilii
868 4398 972 4449 menter
991 4392 1142 4464 premebat.
1159 4391 1385 4460 donsomptisque
1405 4389 1471 4443 cibis
1490 4404 1557 4455 ocos
1574 4404 1608 4442 ea
1630 4389 1714 4455 Ερυ-

56 4476 152 4547 etipsis
165 4476 317 4533 interiores
334 4492 437 4535 sensus
457 4486 625 4551 aspergunt.
642 4481 673 4534 la
689 4495 735 4536 ore
753 4494 813 4534 sac·
864 4487 915 4553 pto
936 4482 1092 4538 delatorem
1110 4481 1182 4535 dicit
1195 4479 1277 4535 Jacob
1289 4479 1327 4533 ad
1339 4480 1409 4549 tilios
1429 4492 1492 4533 suos
1504 4495 1514 4532 .·
1527 4477 1713 4535 liebertimiat,

56 4566 182 4635 ,tactas
204 4570 335 4637 pecunias
355 4567 512 4638 reperiunt,
532 4583 599 4625 curu
615 4568 645 4624 in
660 4570 722 4639 ipsa
744 4582 814 4641 sug⁴
868 4578 894 4629 et
914 4573 992 4626 emite
1014 4571 1170 4639 pauxillum
1195 4583 1327 4624 escarum.
1352 4567 1474 4622 Animus
1498 4578 1564 4622 cum
1591 4562 1715 4619 nimium

57 4667 94 4711 oe
116 4656 221 4724 earnis,
248 4656 414 4726 passionum
439 4657 560 4714 insertas
582 4656 718 4713 salutaris
737 4670 814 4728 pra·
867 4658 1024 4716 tentatione
1049 4657 1191 4728 pulsatur,
1208 4657 1238 4712 in
1265 4661 1336 4711 155
1354 4654 1494 4711 desidiam
1508 4650 1672 4718 resolvitur,
1687 4655 1716 4706 et

56 4743 120 4798 tenti
144 4757 291 4813 censuras,
308 4760 373 4816 quae
398 4745 443 4801 bis
457 4746 583 4814 obvient,
598 4760 634 4801 ea
656 4752 814 4802 cousuetu-
868 4748 921 4805 sub
941 4746 1143 4803 mediocritatis
1165 4745 1257 4802 colore
1277 4757 1312 4800 ea
1326 4758 1392 4814 quae
1414 4741 1553 4813 praedicta
1572 4746 1639 4796 sunt
1654 4737 1716 4794 elo-

56 4831 206 4888 resistendi
234 4833 287 4890 sibi
303 4833 417 4890 inolitas
439 4835 614 4891 custodiunt.
636 4834 724 4890 Simul
749 4848 814 4891 om·

868 4837 979 4906 quitur.
1006 4836 1130 4891 Fructus
1153 4840 1260 4899 tamen,
1285 4834 1335 4903 qui
1358 4845 1392 4887 ex
1423 4831 1517 4901 prima
1539 4825 1716 4885 consessione

56 4926 243 4990 sternentur,
272 4935 337 4978 cum
368 4922 486 4980 sollicite
517 4923 660 4980 interioris
689 4923 814 4980 hominis
866 4930 1047 4996 provenerat,
1072 4923 1222 4980 bumilitas
1243 4934 1277 4977 ac
1304 4918 1498 4990 compunctio,
1525 4924 1584 4975 tota
1608 4928 1715 4972 cousu-

65 5007 208 5066 adrersus
230 5009 358 5080 eorporis
380 5010 526 5069 illecebras
549 5011 710 5069 secundum
737 5009 813 5067 Scri·
867 5010 966 5078 mitur,
991 5017 1019 5066 et
1042 5009 1125 5081 quasi
1147 5023 1181 5063 ea
1206 5007 1332 5076 AEppptc
1352 5004 1438 5062 delati
1462 5002 1519 5060 eibi
1547 5001 1714 5071 depereunt,

56 5110 119 5154 tum
142 5097 257 5154 decreta
281 5098 454 5156 redduntur.
483 5099 536 5156 Sed
557 5099 627 5157 dum
653 5099 814 5156 intellectus
866 5099 936 5156 dum
962 5098 1136 5169 ponitentiae
1161 5102 1341 5167 peccatorum
1363 5091 1475 5150 utilitas
1496 5089 1664 5159 abrogatur,
1687 5094 1717 5144 et

56 5185 218 5242 stadiorum
240 5187 394 5243 vexatione
415 5187 560 5256 turbatur,
584 5189 731 5260 quondam
752 5187 813 5244 lra-
865 5187 982 5246 interim
1009 5200 1091 5243 mens
1108 5183 1217 5242 consilii
1242 5189 1365 5256 egestate
1390 5179 1534 5236 atteritur.
1560 5176 1613 5233 Sed
1628 5176 1716 5233 intel-

56 5274 202 5333 lastidiose
239 5273 350 5348 absque
383 5274 501 5347 liberis,
536 5277 678 5335 bonorum
706 5277 814 5334 scilicet
866 5276 956 5333 lertus
982 5291 1011 5332 se
1036 5274 1123 5339 vinci,
1153 5281 1181 5330 et
1207 5272 1346 5344 languere
1370 5266 1567 5338 conspiciens,
1592 5264 1669 5333 titiis,
1686 5262 1715 5319 id

56 5378 83 5422 m
107 5364 265 5430 tractibus,
290 5364 397 5422 lactum
415 5366 554 5436 perbibet,
579 5366 649 5422 dum
665 5365 813 5422 adomnia
866 5372 907 5421 cst
924 5365 977 5435 piis
991 5364 1197 5435 cogitationum
1214 5360 1349 5426 motibus,
1372 5363 1405 5413 ut
1419 5359 1604 5413 revertantur
1617 5350 1655 5406 ad
1668 5351 1717 5406 sui
