3818 6008
465 191 574 248 aelst.
595 192 640 247 DE
661 191 839 248 vuuttatn
861 193 1018 281 nortluidi
1039 194 1222 251 CORPORIS.
1668 201 1720 257 tat

56 328 233 384 »directione
253 342 327 397 saepe
346 327 473 397 ponitur.
501 329 532 384 iu
553 336 678 386 torrento
693 329 814 385 abscon·
833 329 984 386 derutliat
1007 338 1041 387 te.
1063 333 1181 401 Grtmque
1200 336 1315 389 uenisset
1334 335 1373 389 aa
1388 339 1498 404 portam
1516 338 1647 402 ciuitatis,
1668 352 1717 406 ap·
1736 372 1739 377 -

76 417 147 472 dum
171 416 246 471 intra
266 415 336 486 legis
358 415 504 471 scientiam
525 416 658 473 amultis
674 433 740 488 quaa
756 416 818 489 lego
870 421 967 487 paruit
995 423 1020 473 ει·
1048 422 1146 474 mulier
1172 422 1257 476 ciana
1284 424 1412 490 colligens
1438 425 1513 491 ligno
1540 424 1632 494 (ibid,
1662 427 1717 492 ιο).

56 505 157 560 bantur
179 503 257 558 vitiis
281 511 457 570 contutatur,
479 512 507 560 et
528 512 603 562 recte
622 505 684 575 ipsa
705 513 818 562 torrens
871 507 955 563 Porta
976 507 1100 564 civitatis
1124 509 1183 578 ipse
1208 517 1250 566 est
1268 511 1320 580 qui
1338 511 1432 566 dicit:
1457 513 1515 580 Ego
1537 527 1597 566 sum
1621 515 1720 566 ostiam

58 606 83 659 r,
109 606 176 662 quae
199 606 258 647 non
283 592 510 659 immutabiliter,
536 594 586 649 sed
613 594 816 663 pertunctorio,
871 594 959 667 (loon.
984 611 1013 663 ιι,
1039 597 1077 667 9).
1102 599 1152 652 Εει
1176 606 1272 653 autem
1299 598 1425 655 Ecclesia
1447 599 1558 667 civitas,
1585 599 1655 669 quia
1679 599 1720 656 ibi

58 681 99 736 asi
119 680 155 735 ad
170 687 285 749 tempus
299 680 395 735 datur.
414 681 494 737 Unde
509 688 536 737 ει
560 682 680 738 aPaulo
694 689 819 738 sanctam
871 699 964 741 unum
982 700 1032 742 cor
1051 686 1189 743 babentes
1208 687 1398 743 communiter
1417 688 1529 744 ducunt
1551 687 1634 743 vitas.
1650 689 1720 745 iure

56 785 95 823 arc
119 775 240 825 vocatur
258 769 352 833 (Hebr.
377 784 416 834 rx,
437 769 474 840 1).
498 770 596 827 Caritlr
619 780 716 828 autem
736 787 819 828 voca·
870 788 939 845 ergo
961 774 1086 844 primum
1107 775 1143 830 ad
1165 783 1277 845 portam
1300 775 1443 831 venitur:
1466 784 1593 847 uteroque
1616 777 1719 833 mulier

56 898 63 924 ‚
88 857 166 928 quod
189 872 315 911 occursus
335 861 409 924 ignis
431 858 646 928 interpretatur,
670 861 740 930 quia
759 876 818 931 quo
870 862 960 918 vidua
985 871 1106 932 apparet
1133 863 1203 934 quia
1231 864 1357 933 primum
1386 864 1517 920 cbristus
1541 864 1718 935 agnoscitur,

56 961 59 1000 t
83 945 145 1017 lege
159 946 295 1003 mandato
318 946 355 1003 ab
380 946 486 1003 illicitis
509 948 672 1018 arcebatur,
697 964 730 1006 eo
753 963 818 1006 am·
871 957 999 1022 tuncque
1015 952 1131 1007 demum
1148 953 1218 1022 quid
1240 953 1276 1008 sit
1295 952 1421 1008 Ecclesia
1445 960 1531 1022 patet.
1557 954 1621 1008 Haec
1640 952 1719 1023 ligna

58 1035 536 1105 couctrpiseentlarumocerrrsibus
547 1037 726 1106 pulsabatur.
739 1038 818 1110 Ignis
871 1038 988 1110 colligit,
1004 1039 1074 1110 quia
1088 1047 1247 1110 utrumque
1262 1041 1399 1109 populum
1416 1040 1442 1094 iu
1457 1055 1487 1096 se
1503 1040 1600 1095 counit
1616 1055 1623 1093 :
1640 1039 1718 1109 quod

65 1123 298 1193 concupiscentia
322 1132 374 1179 est.
399 1125 480 1181 Unde
503 1126 657 1194 Apostolus
682 1141 688 1180 :
716 1128 816 1183 concu—
869 1127 946 1182 enim
962 1127 1135 1198 pariesalibi
1150 1127 1256 1198 signat,
1272 1128 1327 1183 hoc
1342 1128 1405 1182 istic
1420 1128 1530 1198 lignum
1545 1142 1601 1183 nou
1613 1127 1719 1183 incom-

58 1215 136 1279 tiam,
163 1211 269 1282 iuquit,
294 1213 453 1279 nesciebam,
477 1216 534 1268 nisi
553 1215 597 1268 lea
618 1215 717 1269 eliceret
733 1232 740 1270 ι
758 1219 817 1272 lton
869 1215 1018 1271 venienter
1043 1223 1175 1282 ostentat,
1201 1230 1268 1271 nam
1295 1217 1353 1273 duo
1378 1218 1457 1288 ligna
1479 1217 1574 1273 crucis
1600 1218 1641 1273 sic
1664 1217 1719 1275 ista

56 1303 135 1356 oisces
158 1302 246 1370 (Rom.
263 1316 311 1367 vu,
329 1306 366 1368 7).
385 1303 491 1358 Contra
504 1302 657 1359 Iordanem
680 1310 730 1370 est,
747 1305 818 1374 quia
871 1303 1055 1373 portendunt,
1072 1311 1104 1360 ιιι
1118 1304 1243 1360 alterum
1259 1311 1420 1374 porrectum
1433 1306 1548 1362 tudaeos
1560 1319 1594 1361 aa
1609 1306 1632 1362 si
1647 1305 1716 1362 unl-

56 1388 134 1455 .liud,
150 1404 239 1459 quam
254 1390 414 1445 secundum
431 1391 555 1460 gratiam
570 1391 750 1460 baptismatis
769 1393 816 1447 vi·
870 1405 970 1447 cornes
987 1391 1101 1456 innuat,
1125 1391 1247 1448 alterum
1270 1399 1467 1449 transversum
1490 1393 1620 1463 gentiles,
1636 1408 1670 1449 ao
1693 1394 1718 1450 si

56 1477 214 1533 volentium
238 1479 421 1547 praesagium,
439 1478 496 1533 imo
511 1478 670 1547 auspicium
687 1487 738 1536 est.
760 1483 816 1536 lox
869 1478 1009 1535 ediverso
1024 1480 1259 1536 subintroductos
1274 1480 1414 1536 ostendat.

69 1565 245 1636 paedagogus
278 1573 376 1622 noster
403 1573 446 1622 εει
473 1565 503 1621 in
532 1567 655 1623 cbristo.
688 1569 727 1624 bc
754 1575 816 1625 tor·
1051 1622 1056 1632 ,
1215 1624 1221 1636 ,
1248 1624 1254 1636 ,
1357 1625 1363 1636 ·
1515 1627 1521 1639 ι
1547 1626 1552 1637 Ι

79 1653 183 1723 inquit,
208 1653 288 1721 bibit,
311 1655 381 1710 dum
405 1655 639 1725 qualemcunque
663 1630 854 1726 vapidumm
904 1623 939 1675 Et
962 1625 1068 1674 cocaoct
1092 1637 1160 1690 eam,
1190 1622 1317 1692 dravique
1338 1638 1362 1676 ει
1384 1639 1390 1677 :
1416 1627 1456 1678 lla
1482 1625 1551 1678 mebi
1574 1625 1718 1693 paululum

56 1748 70 1799 ξι
111 1741 304 1804 intellectum,
341 1743 376 1798 de
416 1742 489 1814 legis
530 1744 650 1801 scientia
693 1747 815 1816 populus
868 1711 996 1778 aquaein
1018 1725 1082 1762 oasa
1105 1715 1136 1764 ut
1164 1710 1254 1764 bibam
1278 1711 1330 1781 (lli
1357 1714 1422 1780 lieg.
1450 1727 1522 1780 xvrt,
1552 1714 1605 1780 to).
1627 1712 1718 1768 Vocat

56 1838 64 1887 ι
867 1810 929 1852 eam
952 1811 1018 1854 cum
1039 1805 1169 1868 patenter
1188 1799 1308 1855 addiscit
1329 1800 1487 1856 vocationis
1501 1801 1632 1857 omnium
1648 1800 1717 1856 lide-

56 1870 99 1975 vis
114 1919 243 1989 precipit
257 1919 333 1975 Deus
348 1928 379 1976 ιιι
397 1920 516 1977 ibicum
533 1928 652 1991 pascam
680 1923 748 1978 dum
764 1937 813 1978 sa„
868 1884 939 1942 lium
955 1900 1082 1942 causam.
1100 1888 1213 1957 Aquam
1232 1888 1261 1942 in
1275 1901 1343 1943 vase
1358 1888 1420 1943 dari
1435 1889 1490 1944 sibi
1504 1888 1670 1958 expostulat
1686 1896 1718 1944 ut

56 2007 128 2064 :ibus
146 2007 237 2063 nimia
251 2007 457 2065 sacrificiorum
479 2009 635 2066 ambitione
654 1965 813 2080 'rapacibus
868 1974 956 2040 ΝΜ
969 1988 1037 2030 ⁰⁰⁰¹
1059 1975 1218 2030 ‘marinam
1243 1990 1300 2030 '¹⁰¹¹
1326 1990 1376 2045 pes
1400 1976 1571 2045 demereses'
1588 1985 1621 2032 ω
1641 1976 1717 2032 ⁵⁰¹⁹*

70 2095 101 2163 ὴ,
126 2103 158 2151 m
182 2109 249 2151 eum
272 2095 406 2150 doceam,
453 2097 540 2153 uibus
564 2098 727 2154 Dominuq,
748 2102 801 2154 Vos
867 2063 915 2118 bat
930 2062 1101 2130 licitantem,
1125 2064 1218 2119 sedin
1245 2063 1368 2125 Christo,
1393 2064 1443 2134 qui
1465 2070 1507 2119 est
1522 2077 1572 2118 vas
1593 2063 1716 2119 electum

56 2110 137 2239 {cistis
159 2183 227 2237 hanc
246 2183 354 2238 domum
373 2112 529 2254 sp'elgmam
547 2141 812 2255 wtronum‘ffl'mm'
866 2156 894 2205 et
909 2150 1101 2220 praeelectum,
1117 2153 1147 2205 in
1162 2168 1214 2222 quo
1236 2157 1299 2206 stent
1320 2167 1408 2206 omnes
1429 2153 1554 2206 tnesanri
1573 2153 1716 2221 sapientie

56 2269 101 2341 la).
125 2270 178 2327 Sed
205 2278 234 2327 ει
263 2271 340 2327 Elias
369 2272 398 2327 in
430 2279 554 2330 torrente
578 2289 643 2329 curu
670 2274 759 2343 plebs,
781 2282 813 2331 ut
866 2238 1022 2293 ⁰⁶⁵⁰Mdi‘i
1055 2239 1179 2338 (ΜΨ
1207 2240 1246 2339 3),’
1268 2240 1469 2340 ,υῃᾱθωῃψῖθ
1502 2240 1655 2340 ῳὴῷῃᾶω
1688 2247 1716 2295 ⁰⁸

74 2360 243 2428 Aposwlum
263 2359 376 2430 loquar,
401 2361 556 2430 requiescit
578 2361 606 2416 in
631 2361 702 2432 lege·
728 2361 812 2419 Corvi
866 2334 1054 2394 constantem,
1069 2329 1200 2385 exhiberi
1221 2329 1274 2384 stbr
1296 2328 1332 2384 ab
1349 2328 1475 2384 Ecclesia
1489 2337 1636 2398 prrmttrva
1650 2341 1714 2384 cor-

56 2454 95 2504 ω,
120 2461 221 2516 panem
236 2455 265 2504 et
286 2462 387 2504 carnes
408 2463 503 2516 mane,
519 2449 649 2506 Similiter
668 2464 767 2520 panem
785 2462 813 2509 et
866 2416 980 2486 rogitat.
997 2417 1175 2486 Cumqueilla
1186 2421 1350 2486 pernoctat
1362 2417 1471 2486 offeret
1481 2419 1571 2486 panis,
1586 2417 1717 2471 clamavit

56 2549 196 2605 svespere
219 2536 272 2606 (tlt
293 2538 357 2604 aeg.
379 2551 447 2605 xvrt,
469 2538 497 2605 6)

56 2623 145 2689 tersis,
162 2625 240 2694 quod
262 2632 304 2680 est
326 2639 409 2682 mane
427 2633 456 2682 et
479 2640 604 2695 vespere,
627 2629 810 2698 temporalem

56 2711 184 2779 dilatem,
206 2713 282 2783 quod
308 2714 390 2783 panis
411 2714 563 2785 significat,
590 2729 639 2784 per
655 2717 810 2772 sacritlcio-

56 2799 258 2868 assiduitatem,
280 2809 307 2857 et
325 2802 456 2858 carnales
478 2803 676 2861 observantias
701 2805 812 2874 populis

500 2578 508 2603 ⁹
527 2537 596 2592 dum
620 2538 648 2592 in
670 2539 813 2608 {Homeris
864 2509 925 2572 post
938 2508 1043 2573 tergum
1055 2505 1113 2575 ejus
1129 2506 1220 2560 dicens
1235 2521 1241 2559 :
1258 2505 1336 2574 Affer
1350 2506 1428 2568 mibi,
1442 2506 1557 2571 obsecro,
1574 2509 1599 2558 et
1613 2503 1715 2558 buccel-

866 2593 920 2646 lam
930 2595 965 2646 -in
978 2609 1062 2649 manu
1078 2599 1125 2648 tua
1138 2593 1269 2665 (liturg.
1286 2608 1354 2658 xvir,
1377 2592 1430 2662 ill.
1447 2593 1542 2664 Pergit
1557 2601 1589 2648 ut
1602 2591 1714 2660 alterat,

865 2697 943 2749 cum,
967 2682 1054 2752 juxta
1078 2683 1256 2752 apostolum,
1278 2681 1390 2737 lectioni
1411 2681 1532 2737 intendit
1554 2688 1585 2738 ut
1605 2681 1714 2736 elocent.

867 2767 931 2823 Post
951 2775 1065 2839 tergum
1091 2770 1205 2836 clamat,
1235 2783 1301 2825 cum
1331 2768 1430 2838 aliqua
1457 2768 1623 2823 iudaeorum
1648 2781 1714 2836 pars

866 2869 981 2912 aversos
1007 2857 1150 2926 apostolos
1180 2865 1207 2913 et
1231 2857 1386 2913 dicentes:
1416 2857 1551 2922 Quoniam
1576 2856 1715 2925 repulistis

865 2944 976 2999 uerbum
1001 2948 1058 3012 Dei,
1088 2961 1145 3000 ecce
1170 2948 1350 3000 convertimur
1375 2946 1413 2999 ad
1434 2950 1527 3015 gentes
1552 2944 1627 3014 (Act.
1652 2958 1713 3009 xtu,

865 3033 922 3104 dli),
937 3032 973 3089 ad
989 3047 1018 3088 se
1043 3034 1200 3090 docendam
1224 3034 1308 3090 etiam
1334 3034 1462 3104 precario
1488 3033 1655 3102 interpellat.
1674 3032 1716 3088 do

865 3121 889 3176 si
913 3121 1019 3179 diceret
1034 3137 1040 3175 :
1058 3123 1203 3178 Hactenus
1225 3137 1270 3178 me
1294 3123 1373 3177 corvi
1398 3120 1604 3201 sacrificiorum
1628 3134 1715 3176 carne

866 3216 1019 3279 paverunt,
1041 3210 1142 3266 amodo
1159 3225 1217 3265 nou
1240 3224 1353 3280 panem,
1378 3211 1425 3266 sed
1442 3209 1598 3267 buccellam
1620 3207 1712 3278 panis.

866 3299 943 3368 quod
959 3298 1129 3370 praegustari
1150 3299 1245 3368 potius
1267 3312 1357 3368 quam
1377 3299 1520 3354 exsatiare
1542 3297 1646 3362 valeat,
1664 3302 1715 3351 tua

865 3385 936 3441 mibi
951 3386 1080 3442 doctrina
1093 3392 1241 3457 suggerat.
1258 3387 1288 3440 ln
1313 3399 1430 3455 corpore
1455 3385 1531 3442 enim
1554 3384 1713 3449 Dominico,

865 3473 942 3543 quod
963 3486 1000 3529 ex
1022 3473 1085 3544 ejus
1111 3486 1211 3529 mensa
1235 3480 1424 3544 praerogatur,
1455 3472 1596 3528 netarium
1620 3478 1662 3527 est
1690 3470 1713 3525 sl

864 3560 1015 3631 quidpiam
1029 3567 1079 3616 aut
1095 3559 1280 3630 corporaliter
1294 3574 1460 3630 saporosum
1480 3567 1530 3616 aut
1545 3559 1644 3629 aliqua
1659 3573 1713 3614 ex-

864 3649 961 3704 teriori
983 3649 1133 3704 sanctitate
1157 3648 1214 3718 lot,
1235 3648 1395 3721 saturitate]
1418 3648 1583 3704 distendens
1607 3660 1714 3716 praesu-

864 3745 971 3805 matur,
992 3737 1062 3807 quia
1084 3736 1161 3806 quod
1175 3737 1290 3806 spiritui
1305 3736 1356 3792 soli
1371 3744 1414 3792 est
1427 3736 1598 3806 prestitum,
1615 3747 1713 3790 acor-

864 3825 942 3896 poris
955 3839 1016 3883 csse
1031 3824 1113 3880 debet
1128 3839 1245 3895 prorsus
1260 3825 1407 3895 voluptate
1422 3824 1579 3880 diversum.

56 2897 143 2945 antur.
164 2892 226 2944 Post
240 2891 297 2944 dies
312 2896 402 2944 autern
417 2893 532 2946 siccatus
547 2897 588 2947 est
600 2898 702 2947 torrens
718 2893 809 2964 (ibim,
830 2909 850 2964 (ς

56 2976 95 3032 ria
121 2985 182 3048 post
203 2978 442 3035 illuminationem
464 2980 625 3052 Evangelii,
651 2983 809 3052 gratiarum

56 3077 62 3119 t
79 3064 218 3121 doctriua
239 3064 435 3123 rudimentum
458 3068 552 3121 visum
565 3074 608 3123 est
629 3068 811 3124 credentibus

59 3159 134 3208 utem
152 3154 248 3209 minus
261 3152 407 3210 sussiciens
424 3170 430 3209 :
448 3157 508 3211 Non
522 3157 592 3209 enim
605 3158 715 3224 placeret
730 3172 811 3224 snper

56 3256 63 3293 ι
79 3240 155 3310 (den.
174 3256 203 3305 u,
221 3242 259 3309 5),
284 3242 355 3311 quia
369 3243 512 3298 adventus
529 3243 684 3299 Salvatoris
699 3245 810 3302 nullam

56 3327 92 3383 ris
115 3329 271 3395 veteribus,
295 3329 346 3400 qui
368 3331 482 3386 nonnisi
507 3339 622 3387 terrena
648 3333 810 3401 promittere

56 3424 143 3479 tntur,
160 3416 305 3473 infuderat
320 3419 551 3490 intelligentiam.
567 3421 648 3477 Unde
660 3429 722 3476 est:
744 3424 810 3477 Vir-

67 3519 177 3575 operum
198 3521 307 3560 suorum
330 3509 507 3562 annuntiabit
532 3514 608 3563 εδδ
628 3510 727 3578 populo
750 3526 808 3578 sno,

64 3593 121 3647 iltis
135 3594 318 3649 nereditatem
332 3597 464 3662 gentium.
481 3598 565 3661 (Psoi.
583 3612 630 3659 cx,
646 3599 683 3662 6).

56 3684 97 3735 tus
112 3687 151 3736 est
162 3683 250 3749 igitur
263 3698 348 3738 sermo
359 3686 466 3738 Domini
474 3684 511 3738 ad
521 3701 580 3738 earn
590 3685 681 3739 dicens
692 3701 699 3738 :
712 3686 807 3754 Surge,

56 3769 223 3838 nSarepbta
246 3771 420 3827 Sidoniorum
440 3778 465 3827 et
481 3773 600 3826 monebis
621 3773 662 3826 ibi
680 3774 807 3843 (tritten.

56 3861 74 3924 t,
91 3859 130 3926 9).
143 3857 240 3915 Sermo
255 3860 367 3915 Domini
384 3861 424 3926 ιιι,
441 3876 506 3917 cum
524 3861 651 3917 Verbum
667 3860 810 3918 invisibile

56 3959 94 4002 tra
107 3945 213 4003 lactum
224 3947 367 4018 apparuit.
380 3950 416 4006 Ut
430 3957 532 4020 surgat
544 3951 683 4016 bortatur,
696 3951 767 4020 quia
778 3957 810 4006 nt
883 3948 1033 4014 ,Buccella
1051 3963 1130 4020 ergo,
1154 3964 1219 4019 quae
1238 3949 1326 4019 vulgo
1347 3949 1439 4006 bucca
1459 3949 1577 4015 dicitur,
1593 3961 1610 4004 a
1624 3946 1713 4004 vidua

56 4033 122 4091 lmis
137 4035 173 4090 ad
186 4049 311 4104 superna
325 4037 431 4106 aspiret
446 4051 496 4107 per
511 4052 614 4094 novam
631 4039 753 4108 gratiam
770 4038 811 4094 in·
866 4037 981 4107 petitur,
996 4037 1065 4094 dum
1082 4052 1139 4094 non
1164 4038 1237 4094 armi
1259 4046 1310 4095 aut
1333 4037 1444 4108 «quavis
1468 4036 1561 4093 trusta
1579 4035 1713 4093 carnium

56 4135 78 4178 r.
96 4123 128 4178 lu
148 4121 315 4192 Sarepbtam
336 4125 377 4180 irc
389 4125 520 4196 jubetur,
542 4141 668 4197 cunique
683 4127 719 4182 sit
734 4127 809 4182 iutra
865 4125 939 4197 gulae
952 4126 1058 4197 juvant
1073 4127 1243 4196 appetitum,
1258 4126 1306 4181 sed
1322 4126 1404 4194 panis
1419 4140 1452 4181 ac
1463 4125 1525 4187 vini
1540 4124 1569 4181 in
1582 4124 1713 4181 divinam

56 4208 157 4267 inlatio
179 4212 271 4280 panis,
288 4212 315 4267 id
330 4220 373 4268 est
388 4214 510 4282 penuria
525 4213 631 4269 divinae
646 4213 809 4284 intelligeu-
828 4192 980 4270 Dcarnem
1006 4213 1232 4271 substantialiter
1251 4228 1303 4283 per
1324 4214 1414 4269 verba
1437 4213 1586 4273 Doruinica
1603 4212 1732 4286 immu-,

56 4297 116 4354 cire
140 4307 351 4370 commonetur3
375 4301 513 4371 Sarepbta
540 4301 646 4371 quippe
669 4301 810 4357 tribulatio
864 4303 925 4369 tati,
948 4302 1099 4358 minoritas
1117 4316 1200 4373 aeqne
1218 4315 1252 4357 ac
1269 4302 1416 4373 majoritas
1433 4301 1588 4358 salubriter
1610 4301 1713 4357 transit

64 4385 280 4456 interpretatur.
307 4388 386 4452 Quod
413 4388 489 4444 enim
516 4388 544 4443 iu
574 4389 730 4459 Evangelio
753 4397 810 4444 tres
864 4391 900 4446 ad
916 4390 1056 4447 animum.
1073 4390 1147 4457 Quid
1163 4390 1239 4446 enim
1255 4390 1293 4446 ibi
1309 4391 1468 4461 quantitas,
1482 4390 1511 4445 in
1527 4389 1612 4461 cujus
1626 4388 1713 4445 etiam

71 4483 186 4544 propter
204 4475 373 4531 trinitatem
395 4475 470 4546 (Luc.
496 4492 524 4543 ιι,
551 4477 589 4548 6),
610 4478 662 4534 boc
686 4477 808 4533 bicsin-
864 4486 959 4534 atomo
988 4486 1098 4535 constat
1121 4479 1222 4535 salutis
1252 4477 1451 4535 universitas?
1475 4478 1528 4534 Ubi
1553 4476 1712 4534 notandum

59 4569 102 4618 ter
116 4562 286 4634 intelligitur
298 4570 414 4633 propter
428 4563 577 4620 unitatem.
593 4565 659 4620 Hecc
672 4565 810 4634 Sarcpbta
864 4566 942 4637 quod
957 4579 1018 4622 cam
1034 4574 1067 4623 ut
1080 4567 1110 4622 in
1125 4581 1213 4622 manu
1227 4580 1280 4622 sua
1294 4565 1396 4620 afferat
1408 4565 1581 4635 postulatur,
1598 4564 1668 4634 qula
1682 4563 1712 4618 iu

58 4664 142 4706 orum
163 4657 216 4716 est,
240 4651 310 4722 quia
332 4651 393 4708 baec
414 4659 526 4723 egestas
549 4667 608 4722 qua
631 4653 698 4723 quis
723 4653 811 4710 tribu·
864 4662 1002 4725 potestate
1019 4655 1163 4711 utentium
1184 4662 1227 4711 est
1249 4654 1393 4726 quidquid
1413 4653 1479 4709 inde
1498 4653 1662 4722 suscipitur.
1684 4652 1712 4707 Si

61 4737 93 4794 in
115 4738 155 4794 eis
180 4738 360 4809 potissimum
381 4740 493 4809 estqui
518 4739 647 4795 carnalia
672 4740 810 4798 inutiliter
863 4744 941 4799 enim
969 4742 1000 4799 in
1022 4751 1161 4813 potestate
1185 4751 1282 4799 nostra
1308 4752 1351 4798 est
1379 4741 1451 4798 filios
1482 4741 1531 4797 Del
1558 4739 1629 4805 fieri,
1655 4754 1712 4796 non

57 4833 113 4882 tur.
138 4825 256 4883 Sidonia
276 4829 353 4883 enim
376 4830 483 4882 cenatio
505 4829 613 4881 inutilis
638 4827 810 4898 interprete·
865 4831 961 4887 minus
984 4831 1014 4886 in
1038 4838 1135 4888 nostro
1162 4832 1240 4887 sedet
1266 4829 1385 4886 arbitrio
1415 4843 1465 4899 per
1494 4828 1560 4885 fidei
1585 4841 1712 4884 amorem

56 4913 89 4971 :ni
119 4929 237 4985 quoque
261 4929 379 4971 manere
407 4915 584 4986 precipitur,
608 4915 678 4971 dum
702 4915 731 4972 in
756 4917 811 4972 bac
865 4927 943 4977 tanto
960 4919 1093 4990 mysterio
1112 4918 1292 4976 inviscerari.
1311 4917 1365 4985 Qui
1382 4924 1479 4974 autem
1501 4931 1588 4988 super
1608 4917 1663 4972 bac
1682 4930 1713 4973 re

56 5002 187 5060 levatione
212 5018 270 5060 non
299 5004 423 5071 horarie,
453 5004 503 5060 sed
531 5005 720 5060 stationaliter
744 5019 810 5076 per·
863 5009 1000 5077 disputat,
1014 5021 1166 5077 nunquam
1184 5021 1213 5063 se
1229 5005 1274 5061 isti
1297 5005 1410 5061 intorno
1425 5004 1540 5060 muneri
1552 5008 1711 5072 computat.

56 5091 219 5148 reducetur.
503 5127 505 5130 -
864 5094 953 5167 Cujus
978 5095 1119 5163 edulium,
1144 5108 1234 5166 quam
1261 5093 1366 5150 idcirco
1394 5091 1551 5150 buccellam
1578 5090 1712 5157 dicimus,

56 5183 114 5250 cepi
136 5181 177 5234 ilc·
201 5182 310 5235 mulieri
329 5181 419 5236 oidw
446 5186 477 5237 ut
495 5187 593 5252 posmt
618 5187 643 5236 te
666 5181 717 5252 (lli
743 5184 808 5251 llag.
864 5183 888 5240 si
913 5183 980 5254 quis
1001 5183 1097 5240 debita
1117 5183 1256 5253 parcitate
1280 5196 1337 5238 non
1363 5187 1470 5245 sumat,
1497 5179 1554 5236 imo
1579 5178 1714 5249 pestilera

56 5269 88 5341 l),
114 5268 142 5324 id
164 5277 206 5324 est
228 5269 365 5325 mandavi
388 5270 521 5326 Ecclesiae
543 5269 673 5327 crucillxi
696 5269 810 5326 Domini
864 5271 996 5343 largitate
1011 5287 1077 5343 quae
1098 5279 1200 5328 caetera
1223 5283 1348 5342 quaeque
1366 5277 1534 5340 praesumat,
1551 5268 1580 5324 ln
1598 5282 1631 5324 eo
1649 5281 1712 5324 cor·

65 5355 284 5426 narrataque
306 5357 367 5414 ulla
387 5359 470 5428 panis
483 5367 510 5414 et
524 5358 657 5415 carnium
674 5358 809 5414 matutini
863 5375 919 5431 pus
940 5361 1126 5430 animamque
1154 5360 1319 5424 addemnat,
1342 5373 1401 5428 quo
1425 5359 1529 5415 animae
1551 5356 1712 5413 antidotum

56 5460 150 5519 capere
173 5448 319 5516 momoria,
341 5455 374 5504 ut
397 5447 533 5518 simplicis
552 5447 724 5505 documento
744 5445 811 5504 ildoi
864 5448 941 5520 gula
954 5451 1049 5521 sapori
1075 5449 1217 5519 lmptutat,
1240 5455 1269 5504 et
1286 5447 1322 5503 ab
1339 5447 1412 5503 escis
1432 5446 1712 5504 communibuscor·
