3818 6008
350 262 473 320 TRACT.
496 264 541 319 bn
559 264 819 324 rhcannarlonu
837 267 980 324 CONTRA
997 269 1151 328 JUDAEOS.
1173 299 1203 311 -
1214 270 1278 327 hm.
1298 272 1320 326 l.
1658 276 1711 330 lte

56 406 117 449 uem
144 407 211 449 cum
229 407 263 449 eo
288 393 407 449 miscere
430 394 589 462 dissimulo,
613 403 642 452 et
665 403 808 467 quantum
828 399 936 459 Abale.
963 403 989 453 et
1013 401 1133 469 puellum
1160 401 1340 456 condiderunt
1363 416 1418 472 pro
1441 405 1513 469 cino,
1539 407 1571 458 ut
1592 403 1712 459 diberent.

56 496 73 537 u
100 489 229 552 contego,
258 482 328 552 quia
352 483 375 537 si
409 483 532 553 superbe
562 497 591 539 se
613 483 708 556 erigit,
740 499 808 541 con·
862 487 932 560 (icet
942 502 984 556 rn,
1000 489 1038 560 3).
1055 489 1105 545 Dic
1119 488 1189 544 mihi
1203 489 1279 559 quod
1291 489 1393 545 vinum
1408 498 1449 546 cst
1464 492 1630 562 germinans
1650 492 1710 549 vir-

56 584 97 626 1m
130 584 225 627 meum
254 578 364 640 reputo.
390 572 458 627 lure
485 586 553 642 ergo
579 579 607 629 et
634 573 751 639 virtute,
781 582 809 630 et
862 576 943 649 gines
958 575 1051 648 (loci.
1066 592 1105 643 rx,
1124 579 1176 647 li),
1193 592 1259 633 cum
1272 577 1382 635 soleant
1397 578 1489 635 iacere
1504 580 1710 650 pudicitiarum

56 671 84 714 1s
99 671 151 713 rex
167 666 325 714 contumax
340 658 477 728 operitur,
499 659 570 730 quia
592 661 628 715 ad
650 660 807 731 plurimam
861 674 963 722 caetera
990 667 1060 723 vina
1086 666 1253 738 jacturam?
1279 666 1342 723 Scio
1369 667 1439 737 quia
1467 668 1577 739 nescis;
1603 677 1631 725 et
1657 683 1710 740 ego

55 746 99 802 nis
112 755 140 802 et
158 746 277 816 spiritus
293 746 497 803 coutumeliam
514 748 680 806 suscitatur.
702 749 755 806 Sed
770 750 807 807 ad
861 755 958 811 adhuc
972 754 1104 821 inieram,
1121 754 1277 825 quiaillud
1298 756 1376 811 idem
1391 764 1433 812 est
1450 754 1561 825 vinum,
1585 759 1662 828 quod
1680 758 1709 814 in

56 834 194 891 adeamus.
860 840 933 896 libro
965 842 1100 898 iudicum
1133 841 1223 897 Deum
1243 841 1387 897 laetificare
1411 849 1439 897 et
1456 841 1585 897 homiues
1604 842 1710 899 dicitur

288 957 403 1015 CAPUT
423 957 472 1013 VI·
859 929 934 1000 (ind.
960 944 1000 996 rx,
1031 929 1084 1001 l3).
1113 928 1159 985 hu
1181 930 1270 986 ileum
1296 929 1453 999 aliquando
1478 929 1581 987 bibisse
1609 939 1705 1001 putas,

859 1030 927 1072 cum
937 1016 1024 1087 juxta
1038 1016 1162 1073 litteram
1176 1016 1564 1088 sensudehciasthxponam
1575 1025 1626 1075 tua
1638 1019 1706 1084 tihi;

56 1104 125 1156 rtotu
154 1101 315 1154 innocentia
339 1099 430 1169 pudor
450 1100 552 1154 aulius.
577 1102 672 1156 Utrum
690 1115 806 1168 qenero-
859 1104 974 1162 interim
989 1104 1012 1161 si
1024 1105 1078 1174 vis,
1095 1105 1184 1176 garri.

56 1197 235 1252 tomuissent
266 1200 352 1267 prima
378 1203 512 1266 parentes,
542 1200 568 1251 st
594 1201 625 1251 tn
652 1198 806 1254 occurentia
896 1194 970 1259 outa
983 1195 1078 1248 viarum
1094 1194 1326 1263 retiacensem
1336 1198 1361 1248 et
1372 1195 1707 1264 bomineeacoeam‘aam

56 1287 148 1339 issent.
168 1315 202 1323 -
225 1284 315 1339 Adam
338 1282 427 1354 igitur
444 1291 472 1339 et
489 1283 560 1351 Era,
584 1290 651 1339 ante
670 1285 807 1354 prevari—
859 1283 988 1349 oirpioes.
1001 1313 1036 1321 —
1052 1281 1161 1338 Vinum
1176 1282 1252 1352 quod
1269 1281 1394 1338 laetiilcat
1415 1281 1506 1338 Deum
1522 1289 1550 1338 et
1564 1282 1705 1344 homines.

56 1386 107 1441 sm,
139 1372 182 1428 his
203 1379 341 1428 vacantes
364 1371 499 1434 motibus,
523 1368 685 1429 beatissime
709 1373 804 1444 impu·
859 1368 983 1440 Spiritus
1007 1377 1125 1426 sanctus
1146 1377 1188 1426 est
1213 1370 1265 1440 qui
1288 1370 1401 1426 Patrem
1424 1369 1587 1441 Filiumque
1609 1383 1707 1427 amore

77 1460 206 1517 inerunt.
229 1460 280 1517 Cui
295 1460 337 1516 rei
351 1460 529 1517 simillimum
545 1468 587 1516 est
609 1462 687 1532 quod
711 1461 803 1518 inian-
858 1457 1019 1530 conjungit,
1041 1459 1157 1529 beoque
1176 1459 1328 1530 subiungit
1348 1458 1487 1514 homines.
1509 1457 1583 1525 Quid
1608 1465 1706 1515 autem

56 1556 71 1604 tl
87 1549 217 1619 impubes
231 1549 403 1619 plerumque
420 1562 523 1618 pueros
538 1550 731 1620 conspicimus
742 1551 804 1608 sine
858 1557 940 1601 amor
954 1545 1009 1601 nisi
1025 1545 1188 1617 gaudium?
1205 1554 1232 1602 et
1245 1547 1322 1616 quod
1332 1546 1472 1617 gaudium
1484 1546 1539 1602 nisi
1550 1547 1579 1602 in
1590 1545 1705 1604 amore?

56 1637 128 1694 ‚ndra
161 1638 254 1693 nudos
295 1637 433 1705 incedere,
473 1637 533 1707 qui,
568 1638 591 1692 si
626 1638 803 1693 titillationes
822 1633 1706 1729 Bhenricum,isscilicetspiritualislervor,germinatvir-

56 1740 69 1782 s
87 1732 263 1796 paterentur,
286 1734 337 1781 aut
356 1724 462 1795 seipsos
488 1726 588 1796 utique
612 1733 663 1782 aut
681 1739 728 1782 eos
752 1725 803 1796 qui
859 1721 949 1793 pines,
966 1721 1038 1793 quia
1052 1736 1205 1793 nunquam
1219 1723 1273 1779 nisi
1288 1737 1340 1793 per
1355 1723 1475 1780 ooelestis
1494 1723 1639 1779 ilammam
1656 1723 1704 1779 de·

58 1821 69 1869 t
95 1827 246 1869 occurrere
267 1821 446 1870 vererentur.
471 1814 575 1870 Beatus
599 1827 669 1886 ergo
693 1814 803 1884 primus
856 1810 953 1867 siderii
969 1811 1096 1882 mitigari
1116 1819 1251 1881 poterunt
1273 1811 1370 1868 carnis
1392 1813 1518 1869 ardores.
1535 1811 1563 1867 Si
1582 1812 1635 1867 hoc
1654 1812 1705 1868 Dei

56 1915 115 1959 rum
138 1902 291 1958 hominnm
309 1910 411 1958 status.
438 1902 517 1959 Felix
533 1902 620 1959 etiam
639 1903 803 1975 ignorantia
856 1899 976 1961 bonum,
993 1900 1046 1956 hoc
1060 1899 1214 1969 pulchrum
1226 1900 1290 1971 eius
1303 1907 1355 1968 est,
1369 1907 1401 1957 ut
1421 1900 1493 1956 nihil
1509 1914 1596 1971 penes
1612 1901 1703 1956 Deum

56 1993 154 2058 lorum,
170 1991 322 2060 quiadum
338 1991 576 2062 impassibilitatis
591 1992 735 2048 moenlhus
747 1992 802 2049 cir·
857 1987 959 2044 melius
977 1987 1186 2058 pulchriusque
1210 1996 1336 2058 putetur.
1360 1990 1427 2055 Quis
1450 1996 1494 2045 cst
1521 1990 1572 2060 qui
1589 1990 1704 2046 horrere

56 2086 120 2147 itur,
131 2079 262 2151 angelica
274 2080 427 2135 securitate
438 2080 561 2135 laetatur.
857 2077 962 2133 audeat
977 2075 1098 2147 virginis
1114 2077 1250 2132 uterum?
1264 2078 1331 2148 quis
1347 2077 1496 2149 virginalis
1518 2085 1618 2148 partus
1630 2091 1703 2133 cau-

76 2168 268 2239 quaereudum
296 2176 347 2235 est,
381 2169 404 2225 si
427 2167 585 2224 obediendo
611 2167 802 2237 persisterent,
857 2164 1159 2237 seturegressum‘lSi
1180 2165 1251 2221 velis
1270 2166 1325 2222 hoc
1343 2166 1379 2222 ob
1401 2166 1549 2223 naturales
1568 2165 1701 2223 detestari

77 2254 135 2311 duo
153 2254 204 2312 soli
225 2256 391 2326 paradisum
413 2256 579 2321 incolerent,
606 2269 642 2310 an
659 2256 693 2311 de
708 2263 804 2326 poste-
859 2261 978 2321 meatus,
1005 2267 1032 2320 o,
1063 2253 1176 2324 quoties
1198 2252 1376 2310 hiremarum
1400 2255 1532 2311 carnium
1558 2255 1709 2325 pridianas

83 2341 140 2399 imo
171 2344 205 2400 de
231 2343 309 2414 prole
329 2351 471 2400 curarent.
500 2343 650 2399 Posteritas
679 2356 805 2412 namque
858 2341 993 2412 crapulas
1018 2355 1067 2399 ore
1091 2341 1275 2398 letentissimo
1296 2343 1453 2400 vomuisti?
1475 2342 1592 2410 Quoties
1619 2350 1707 2399 tetros

56 2445 87 2487 sn
107 2439 206 2502 potest,
227 2431 277 2488 ubi
295 2432 426 2488 decessor
447 2447 506 2488 non
525 2441 584 2502 est3
603 2431 652 2488 sed
668 2431 723 2488 nisi
743 2445 806 2501 pro
857 2431 992 2497 vomices,
1020 2437 1048 2485 et
1070 2429 1254 2486 horribiliora
1274 2431 1418 2502 llegmata,
1442 2445 1530 2503 quam
1554 2431 1590 2488 sit
1611 2431 1708 2502 liquor

56 2527 98 2586 nt,
122 2534 278 2577 nnmerum
304 2535 363 2576 nou
392 2521 535 2591 lacerent3
564 2520 617 2576 nisi
649 2533 804 2576 nnmerum
859 2517 916 2585 ille,
937 2517 1051 2587 jecisti?
1074 2516 1175 2573 Senam
1199 2524 1250 2573 tuo
1269 2518 1435 2589 respondeo.
1463 2520 1500 2575 At
1524 2519 1581 2575 Deo
1604 2518 1707 2576 talium

56 2615 92 2676 ut,
108 2608 185 2665 adid
199 2623 251 2680 pro
265 2624 322 2680 quo
336 2609 401 2666 iacti
417 2609 541 2677 lucrant,
558 2623 614 2665 non
629 2608 803 2665 suidcerent.
859 2607 967 2663 auctori
982 2605 1054 2662 nihil
1070 2606 1209 2662 dedecens
1225 2613 1328 2676 praeter
1343 2615 1460 2678 peccata
1472 2608 1540 2665 scio.

56 2696 151 2754 ‚ndum
171 2697 261 2769 igitur
279 2706 319 2754 est
334 2713 421 2769 quem
444 2699 561 2754 modum
581 2697 735 2763 uenerandi
754 2698 804 2753 ha-
896 2694 975 2760 Quod
1003 2696 1073 2748 heus
1098 2694 1202 2748 auitam
1221 2697 1251 2749 in
1277 2700 1354 2750 utero
1381 2698 1502 2764 Virqiais
1529 2696 1617 2751 tabem
1641 2711 1707 2751 cotr-

56 2825 67 2854 .,
89 2801 155 2842 cum
177 2787 249 2843 alter
263 2787 378 2858 agendi,
399 2788 490 2843 altera
509 2787 634 2857 patiendi
655 2786 738 2843 nulla
754 2800 805 2842 un·
860 2785 988 2837 traxerit.
1002 2781 1143 2837 -Habes
1158 2795 1227 2853 ergo
1244 2783 1272 2837 in
1288 2783 1388 2854 primis
1403 2784 1572 2855 parentibus
1584 2784 1706 2841 lormam

60 2870 206 2928 incentiva
220 2872 366 2928 sentirent.
383 2872 491 2928 Peccati
507 2872 677 2929 immunitas
692 2873 805 2929 utrobi·
860 2870 1709 2945 impassibilitergenerandi,quamquis[s.,qnamvis]quiad

56 2959 205 3016 institerat.
223 2961 372 3017 Peccatum
387 2969 483 3017 autem
497 2961 730 3030 coucupiscentia
752 2968 804 3017 est.
826 2958 992 3023 collectum
1010 2960 1116 3016 ducere
1139 2966 1260 3028 poterat,
1283 2960 1307 3016 si
1327 2968 1568 3030 perseverassent,
1588 2960 1619 3017 in
1642 2975 1708 3031 prc-

57 3049 81 3104 si
103 3049 166 3104 sine
185 3050 427 3119 concupiscentia,
453 3064 518 3105 cum
537 3056 564 3105 et
584 3056 686 3105 caetera
709 3049 806 3105 omnia
861 3054 923 3119 prta
939 3056 1029 3104 matre
1053 3047 1222 3117 resculpsit;
1238 3047 1301 3116 licet
1317 3057 1413 3106 autem
1429 3050 1561 3107 suihcere
1579 3049 1708 3107 debuerit

56 3143 202 3206 vacarent,
225 3137 325 3206 miror,
351 3139 399 3193 sed
424 3137 543 3193 delinire
567 3151 623 3193 non
653 3137 756 3204 audeo,
781 3137 805 3193 si
860 3139 949 3194 beum
963 3137 1100 3195 humanis
1116 3135 1196 3192 nullo
1215 3137 1300 3194 modo
1323 3139 1426 3210 attingi
1448 3139 1591 3207 sordibus,
1612 3139 1708 3208 accipe

56 3225 221 3296 ,utriusque
235 3226 388 3297 virginitas
401 3226 543 3282 indemnis
554 3225 634 3282 leret.
647 3226 806 3298 Virginitas
860 3227 965 3282 adhuc.
987 3224 1091 3291 Solem,
1115 3233 1147 3281 ut
1164 3224 1284 3293 aestimo,
1310 3229 1401 3284 credis
1421 3235 1528 3283 natura
1552 3227 1707 3284 mundissi-

56 3327 154 3370 ronnm
170 3321 230 3369 est:
246 3315 440 3386 virginitatem
453 3315 544 3385 igitur
553 3315 682 3385 deperire
697 3315 804 3370 malum
861 3330 949 3371 mum.
972 3316 1104 3384 erotidie
1126 3319 1205 3374 vides
1233 3331 1283 3387 per
1307 3315 1438 3388 publicos
1458 3315 1706 3385 sterquiliniorum

63 3402 132 3459 iesu
157 3403 248 3459 bonel
271 3403 335 3459 licet
354 3403 465 3474 majora
487 3417 535 3472 per
558 3409 583 3458 te
601 3402 803 3470 meruerimus,
858 3418 978 3475 aggeres
1001 3405 1096 3461 radios
1123 3407 1187 3477 ejus
1209 3405 1352 3477 progredi,
1380 3403 1480 3474 putida
1504 3403 1649 3474 qualibet,
1673 3418 1708 3460 ac

56 3489 199 3558 tunditiae,
214 3490 285 3560 quid
301 3489 519 3560 tranquillitatis
533 3488 561 3544 iu
579 3491 672 3560 primo
687 3497 805 3560 parente
858 3492 968 3548 visibus
991 3494 1058 3563 ipsis
1085 3495 1204 3567 indigna
1233 3494 1365 3558 lustrare,
1393 3499 1478 3563 putas
1497 3506 1534 3548 ex
1559 3491 1615 3552 his.
1639 3506 1707 3562 quae

60 3577 155 3634 imus?
859 3582 1047 3649 praetervolat,
1074 3583 1203 3654 aliquam
1229 3596 1296 3639 eum
1322 3581 1375 3638 sihi
1403 3580 1496 3636 lahem
1524 3581 1703 3643 contrahere.

56 3670 153 3737 iptotes
187 3669 359 3735 cirpina‘tott‘s
391 3669 518 3734 inportant
548 3670 736 3736 contemptum·
769 3695 804 3705 -
858 3668 979 3727 insaniae
1006 3679 1088 3727 essct.
1117 3671 1274 3742 Amplius:
1301 3670 1323 3726 si
1347 3669 1441 3727 oleum
1466 3676 1516 3726 aut
1544 3669 1706 3726 balsamum

56 3762 90 3811 nt
123 3755 222 3825 itaque
253 3755 375 3811 sordidis
416 3756 536 3812 rictibus
569 3757 663 3812 hostes
696 3753 804 3810 deilicae
857 3759 1078 3830 aquaeinjicias‚
1103 3767 1239 3818 neutrum
1261 3773 1345 3830 aquae
1364 3757 1562 3825 conlunditur,
1586 3757 1634 3814 sed
1655 3771 1706 3827 per

56 3842 114 3898 ²218
127 3843 215 3898 verba
237 3843 378 3911 putentia.
403 3844 511 3910 Dicam,
533 3851 561 3900 et
579 3850 709 3899 astruam
729 3848 804 3897 certe
857 3861 887 3903 se
923 3847 1014 3918 ipsam
1043 3848 1133 3905 solida
1164 3857 1289 3920 utraque
1321 3854 1427 3903 natura
1456 3845 1594 3903 subsistit.
1626 3846 1705 3903 Habe

56 3943 90 3986 ra
114 3928 202 3986 fuisse
230 3931 278 3986 illa
299 3931 438 3999 membra,
460 3946 526 4001 quae
546 3931 594 3987 illo
613 3939 683 3986 tunc
707 3931 804 4001 partui
858 3935 985 3995 iterum:
1009 3939 1088 3994 biens
1112 3951 1175 3994 mea
1195 3938 1365 4008 recogitans,
1386 3943 1413 3992 ct
1436 3949 1481 3992 res
1504 3949 1578 4006 quas
1600 3935 1706 3992 viderit

57 4019 154 4086 issent,
183 4030 272 4090 quam
294 4020 351 4076 sint
378 4034 429 4076 ora
454 4019 650 4089 spurcissima,
679 4034 744 4090 quae
774 4034 804 4076 se
857 4024 968 4094 uspiam
993 4026 1095 4082 crebra
1119 4026 1323 4097 imaginatione
1339 4032 1588 4091 retractans,cum
1607 4024 1705 4080 memi-

59 4106 134 4162 ianis
149 4107 300 4163 iraudibus
313 4114 341 4163 et
354 4107 481 4164 luxuriis
495 4108 640 4175 imbuunt,
651 4115 679 4164 et
688 4107 804 4164 vivitica
857 4114 932 4169 uerit
950 4112 1051 4184 leprosi
1074 4116 1200 4172 cruentis
1222 4114 1367 4172 ulceribus
1393 4112 1565 4180 extuberati,
1590 4119 1641 4169 ant
1667 4126 1704 4169 ex

56 4201 135 4252 tenta
157 4195 296 4252 derident.
323 4194 405 4262 Quid,
431 4210 539 4265 quaeso,
556 4196 684 4265 displicet
704 4196 734 4252 in
758 4196 803 4252 his
856 4203 996 4260 cadavere
1022 4203 1116 4260 lacero
1138 4203 1359 4259 scaturientium
1385 4199 1520 4257 examina
1547 4198 1703 4267 vermium,

56 4282 102 4350 ris,
118 4284 172 4339 uisi
188 4283 269 4340 imdae
290 4284 447 4354 voluptatis
466 4284 612 4353 expletio?
633 4285 721 4341 huier
741 4285 803 4341 libi·
822 4267 907 4346 1'seu
935 4291 1101 4347 recordetur
1125 4291 1230 4362 passim
1249 4291 1407 4362 jacentium
1426 4297 1602 4358 stercornm3
1620 4288 1703 4359 quid,

56 4372 248 4443 ‚uspicionem
274 4373 399 4429 nouerit
420 4374 497 4443 quod
518 4373 644 4436 horreas,
659 4374 707 4430 sed
724 4374 802 4445 quod
857 4393 965 4449 quaeso,
992 4380 1113 4437 maculae
1136 4380 1319 4437 rotabundus
1342 4393 1392 4450 per
1421 4380 1482 4434 hec
1508 4377 1624 4434 animus
1649 4376 1703 4433 sihi

56 4459 109 4516 iris.
128 4461 185 4517 Vos
199 4461 248 4531 qui
266 4460 458 4531 turpitudines
472 4462 585 4528 amatis,
595 4462 672 4532 juste
681 4463 802 4518 damna·
857 4468 941 4538 rapit,
957 4467 1013 4524 nisi
1029 4475 1173 4539 quantum
1194 4469 1218 4525 si
1241 4467 1436 4538 pulcherrima
1456 4467 1626 4523 laminarum
1651 4479 1704 4522 seu

57 4549 133 4620 ‚qni
148 4563 182 4605 ea
198 4551 260 4619 ipsa
275 4564 341 4620 qum
357 4564 407 4606 vos
423 4558 520 4620 turpes
530 4550 659 4607 eidciunt
673 4551 803 4607 membra
858 4556 981 4613 marium
1006 4570 1126 4626 corpora
1154 4556 1276 4627 simplici
1304 4556 1483 4613 revolutione
1511 4560 1701 4625 percurreret,

56 4638 107 4694 itis.
123 4638 199 4694 Deus
211 4638 401 4708 omnipotens,
418 4639 487 4709 quid
501 4639 621 4711 gratius,
635 4639 706 4709 quid
720 4640 802 4697 honae
856 4651 908 4699 aut
921 4643 1062 4713 splendidi
1076 4644 1169 4714 operis
1192 4643 1309 4699 metalla
1328 4642 1483 4712 reviseret;
1504 4641 1574 4697 atris
1595 4653 1702 4695 aurum

67 4727 189 4783 suavius
211 4741 272 4783 esse
291 4734 381 4796 potest
403 4741 491 4798 quam
515 4741 585 4783 vera
606 4728 757 4798 virginitas
774 4735 803 4784 et
856 4729 959 4788 claude
973 4731 1138 4798 ruderibus,
1157 4730 1221 4788 licet
1241 4729 1334 4801 putris
1348 4738 1424 4786 terra
1436 4728 1588 4795 sordescat,
1605 4734 1701 4783 tamen

56 4829 81 4872 rs
105 4816 240 4872 animus?
266 4817 323 4872 Nos
351 4817 538 4873 audieramus
567 4831 604 4872 ex
637 4816 706 4874 Osee
732 4817 803 4888 quia
857 4820 921 4875 auri
938 4819 1181 4891 minimeJnatura
1196 4818 1316 4876 deliciet.
1338 4818 1429 4884 bisce,
1448 4816 1544 4882 miser,
1563 4815 1597 4871 de
1612 4822 1702 4870 mate·

74 4908 101 4959 et
123 4905 239 4960 ebrietes
268 4908 361 4971 auset
388 4904 449 4978 [al.‚
484 4905 625 4976 auserunt]
650 4921 696 4961 cor
728 4905 803 4976 (Osee
857 4907 978 4964 rialibus
992 4908 1117 4978 qualiter
1129 4906 1293 4977 spiritualia
1304 4905 1440 4969 metiaris,
1453 4912 1482 4961 et
1495 4918 1561 4961 cum
1575 4903 1605 4959 in
1616 4902 1702 4959 rebus

56 5000 73 5055 i.
95 4993 132 5049 Et
152 4993 212 5049 Joel
234 4993 268 5050 de
285 4993 342 5050 tuis
362 4992 515 5064 loquitur:
536 5001 638 5064 stupra
664 4991 802 5064 potationi
856 4997 962 5054 habeas
975 4996 1108 5066 exempla
1123 4995 1252 5063 terrenis,
1268 4994 1413 5067 perpende
1426 4994 1498 5065 quid
1513 4992 1607 5049 valeat
1622 4989 1700 5047 bivi-

56 5080 192 5138 micans:
209 5082 338 5149 Puerum,
355 5082 460 5153 inquit,
476 5087 625 5152 posuerunt
644 5084 675 5137 ia
696 5084 802 5152 prosti-
855 5086 931 5142 nitas
947 5086 977 5141 in
990 5085 1115 5143 eternis.
