3818 6008
516 273 563 331 BE
583 273 663 331 virt
683 274 749 330 SUA
769 273 863 329 LIBRI
882 273 1018 331 tuus-
1032 272 1095 331 titt.
1116 274 1164 331 itt.
1662 279 1714 336 911

54 453 58 476 ,
77 418 176 468 utrum
189 409 225 466 ad
243 408 351 466 tulmen
366 409 471 477 nescio,
488 422 525 466 au
548 409 585 465 ad
610 423 690 466 mare
715 416 811 465 trans-
830 407 1397 479 11111111111111111111,(11111111
1417 416 1584 467 sauctorum
1611 409 1716 468 ieretra

54 500 240 556 radvexerat.
258 496 320 564 Quo
340 497 368 553 iu
384 498 444 554 loeo
460 505 565 554 cuncta
581 512 647 569 quae
663 511 812 568 congesse-
867 495 1025 553 continenti
1054 503 1213 565 supererat,
1227 495 1331 552 saltum
1349 495 1456 552 lacteus
1474 497 1559 566 quasi
1576 497 1717 555 violenter

56 590 67 640 t
89 596 156 653 quae
184 589 371 650 transponere
395 581 549 646 nitebatur,
578 581 731 638 identidem
760 581 812 637 lul·
868 582 994 654 impulsa
1008 584 1077 641 ruit.
1096 583 1715 655 (1111111111(11111111111111111-

55 679 122 727 suut
141 676 322 740 consumpta.
344 670 385 724 111
411 683 482 738 gens
497 669 628 738 agrestis,
656 669 812 726 11111111-
865 669 994 741 iecturas
1021 670 1198 738 habueruut,
1227 671 1312 742 quasi
1348 672 1515 743 principalis
1544 687 1612 743 pars
1649 673 1714 743 loci,

55 802 57 811 ,
96 758 133 814 11
162 758 212 813 liei
251 755 453 826 mysteriorum
490 756 721 829 intelligentiam,
752 757 813 813 suis
866 760 1019 831 episeopus
1042 761 1149 817 seilicet
1171 763 1331 818 moriturus
1352 770 1434 818 esset.
1461 766 1496 819 111
1517 776 1585 820 vero
1611 777 1664 820 nos
1688 770 1716 821 et

54 847 113 904 iciis
125 856 167 903 est
177 846 286 902 edocta.
867 847 929 903 lraee
939 848 1038 905 eadem
1068 849 1187 907 torsitau
1214 849 1377 921 significate
1395 851 1545 918 sentimus,
1573 860 1601 909 et
1619 851 1715 921 digui-

55 936 180 1008 riquus,
204 935 255 1005 qui
267 932 406 1006 pecunius
427 932 523 990 111111
542 933 675 1006 reliquiis
701 932 814 990 oblatos
867 942 955 991 tatem
978 935 1157 1007 urbisque
1179 937 1343 1008 specialiter
1369 937 1443 995 iuter
1469 939 1556 996 urbes
1586 939 1715 996 Fraueiee

55 1021 651 1096 terualoqeeoresuspendit.-Adaliud
667 1022 813 1094 quoddam
867 1023 954 1080 tutius
981 1023 1123 1095 estregia,
1150 1025 1249 1093 ruisse,
1275 1024 1331 1082 imo
1360 1025 1453 1096 magis
1479 1027 1623 1082 ruituram
1655 1039 1717 1082 esse

55 1114 159 1185 cipium
180 1118 327 1178 venerant,
356 1111 386 1167 in
401 1125 459 1182 quo
480 1125 546 1167 curn
569 1124 606 1167 ex
621 1111 766 1182 opinione,
786 1118 813 1167 rt
868 1119 1015 1181 putamus.
1049 1112 1082 1167 lu
1117 1112 1164 1169 illo
1188 1113 1275 1181 enim,
1303 1112 1380 1186 quod
1413 1112 1567 1171 retulimus
1593 1113 1717 1170 civitatis

55 1202 108 1259 1111
136 1200 355 1267 miraculorum,
383 1207 446 1256 tum
470 1199 623 1269 multiplex
641 1200 677 1256 ad
700 1206 815 1256 sanetas
868 1199 1045 1268 discrimine,
1060 1214 1112 1257 rex
1128 1200 1196 1270 ipse.
1214 1200 1301 1272 cuius
1315 1201 1439 1258 avaritie
1452 1209 1632 1272 provenerat,
1663 1216 1716 1258 uec

55 1291 106 1347 tias
128 1289 251 1347 terreret
279 1288 398 1356 oblatio,
427 1288 569 1360 anglicus
600 1287 720 1358 quidam
749 1295 815 1343 ante
868 1287 1030 1344 semeleam
1057 1288 1173 1360 quidem
1195 1288 1303 1345 revisit.
1332 1289 1602 1359 Praepmitusetiam
1618 1290 1717 1362 regius

55 1380 117 1434 iam
133 1379 241 1448 positus
266 1376 339 1432 dixit
354 1376 389 1432 ad
414 1376 665 1432 socium:Eamus
680 1375 812 1432 bibitum.
868 1375 1000 1431 conscius
1026 1375 1162 1446 nequitiae
1179 1377 1386 1446 perpetrandae,
1417 1377 1515 1447 paucis
1538 1376 1615 1434 boris
1635 1383 1716 1433 ante·

57 1467 92 1534 le,
126 1479 184 1521 uon
214 1464 303 1520 babeo
333 1464 465 1532 pretium.
493 1464 563 1534 Ego,
592 1465 641 1525 ait,
682 1462 812 1520 interam.
870 1481 957 1537 quam
987 1466 1090 1523 oborta
1104 1466 1205 1522 seditio
1229 1467 1418 1524 committeret
1435 1467 1547 1536 urbem,
1570 1469 1718 1540 premissa

55 1568 109 1615 um.
128 1554 234 1625 inquit,
260 1550 582 1621 reperieleonsidcro,
598 1551 648 1619 ait,
674 1550 726 1607 hos
755 1550 816 1607 rle·
870 1555 1033 1612 concubina
1045 1562 1073 1611 et
1089 1554 1195 1620 liberis,
1211 1568 1247 1611 ex
1271 1556 1342 1611 urbe
1367 1556 1491 1622 recessit,
1508 1564 1536 1612 et
1559 1565 1716 1627 autequam

70 1643 121 1714 (ιυί
147 1641 296 1697 mendacio
321 1654 355 1696 ae
379 1640 532 1711 praestigiis
560 1646 599 1696 tot
627 1639 763 1711 pecunias
797 1653 815 1696 a
871 1643 927 1699 tria
948 1643 1129 1714 relquatuor
1156 1643 1292 1700 milliaria
1313 1645 1478 1716 peregisset,
1493 1646 1627 1703 eamdam
1644 1645 1718 1702 vidit

79 1731 208 1796 eliciunt,
223 1743 276 1799 ego
305 1728 389 1798 plane
401 1728 544 1798 quomodo
558 1727 661 1795 enitar,
677 1734 709 1784 ut
733 1727 760 1784 id
776 1742 814 1785 ex
834 1703 854 1758 Β
869 1731 986 1803 ignibus
998 1731 1182 1804 conflagrari.

63 1820 134 1877 meis
152 1817 322 1875 contradam
343 1815 479 1873 obsoniis.
508 1815 596 1878 Dixit.
624 1822 653 1872 et
667 1816 814 1873 ecelesiam
1187 1819 1304 1879 CAPUT
1323 1822 1396 1878 xit.

55 1908 140 1975 ditur,
168 1907 204 1963 ad
233 1906 445 1972 consistorium,
475 1905 503 1959 in
528 1918 587 1975 quo
608 1903 705 1962 locatae
733 1913 817 1961 eraut
905 1907 1120 1980 Bugodecuaur
1138 1909 1244 1981 ubsque
1257 1910 1571 1983 electionerptacopulu
1592 1909 1716 1966 (11111111

55 1997 111 2063 rite,
124 1994 243 2062 aceedit,
257 2000 285 2050 et
300 1993 441 2050 simulans
455 1993 532 2063 quod
547 2005 596 2048 ees
615 1992 815 2050 1111111111-
868 2010 974 2066 aroge.
988 2025 1023 2035 -
1042 1996 1136 2067 igitur
1160 2003 1261 2052 exacto
1276 1996 1321 2053 bis
1337 1996 1428 2053 modis
1448 1998 1590 2067 episcopo,
1612 1995 1648 2053 de
1661 1995 1715 2051 eli-

55 2083 133 2150 ·ellet‚
148 2097 197 2139 ore
212 2082 343 2153 apposito
357 2081 502 2145 denarios,
519 2080 570 2151 qui
585 2080 674 2137 oblati
689 2080 814 2149 luerent,
868 2083 963 2154 gendo
977 2083 1066 2140 altero
1081 2084 1176 2156 regias
1201 2097 1288 2142 aures
1312 2083 1455 2155 appellere
1478 2091 1637 2155 ceperunt.
1664 2083 1717 2139 lia·

61 2171 242 2229 inhiantibus
266 2170 375 2228 haurit.
392 2169 460 2226 lude
474 2182 621 2240 regressus
642 2169 678 2225 ad
696 2183 816 2240 compa·
869 2177 917 2227 tur
944 2172 970 2228 ei
997 2170 1080 2227 nulla
1104 2171 1241 2228 electione
1270 2172 1418 2241 premissa
1441 2171 1560 2242 quidam
1581 2171 1716 2228 Aurelia-

65 2260 149 2326 Veni,
164 2260 213 2326 ait,
241 2268 268 2316 et
294 2267 501 2329 computemus,
517 2257 588 2328 quia
602 2257 748 2315 sulliciens
763 2272 816 2328 po-
868 2261 965 2317 ueusis
976 2259 1115 2327 decanus,
1130 2261 1216 2331 cujus
1229 2259 1401 2339 decaniam,
1412 2260 1481 2332 quia
1506 2260 1718 2317 referendarius

58 2349 82 2406 is
95 2356 200 2405 nostrae
219 2348 342 2419 pretium
356 2346 416 2417 jam
430 2346 580 2403 babemus.
597 2346 755 2412 Quomodo,
770 2346 816 2402 in·
869 2350 944 2420 regis
963 2347 1082 2419 quidam
1110 2347 1274 2419 Stephanus
1302 2347 1457 2416 ambiebat,
1488 2348 1539 2419 qui
1565 2347 1718 2419 episcopus

62 2450 129 2494 cum
156 2436 228 2493 illud
245 2449 303 2491 uon
318 2435 448 2502 haberes,
465 2434 622 2504 accepisti?
638 2435 679 2489 Ex
695 2434 749 2501 bis,
765 2434 815 2502 ait,
868 2450 929 2496 esse
943 2450 1001 2493 nou
1028 2443 1149 2505 poterat,
1164 2434 1217 2504 ipsi
1233 2447 1250 2489 a
1274 2448 1342 2504 rege
1356 2435 1550 2506 episcopatum
1579 2434 1716 2503 obtinuit,

57 2522 104 2578 llis
119 2521 324 2592 impostoribus
349 2521 426 2583 intra
440 2518 590 2575 ecclesiam
603 2519 712 2575 dautur
723 2518 817 2576 bucca
869 2524 1078 2594 decaniamque
1114 2521 1249 2593 suscepit.
1292 2521 1353 2589 Quo
1397 2523 1434 2578 ad
1474 2524 1717 2580 consecrationem

56 2611 203 2681 tbripiente
219 2609 399 2680 1111111ῐῦ181-
427 2607 510 2672 Mile,
527 2607 632 2677 inquit,
648 2607 749 2674 iecisti,
765 2608 816 2679 qui
869 2611 1009 2676 exbibito,
1022 2625 1088 2667 cum
1105 2610 1317 2680 prognosticum
1332 2611 1395 2681 ejus
1413 2619 1641 2681 aucuparentur,
1665 2623 1716 2666 ra-

56 2697 171 2755 etisilla
191 2697 291 2755 tulisti.
316 2696 398 2763 lace,
419 2695 525 2766 iuquit,
541 2702 569 2751 et
584 2694 652 2752 huic
677 2695 816 2765 proximae
869 2712 955 2755 cuam
983 2704 1154 2768 repererunt
1178 2696 1325 2768 pagiuam.
1357 2699 1399 2753 11
1426 2697 1449 2753 si
1474 2698 1660 2754 diceret:1)e
1684 2712 1719 2754 eo

56 2800 87 2843 11
113 2794 139 2842 11
153 2786 260 2842 conler.
280 2785 354 2852 Quid
371 2782 529 2840 verbosor?
554 2782 646 2839 Solem
675 2783 704 2838 iu
724 2781 816 2839 Ocea·
869 2784 941 2841 nibil
961 2783 1148 2848 vaticinabor,
1171 2797 1238 2840 cum
1264 2783 1336 2840 nulli
1350 2797 1421 2854 pene
1436 2783 1526 2840 iuturi
1542 2784 1600 2840 sint
1623 2791 1716 2841 actus.

56 2873 114 2941 (ts)
129 2874 240 2929 duxere
255 2871 394 2927 bibentes.
420 2869 456 2926 dt
483 2882 605 2940 vespera
620 2870 813 2939 incumbente,
870 2874 935 2930 Post
962 2886 1069 2943 paucos
1093 2871 1170 2928 enim
1186 2884 1298 2928 meuses
1318 2871 1463 2928 occubuit.
1484 2870 1603 2942 aliquas
1620 2879 1715 2927 tamen

56 2962 94 3034 tui
125 2974 259 3018 nummos
287 2959 376 3015 saeris
403 2958 584 3015 subduxerat
613 2957 680 3024 aris,
697 2971 815 3016 escensa
835 2960 903 3034 cde
915 2961 1039 3031 episcopi
1061 2959 1194 3016 domibus
1220 2958 1353 3026 restituit,
1383 2958 1442 3028 (¹¹⁴)
1458 2957 1521 3025 Quo
1549 2958 1714 3022 decedente,

70 3046 359 3118 domumseregredi
387 3045 548 3117 prometur.
565 3047 696 3116 Cumque
712 3060 816 3103 nemus
870 3050 922 3105 iste
946 3047 1070 3118 legitime
1090 3055 1118 3102 et
1144 3044 1398 3117 inrituseligitur.
1428 3046 1459 3101 lu
1494 3045 1556 3113 ltoo,
1583 3047 1715 3115 iuquam,

56 3150 140 3210 guum
161 3136 311 3206 attigisset,
339 3133 414 3190 lacta
430 3133 532 3204 laqueo
546 3133 662 3189 cuidem
676 3132 771 3190 arbori
787 3147 817 3191 se
870 3133 1005 3205 legitime,
1030 3133 1101 3204 quia
1116 3132 1145 3188 in
1171 3132 1251 3189 nullo
1277 3133 1388 3189 venalis
1412 3132 1530 3200 introiit,
1558 3146 1611 3189 nee
1636 3132 1720 3203 quid·

56 3224 118 3295 tdit,
146 3222 197 3280 ubi
224 3222 296 3279 tude
327 3221 453 3278 moriens
487 3221 545 3278 oris
562 3221 694 3293 sacrilegi
718 3235 817 3292 peenas
870 3236 959 3295 quam
977 3221 1137 3279 simoniace
1167 3234 1251 3291 agere
1267 3221 1398 3278 intendit.
1413 3221 1465 3279 Cui
1487 3228 1582 3278 tamen
1612 3221 1720 3292 iupro·

55 3316 77 3369 l.
95 3312 139 3369 Ex
162 3310 340 3380 multisque
367 3308 446 3379 apud
470 3308 578 3379 Anglos
607 3308 695 3380 Virgo
723 3309 817 3380 impe·
870 3310 999 3384 gnostico
1014 3324 1066 3366 suo
1094 3309 1302 3381 Evangelieum
1328 3309 1487 3380 capitulum
1508 3309 1580 3366 dure
1608 3309 1717 3376 sonuit,

60 3398 180 3471 peregit,
196 3399 257 3456 baec
272 3411 323 3453 uos
336 3395 481 3467 excepisse
504 3395 639 3452 sulliciat.
871 3401 942 3472 quia
961 3399 1087 3470 idipsum
1107 3397 1184 3469 quod
1200 3396 1351 3452 Galdricus
1377 3395 1498 3453 babuit:
1515 3417 1530 3446 α
1545 3396 1648 3464 l'uam,
1667 3396 1719 3452 soi·

56 3485 332 3559 inultoimpettente
343 3483 452 3540 cursim
465 3499 495 3541 se
505 3483 818 3554 offetoddetermdue
871 3489 944 3552 lieet,
963 3487 1053 3558 ipsius
1078 3487 1205 3543 animam
1235 3484 1420 3555 pertransibit
1446 3484 1560 3556 gladius
1581 3482 1661 3553 (111.
1687 3498 1717 3550 u,

56 3574 171 3631 111.-
195 3572 330 3630 baudoni
348 3586 466 3644 quoque
494 3579 646 3642 postquam
673 3584 817 3629 111111-
871 3575 925 3644 35).
941 3594 956 3624 o
977 3570 1052 3640 Quid
1078 3578 1174 3629 autem
1200 3569 1351 3626 intortunii
1380 3569 1435 3626 sibi
1459 3568 1617 3638 immineat,
1643 3569 1719 3626 Deus

56 3677 66 3719 1
94 3661 249 3723 redierant.
277 3658 386 3717 dictum
415 3658 485 3715 mibi
523 3672 540 3714 a
572 3658 699 3729 quodam
733 3657 817 3714 bona
870 3660 984 3719 viderit.

56 3751 192 3808 isclerico
207 3759 260 3815 est,
275 3749 322 3805 eui
337 3744 465 3805 mateiici
488 3745 664 3803 advehendas
689 3744 817 3802 ollieium
909 3745 1105 3820 Teudeqoldue
1126 3743 1252 3816 episcopi
1272 3741 1380 3800 1111111
1405 3740 1499 3810 frrrrt‘s
1523 3741 1718 3812 1111111111.-

57 3838 242 3911 tdelegatum
259 3834 295 3891 ad
323 3843 398 3893 tecta
421 3834 547 3891 ecclesie
561 3832 732 3904 reparanda,
748 3833 818 3903 quia
871 3836 1035 3905 Antequam
1051 3846 1119 3890 vero
1133 3831 1169 3888 ad
1193 3831 1250 3887 alia
1264 3829 1493 3901 progrediamur,
1509 3828 1663 3887 dicendum
1677 3837 1719 3887 est

57 3927 171 3984 beuudo
201 3933 297 3981 moute
325 3925 400 3981 inter
427 3922 514 3980 bores
542 3934 620 3978 uuus
641 3920 820 3978 lassescendo
872 3921 950 3992 quod
978 3919 1180 3991 teudegaldus
1212 3916 1340 3989 proditor
1368 3920 1444 3972 m
1472 3929 1507 3973 11
1532 3916 1719 3988 interemptor

57 4021 123 4071 urat.
156 4012 288 4083 Cumque
331 4010 490 4082 plurimum
525 4009 648 4066 clericus
683 4016 818 4066 estuaret
871 4009 1006 4080 episcopi,
1023 4015 1086 4079 post
1110 4006 1260 4064 biennium
1275 4005 1479 4062 internecionis
1496 4004 1720 4062 illiusamiiiti-

56 4118 85 4170 n,
113 4116 172 4159 nou
198 4101 343 4171 reperiens
369 4113 456 4170 quem
480 4111 532 4170 pro
556 4111 588 4154 eo
612 4099 685 4170 jugo
707 4096 817 4169 latigati
872 4098 927 4155 bus
953 4095 1122 4169 ingelranni
1148 4101 1260 4166 captus,
1280 4099 1308 4149 et
1331 4091 1421 4149 iureis
1447 4092 1720 4151 11111111111111

57 4196 179 4257 etecce
203 4195 317 4257 repente
333 4187 383 4243 bos
399 4186 448 4243 illo
461 4185 569 4242 cursim
596 4199 627 4241 se
646 4184 760 4253 obtulit,
788 4192 817 4242 et
873 4183 1099 4257 Quadragesima
1117 4180 1353 4252 comprehensus,
1378 4189 1531 4253 postquam
1545 4196 1720 4256 peneusque

80 4291 117 4335 ex
131 4277 273 4334 industria
293 4275 372 4347 operi
388 4274 532 4332 auxilium
547 4275 661 4332 laturus
687 4274 813 4331 advenit.
836 4256 1062 4331 Ι)11111111111111
1090 4271 1250 4328 comederat
1265 4276 1294 4326 et
1321 4267 1441 4336 biberat,
1458 4276 1486 4326 et
1501 4282 1599 4325 coram
1611 4268 1720 4341 aliqui·

57 4374 136 4423 motu
160 4364 249 4423 alacri
263 4379 330 4422 cum
357 4376 478 4421 currum
507 4361 544 4417 ad
562 4362 710 4419 ecclesiam
725 4377 820 4434 usque
873 4362 937 4429 bus,
952 4359 1030 4433 quod
1046 4358 1101 4416 dici
1124 4356 1204 4413 uelas
1214 4363 1266 4425 est,
1282 4370 1313 4413 se
1326 4356 1375 4413 1111
1390 4355 1482 4428 gloria
1496 4355 1622 4427 plenam,
1646 4368 1720 4412 reu-

57 4454 120 4511 aliis
148 4452 340 4524 perduxisset,
360 4450 482 4509 clericus
504 4449 588 4506 valde
601 4449 741 4507 sollicitus
757 4456 820 4506 erat
872 4456 945 4507 trem
971 4444 1165 4519 protendendo
1188 4452 1216 4501 et
1247 4442 1408 4512 mulcendo,
1430 4457 1520 4499 manu
1547 4441 1718 4513 lactaverat,

57 4559 92 4602 tm
123 4544 225 4602 bovem
239 4543 320 4600 illum
335 4543 463 4616 ignotum
483 4541 623 4598 redderet.
637 4539 691 4609 Qui
707 4554 775 4598 mox
787 4546 819 4597 ut
873 4546 970 4595 tentus
983 4545 1011 4595 et
1021 4536 1051 4593 iu
1072 4548 1217 4592 carcerem
1246 4533 1401 4606 relegatus,
1430 4547 1488 4590 uon
1503 4533 1598 4601 alieo,
1614 4547 1672 4589 uon
1683 4531 1720 4590 ab

57 4645 87 4690 us
101 4639 154 4696 est,
171 4645 229 4687 uon
241 4630 356 4698 ducem,
376 4643 428 4685 uec
447 4627 499 4700 qui
520 4640 550 4683 se
574 4625 698 4684 minaret
715 4640 820 4696 exspe-
873 4623 1196 4695 bomiuepueniteutiam
1210 4621 1301 4692 petiit,
1328 4635 1382 4677 nec
1402 4619 1489 4678 etiam
1505 4619 1663 4690 productus
1683 4618 1721 4674 ad

57 4729 72 4787 t,
88 4720 135 4778 sed
145 4721 226 4777 ocius
237 4720 314 4776 uude
328 4725 455 4785 venerat,
470 4715 625 4787 repedavit.
875 4725 999 4785 poenam,
1019 4710 1144 4781 cuipiam
1162 4709 1324 4782 quidquam
1337 4707 1421 4775 dixit,
1437 4719 1529 4778 eaque
1541 4705 1721 4763 insensibili-

65 4823 134 4866 euatt
161 4807 267 4880 aquila
293 4806 438 4862 deaurare
455 4804 488 4861 in
515 4818 630 4860 summo
655 4805 820 4858 concionem
875 4806 932 4856 tate
965 4798 1002 4855 111
1023 4798 1115 4856 Deum
1142 4809 1203 4867 qua
1225 4795 1340 4853 vixerat
1369 4792 1488 4851 interiit.
1516 4791 1571 4850 sed
1589 4793 1650 4864 jam
1684 4791 1722 4847 ad

57 4895 161 4970 1111111.
178 4926 212 4936 -
227 4896 255 4951 11
281 4895 340 4964 ipse
354 4893 452 4961 etism,
477 4891 530 4963 qui
558 4891 611 4948 1111
626 4890 697 4947 mibi
712 4890 820 4958 retulit,
875 4887 981 4944 omissa
992 4884 1155 4941 redeamus.

59 4985 128 5043 riter
143 4997 260 5057 quoque
280 4983 421 5050 narravit,
447 4979 518 5052 quis
535 4977 667 5035 videlicet
692 4978 737 5034 die
763 4976 823 5046 illa,
914 4973 1041 5030 Tbornos
1060 4967 1331 5027 excommunicetur.
1356 4995 1391 5008 -
1412 4965 1504 5039 igitur
1526 4965 1650 5023 'l'bomas
1670 4965 1723 5038 qui

68 5073 223 5133 cualdrius
251 5071 403 5142 episcopus
433 5069 569 5138 disposita
606 5080 674 5123 nece
703 5065 823 5122 Gerardi
876 5063 1000 5120 uetarios
1010 5060 1082 5124 illos,
1098 5069 1127 5116 et
1140 5057 1259 5116 Gerardi
1273 5057 1411 5128 primum,
1426 5063 1454 5111 et
1474 5061 1572 5127 postea
1597 5053 1724 5125 episcopi

57 5176 73 5220 1
96 5161 238 5233 proticisci
265 5166 401 5230 cuperat,
430 5157 487 5226 ipse
515 5162 577 5226 post
589 5153 767 5210 sacerdotem
787 5153 824 5210 ad
877 5147 987 5207 domiui
1000 5147 1047 5204 sui
1061 5155 1089 5205 et
1103 5144 1216 5218 cognati
1234 5143 1382 5210 occisores,
1399 5156 1466 5199 eum
1487 5141 1536 5198 illa
1558 5142 1724 5199 communia

57 5263 81 5305 ts
108 5249 203 5306 stabat
230 5244 402 5319 (eratenim
427 5243 586 5312 diaconus).
620 5241 691 5298 Cum
709 5246 825 5311 repente
878 5235 1006 5308 maligna
1029 5239 1194 5304 susceperat
1215 5231 1288 5302 (¹¹¹),
1320 5230 1356 5287 ad
1387 5229 1610 5301 archiepiscopis
1637 5229 1725 5288 totius

58 5337 206 5395 tdmodum
232 5348 345 5398 serena,
370 5346 424 5391 uec
456 5330 556 5389 dabris
580 5329 649 5387 ullis
673 5327 822 5397 dantibus,
878 5323 1009 5382 Fraueite
1022 5330 1051 5382 et
1063 5320 1203 5393 episcopis
1217 5334 1275 5378 uon
1288 5319 1382 5378 solum
1397 5318 1428 5376 iu
1446 5318 1585 5388 conciliis,
1597 5319 1725 5390 synodis,

58 5495 75 5570 11
86 5495 315 5560 ldusoceasuut·
