3818 6008
534 156 713 214 nouatlutl
733 157 766 213 lli
785 156 936 215 cuuusirt
952 159 1018 215 tut.
1039 158 1114 214 Vlll.
1272 206 1273 211 ,
1662 158 1715 211 222

56 305 129 362 snam
155 304 271 348 necesse
292 299 335 348 est
356 290 481 361 primum
503 290 642 358 exerceri,
664 297 697 348 ut
713 291 750 348 ad
765 304 813 348 se·
830 293 852 349 a
867 291 1021 363 reperitur,
1038 293 1177 350 adversus
1193 305 1257 348 eam
1282 305 1371 364 quam
1394 293 1511 362 optabat
1531 292 1636 364 quietis
1660 293 1711 349 in·

57 383 81 438 is
96 380 377 452 speciemreniatur.
868 389 956 438 ternae
981 382 1115 454 gratiam,
1145 383 1226 439 acsi
1258 389 1360 438 contra
1386 382 1483 439 laban
1512 382 1712 453 conqueritur.

56 484 85 527 ts.
110 473 153 535 ts,
172 472 213 525 tit.
234 500 268 509 -
294 469 398 524 Rachel
420 484 482 536 erqo
499 469 616 536 diligens
639 471 732 536 Jacob,
756 485 813 525 ser-
868 469 984 539 Speciei,
1000 471 1106 541 inquit,
1125 470 1235 527 intima
1259 470 1424 541 quaerebam
1450 477 1641 538 venustatem,
1662 485 1716 527 cur

74 559 179 629 inquit,
205 559 257 612 tibi
284 558 449 627 proltocltel
482 562 583 627 septem
609 561 689 613 annis
716 559 813 614 ileliae
867 560 1099 630 tetragonorum
1117 559 1207 616 reiltto
1226 558 1256 614 in
1280 558 1431 615 laborem?
1456 560 1513 614 Non
1534 565 1584 629 ert,
1604 559 1644 615 ait
1665 573 1715 616 ra-

56 649 227 712 'tdobonat
242 647 293 702 tibi
306 646 446 714 eamdent,
472 662 554 716 quom
576 649 635 703 ciro
650 649 741 703 citeri.
761 651 813 704 liu-
866 646 1011 703 tiocinatio
1027 647 1100 703 lucis
1113 649 1242 714 internae,
1269 647 1470 702 consnetwlinis
1486 647 1569 717 'apud
1592 661 1641 703 eos
1663 648 1715 719 qui

55 750 106 808 rgo
124 735 205 790 Jacob
225 735 327 807 diligit,
355 749 421 791 cum
442 735 677 805 speculationem,
700 735 729 791 io
753 750 813 806 qua
866 735 995 792 localiter
1009 736 1207 806 stabiliterque
1218 736 1305 806 jnnta
1322 735 1392 805 jura
1415 742 1513 791 nostra
1534 736 1631 790 rivere
1651 736 1716 793 deli·

57 838 93 881 us
112 825 232 889 vivitur,
257 825 373 880 animus
395 825 489 895 magis
501 825 609 894 appetit
625 840 631 878 :
646 829 747 894 septem
761 840 813 896 pro
867 825 979 892 berant,
993 830 1024 880 nt
1037 828 1153 880 minores
1170 831 1232 880 ann
1253 825 1394 880 trudemus
1418 824 1455 879 cd
1468 826 1592 893 nuptias,
1620 823 1648 878 id
1672 831 1715 880 cst

56 915 97 969 nis
117 913 215 978 servit,
241 913 310 968 dum
332 912 549 969 universitatem
573 913 712 982 corporis,
734 914 813 985 quod
867 921 899 970 nt
925 914 1083 970 virtutibus
1104 914 1247 985 quispiam
1277 915 1437 983 copuletur,
1463 913 1554 969 donec
1575 912 1713 968 vitiorum

56 1014 89 1058 or
108 1000 256 1080 elementis
288 1007 411 1068 constat,
437 1007 464 1057 et
484 999 590 1056 animae
613 1015 680 1072 qnae
708 1001 811 1069 tribus,
866 1004 941 1061 bella
955 1005 1087 1061 evincere
1101 1013 1229 1070 conetur,
1249 1020 1315 1075 quae
1336 1005 1461 1061 minores
1480 1004 1541 1060 ideo
1564 1004 1713 1074 dicuntur,

56 1097 106 1146 ctu
125 1089 240 1158 scilicet,
259 1090 398 1145 memoria
413 1096 440 1145 et
465 1089 615 1146 voluntate
634 1089 812 1160 praeeminet,
866 1104 924 1145 non
949 1088 1027 1160 quod
1052 1090 1108 1145 sint
1137 1090 1276 1160 dignitate
1302 1090 1443 1160 juniores,
1469 1088 1517 1146 scd
1545 1088 1623 1159 quod
1652 1095 1715 1158 post

56 1186 156 1235 nterna
193 1177 347 1234 emerenda
383 1178 493 1234 visione
522 1178 672 1248 impendit.
699 1178 812 1248 Septem
868 1178 1057 1235 tentationum
1081 1178 1243 1247 triumphos
1271 1178 1350 1233 omni
1377 1177 1540 1233 habeantur
1578 1177 1714 1233 exercitio

56 1266 130 1322 tnnis
144 1267 242 1333 servit,
268 1266 320 1337 qui
344 1266 481 1333 corporis,
498 1274 526 1322 ot
546 1266 660 1335 animm,
684 1274 717 1323 ut
736 1266 813 1323 dixi·
868 1265 997 1332 leviores,
1012 1273 1039 1322 ct
1053 1280 1107 1322 sua
1122 1266 1249 1337 quadam
1265 1264 1402 1321 inellabili
1422 1265 1548 1322 novitate
1564 1266 1712 1336 gratiores.

56 1355 260 1426 septenarium,
278 1354 372 1421 annis,
400 1354 484 1410 idest
506 1355 649 1411 virtutum
673 1362 813 1426 tanquam
867 1355 912 1412 Nil
935 1356 1010 1412 enim
1040 1355 1163 1427 simplici
1191 1362 1285 1412 mente
1307 1355 1430 1412 dulcius.
1455 1354 1497 1410 Eo
1522 1354 1612 1425 igitur
1630 1355 1714 1411 modo

56 1456 74 1498 n
102 1441 330 1512 plenitudinibus
354 1441 469 1497 addicit.
505 1444 601 1498 Metius
633 1446 683 1508 est,
718 1443 814 1513 inquit
867 1443 1066 1514 contemplatio
1089 1444 1183 1500 minor
1204 1451 1257 1511 est,
1279 1443 1329 1515 qui
1354 1443 1503 1499 laboribus
1522 1443 1636 1499 curisve
1657 1456 1714 1499 non

56 1528 95 1586 rii
108 1528 229 1586 coelestis
243 1528 370 1598 ellectus,
386 1535 417 1586 at
437 1531 488 1585 tibi
507 1530 613 1587 dirinae
632 1537 812 1593 venustatem
867 1533 993 1601 interest,
1009 1541 1036 1589 et
1059 1533 1094 1589 de
1111 1533 1204 1589 activo
1226 1532 1384 1589 certamine
1408 1532 1444 1587 ad
1468 1531 1716 1601 contemplationis

56 1616 210 1688 uplationis
226 1618 403 1689 indulgeam,
421 1617 472 1689 qui
489 1618 594 1674 unitati
618 1618 749 1675 tenendae
768 1619 810 1675 in·
832 1590 853 1646 B
867 1621 995 1692 requiem
1009 1621 1217 1693 proficiendum
1232 1629 1284 1678 est.

64 1709 223 1776 quomoiro
239 1707 330 1774 alteri,
347 1707 374 1762 id
394 1706 642 1776 estquamalicui
665 1706 717 1777 qui
733 1722 812 1764 nunc
902 1712 988 1769 Vens.
1009 1713 1055 1766 27.
1087 1741 1122 1752 -
1151 1712 1234 1781 imple
1267 1709 1462 1766 hebdomadem
1486 1709 1593 1763 dimum
1633 1709 1716 1778 buius

56 1794 175 1857 toulum,
200 1808 281 1850 nunc
305 1794 341 1850 ad
366 1795 456 1851 Deum
485 1793 627 1851 alternare
651 1796 810 1854 consuevit.
867 1802 977 1870 copula,
997 1805 1023 1856 et
1047 1800 1116 1856 bone
1130 1815 1237 1870 quoque
1257 1799 1463 1869 dabotibipro
1483 1813 1633 1868 opereque
1655 1812 1716 1853 ser-

56 1897 125 1954 ergo
140 1883 216 1952 opud
239 1899 289 1951 me,
308 1883 334 1939 id
354 1891 396 1940 est
414 1897 567 1954 persevera
589 1884 619 1939 in
637 1884 731 1942 studio
753 1899 813 1942 cm-
866 1892 1011 1944 oitnrnees
1030 1889 1109 1954 milti,
1128 1894 1228 1959 septem
1247 1891 1329 1944 onnia
1352 1890 1425 1944 otiis.
1452 1886 1638 1944 llebdomada
1653 1885 1717 1942 die-

56 1973 125 2028 ritae.
142 1972 237 2043 (Vens.
256 1971 314 2043 20.)
338 1972 457 2028 Servivit
471 1974 557 2041 igitar
582 1972 663 2028 Jocob
682 1989 734 2044 pro
757 1978 814 2031 ltc-
867 1991 933 2034 rum
948 1977 1059 2046 copulae
1080 1976 1226 2047 impletur,
1249 1991 1318 2034 cum
1341 1976 1471 2047 plenaria
1490 1976 1632 2031 bonorum
1652 1986 1717 2044 ope·

56 2063 147 2129 :epten
175 2061 267 2126 annis,
290 2063 316 2114 et
333 2059 499 2116 videbuntur
521 2062 546 2114 ei
573 2062 657 2130 ponci
679 2062 814 2131 diaspra
867 2079 932 2121 rum
945 2065 1128 2122 exsecutione
1150 2066 1241 2121 amori
1262 2064 1329 2137 quis
1351 2063 1513 2121 conditoris
1533 2063 1714 2132 astringitur,

56 2163 62 2203 t
87 2148 288 2217 magnitudine,
316 2148 344 2203 id
376 2154 418 2205 est
451 2155 509 2204 tota
535 2148 654 2220 justitiae
677 2149 813 2207 burnanae
867 2160 894 2210 et
909 2160 979 2210 tunc
993 2153 1049 2208 alia
1064 2167 1116 2223 pro
1130 2167 1215 2224 opere
1229 2160 1339 2223 septem
1354 2151 1475 2208 aliorum
1487 2164 1644 2217 annorum,
1658 2163 1716 2219 quo

56 2251 78 2294 ts
95 2251 186 2308 prava
212 2236 329 2293 videtur
354 2244 382 2293 et
405 2237 500 2293 tenuis
525 2236 562 2305 ei,
586 2237 638 2309 qui
661 2237 814 2309 diligenter
866 2242 1029 2299 serviturus
1052 2249 1105 2307 est,
1132 2241 1219 2298 datur
1241 2256 1308 2298 cum
1329 2240 1484 2311 speculatio
1514 2239 1600 2310 quasi
1623 2237 1715 2309 quod·

57 2333 77 2394 t,
118 2333 146 2382 et
187 2324 378 2396 intelligenter
414 2332 492 2381 amat
523 2325 645 2405 speciem
680 2340 814 2396 supernae
867 2331 933 2387 dam
948 2331 1100 2400 premium
1112 2329 1220 2386 intimae
1235 2337 1349 2397 nostrae,
1375 2343 1434 2400 qua
1456 2342 1473 2383 a
1496 2328 1575 2384 vitiis
1589 2326 1716 2398 quiesci·

56 2413 158 2471 udinis.
174 2413 271 2481 (Vens.
287 2413 345 2484 ιι.)
361 2415 433 2469 llicit
451 2415 638 2484 itaquelocob
656 2414 693 2468 od
707 2416 811 2471 lobon.
867 2432 942 2485 mus,
972 2419 1050 2488 pacis
1064 2418 1191 2475 additur.
1219 2417 1330 2488 Septem
1356 2417 1424 2473 anni
1454 2417 1564 2487 priores
1588 2415 1618 2471 in
1643 2415 1715 2470 iute-

61 2502 99 2559 ad
114 2502 213 2559 Laban
233 2502 354 2569 dictum,
370 2516 427 2558 non
443 2502 524 2559 allud
551 2502 642 2559 sentio
658 2517 747 2574 quam
763 2499 814 2574 pess
846 2537 849 2542 ·
868 2507 935 2563 riori
950 2507 1146 2578 exteriorique
1166 2507 1322 2564 certamine
1341 2514 1426 2572 sunt3
1454 2505 1588 2576 postremi
1609 2510 1716 2573 septem

56 2599 143 2648 ternae
163 2591 261 2662 gloriae
281 2591 435 2647 candorem
457 2591 561 2647 interni
577 2591 710 2648 desiderii
726 2606 814 2661 appe·
869 2595 1023 2667 utrobique
1042 2597 1153 2666 corpori
1174 2595 1281 2651 scilicet
1302 2603 1330 2652 et
1354 2593 1457 2650 animae
1478 2608 1515 2650 ex
1537 2592 1646 2664 peccati
1670 2591 1717 2647 ri-

56 2724 57 2733 ,
73 2682 114 2735 lto
130 2681 200 2734 mibi
214 2694 325 2734 oaorem
340 2695 436 2747 mecon
458 2682 525 2749 quio
551 2684 655 2749 tempus
677 2682 814 2750 expletum
867 2685 957 2741 ctoria
967 2685 1058 2756 quieti
1072 2692 1100 2741 et
1127 2685 1232 2755 placidi
1260 2693 1338 2740 sunt.
1367 2685 1437 2740 ilinc
1465 2682 1571 2738 etenim
1598 2688 1625 2738 et
1650 2679 1717 2736 inde

56 2768 288 2836 :ingredimini
313 2768 453 2837 illum,id
476 2776 519 2825 est
547 2769 721 2825 concedatur
742 2771 813 2826 nribi
868 2783 918 2838 per
942 2769 1138 2839 septenarium
1166 2769 1371 2837 sabbatizatur,
1402 2767 1495 2838 primo
1528 2765 1657 2822 exterius
1686 2764 1716 2818 in

56 2871 69 2914 e
92 2855 297 2926 speculationis
319 2871 385 2914 cum
413 2857 548 2914 facultate
572 2858 715 2927 voluptas,
741 2859 811 2929 quia
831 2871 961 2948 Copere,
992 2858 1173 2928 postmodum
1199 2857 1322 2914 interius
1350 2858 1379 2912 in
1404 2855 1586 2927 cogitatione.
1621 2851 1717 2910 Verba

56 2946 164 3016 orporis
177 2954 206 3002 et
226 2946 330 3001 animae
354 2960 424 3003 meae
448 2947 623 3017 impensione
637 2947 761 3017 expleri,
779 2956 812 3006 ut
868 2946 966 3002 Labau
978 2945 1017 3002 nil
1033 2945 1116 3002 aliud
1140 2946 1284 3018 intelligas
1298 2959 1386 3017 quam
1404 2945 1523 3001 rationis
1542 2941 1716 2999 illuminatae

56 3049 66 3090 s
82 3035 221 3091 admittar
235 3035 387 3105 amplexus
406 3042 493 3106 atque
512 3035 638 3092 delicias.
672 3069 673 3073 =
867 3034 1049 3090 sententiam.
1066 3035 1163 3101 (Vnus.
1180 3037 1225 3102 28,
1251 3035 1310 3104 29.)
1327 3034 1490 3104 acquiescit
1516 3045 1585 3102 ergo
1613 3029 1714 3086 tacob:

56 3138 86 3181 ts.
102 3127 146 3192 22,
161 3126 206 3178 23.
226 3125 270 3179 24.
286 3153 322 3165 -
341 3125 409 3190 Quis
428 3127 531 3180 vocatis
545 3125 638 3180 multis
665 3127 814 3180 amicorum
868 3123 917 3178 sed
932 3122 1048 3179 Racheli
1061 3123 1130 3178 Bala
1145 3122 1250 3178 ancilla
1273 3122 1471 3193 subiungitur.
1492 3121 1562 3177 Bala
1585 3132 1654 3175 vero
1672 3119 1715 3172 in-

76 3211 114 3267 od
136 3214 288 3267 conuicium
310 3214 378 3279 fecit
399 3215 521 3282 nuptias.
538 3214 575 3268 ut
595 3226 704 3282 uespere
727 3213 814 3281 tiliam
866 3215 988 3266 oeteroto
1030 3203 1244 3282 interpretatur.
1273 3211 1406 3268 vetustas
1441 3217 1538 3267 autem
1571 3208 1626 3264 ista
1657 3219 1716 3263 non

67 3305 140 3356 m
160 3302 238 3356 biom
254 3300 410 3356 introducit
434 3301 472 3356 od
499 3317 569 3369 eam,
592 3300 662 3356 dans
683 3301 815 3356 ancillam
867 3300 939 3356 mibi
955 3299 1012 3355 alia
1026 3300 1142 3356 videtur
1160 3314 1249 3370 quam
1271 3312 1472 3369 corporearum
1497 3311 1596 3353 rerum
1619 3295 1717 3366 pbao-

62 3390 169 3456 zelfam
197 3391 312 3444 nomine.
340 3389 504 3445 Amicorum
528 3389 620 3445 turbat
647 3404 706 3445 non
734 3389 814 3446 aliud
867 3389 949 3457 tasia‚
965 3404 1030 3460 quae
1045 3388 1167 3461 [semper
1182 3388 1415 3458 contemplationi
1443 3385 1639 3458 spiritualium
1669 3383 1716 3440 ln·

56 3491 135 3548 quarn
153 3476 268 3533 utilium
291 3478 481 3548 cogitatuum,
507 3477 696 3546 locutionum,
713 3485 740 3534 et
764 3492 814 3533 ac-
867 3478 948 3534 lensa
961 3479 1094 3535 sentitur.
1115 3477 1366 3546 contemplationis
1386 3481 1484 3546 itaque
1500 3474 1612 3530 novitas
1632 3473 1715 3529 inve·

66 3575 199 3634 catervae,
227 3581 292 3637 quae
316 3580 384 3623 vera
410 3566 540 3633 fidelitas,
568 3565 753 3637 amicitiaque
771 3573 815 3623 est
867 3574 988 3633 teratur,
1005 3581 1071 3623 curn
1085 3565 1317 3635 corruptibilium
1338 3563 1515 3633 imaginibus
1538 3562 1715 3627 incursatur,

56 3669 79 3712 c.
108 3655 166 3711 llos
188 3663 273 3713 vocat
301 3656 398 3712 Laban
427 3655 465 3709 ed
491 3657 653 3723 convicium,
688 3656 814 3725 lacitquc
868 3656 1042 3713 ancillariter
1064 3663 1160 3712 tamen
1189 3653 1351 3725 subjicitur.
1390 3653 1486 3719 (Vane.
1518 3650 1574 3722 30.)
1607 3650 1716 3707 Verum

56 3758 87 3810 ta,
121 3758 190 3801 cum
217 3744 316 3800 aeterni
343 3744 477 3800 candoris
501 3758 583 3801 amor
614 3758 648 3800 ea
670 3743 814 3800 contrabit
868 3745 913 3801 bis
951 3745 1039 3802 Jacob
1081 3744 1186 3816 potitus
1223 3742 1341 3813 nuptiis,
1384 3755 1510 3797 amorem
1557 3737 1714 3809 sequentis,

56 3831 120 3888 rad
144 3846 277 3903 supernae
300 3832 462 3888 dulcedinis
485 3833 633 3900 baustum,
659 3840 687 3889 et
708 3833 814 3888 divina
868 3834 962 3891 idest
990 3833 1226 3903 contemplativae,
1258 3831 1357 3902 priori,
1385 3829 1479 3886 idest
1508 3829 1609 3886 activae
1640 3838 1717 3897 pras-

56 3920 156 3977 ationis
172 3919 281 3991 prabet
300 3921 478 3991 amplexum.
501 3921 556 3977 Sed
580 3936 699 3991 uespere,
722 3921 814 3977 idest
869 3923 943 3981 tulit.

56 4016 111 4065 tato
137 4009 226 4065 animi
249 4009 400 4079 splendore
424 4008 482 4064 lrlla
511 4009 560 4065 Lia
580 4010 617 4064 od
637 4026 698 4065 eum
721 4011 814 4067 intro-
903 4012 990 4069 Vnus.
1005 4014 1048 4067 st.
1066 4041 1101 4053 -
1123 4010 1224 4066 Videas
1252 4014 1342 4064 antean
1370 4011 1450 4074 Dens,
1471 4006 1544 4076 quod
1568 4005 1717 4074 despiceret

56 4111 89 4166 tr,
106 4098 176 4168 quia
189 4098 218 4153 in
235 4098 412 4154 activaeritae
429 4097 557 4155 laborem
577 4112 658 4154 mens
678 4100 814 4170 quaelibet
868 4100 956 4162 Lien,
974 4102 1084 4170 operuit
1099 4100 1209 4154 cuicum
1223 4099 1291 4169 ejus,
1316 4112 1406 4152 sorore
1428 4097 1517 4151 sterili
1531 4097 1714 4165 permanente.

56 4205 61 4241 t
101 4186 251 4254 relabitur,
286 4186 356 4242 dum
399 4186 483 4257 quies
515 4186 810 4258 internadissipatur.
831 4175 951 4246 Dllidet
972 4191 1100 4243 Dominus
1123 4188 1230 4258 (idest,
1252 4187 1350 4242 videre
1372 4199 1425 4241 nos
1452 4183 1531 4254 lacit)
1556 4182 1630 4252 quod
1657 4195 1716 4239 non

63 4273 171 4331 dicitur
193 4291 222 4330 oa
245 4274 397 4330 ambulans.
423 4275 515 4331 liabet
535 4277 633 4346 itaque
654 4275 704 4331 Lia
722 4276 811 4332 ancil·
867 4277 1121 4334 beneaestimemus
1142 4275 1176 4331 de
1200 4275 1260 4342 lia,
1275 4274 1360 4330 idest
1374 4274 1409 4330 de
1423 4270 1530 4329 actuali
1545 4269 1615 4338 vita,
1647 4270 1716 4326 dum

56 4377 120 4431 um,
144 4379 211 4434 qua
231 4364 386 4420 ambulans
414 4378 446 4420 os
469 4363 585 4429 dicitur,
615 4365 709 4420 activa
735 4365 813 4421 euim
867 4365 951 4436 quasi
967 4365 1060 4421 tutius
1074 4372 1220 4433 putamus,
1235 4363 1318 4419 nobis
1347 4362 1414 4419 solis
1435 4360 1598 4431 intendere,
1628 4370 1717 4429 quant

56 4451 221 4518 ‚humanm
236 4467 302 4524 quae
315 4466 364 4522 per
378 4466 430 4509 ora
440 4452 616 4509 ancillariter
629 4453 811 4510 adulantium
867 4454 922 4511 sub
938 4453 1061 4523 proximi
1082 4465 1153 4508 cura
1167 4451 1318 4518 desudare,
1344 4450 1493 4522 aperitque
1517 4449 1627 4503 cuicum
1644 4446 1714 4516 ejus,

56 4540 86 4608 it,
112 4548 141 4597 et
165 4541 313 4610 discurrit,
337 4541 484 4612 obsequiis
507 4541 659 4613 delinitur;
683 4550 813 4614 patenter
867 4543 895 4598 id
921 4548 963 4599 est
993 4540 1117 4597 ostendit
1147 4540 1300 4597 utilitatem
1332 4553 1366 4595 ac
1388 4536 1616 4595 lructuositatem
1641 4535 1714 4605 ejus,

56 4638 205 4700 operatur.
220 4632 317 4701 (Vens.
339 4634 385 4696 25,
400 4632 458 4701 ιιι.)
473 4630 612 4700 Adquem
626 4647 685 4687 eum
698 4648 814 4688 ecmore
868 4631 939 4702 quia
959 4629 1066 4686 scilicet
1089 4642 1240 4685 commune
1265 4628 1373 4685 bonum
1399 4627 1511 4698 privato
1532 4624 1616 4680 debet
1642 4636 1715 4692 prce·

58 4719 158 4786 nancel
176 4721 325 4789 ingressus,
347 4721 420 4786 sueto
445 4734 524 4774 mene
544 4720 618 4774 cidit
639 4719 743 4790 llion;
772 4721 813 4776 db
868 4719 945 4789 poni,
964 4733 1055 4774 sorore
1067 4721 1241 4787 permanente
1254 4718 1351 4785 sterili,
1369 4717 1397 4772 id
1418 4723 1461 4772 est
1475 4715 1545 4772 dum
1561 4725 1598 4768 ex
1620 4711 1717 4767 lecun-

56 4807 119 4862 *ad
143 4822 265 4864 semrom
287 4823 390 4863 ειιιιιιιε
416 4809 508 4865 Nonne
521 4824 571 4878 pro
594 4809 694 4865 liccbct
712 4812 814 4864 amnica·
867 4807 955 4863 ditate
978 4805 1153 4863 actualitatis
1187 4805 1374 4874 perpenditur
1397 4803 1485 4861 unica
1517 4799 1627 4858 utilitas
1657 4799 1714 4866 sui,

68 4895 161 4962 Quare
185 4899 265 4953 Lien
285 4899 441 4967 imposuisti
454 4898 546 4951 mibi?
570 4899 629 4956 Non
657 4903 706 4966 est,
722 4901 814 4968 inquit
867 4910 920 4953 nec
929 4894 1098 4953 intendatur
1119 4895 1171 4950 abs
1192 4894 1321 4966 quolibet
1344 4893 1540 4962 proximarum
1563 4887 1713 4960 prolectui.

57 4985 112 5050 ,in
125 4983 182 5039 loco
208 4991 300 5041 nostro
321 4987 533 5054 masuetudinis,
548 4987 585 5056 {ut
606 4990 723 5043 minores
751 4992 815 5043 ann
868 4986 968 5052 (Vnus.
996 4985 1053 5055 32.)
1079 4985 1239 5053 conceptum
1268 4982 1390 5039 actualis
1408 4988 1527 5052 generat
1555 4979 1655 5046 uttam,
1685 4977 1714 5033 id

56 5088 106 5129 aaa
120 5073 158 5128 od
171 5077 294 5145 nuptiae.
313 5078 357 5132 Ec
369 5092 442 5131 more
458 5076 539 5132 Jacob
553 5076 590 5133 ad
604 5076 659 5133 sibi
681 5076 813 5146 junctam
867 5081 910 5130 est
924 5073 1103 5144 propositum
1118 5072 1236 5129 exbibet
1255 5071 1427 5143 generaliter
1451 5069 1490 5140 pii
1512 5067 1607 5140 operis
1627 5079 1715 5122 exer-

56 5166 138 5232 litor,
164 5177 231 5220 curn
256 5163 348 5221 tidelis
383 5165 480 5221 anima
509 5165 547 5222 ob
574 5165 812 5221 considerandam
867 5163 979 5229 citium,
994 5170 1022 5219 et
1047 5169 1131 5219 vocat
1152 5177 1248 5216 nomen
1275 5161 1333 5228 ejus
1358 5159 1462 5226 Ruben,
1486 5157 1609 5213 estimat
1635 5153 1714 5210 vide·

56 5254 99 5312 titi
111 5253 159 5310 sni
175 5251 306 5324 regulam
329 5252 365 5308 ad
387 5267 437 5309 cor
459 5253 640 5311 discernendi
663 5267 752 5310 causa
766 5268 814 5312 re-
867 5251 933 5308 licet
948 5250 1026 5321 apud
1041 5264 1072 5307 se
1086 5263 1229 5308 summam
1244 5249 1308 5320 ejus
1324 5246 1418 5318 operis
1432 5245 1510 5317 quod
1524 5258 1608 5314 pones
1621 5243 1713 5299 Deum

56 5358 96 5402 rr.
121 5341 176 5399 Sed
199 5355 278 5396 mone
292 5341 399 5398 divine
422 5340 620 5399 illustrationis
637 5344 721 5411 tacto,
743 5342 813 5398 dum
868 5339 1043 5396 nominabile
1062 5347 1111 5408 est,
1128 5338 1241 5406 liuben,
1259 5336 1288 5394 id
1301 5336 1428 5408 estivide
1452 5335 1481 5390 in
1504 5333 1608 5396 modio,
1635 5330 1714 5402 qnod

56 5432 224 5492 oximorum
256 5443 328 5487 cura
358 5429 540 5488 conscientia
563 5430 644 5488 labor
677 5430 815 5488 inductus
867 5437 919 5498 est,
932 5442 991 5485 non
1009 5443 1063 5486 suo
1085 5426 1208 5497 simplici
1233 5425 1395 5498 providere,
1420 5424 1470 5483 sed
1489 5419 1636 5480 communi
1660 5432 1714 5490 po-
