<?xml version="1.0" encoding="UTF-8"?>
<!DOCTYPE html PUBLIC "-//W3C//DTD XHTML 1.0 Transitional//EN"
    "http://www.w3.org/TR/xhtml1/DTD/xhtml1-transitional.dtd">
<html xmlns="http://www.w3.org/1999/xhtml" xml:lang="en" lang="en">
 <head>
  <title>
</title>
<meta http-equiv="Content-Type" content="text/html;charset=utf-8" />
  <meta name='ocr-system' content='tesseract 3.04.00' />
  <meta name='ocr-capabilities' content='ocr_page ocr_carea ocr_par ocr_line ocrx_word'/>
</head>
<body>
  <div class='ocr_page' id='page_1' title='image "./patrologiaecurs05unkngoog_0098.png"; bbox 0 0 3818 6008; ppageno 0'>
   <div class='ocr_carea' id='block_1_1' title="bbox 585 212 1742 274">
    <p class='ocr_par' dir='ltr' id='par_1_1' title="bbox 585 212 1742 274">
     <span class='ocr_line' id='line_1_1' title="bbox 585 212 1742 274; baseline 0.005 -7"><span class='ocrx_word' id='word_1_1' title='bbox 585 212 768 270; x_wconf 82' lang='lat' dir='ltr'><strong>llOerLIUM</strong></span> <span class='ocrx_word' id='word_1_2' title='bbox 791 215 825 270; x_wconf 85' lang='grc' dir='ltr'><strong>ΙΝ</strong></span> <span class='ocrx_word' id='word_1_3' title='bbox 851 217 999 273; x_wconf 76' lang='lat' dir='ltr'><strong>ccucsttt</strong></span> <span class='ocrx_word' id='word_1_4' title='bbox 1026 218 1088 272; x_wconf 82' lang='lat' dir='ltr'><strong>utu.</strong></span> <span class='ocrx_word' id='word_1_5' title='bbox 1118 217 1175 271; x_wconf 86' lang='lat' dir='ltr'><strong>Vll.</strong></span> <span class='ocrx_word' id='word_1_6' title='bbox 1694 220 1742 274; x_wconf 84' lang='lat' dir='ltr'><strong>tbb</strong></span> 
     </span>
    </p>
   </div>
   <div class='ocr_carea' id='block_1_2' title="bbox 56 347 1745 601">
    <p class='ocr_par' dir='ltr' id='par_1_2' title="bbox 56 347 1745 601">
     <span class='ocr_line' id='line_1_2' title="bbox 56 347 1743 424; baseline 0.002 -21"><span class='ocrx_word' id='word_1_7' title='bbox 56 347 124 403; x_wconf 79' lang='lat' dir='ltr'><strong>datu</strong></span> <span class='ocrx_word' id='word_1_8' title='bbox 142 348 271 418; x_wconf 77' lang='lat' dir='ltr'><strong>exponit.</strong></span> <span class='ocrx_word' id='word_1_9' title='bbox 289 348 373 404; x_wconf 75' lang='lat' dir='ltr'><strong>tens.</strong></span> <span class='ocrx_word' id='word_1_10' title='bbox 388 349 442 419; x_wconf 81' lang='lat'><strong>(19.</strong></span> <span class='ocrx_word' id='word_1_11' title='bbox 459 350 512 419; x_wconf 71' lang='lat' dir='ltr'><strong>ab).</strong></span> <span class='ocrx_word' id='word_1_12' title='bbox 525 350 643 418; x_wconf 78' lang='lat' dir='ltr'><strong>dumque</strong></span> <span class='ocrx_word' id='word_1_13' title='bbox 657 351 703 405; x_wconf 84' lang='lat' dir='ltr'><strong>itte</strong></span> <span class='ocrx_word' id='word_1_14' title='bbox 717 351 837 418; x_wconf 77' lang='lat' dir='ltr'><strong><em>bibisset,</em></strong></span> <span class='ocrx_word' id='word_1_15' title='bbox 859 354 881 405; x_wconf 82' lang='lat' dir='ltr'><strong>t</strong></span> <span class='ocrx_word' id='word_1_16' title='bbox 897 353 1008 422; x_wconf 87' lang='lat' dir='ltr'><strong>absque</strong></span> <span class='ocrx_word' id='word_1_17' title='bbox 1032 351 1194 408; x_wconf 91' lang='lat' dir='ltr'><strong>bumilitate</strong></span> <span class='ocrx_word' id='word_1_18' title='bbox 1210 360 1238 408; x_wconf 89' lang='lat' dir='ltr'><strong>et</strong></span> <span class='ocrx_word' id='word_1_19' title='bbox 1254 352 1391 421; x_wconf 88' lang='lat' dir='ltr'><strong>patientia</strong></span> <span class='ocrx_word' id='word_1_20' title='bbox 1413 352 1541 408; x_wconf 87' lang='lat' dir='ltr'><strong>exbiberi</strong></span> <span class='ocrx_word' id='word_1_21' title='bbox 1567 368 1622 409; x_wconf 91' lang='lat' dir='ltr'><strong>non</strong></span> <span class='ocrx_word' id='word_1_22' title='bbox 1643 362 1743 424; x_wconf 89' lang='lat' dir='ltr'><strong>potest.</strong></span> 
     </span>
     <span class='ocr_line' id='line_1_3' title="bbox 56 435 1744 512; baseline 0.007 -24"><span class='ocrx_word' id='word_1_23' title='bbox 56 437 90 488; x_wconf 86' lang='lat' dir='ltr'><strong>cit</strong></span> <span class='ocrx_word' id='word_1_24' title='bbox 107 451 113 488; x_wconf 93' lang='lat'>:</span> <span class='ocrx_word' id='word_1_25' title='bbox 131 435 203 501; x_wconf 85' lang='lat' dir='ltr'><strong>Quia</strong></span> <span class='ocrx_word' id='word_1_26' title='bbox 219 441 244 491; x_wconf 87' lang='lat' dir='ltr'><strong>et</strong></span> <span class='ocrx_word' id='word_1_27' title='bbox 270 438 377 491; x_wconf 69' lang='lat' dir='ltr'><strong>abactis</strong></span> <span class='ocrx_word' id='word_1_28' title='bbox 400 439 453 491; x_wconf 88' lang='lat' dir='ltr'><strong>tuis</strong></span> <span class='ocrx_word' id='word_1_29' title='bbox 481 438 609 492; x_wconf 72' lang='lat' dir='ltr'><strong>muriam</strong></span> <span class='ocrx_word' id='word_1_30' title='bbox 627 454 739 507; x_wconf 86' lang='lat' dir='ltr'><strong>aquam,</strong></span> <span class='ocrx_word' id='word_1_31' title='bbox 760 438 842 494; x_wconf 84' lang='lat' dir='ltr'><strong>donec</strong></span> <span class='ocrx_word' id='word_1_32' title='bbox 897 439 999 496; x_wconf 77' lang='lat' dir='ltr'><strong>Aureae</strong></span> <span class='ocrx_word' id='word_1_33' title='bbox 1018 449 1095 506; x_wconf 90' lang='lat' dir='ltr'><strong>sunt,</strong></span> <span class='ocrx_word' id='word_1_34' title='bbox 1122 454 1188 497; x_wconf 90' lang='lat' dir='ltr'><strong>cum</strong></span> <span class='ocrx_word' id='word_1_35' title='bbox 1210 455 1260 509; x_wconf 93' lang='lat' dir='ltr'><strong>pro</strong></span> <span class='ocrx_word' id='word_1_36' title='bbox 1279 440 1337 496; x_wconf 91' lang='lat' dir='ltr'><strong>solo</strong></span> <span class='ocrx_word' id='word_1_37' title='bbox 1354 441 1411 497; x_wconf 86' lang='lat' dir='ltr'><strong>Deo</strong></span> <span class='ocrx_word' id='word_1_38' title='bbox 1437 441 1557 512; x_wconf 89' lang='lat' dir='ltr'><strong>imperia</strong></span> <span class='ocrx_word' id='word_1_39' title='bbox 1578 443 1744 500; x_wconf 77' lang='lat' dir='ltr'><strong>obedientia</strong></span> 
     </span>
     <span class='ocr_line' id='line_1_4' title="bbox 56 523 1745 601; baseline 0.008 -24"><span class='ocrx_word' id='word_1_40' title='bbox 56 525 79 577; x_wconf 90' lang='lat' dir='ltr'><strong>ti</strong></span> <span class='ocrx_word' id='word_1_41' title='bbox 108 523 213 578; x_wconf 78' lang='lat' dir='ltr'><strong>bibant.</strong></span> <span class='ocrx_word' id='word_1_42' title='bbox 243 525 446 596; x_wconf 74' lang='lat' dir='ltr'><strong>Effacdmsque</strong></span> <span class='ocrx_word' id='word_1_43' title='bbox 474 527 602 596; x_wconf 81' lang='lat' dir='ltr'><strong>bpdrinm</strong></span> <span class='ocrx_word' id='word_1_44' title='bbox 630 530 660 580; x_wconf 87' lang='grc' dir='ltr'><strong>ιιι</strong></span> <span class='ocrx_word' id='word_1_45' title='bbox 689 528 842 596; x_wconf 84' lang='lat' dir='ltr'><strong>canalibus,</strong></span> <span class='ocrx_word' id='word_1_46' title='bbox 898 530 981 585; x_wconf 90' lang='lat' dir='ltr'><strong>liunt.</strong></span> <span class='ocrx_word' id='word_1_47' title='bbox 992 531 1120 587; x_wconf 76' lang='lat' dir='ltr'><strong>Aretullae</strong></span> <span class='ocrx_word' id='word_1_48' title='bbox 1135 532 1226 601; x_wconf 82' lang='lat' dir='ltr'><strong>pondo</strong></span> <span class='ocrx_word' id='word_1_49' title='bbox 1237 532 1364 586; x_wconf 82' lang='lat' dir='ltr'><strong>siclorum</strong></span> <span class='ocrx_word' id='word_1_50' title='bbox 1380 532 1467 587; x_wconf 87' lang='lat' dir='ltr'><strong>decem</strong></span> <span class='ocrx_word' id='word_1_51' title='bbox 1491 540 1569 601; x_wconf 87' lang='lat' dir='ltr'><strong>sunt,</strong></span> <span class='ocrx_word' id='word_1_52' title='bbox 1598 550 1662 590; x_wconf 91' lang='lat' dir='ltr'><strong>cum</strong></span> <span class='ocrx_word' id='word_1_53' title='bbox 1680 548 1745 590; x_wconf 91' lang='lat' dir='ltr'><strong>cor-</strong></span> 
     </span>
    </p>
   </div>
   <div class='ocr_carea' id='block_1_3' title="bbox 56 613 1746 1223">
    <p class='ocr_par' dir='ltr' id='par_1_3' title="bbox 56 613 1746 1132">
     <span class='ocr_line' id='line_1_5' title="bbox 56 613 1746 690; baseline 0.007 -24"><span class='ocrx_word' id='word_1_54' title='bbox 56 613 107 666; x_wconf 76' lang='lat' dir='ltr'><strong>crit</strong></span> <span class='ocrx_word' id='word_1_55' title='bbox 132 613 170 666; x_wconf 87' lang='lat' dir='ltr'><strong>ad</strong></span> <span class='ocrx_word' id='word_1_56' title='bbox 197 619 317 681; x_wconf 69' lang='lat' dir='ltr'><strong>pubem.</strong></span> <span class='ocrx_word' id='word_1_57' title='bbox 348 620 376 667; x_wconf 88' lang='lat' dir='ltr'><strong>ut</strong></span> <span class='ocrx_word' id='word_1_58' title='bbox 402 616 524 668; x_wconf 84' lang='lat' dir='ltr'><strong>baurircc</strong></span> <span class='ocrx_word' id='word_1_59' title='bbox 546 630 638 683; x_wconf 82' lang='lat' dir='ltr'><strong>quam,</strong></span> <span class='ocrx_word' id='word_1_60' title='bbox 666 619 691 669; x_wconf 87' lang='lat' dir='ltr'><strong>et</strong></span> <span class='ocrx_word' id='word_1_61' title='bbox 716 617 842 670; x_wconf 75' lang='lat' dir='ltr'><strong><em>haustam</em></strong></span> <span class='ocrx_word' id='word_1_62' title='bbox 897 632 951 687; x_wconf 93' lang='lat' dir='ltr'><strong>pns</strong></span> <span class='ocrx_word' id='word_1_63' title='bbox 968 627 1099 675; x_wconf 90' lang='lat' dir='ltr'><strong>nostrum</strong></span> <span class='ocrx_word' id='word_1_64' title='bbox 1115 628 1241 690; x_wconf 89' lang='lat' dir='ltr'><strong>quatuor</strong></span> <span class='ocrx_word' id='word_1_65' title='bbox 1257 619 1416 676; x_wconf 76' lang='lat' dir='ltr'>subsistens</span> <span class='ocrx_word' id='word_1_66' title='bbox 1431 621 1588 689; x_wconf 91' lang='lat' dir='ltr'><strong>elementis,</strong></span> <span class='ocrx_word' id='word_1_67' title='bbox 1604 631 1632 679; x_wconf 90' lang='lat' dir='ltr'><strong>et</strong></span> <span class='ocrx_word' id='word_1_68' title='bbox 1648 623 1746 678; x_wconf 86' lang='lat' dir='ltr'><strong>anima</strong></span> 
     </span>
     <span class='ocr_line' id='line_1_6' title="bbox 56 700 1745 781; baseline 0.008 -29"><span class='ocrx_word' id='word_1_69' title='bbox 56 700 113 756; x_wconf 78' lang='lat' dir='ltr'><strong>ibus</strong></span> <span class='ocrx_word' id='word_1_70' title='bbox 128 703 236 756; x_wconf 87' lang='lat' dir='ltr'><strong>camelis</strong></span> <span class='ocrx_word' id='word_1_71' title='bbox 261 702 686 759; x_wconf 82' lang='lat' dir='ltr'><strong>deditllenstactadivinitns</strong></span> <span class='ocrx_word' id='word_1_72' title='bbox 707 718 764 759; x_wconf 95' lang='lat' dir='ltr'><strong>non</strong></span> <span class='ocrx_word' id='word_1_73' title='bbox 794 720 843 761; x_wconf 89' lang='lat' dir='ltr'><strong>sa·</strong></span> <span class='ocrx_word' id='word_1_74' title='bbox 896 707 1000 775; x_wconf 83' lang='lat' dir='ltr'><strong>tribus,</strong></span> <span class='ocrx_word' id='word_1_75' title='bbox 1017 707 1163 765; x_wconf 89' lang='lat' dir='ltr'><strong>intellectu</strong></span> <span class='ocrx_word' id='word_1_76' title='bbox 1179 708 1295 776; x_wconf 90' lang='lat' dir='ltr'><strong>scilicet,</strong></span> <span class='ocrx_word' id='word_1_77' title='bbox 1318 710 1464 777; x_wconf 87' lang='lat' dir='ltr'><strong>memoria,</strong></span> <span class='ocrx_word' id='word_1_78' title='bbox 1488 710 1647 779; x_wconf 87' lang='lat' dir='ltr'><strong>voluntate,</strong></span> <span class='ocrx_word' id='word_1_79' title='bbox 1665 711 1745 781; x_wconf 89' lang='lat' dir='ltr'><strong>prin-</strong></span> 
     </span>
     <span class='ocr_line' id='line_1_7' title="bbox 63 789 1746 869; baseline 0.007 -24"><span class='ocrx_word' id='word_1_80' title='bbox 63 789 95 845; x_wconf 89' lang='lat' dir='ltr'><strong>iu</strong></span> <span class='ocrx_word' id='word_1_81' title='bbox 113 803 173 846; x_wconf 87' lang='lat' dir='ltr'><strong>una</strong></span> <span class='ocrx_word' id='word_1_82' title='bbox 188 790 318 860; x_wconf 89' lang='lat' dir='ltr'><strong>qualibet</strong></span> <span class='ocrx_word' id='word_1_83' title='bbox 332 805 362 846; x_wconf 89' lang='lat' dir='ltr'><strong>re</strong></span> <span class='ocrx_word' id='word_1_84' title='bbox 385 792 645 861; x_wconf 75' lang='lat' dir='ltr'><strong>concupiscentiam</strong></span> <span class='ocrx_word' id='word_1_85' title='bbox 663 791 689 847; x_wconf 91' lang='lat' dir='ltr'><strong>vi</strong></span> <span class='ocrx_word' id='word_1_86' title='bbox 712 792 842 848; x_wconf 90' lang='lat' dir='ltr'><strong>rationa-</strong></span> <span class='ocrx_word' id='word_1_87' title='bbox 896 796 1039 865; x_wconf 85' lang='lat' dir='ltr'><strong>cipaiibus</strong></span> <span class='ocrx_word' id='word_1_88' title='bbox 1062 797 1145 853; x_wconf 92' lang='lat' dir='ltr'><strong>donis</strong></span> <span class='ocrx_word' id='word_1_89' title='bbox 1171 798 1305 867; x_wconf 92' lang='lat' dir='ltr'><strong>pendent,</strong></span> <span class='ocrx_word' id='word_1_90' title='bbox 1334 812 1368 854; x_wconf 91' lang='lat' dir='ltr'><strong>ac</strong></span> <span class='ocrx_word' id='word_1_91' title='bbox 1392 813 1483 869; x_wconf 91' lang='lat' dir='ltr'><strong>prona</strong></span> <span class='ocrx_word' id='word_1_92' title='bbox 1508 807 1577 855; x_wconf 91' lang='lat' dir='ltr'><strong>sunt</strong></span> <span class='ocrx_word' id='word_1_93' title='bbox 1597 801 1633 856; x_wconf 86' lang='lat' dir='ltr'><strong>ad</strong></span> <span class='ocrx_word' id='word_1_94' title='bbox 1656 800 1746 856; x_wconf 92' lang='lat' dir='ltr'><strong>unius</strong></span> 
     </span>
     <span class='ocr_line' id='line_1_8' title="bbox 56 878 1746 957; baseline 0.007 -25"><span class='ocrx_word' id='word_1_95' title='bbox 56 878 77 933; x_wconf 84' lang='lat' dir='ltr'><strong>is</strong></span> <span class='ocrx_word' id='word_1_96' title='bbox 105 879 237 934; x_wconf 89' lang='lat' dir='ltr'><strong>consumi</strong></span> <span class='ocrx_word' id='word_1_97' title='bbox 263 879 380 948; x_wconf 84' lang='lat' dir='ltr'><strong>gaudet,</strong></span> <span class='ocrx_word' id='word_1_98' title='bbox 404 880 481 935; x_wconf 88' lang='lat' dir='ltr'><strong>sedet</strong></span> <span class='ocrx_word' id='word_1_99' title='bbox 507 879 643 935; x_wconf 92' lang='lat' dir='ltr'><strong>omnibns</strong></span> <span class='ocrx_word' id='word_1_100' title='bbox 666 881 784 948; x_wconf 81' lang='lat' dir='ltr'><strong>camelis,</strong></span> <span class='ocrx_word' id='word_1_101' title='bbox 815 880 843 936; x_wconf 90' lang='lat' dir='ltr'><strong>id</strong></span> <span class='ocrx_word' id='word_1_102' title='bbox 897 884 1069 941; x_wconf 88' lang='lat' dir='ltr'><strong>desiderium</strong></span> <span class='ocrx_word' id='word_1_103' title='bbox 1093 886 1262 954; x_wconf 84' lang='lat' dir='ltr'><strong>Trinitatis3</strong></span> <span class='ocrx_word' id='word_1_104' title='bbox 1286 886 1399 956; x_wconf 91' lang='lat' dir='ltr'><strong>pondus</strong></span> <span class='ocrx_word' id='word_1_105' title='bbox 1423 901 1552 957; x_wconf 88' lang='lat' dir='ltr'><strong>namque</strong></span> <span class='ocrx_word' id='word_1_106' title='bbox 1571 901 1605 943; x_wconf 88' lang='lat' dir='ltr'><strong>ac</strong></span> <span class='ocrx_word' id='word_1_107' title='bbox 1618 888 1746 957; x_wconf 90' lang='lat' dir='ltr'><strong>pondua</strong></span> 
     </span>
     <span class='ocr_line' id='line_1_9' title="bbox 56 967 1744 1045; baseline 0.005 -23"><span class='ocrx_word' id='word_1_108' title='bbox 56 967 212 1023; x_wconf 79' lang='lat' dir='ltr'><strong>inmitibus</strong></span> <span class='ocrx_word' id='word_1_109' title='bbox 230 969 370 1024; x_wconf 86' lang='lat' dir='ltr'><strong>virtutum</strong></span> <span class='ocrx_word' id='word_1_110' title='bbox 385 969 489 1024; x_wconf 88' lang='lat' dir='ltr'><strong>studiis</strong></span> <span class='ocrx_word' id='word_1_111' title='bbox 504 969 608 1024; x_wconf 87' lang='lat' dir='ltr'><strong>datura</strong></span> <span class='ocrx_word' id='word_1_112' title='bbox 623 975 650 1025; x_wconf 91' lang='lat' dir='ltr'><strong>et</strong></span> <span class='ocrx_word' id='word_1_113' title='bbox 665 969 844 1025; x_wconf 76' lang='lat' dir='ltr'><strong>refocillatio</strong></span> <span class='ocrx_word' id='word_1_114' title='bbox 894 973 1036 1041; x_wconf 83' lang='lat' dir='ltr'><strong>perdendo</strong></span> <span class='ocrx_word' id='word_1_115' title='bbox 1062 973 1211 1041; x_wconf 87' lang='lat' dir='ltr'><strong>dicuntur,</strong></span> <span class='ocrx_word' id='word_1_116' title='bbox 1237 982 1264 1029; x_wconf 91' lang='lat' dir='ltr'><strong>et</strong></span> <span class='ocrx_word' id='word_1_117' title='bbox 1284 974 1361 1043; x_wconf 91' lang='lat' dir='ltr'><strong>quod</strong></span> <span class='ocrx_word' id='word_1_118' title='bbox 1378 974 1480 1043; x_wconf 81' lang='lat' dir='ltr'><strong>pendet</strong></span> <span class='ocrx_word' id='word_1_119' title='bbox 1495 974 1530 1029; x_wconf 92' lang='lat' dir='ltr'><strong>ad</strong></span> <span class='ocrx_word' id='word_1_120' title='bbox 1552 975 1662 1045; x_wconf 86' lang='lat' dir='ltr'><strong>aliquid</strong></span> <span class='ocrx_word' id='word_1_121' title='bbox 1682 983 1744 1030; x_wconf 89' lang='lat' dir='ltr'><strong>ten·</strong></span> 
     </span>
     <span class='ocr_line' id='line_1_10' title="bbox 56 1054 1517 1132; baseline 0.003 -20"><span class='ocrx_word' id='word_1_122' title='bbox 56 1055 166 1120; x_wconf 88' lang='lat' dir='ltr'><strong>locum,</strong></span> <span class='ocrx_word' id='word_1_123' title='bbox 190 1054 275 1126; x_wconf 86' lang='lat' dir='ltr'><strong>aqnis</strong></span> <span class='ocrx_word' id='word_1_124' title='bbox 293 1056 386 1112; x_wconf 83' lang='lat' dir='ltr'><strong>otonis</strong></span> <span class='ocrx_word' id='word_1_125' title='bbox 408 1057 537 1113; x_wconf 89' lang='lat' dir='ltr'><strong>molliciei</strong></span> <span class='ocrx_word' id='word_1_126' title='bbox 561 1060 656 1113; x_wconf 75' lang='lat' dir='ltr'><strong>noxie</strong></span> <span class='ocrx_word' id='word_1_127' title='bbox 676 1072 706 1114; x_wconf 89' lang='lat' dir='ltr'><strong>se</strong></span> <span class='ocrx_word' id='word_1_128' title='bbox 725 1057 845 1114; x_wconf 90' lang='lat' dir='ltr'><strong>baurire</strong></span> <span class='ocrx_word' id='word_1_129' title='bbox 897 1060 947 1128; x_wconf 89' lang='lat' dir='ltr'><strong>dit,</strong></span> <span class='ocrx_word' id='word_1_130' title='bbox 962 1061 1038 1117; x_wconf 87' lang='lat' dir='ltr'><strong>unde</strong></span> <span class='ocrx_word' id='word_1_131' title='bbox 1053 1069 1081 1117; x_wconf 92' lang='lat' dir='ltr'><strong>et</strong></span> <span class='ocrx_word' id='word_1_132' title='bbox 1095 1070 1225 1118; x_wconf 90' lang='lat' dir='ltr'><strong>amantes</strong></span> <span class='ocrx_word' id='word_1_133' title='bbox 1239 1062 1363 1132; x_wconf 88' lang='lat' dir='ltr'><strong>pendere</strong></span> <span class='ocrx_word' id='word_1_134' title='bbox 1376 1063 1517 1119; x_wconf 84' lang='lat' dir='ltr'><strong>teruntur.</strong></span> 
     </span>
    </p>

    <p class='ocr_par' dir='ltr' id='par_1_4' title="bbox 56 1142 1746 1223">
     <span class='ocr_line' id='line_1_11' title="bbox 56 1142 1746 1223; baseline 0.005 -24"><span class='ocrx_word' id='word_1_135' title='bbox 56 1142 124 1200; x_wconf 79' lang='lat' dir='ltr'><strong>ttici.</strong></span> <span class='ocrx_word' id='word_1_136' title='bbox 149 1142 249 1201; x_wconf 87' lang='lat' dir='ltr'><strong>Virtus</strong></span> <span class='ocrx_word' id='word_1_137' title='bbox 270 1146 345 1201; x_wconf 91' lang='lat' dir='ltr'><strong>enim</strong></span> <span class='ocrx_word' id='word_1_138' title='bbox 368 1160 426 1201; x_wconf 89' lang='lat' dir='ltr'><strong>nnn</strong></span> <span class='ocrx_word' id='word_1_139' title='bbox 449 1147 535 1203; x_wconf 85' lang='lat' dir='ltr'><strong>babet</strong></span> <span class='ocrx_word' id='word_1_140' title='bbox 558 1161 616 1217; x_wconf 92' lang='lat' dir='ltr'><strong>quo</strong></span> <span class='ocrx_word' id='word_1_141' title='bbox 639 1153 763 1214; x_wconf 87' lang='lat' dir='ltr'><strong>maneat,</strong></span> <span class='ocrx_word' id='word_1_142' title='bbox 789 1146 845 1203; x_wconf 89' lang='lat' dir='ltr'><strong>nisi</strong></span> <span class='ocrx_word' id='word_1_143' title='bbox 932 1149 1019 1206; x_wconf 81' lang='lat' dir='ltr'><strong>Vnus.</strong></span> <span class='ocrx_word' id='word_1_144' title='bbox 1036 1150 1134 1216; x_wconf 55' lang='lat' dir='ltr'><strong>ibai,</strong></span> <span class='ocrx_word' id='word_1_145' title='bbox 1147 1152 1189 1204; x_wconf 76' lang='lat' dir='ltr'><strong>ab.</strong></span> <span class='ocrx_word' id='word_1_146' title='bbox 1202 1181 1234 1190; x_wconf 97' lang='lat'>—</span> <span class='ocrx_word' id='word_1_147' title='bbox 1249 1152 1382 1220; x_wconf 77' lang='lat' dir='ltr'><strong>Dicitque</strong></span> <span class='ocrx_word' id='word_1_148' title='bbox 1394 1152 1431 1205; x_wconf 85' lang='lat' dir='ltr'><strong>ad</strong></span> <span class='ocrx_word' id='word_1_149' title='bbox 1445 1169 1520 1206; x_wconf 86' lang='lat' dir='ltr'><strong>eam:</strong></span> <span class='ocrx_word' id='word_1_150' title='bbox 1535 1153 1617 1221; x_wconf 79' lang='lat' dir='ltr'><strong>bajus</strong></span> <span class='ocrx_word' id='word_1_151' title='bbox 1628 1168 1654 1207; x_wconf 84' lang='lat' dir='ltr'><strong>es</strong></span> <span class='ocrx_word' id='word_1_152' title='bbox 1664 1151 1746 1223; x_wconf 71' lang='lat' dir='ltr'><strong>filia?</strong></span> 
     </span>
    </p>
   </div>
   <div class='ocr_carea' id='block_1_4' title="bbox 55 1231 1774 5545">
    <p class='ocr_par' dir='ltr' id='par_1_5' title="bbox 55 1231 1774 5545">
     <span class='ocr_line' id='line_1_12' title="bbox 69 1231 1746 1307; baseline 0.005 -19"><span class='ocrx_word' id='word_1_153' title='bbox 69 1231 571 1305; x_wconf 87' lang='lat' dir='ltr'><strong>humoremspiritusignissudum</strong></span> <span class='ocrx_word' id='word_1_154' title='bbox 592 1235 701 1291; x_wconf 89' lang='lat' dir='ltr'><strong>reddat.</strong></span> <span class='ocrx_word' id='word_1_155' title='bbox 728 1235 842 1306; x_wconf 79' lang='lat' dir='ltr'><strong>Aquam</strong></span> <span class='ocrx_word' id='word_1_156' title='bbox 895 1239 946 1291; x_wconf 84' lang='lat' dir='ltr'><strong>Est</strong></span> <span class='ocrx_word' id='word_1_157' title='bbox 972 1239 1002 1291; x_wconf 85' lang='lat' dir='ltr'><strong>iu</strong></span> <span class='ocrx_word' id='word_1_158' title='bbox 1025 1238 1103 1292; x_wconf 90' lang='lat' dir='ltr'><strong>domo</strong></span> <span class='ocrx_word' id='word_1_159' title='bbox 1126 1241 1277 1307; x_wconf 81' lang='lat' dir='ltr'><strong>patristui</strong></span> <span class='ocrx_word' id='word_1_160' title='bbox 1297 1240 1368 1295; x_wconf 90' lang='lat' dir='ltr'><strong>lacus</strong></span> <span class='ocrx_word' id='word_1_161' title='bbox 1394 1240 1431 1294; x_wconf 90' lang='lat' dir='ltr'><strong>ad</strong></span> <span class='ocrx_word' id='word_1_162' title='bbox 1465 1241 1647 1295; x_wconf 77' lang='lat' dir='ltr'><strong>murcardum?</strong></span> <span class='ocrx_word' id='word_1_163' title='bbox 1680 1242 1746 1307; x_wconf 78' lang='lat' dir='ltr'><strong>Qua</strong></span> 
     </span>
     <span class='ocr_line' id='line_1_13' title="bbox 56 1319 1745 1398; baseline 0.005 -24"><span class='ocrx_word' id='word_1_164' title='bbox 56 1333 88 1374; x_wconf 78' lang='lat' dir='ltr'><strong>ie</strong></span> <span class='ocrx_word' id='word_1_165' title='bbox 104 1321 134 1372; x_wconf 80' lang='lat' dir='ltr'><strong>ic</strong></span> <span class='ocrx_word' id='word_1_166' title='bbox 153 1320 295 1374; x_wconf 83' lang='lat' dir='ltr'><strong>canalibus</strong></span> <span class='ocrx_word' id='word_1_167' title='bbox 317 1320 503 1387; x_wconf 87' lang='lat' dir='ltr'><strong>eiiundimns,</strong></span> <span class='ocrx_word' id='word_1_168' title='bbox 528 1335 595 1376; x_wconf 92' lang='lat' dir='ltr'><strong>eum</strong></span> <span class='ocrx_word' id='word_1_169' title='bbox 615 1319 842 1389; x_wconf 86' lang='lat' dir='ltr'><strong>superfluitatem</strong></span> <span class='ocrx_word' id='word_1_170' title='bbox 895 1325 1057 1395; x_wconf 83' lang='lat' dir='ltr'><strong>respondit:</strong></span> <span class='ocrx_word' id='word_1_171' title='bbox 1083 1329 1155 1382; x_wconf 82' lang='lat' dir='ltr'><strong>Filia</strong></span> <span class='ocrx_word' id='word_1_172' title='bbox 1179 1329 1317 1383; x_wconf 75' lang='lat' dir='ltr'><strong>Batinetis</strong></span> <span class='ocrx_word' id='word_1_173' title='bbox 1345 1343 1414 1395; x_wconf 86' lang='lat' dir='ltr'><strong>sum,</strong></span> <span class='ocrx_word' id='word_1_174' title='bbox 1443 1329 1497 1398; x_wconf 73' lang='lat' dir='ltr'><strong>titii</strong></span> <span class='ocrx_word' id='word_1_175' title='bbox 1515 1330 1634 1395; x_wconf 76' lang='lat' dir='ltr'><strong>tincher,</strong></span> <span class='ocrx_word' id='word_1_176' title='bbox 1664 1343 1745 1397; x_wconf 83' lang='lat' dir='ltr'><strong>quem</strong></span> 
     </span>
     <span class='ocr_line' id='line_1_14' title="bbox 56 1407 1744 1487; baseline 0.005 -25"><span class='ocrx_word' id='word_1_177' title='bbox 56 1407 191 1464; x_wconf 72' lang='lat' dir='ltr'><strong>claritatis</strong></span> <span class='ocrx_word' id='word_1_178' title='bbox 207 1423 255 1478; x_wconf 90' lang='lat' dir='ltr'><strong>per</strong></span> <span class='ocrx_word' id='word_1_179' title='bbox 272 1408 462 1464; x_wconf 89' lang='lat' dir='ltr'><strong>bumilitatem</strong></span> <span class='ocrx_word' id='word_1_180' title='bbox 478 1408 684 1480; x_wconf 85' lang='lat' dir='ltr'><strong>cogitationum</strong></span> <span class='ocrx_word' id='word_1_181' title='bbox 706 1410 842 1465; x_wconf 87' lang='lat' dir='ltr'><strong>exinani·</strong></span> <span class='ocrx_word' id='word_1_182' title='bbox 895 1418 1001 1484; x_wconf 82' lang='lat' dir='ltr'><strong>pepcrit</strong></span> <span class='ocrx_word' id='word_1_183' title='bbox 1020 1417 1045 1468; x_wconf 84' lang='lat' dir='ltr'><strong>ei</strong></span> <span class='ocrx_word' id='word_1_184' title='bbox 1058 1416 1172 1470; x_wconf 83' lang='lat' dir='ltr'><strong>Melcba.</strong></span> <span class='ocrx_word' id='word_1_185' title='bbox 1189 1418 1333 1470; x_wconf 85' lang='lat' dir='ltr'><strong>Patcarum</strong></span> <span class='ocrx_word' id='word_1_186' title='bbox 1357 1432 1462 1486; x_wconf 87' lang='lat' dir='ltr'><strong>quoque</strong></span> <span class='ocrx_word' id='word_1_187' title='bbox 1476 1421 1501 1471; x_wconf 87' lang='lat' dir='ltr'><strong>et</strong></span> <span class='ocrx_word' id='word_1_188' title='bbox 1518 1419 1577 1484; x_wconf 79' lang='lat' dir='ltr'><strong>serii</strong></span> <span class='ocrx_word' id='word_1_189' title='bbox 1594 1419 1744 1487; x_wconf 81' lang='lat' dir='ltr'><strong>ptirrimum</strong></span> 
     </span>
     <span class='ocr_line' id='line_1_15' title="bbox 56 1497 1745 1574; baseline 0.006 -24"><span class='ocrx_word' id='word_1_190' title='bbox 56 1497 197 1553; x_wconf 75' lang='lat' dir='ltr'><strong>,canalis</strong></span> <span class='ocrx_word' id='word_1_191' title='bbox 211 1497 287 1552; x_wconf 89' lang='lat' dir='ltr'><strong>enim</strong></span> <span class='ocrx_word' id='word_1_192' title='bbox 304 1499 339 1553; x_wconf 95' lang='lat' dir='ltr'><strong>ob</strong></span> <span class='ocrx_word' id='word_1_193' title='bbox 357 1497 564 1554; x_wconf 83' lang='lat' dir='ltr'><strong>concavitatem</strong></span> <span class='ocrx_word' id='word_1_194' title='bbox 587 1511 670 1554; x_wconf 89' lang='lat' dir='ltr'><strong>snam</strong></span> <span class='ocrx_word' id='word_1_195' title='bbox 692 1498 842 1554; x_wconf 90' lang='lat' dir='ltr'><strong>bumilita-</strong></span> <span class='ocrx_word' id='word_1_196' title='bbox 896 1507 935 1556; x_wconf 87' lang='lat' dir='ltr'><strong>cst</strong></span> <span class='ocrx_word' id='word_1_197' title='bbox 963 1504 1038 1572; x_wconf 83' lang='lat' dir='ltr'><strong>apud</strong></span> <span class='ocrx_word' id='word_1_198' title='bbox 1065 1519 1111 1558; x_wconf 84' lang='lat' dir='ltr'><strong>aas</strong></span> <span class='ocrx_word' id='word_1_199' title='bbox 1127 1510 1152 1558; x_wconf 91' lang='lat' dir='ltr'><strong>ct</strong></span> <span class='ocrx_word' id='word_1_200' title='bbox 1176 1506 1249 1558; x_wconf 85' lang='lat' dir='ltr'><strong>loeus</strong></span> <span class='ocrx_word' id='word_1_201' title='bbox 1263 1507 1401 1574; x_wconf 84' lang='lat' dir='ltr'><strong>spatiosus</strong></span> <span class='ocrx_word' id='word_1_202' title='bbox 1416 1505 1453 1559; x_wconf 92' lang='lat' dir='ltr'><strong>ad</strong></span> <span class='ocrx_word' id='word_1_203' title='bbox 1467 1506 1641 1560; x_wconf 82' lang='lat' dir='ltr'><strong>memmium.</strong></span> <span class='ocrx_word' id='word_1_204' title='bbox 1669 1505 1745 1560; x_wconf 86' lang='lat' dir='ltr'><strong>Dum</strong></span> 
     </span>
     <span class='ocr_line' id='line_1_16' title="bbox 75 1585 1743 1663; baseline 0.005 -23"><span class='ocrx_word' id='word_1_205' title='bbox 75 1585 183 1641; x_wconf 90' lang='lat' dir='ltr'><strong>mentis</strong></span> <span class='ocrx_word' id='word_1_206' title='bbox 210 1585 361 1656; x_wconf 79' lang='lat' dir='ltr'><strong>significat,</strong></span> <span class='ocrx_word' id='word_1_207' title='bbox 395 1587 471 1642; x_wconf 91' lang='lat' dir='ltr'><strong>unde</strong></span> <span class='ocrx_word' id='word_1_208' title='bbox 500 1587 606 1643; x_wconf 90' lang='lat' dir='ltr'><strong>dieitur</strong></span> <span class='ocrx_word' id='word_1_209' title='bbox 633 1586 662 1640; x_wconf 90' lang='lat' dir='ltr'><strong>in</strong></span> <span class='ocrx_word' id='word_1_210' title='bbox 693 1587 840 1643; x_wconf 75' lang='lat' dir='ltr'><strong>canticis:</strong></span> <span class='ocrx_word' id='word_1_211' title='bbox 896 1591 1538 1663; x_wconf 80' lang='lat' dir='ltr'><strong>conversationisnostrcerigoremterventer</strong></span> <span class='ocrx_word' id='word_1_212' title='bbox 1557 1592 1743 1660; x_wconf 90' lang='lat' dir='ltr'><strong>attendimus,</strong></span> 
     </span>
     <span class='ocr_line' id='line_1_17' title="bbox 56 1671 1745 1744; baseline 0.004 -16"><span class='ocrx_word' id='word_1_213' title='bbox 56 1671 454 1744; x_wconf 80' lang='lat' dir='ltr'><strong>ecjussicutpurpucarepis</strong></span> <span class='ocrx_word' id='word_1_214' title='bbox 472 1677 564 1730; x_wconf 83' lang='lat' dir='ltr'><strong>uincta</strong></span> <span class='ocrx_word' id='word_1_215' title='bbox 584 1675 724 1730; x_wconf 75' lang='lat' dir='ltr'><strong>cantatibus</strong></span> <span class='ocrx_word' id='word_1_216' title='bbox 749 1676 841 1742; x_wconf 84' lang='lat' dir='ltr'><strong>(Caci.</strong></span> <span class='ocrx_word' id='word_1_217' title='bbox 897 1675 987 1744; x_wconf 82' lang='lat' dir='ltr'><strong>ipsein</strong></span> <span class='ocrx_word' id='word_1_218' title='bbox 1024 1676 1230 1734; x_wconf 88' lang='lat' dir='ltr'><strong>conversionis.</strong></span> <span class='ocrx_word' id='word_1_219' title='bbox 1263 1677 1308 1732; x_wconf 90' lang='lat' dir='ltr'><strong>vei</strong></span> <span class='ocrx_word' id='word_1_220' title='bbox 1337 1677 1422 1734; x_wconf 88' lang='lat' dir='ltr'><strong>etiam</strong></span> <span class='ocrx_word' id='word_1_221' title='bbox 1449 1677 1617 1733; x_wconf 87' lang='lat' dir='ltr'><strong>intentionis</strong></span> <span class='ocrx_word' id='word_1_222' title='bbox 1639 1685 1745 1734; x_wconf 85' lang='lat' dir='ltr'><strong>nostrae</strong></span> 
     </span>
     <span class='ocr_line' id='line_1_18' title="bbox 56 1762 1743 1836; baseline 0.001 -20"><span class='ocrx_word' id='word_1_223' title='bbox 56 1762 281 1831; x_wconf 76' lang='lat' dir='ltr'><strong>b).1tdputcum</strong></span> <span class='ocrx_word' id='word_1_224' title='bbox 305 1777 372 1818; x_wconf 89' lang='lat' dir='ltr'><strong>vero</strong></span> <span class='ocrx_word' id='word_1_225' title='bbox 387 1762 574 1830; x_wconf 87' lang='lat' dir='ltr'><strong>recurrimus,</strong></span> <span class='ocrx_word' id='word_1_226' title='bbox 592 1771 622 1819; x_wconf 91' lang='lat' dir='ltr'><strong>ut</strong></span> <span class='ocrx_word' id='word_1_227' title='bbox 644 1778 747 1832; x_wconf 79' lang='lat' dir='ltr'><strong>&lt;aquom</strong></span> <span class='ocrx_word' id='word_1_228' title='bbox 771 1763 843 1819; x_wconf 89' lang='lat' dir='ltr'><strong>batt-</strong></span> <span class='ocrx_word' id='word_1_229' title='bbox 896 1764 1038 1834; x_wconf 87' lang='lat' dir='ltr'><strong>originem</strong></span> <span class='ocrx_word' id='word_1_230' title='bbox 1055 1778 1232 1834; x_wconf 86' lang='lat' dir='ltr'><strong>cansamque</strong></span> <span class='ocrx_word' id='word_1_231' title='bbox 1247 1764 1364 1820; x_wconf 84' lang='lat' dir='ltr'><strong>scienter</strong></span> <span class='ocrx_word' id='word_1_232' title='bbox 1377 1765 1548 1836; x_wconf 87' lang='lat' dir='ltr'><strong>pierumque</strong></span> <span class='ocrx_word' id='word_1_233' title='bbox 1562 1764 1743 1821; x_wconf 87' lang='lat' dir='ltr'><strong>discutimus.</strong></span> 
     </span>
     <span class='ocr_line' id='line_1_19' title="bbox 55 1850 1744 1922; baseline 0.003 -18"><span class='ocrx_word' id='word_1_234' title='bbox 55 1865 112 1918; x_wconf 85' lang='lat' dir='ltr'><strong>ins,</strong></span> <span class='ocrx_word' id='word_1_235' title='bbox 130 1851 691 1920; x_wconf 78' lang='lat' dir='ltr'><strong>haustamqueaamctisdcmus,cnmad</strong></span> <span class='ocrx_word' id='word_1_236' title='bbox 714 1851 842 1907; x_wconf 87' lang='lat' dir='ltr'><strong>conside·</strong></span> <span class='ocrx_word' id='word_1_237' title='bbox 898 1850 980 1921; x_wconf 84' lang='lat' dir='ltr'><strong>Cujus</strong></span> <span class='ocrx_word' id='word_1_238' title='bbox 1005 1867 1073 1922; x_wconf 85' lang='lat' dir='ltr'><strong>ergo</strong></span> <span class='ocrx_word' id='word_1_239' title='bbox 1105 1853 1141 1907; x_wconf 88' lang='lat' dir='ltr'><strong>sit</strong></span> <span class='ocrx_word' id='word_1_240' title='bbox 1164 1854 1226 1912; x_wconf 71' lang='lat' dir='ltr'><strong>itia</strong></span> <span class='ocrx_word' id='word_1_241' title='bbox 1254 1861 1311 1909; x_wconf 88' lang='lat' dir='ltr'><strong>tam</strong></span> <span class='ocrx_word' id='word_1_242' title='bbox 1344 1854 1438 1909; x_wconf 86' lang='lat' dir='ltr'><strong>nitens</strong></span> <span class='ocrx_word' id='word_1_243' title='bbox 1468 1853 1653 1921; x_wconf 87' lang='lat' dir='ltr'><strong>conscientia,</strong></span> <span class='ocrx_word' id='word_1_244' title='bbox 1687 1853 1744 1909; x_wconf 79' lang='lat' dir='ltr'><strong>lico</strong></span> 
     </span>
     <span class='ocr_line' id='line_1_20' title="bbox 56 1939 1742 2013; baseline 0.002 -19"><span class='ocrx_word' id='word_1_245' title='bbox 56 1939 112 1995; x_wconf 88' lang='lat' dir='ltr'><strong>lam</strong></span> <span class='ocrx_word' id='word_1_246' title='bbox 134 1939 223 1996; x_wconf 86' lang='lat' dir='ltr'><strong>totius</strong></span> <span class='ocrx_word' id='word_1_247' title='bbox 237 1948 342 1996; x_wconf 71' lang='lat' dir='ltr'><strong>nostras</strong></span> <span class='ocrx_word' id='word_1_248' title='bbox 352 1940 590 2008; x_wconf 79' lang='lat' dir='ltr'><strong>mucnpiscontiae</strong></span> <span class='ocrx_word' id='word_1_249' title='bbox 610 1953 732 1995; x_wconf 82' lang='lat' dir='ltr'><strong>massam</strong></span> <span class='ocrx_word' id='word_1_250' title='bbox 753 1939 842 1996; x_wconf 80' lang='lat' dir='ltr'><strong>aciem</strong></span> <span class='ocrx_word' id='word_1_251' title='bbox 896 1940 1012 2007; x_wconf 90' lang='lat' dir='ltr'><strong>scilicet,</strong></span> <span class='ocrx_word' id='word_1_252' title='bbox 1031 1955 1067 1995; x_wconf 90' lang='lat' dir='ltr'><strong>an</strong></span> <span class='ocrx_word' id='word_1_253' title='bbox 1081 1941 1194 1997; x_wconf 90' lang='lat' dir='ltr'><strong>diabolo</strong></span> <span class='ocrx_word' id='word_1_254' title='bbox 1204 1949 1389 2013; x_wconf 89' lang='lat' dir='ltr'><strong>propagante,</strong></span> <span class='ocrx_word' id='word_1_255' title='bbox 1405 1942 1440 1997; x_wconf 92' lang='lat' dir='ltr'><strong>sit</strong></span> <span class='ocrx_word' id='word_1_256' title='bbox 1456 1943 1532 1997; x_wconf 87' lang='lat' dir='ltr'><strong>odite</strong></span> <span class='ocrx_word' id='word_1_257' title='bbox 1544 1942 1742 2013; x_wconf 84' lang='lat' dir='ltr'><strong>disquirimus,</strong></span> 
     </span>
     <span class='ocr_line' id='line_1_21' title="bbox 56 2027 1743 2101; baseline 0.002 -19"><span class='ocrx_word' id='word_1_258' title='bbox 56 2027 78 2083; x_wconf 87' lang='lat' dir='ltr'><strong>ti</strong></span> <span class='ocrx_word' id='word_1_259' title='bbox 94 2027 272 2095; x_wconf 85' lang='lat' dir='ltr'><strong>reducimus,</strong></span> <span class='ocrx_word' id='word_1_260' title='bbox 288 2036 320 2084; x_wconf 93' lang='lat' dir='ltr'><strong>ut</strong></span> <span class='ocrx_word' id='word_1_261' title='bbox 336 2043 351 2084; x_wconf 94' lang='lat' dir='ltr'><strong>a</strong></span> <span class='ocrx_word' id='word_1_262' title='bbox 365 2029 469 2084; x_wconf 90' lang='lat' dir='ltr'><strong>nostris</strong></span> <span class='ocrx_word' id='word_1_263' title='bbox 488 2042 551 2083; x_wconf 91' lang='lat' dir='ltr'><strong>eam</strong></span> <span class='ocrx_word' id='word_1_264' title='bbox 567 2027 679 2083; x_wconf 87' lang='lat' dir='ltr'><strong>sinibus</strong></span> <span class='ocrx_word' id='word_1_265' title='bbox 701 2028 843 2083; x_wconf 90' lang='lat' dir='ltr'><strong>extruda-</strong></span> <span class='ocrx_word' id='word_1_266' title='bbox 896 2042 962 2084; x_wconf 91' lang='lat' dir='ltr'><strong>cnm</strong></span> <span class='ocrx_word' id='word_1_267' title='bbox 978 2042 1013 2084; x_wconf 90' lang='lat' dir='ltr'><strong>ne</strong></span> <span class='ocrx_word' id='word_1_268' title='bbox 1031 2029 1105 2084; x_wconf 89' lang='lat' dir='ltr'><strong>bona</strong></span> <span class='ocrx_word' id='word_1_269' title='bbox 1120 2039 1152 2085; x_wconf 95' lang='lat' dir='ltr'><strong>ut</strong></span> <span class='ocrx_word' id='word_1_270' title='bbox 1167 2030 1270 2085; x_wconf 89' lang='lat' dir='ltr'><strong>assolet</strong></span> <span class='ocrx_word' id='word_1_271' title='bbox 1284 2044 1372 2098; x_wconf 85' lang='lat' dir='ltr'><strong>prava</strong></span> <span class='ocrx_word' id='word_1_272' title='bbox 1387 2030 1544 2086; x_wconf 90' lang='lat' dir='ltr'><strong>intentione</strong></span> <span class='ocrx_word' id='word_1_273' title='bbox 1560 2031 1743 2101; x_wconf 81' lang='lat' dir='ltr'><strong>ceperimus,</strong></span> 
     </span>
     <span class='ocr_line' id='line_1_22' title="bbox 56 2115 1743 2187; baseline 0.001 -16"><span class='ocrx_word' id='word_1_274' title='bbox 56 2156 63 2182; x_wconf 92' lang='lat'><strong>,</strong></span> <span class='ocrx_word' id='word_1_275' title='bbox 91 2124 120 2171; x_wconf 89' lang='lat' dir='ltr'><strong>et</strong></span> <span class='ocrx_word' id='word_1_276' title='bbox 150 2115 293 2172; x_wconf 86' lang='lat' dir='ltr'><strong>virtutum</strong></span> <span class='ocrx_word' id='word_1_277' title='bbox 319 2130 504 2187; x_wconf 86' lang='lat' dir='ltr'><strong>quarumque</strong></span> <span class='ocrx_word' id='word_1_278' title='bbox 532 2115 669 2171; x_wconf 83' lang='lat' dir='ltr'><strong>examina</strong></span> <span class='ocrx_word' id='word_1_279' title='bbox 687 2115 842 2171; x_wconf 87' lang='lat' dir='ltr'><strong>libidinum</strong></span> <span class='ocrx_word' id='word_1_280' title='bbox 895 2117 1183 2186; x_wconf 84' lang='lat' dir='ltr'><strong>cantepcospicimus.</strong></span> <span class='ocrx_word' id='word_1_281' title='bbox 1201 2118 1310 2172; x_wconf 85' lang='lat' dir='ltr'><strong>Domus</strong></span> <span class='ocrx_word' id='word_1_282' title='bbox 1327 2118 1433 2173; x_wconf 85' lang='lat' dir='ltr'><strong>diaboli</strong></span> <span class='ocrx_word' id='word_1_283' title='bbox 1449 2118 1496 2174; x_wconf 90' lang='lat' dir='ltr'><strong>bic</strong></span> <span class='ocrx_word' id='word_1_284' title='bbox 1520 2117 1648 2174; x_wconf 89' lang='lat' dir='ltr'><strong>mundus</strong></span> <span class='ocrx_word' id='word_1_285' title='bbox 1672 2117 1743 2174; x_wconf 90' lang='lat' dir='ltr'><strong>dici·</strong></span> 
     </span>
     <span class='ocr_line' id='line_1_23' title="bbox 59 2203 1742 2275; baseline 0.002 -16"><span class='ocrx_word' id='word_1_286' title='bbox 59 2203 209 2273; x_wconf 89' lang='lat' dir='ltr'><strong>umptione</strong></span> <span class='ocrx_word' id='word_1_287' title='bbox 235 2218 396 2274; x_wconf 84' lang='lat' dir='ltr'><strong>pascamus.</strong></span> <span class='ocrx_word' id='word_1_288' title='bbox 897 2213 953 2260; x_wconf 89' lang='lat' dir='ltr'><strong>tur.</strong></span> <span class='ocrx_word' id='word_1_289' title='bbox 967 2206 1052 2261; x_wconf 90' lang='lat' dir='ltr'><strong>Porro</strong></span> <span class='ocrx_word' id='word_1_290' title='bbox 1069 2205 1115 2261; x_wconf 89' lang='lat' dir='ltr'><strong>bic</strong></span> <span class='ocrx_word' id='word_1_291' title='bbox 1129 2206 1343 2275; x_wconf 77' lang='lat' dir='ltr'><strong>damascenis,</strong></span> <span class='ocrx_word' id='word_1_292' title='bbox 1361 2206 1493 2262; x_wconf 89' lang='lat' dir='ltr'><strong>videlieet</strong></span> <span class='ocrx_word' id='word_1_293' title='bbox 1513 2206 1572 2274; x_wconf 82' lang='lat' dir='ltr'><strong>liei,</strong></span> <span class='ocrx_word' id='word_1_294' title='bbox 1589 2221 1647 2263; x_wconf 93' lang='lat' dir='ltr'><strong>non</strong></span> <span class='ocrx_word' id='word_1_295' title='bbox 1662 2206 1742 2263; x_wconf 92' lang='lat' dir='ltr'><strong>aliud</strong></span> 
     </span>
     <span class='ocr_line' id='line_1_24' title="bbox 56 2293 1743 2364; baseline 0.001 -17"><span class='ocrx_word' id='word_1_296' title='bbox 56 2307 112 2348; x_wconf 75' lang='lat' dir='ltr'><strong>ces.</strong></span> <span class='ocrx_word' id='word_1_297' title='bbox 129 2295 174 2354; x_wconf 82' lang='lat' dir='ltr'><strong>ct,</strong></span> <span class='ocrx_word' id='word_1_298' title='bbox 192 2295 235 2346; x_wconf 72' lang='lat' dir='ltr'><strong>aa.</strong></span> <span class='ocrx_word' id='word_1_299' title='bbox 256 2324 291 2333; x_wconf 90' lang='lat'><em>-</em></span> <span class='ocrx_word' id='word_1_300' title='bbox 305 2294 355 2350; x_wconf 86' lang='lat' dir='ltr'><strong>lite</strong></span> <span class='ocrx_word' id='word_1_301' title='bbox 369 2299 458 2348; x_wconf 89' lang='lat' dir='ltr'><strong>autem</strong></span> <span class='ocrx_word' id='word_1_302' title='bbox 471 2294 703 2363; x_wconf 80' lang='lat' dir='ltr'><strong>contemplabatur</strong></span> <span class='ocrx_word' id='word_1_303' title='bbox 717 2309 775 2346; x_wconf 86' lang='lat' dir='ltr'><strong>eam</strong></span> <span class='ocrx_word' id='word_1_304' title='bbox 796 2298 842 2347; x_wconf 88' lang='lat' dir='ltr'><strong>tu·</strong></span> <span class='ocrx_word' id='word_1_305' title='bbox 895 2300 938 2349; x_wconf 92' lang='lat' dir='ltr'><strong>est</strong></span> <span class='ocrx_word' id='word_1_306' title='bbox 952 2306 1040 2363; x_wconf 91' lang='lat' dir='ltr'><strong>qnam</strong></span> <span class='ocrx_word' id='word_1_307' title='bbox 1064 2307 1144 2349; x_wconf 90' lang='lat' dir='ltr'><strong>mens</strong></span> <span class='ocrx_word' id='word_1_308' title='bbox 1170 2294 1231 2363; x_wconf 87' lang='lat' dir='ltr'><strong>ipsa</strong></span> <span class='ocrx_word' id='word_1_309' title='bbox 1250 2308 1316 2364; x_wconf 75' lang='lat' dir='ltr'><strong>quae</strong></span> <span class='ocrx_word' id='word_1_310' title='bbox 1331 2295 1521 2363; x_wconf 85' lang='lat' dir='ltr'><strong>spiritualiter</strong></span> <span class='ocrx_word' id='word_1_311' title='bbox 1544 2295 1602 2364; x_wconf 89' lang='lat' dir='ltr'><strong>ipso</strong></span> <span class='ocrx_word' id='word_1_312' title='bbox 1627 2293 1743 2350; x_wconf 86' lang='lat' dir='ltr'><strong>inhabi-</strong></span> 
     </span>
     <span class='ocr_line' id='line_1_25' title="bbox 56 2382 1774 2454; baseline 0.002 -19"><span class='ocrx_word' id='word_1_313' title='bbox 56 2402 68 2447; x_wconf 21' lang='grc' dir='ltr'><strong>ι,</strong></span> <span class='ocrx_word' id='word_1_314' title='bbox 89 2383 387 2449; x_wconf 62' lang='lat' dir='ltr'><strong>scireburnensem</strong></span> <span class='ocrx_word' id='word_1_315' title='bbox 413 2397 574 2452; x_wconf 83' lang='lat' dir='ltr'><strong>prosperum</strong></span> <span class='ocrx_word' id='word_1_316' title='bbox 586 2384 695 2449; x_wconf 76' lang='lat' dir='ltr'><strong>fecisset</strong></span> <span class='ocrx_word' id='word_1_317' title='bbox 714 2383 842 2435; x_wconf 76' lang='lat' dir='ltr'><strong>tremimus</strong></span> <span class='ocrx_word' id='word_1_318' title='bbox 895 2389 973 2437; x_wconf 85' lang='lat' dir='ltr'><strong>tante</strong></span> <span class='ocrx_word' id='word_1_319' title='bbox 987 2382 1131 2452; x_wconf 89' lang='lat' dir='ltr'><strong>dirigitur.</strong></span> <span class='ocrx_word' id='word_1_320' title='bbox 1148 2383 1184 2438; x_wconf 82' lang='lat' dir='ltr'><strong>Et</strong></span> <span class='ocrx_word' id='word_1_321' title='bbox 1199 2383 1273 2439; x_wconf 92' lang='lat' dir='ltr'><strong>sicut</strong></span> <span class='ocrx_word' id='word_1_322' title='bbox 1284 2383 1360 2452; x_wconf 85' lang='lat' dir='ltr'><strong>apud</strong></span> <span class='ocrx_word' id='word_1_323' title='bbox 1371 2383 1517 2439; x_wconf 88' lang='lat' dir='ltr'><strong>diabolum</strong></span> <span class='ocrx_word' id='word_1_324' title='bbox 1538 2383 1742 2454; x_wconf 83' lang='lat' dir='ltr'><strong>dispergimur,</strong></span> <span class='ocrx_word' id='word_1_325' title='bbox 1771 2393 1774 2397; x_wconf 75' lang='grc'>’</span> 
     </span>
     <span class='ocr_line' id='line_1_26' title="bbox 58 2469 1745 2540; baseline 0 -15"><span class='ocrx_word' id='word_1_326' title='bbox 58 2486 152 2538; x_wconf 75' lang='lat' dir='ltr'><strong>auum,</strong></span> <span class='ocrx_word' id='word_1_327' title='bbox 177 2487 214 2524; x_wconf 85' lang='lat' dir='ltr'><strong>aa</strong></span> <span class='ocrx_word' id='word_1_328' title='bbox 237 2486 300 2526; x_wconf 82' lang='lat' dir='ltr'><strong>aaa.</strong></span> <span class='ocrx_word' id='word_1_329' title='bbox 328 2472 478 2540; x_wconf 86' lang='lat' dir='ltr'><strong>Postquam</strong></span> <span class='ocrx_word' id='word_1_330' title='bbox 500 2487 562 2539; x_wconf 83' lang='lat' dir='ltr'><strong>erqo</strong></span> <span class='ocrx_word' id='word_1_331' title='bbox 586 2471 710 2524; x_wconf 81' lang='lat' dir='ltr'><strong>biberunt</strong></span> <span class='ocrx_word' id='word_1_332' title='bbox 735 2471 840 2536; x_wconf 85' lang='lat' dir='ltr'><strong>cameli,</strong></span> <span class='ocrx_word' id='word_1_333' title='bbox 896 2469 936 2524; x_wconf 88' lang='lat' dir='ltr'><strong>ita</strong></span> <span class='ocrx_word' id='word_1_334' title='bbox 963 2470 999 2525; x_wconf 92' lang='lat' dir='ltr'><strong>ad</strong></span> <span class='ocrx_word' id='word_1_335' title='bbox 1016 2484 1116 2525; x_wconf 88' lang='lat' dir='ltr'><strong>curam</strong></span> <span class='ocrx_word' id='word_1_336' title='bbox 1141 2470 1285 2526; x_wconf 88' lang='lat' dir='ltr'><strong>interioris</strong></span> <span class='ocrx_word' id='word_1_337' title='bbox 1308 2471 1433 2527; x_wconf 91' lang='lat' dir='ltr'><strong>bominis</strong></span> <span class='ocrx_word' id='word_1_338' title='bbox 1456 2471 1532 2540; x_wconf 90' lang='lat' dir='ltr'><strong>apud</strong></span> <span class='ocrx_word' id='word_1_339' title='bbox 1557 2472 1647 2527; x_wconf 78' lang='lat' dir='ltr'><strong>licum</strong></span> <span class='ocrx_word' id='word_1_340' title='bbox 1677 2485 1745 2526; x_wconf 89' lang='lat' dir='ltr'><strong>vere</strong></span> 
     </span>
     <span class='ocr_line' id='line_1_27' title="bbox 56 2559 1743 2629; baseline 0.001 -15"><span class='ocrx_word' id='word_1_341' title='bbox 56 2561 104 2616; x_wconf 75' lang='lat' dir='ltr'><strong>itit</strong></span> <span class='ocrx_word' id='word_1_342' title='bbox 126 2562 172 2613; x_wconf 83' lang='lat' dir='ltr'><strong>oir</strong></span> <span class='ocrx_word' id='word_1_343' title='bbox 188 2561 297 2614; x_wconf 85' lang='lat' dir='ltr'><strong>inaures</strong></span> <span class='ocrx_word' id='word_1_344' title='bbox 312 2575 410 2614; x_wconf 83' lang='lat' dir='ltr'><strong>aureas</strong></span> <span class='ocrx_word' id='word_1_345' title='bbox 425 2559 606 2629; x_wconf 82' lang='lat' dir='ltr'><strong>appendentes</strong></span> <span class='ocrx_word' id='word_1_346' title='bbox 620 2560 700 2613; x_wconf 79' lang='lat' dir='ltr'><strong>siclae</strong></span> <span class='ocrx_word' id='word_1_347' title='bbox 719 2559 797 2626; x_wconf 88' lang='lat' dir='ltr'><strong>duas,</strong></span> <span class='ocrx_word' id='word_1_348' title='bbox 817 2565 842 2613; x_wconf 89' lang='lat' dir='ltr'><strong>et</strong></span> <span class='ocrx_word' id='word_1_349' title='bbox 881 2560 1009 2616; x_wconf 74' lang='lat' dir='ltr'><strong>,Putrem</strong></span> <span class='ocrx_word' id='word_1_350' title='bbox 1038 2559 1115 2615; x_wconf 90' lang='lat' dir='ltr'><strong>intra</strong></span> <span class='ocrx_word' id='word_1_351' title='bbox 1139 2574 1190 2616; x_wconf 91' lang='lat' dir='ltr'><strong>nos</strong></span> <span class='ocrx_word' id='word_1_352' title='bbox 1213 2560 1291 2629; x_wconf 93' lang='lat' dir='ltr'><strong>ipsos</strong></span> <span class='ocrx_word' id='word_1_353' title='bbox 1318 2574 1352 2616; x_wconf 90' lang='lat' dir='ltr'><strong>aa</strong></span> <span class='ocrx_word' id='word_1_354' title='bbox 1377 2559 1401 2615; x_wconf 88' lang='lat' dir='ltr'><strong>si</strong></span> <span class='ocrx_word' id='word_1_355' title='bbox 1429 2560 1576 2615; x_wconf 90' lang='lat' dir='ltr'><strong>domestici</strong></span> <span class='ocrx_word' id='word_1_356' title='bbox 1615 2559 1743 2615; x_wconf 88' lang='lat' dir='ltr'><strong>localiter</strong></span> 
     </span>
     <span class='ocr_line' id='line_1_28' title="bbox 56 2646 1740 2718; baseline 0 -15"><span class='ocrx_word' id='word_1_357' title='bbox 56 2649 114 2703; x_wconf 84' lang='lat' dir='ltr'><strong>iias</strong></span> <span class='ocrx_word' id='word_1_358' title='bbox 143 2648 256 2702; x_wconf 85' lang='lat' dir='ltr'><strong>totidem</strong></span> <span class='ocrx_word' id='word_1_359' title='bbox 281 2649 370 2718; x_wconf 83' lang='lat' dir='ltr'><strong>ponda</strong></span> <span class='ocrx_word' id='word_1_360' title='bbox 403 2649 530 2704; x_wconf 86' lang='lat' dir='ltr'><strong>siclorum</strong></span> <span class='ocrx_word' id='word_1_361' title='bbox 565 2647 663 2702; x_wconf 88' lang='lat' dir='ltr'><strong>decem.</strong></span> <span class='ocrx_word' id='word_1_362' title='bbox 693 2646 842 2716; x_wconf 85' lang='lat' dir='ltr'><strong>Virginem</strong></span> <span class='ocrx_word' id='word_1_363' title='bbox 895 2660 1121 2703; x_wconf 81' lang='lat' dir='ltr'><strong>canimenennus.</strong></span> <span class='ocrx_word' id='word_1_364' title='bbox 1149 2648 1239 2704; x_wconf 81' lang='lat' dir='ltr'><strong>locus</strong></span> <span class='ocrx_word' id='word_1_365' title='bbox 1267 2657 1364 2704; x_wconf 83' lang='lat' dir='ltr'><strong>etitem</strong></span> <span class='ocrx_word' id='word_1_366' title='bbox 1393 2648 1520 2705; x_wconf 90' lang='lat' dir='ltr'><strong>tidelium</strong></span> <span class='ocrx_word' id='word_1_367' title='bbox 1544 2649 1670 2705; x_wconf 83' lang='lat' dir='ltr'><strong>charitas</strong></span> <span class='ocrx_word' id='word_1_368' title='bbox 1688 2654 1740 2715; x_wconf 88' lang='lat' dir='ltr'><strong>est,</strong></span> 
     </span>
     <span class='ocr_line' id='line_1_29' title="bbox 56 2735 1745 2806; baseline -0.001 -14"><span class='ocrx_word' id='word_1_369' title='bbox 56 2737 64 2792; x_wconf 93' lang='lat' dir='ltr'><strong>i</strong></span> <span class='ocrx_word' id='word_1_370' title='bbox 80 2737 324 2806; x_wconf 88' lang='lat' dir='ltr'><strong>contemplamur,</strong></span> <span class='ocrx_word' id='word_1_371' title='bbox 346 2752 412 2793; x_wconf 90' lang='lat' dir='ltr'><strong>cum</strong></span> <span class='ocrx_word' id='word_1_372' title='bbox 432 2751 449 2792; x_wconf 92' lang='lat' dir='ltr'><strong>a</strong></span> <span class='ocrx_word' id='word_1_373' title='bbox 468 2736 590 2806; x_wconf 90' lang='lat' dir='ltr'><strong>strepitu</strong></span> <span class='ocrx_word' id='word_1_374' title='bbox 606 2735 737 2791; x_wconf 79' lang='lat' dir='ltr'><strong>forastico</strong></span> <span class='ocrx_word' id='word_1_375' title='bbox 759 2748 842 2790; x_wconf 88' lang='lat' dir='ltr'><strong>men·</strong></span> <span class='ocrx_word' id='word_1_376' title='bbox 895 2748 953 2790; x_wconf 79' lang='lat' dir='ltr'><strong>nnn</strong></span> <span class='ocrx_word' id='word_1_377' title='bbox 964 2735 1089 2798; x_wconf 87' lang='lat' dir='ltr'><strong>horaria,</strong></span> <span class='ocrx_word' id='word_1_378' title='bbox 1108 2737 1166 2802; x_wconf 89' lang='lat' dir='ltr'><strong>sed,</strong></span> <span class='ocrx_word' id='word_1_379' title='bbox 1183 2745 1216 2792; x_wconf 93' lang='lat' dir='ltr'><strong>ut</strong></span> <span class='ocrx_word' id='word_1_380' title='bbox 1236 2737 1274 2792; x_wconf 90' lang='lat' dir='ltr'><strong>ita</strong></span> <span class='ocrx_word' id='word_1_381' title='bbox 1289 2737 1392 2801; x_wconf 85' lang='lat' dir='ltr'><strong>dicam,</strong></span> <span class='ocrx_word' id='word_1_382' title='bbox 1409 2735 1613 2802; x_wconf 87' lang='lat' dir='ltr'><strong>mansionaria,</strong></span> <span class='ocrx_word' id='word_1_383' title='bbox 1629 2735 1745 2790; x_wconf 91' lang='lat' dir='ltr'><strong>undeet</strong></span> 
     </span>
     <span class='ocr_line' id='line_1_30' title="bbox 56 2822 1743 2897; baseline -0.002 -16"><span class='ocrx_word' id='word_1_384' title='bbox 56 2826 242 2896; x_wconf 80' lang='lat' dir='ltr'><strong>scousopitis,</strong></span> <span class='ocrx_word' id='word_1_385' title='bbox 258 2840 347 2896; x_wconf 89' lang='lat' dir='ltr'><strong>qnam</strong></span> <span class='ocrx_word' id='word_1_386' title='bbox 361 2825 518 2897; x_wconf 88' lang='lat' dir='ltr'><strong>gloriosum</strong></span> <span class='ocrx_word' id='word_1_387' title='bbox 534 2826 570 2882; x_wconf 90' lang='lat' dir='ltr'><strong>sit</strong></span> <span class='ocrx_word' id='word_1_388' title='bbox 585 2839 602 2881; x_wconf 92' lang='lat' dir='ltr'><strong>a</strong></span> <span class='ocrx_word' id='word_1_389' title='bbox 618 2824 725 2895; x_wconf 87' lang='lat' dir='ltr'><strong>peccati</strong></span> <span class='ocrx_word' id='word_1_390' title='bbox 744 2836 842 2879; x_wconf 84' lang='lat' dir='ltr'><strong>niorsn</strong></span> <span class='ocrx_word' id='word_1_391' title='bbox 896 2823 1018 2893; x_wconf 79' lang='lat' dir='ltr'><strong>spiritus</strong></span> <span class='ocrx_word' id='word_1_392' title='bbox 1032 2833 1150 2880; x_wconf 87' lang='lat' dir='ltr'><strong>sanctus</strong></span> <span class='ocrx_word' id='word_1_393' title='bbox 1177 2825 1222 2880; x_wconf 91' lang='lat' dir='ltr'><strong>die</strong></span> <span class='ocrx_word' id='word_1_394' title='bbox 1242 2825 1418 2881; x_wconf 89' lang='lat' dir='ltr'><strong>Pentecostes</strong></span> <span class='ocrx_word' id='word_1_395' title='bbox 1444 2824 1573 2881; x_wconf 84' lang='lat' dir='ltr'><strong>illabitur</strong></span> <span class='ocrx_word' id='word_1_396' title='bbox 1603 2822 1743 2879; x_wconf 90' lang='lat' dir='ltr'><strong>manenti·</strong></span> 
     </span>
     <span class='ocr_line' id='line_1_31' title="bbox 60 2911 1744 2992; baseline -0.002 -23"><span class='ocrx_word' id='word_1_397' title='bbox 60 2928 152 2969; x_wconf 78' lang='lat' dir='ltr'><strong>urcem</strong></span> <span class='ocrx_word' id='word_1_398' title='bbox 167 2915 272 2970; x_wconf 87' lang='lat' dir='ltr'><strong>babere</strong></span> <span class='ocrx_word' id='word_1_399' title='bbox 287 2914 501 2982; x_wconf 85' lang='lat' dir='ltr'><strong>conscientiam,</strong></span> <span class='ocrx_word' id='word_1_400' title='bbox 517 2915 593 2970; x_wconf 89' lang='lat' dir='ltr'><strong>intra</strong></span> <span class='ocrx_word' id='word_1_401' title='bbox 609 2912 752 2981; x_wconf 89' lang='lat' dir='ltr'><strong>nosipsos</strong></span> <span class='ocrx_word' id='word_1_402' title='bbox 776 2924 840 2981; x_wconf 85' lang='lat' dir='ltr'><strong>per·</strong></span> <span class='ocrx_word' id='word_1_403' title='bbox 859 2937 879 2992; x_wconf 72' lang='lat' dir='ltr'>C</span> <span class='ocrx_word' id='word_1_404' title='bbox 896 2911 950 2967; x_wconf 91' lang='lat' dir='ltr'><strong>bus</strong></span> <span class='ocrx_word' id='word_1_405' title='bbox 977 2911 1007 2966; x_wconf 92' lang='lat' dir='ltr'><strong>in</strong></span> <span class='ocrx_word' id='word_1_406' title='bbox 1035 2913 1132 2969; x_wconf 90' lang='lat' dir='ltr'><strong>eodem</strong></span> <span class='ocrx_word' id='word_1_407' title='bbox 1167 2914 1236 2970; x_wconf 91' lang='lat' dir='ltr'><strong>loco.</strong></span> <span class='ocrx_word' id='word_1_408' title='bbox 1268 2914 1351 2981; x_wconf 80' lang='lat' dir='ltr'><strong>Filia,</strong></span> <span class='ocrx_word' id='word_1_409' title='bbox 1381 2913 1487 2983; x_wconf 91' lang='lat' dir='ltr'><strong>inquit,</strong></span> <span class='ocrx_word' id='word_1_410' title='bbox 1514 2913 1664 2981; x_wconf 81' lang='lat' dir='ltr'><strong>Rutbuetis,</strong></span> <span class='ocrx_word' id='word_1_411' title='bbox 1694 2915 1744 2966; x_wconf 79' lang='lat' dir='ltr'><strong>ce</strong></span> 
     </span>
     <span class='ocr_line' id='line_1_32' title="bbox 56 2999 1741 3074; baseline -0.002 -16"><span class='ocrx_word' id='word_1_412' title='bbox 56 3002 157 3058; x_wconf 88' lang='lat' dir='ltr'><strong>limus.</strong></span> <span class='ocrx_word' id='word_1_413' title='bbox 198 3004 230 3058; x_wconf 94' lang='lat' dir='ltr'><strong>ln</strong></span> <span class='ocrx_word' id='word_1_414' title='bbox 268 3004 352 3073; x_wconf 89' lang='lat' dir='ltr'><strong>cujus</strong></span> <span class='ocrx_word' id='word_1_415' title='bbox 383 3003 608 3074; x_wconf 82' lang='lat' dir='ltr'><strong>pulchritudinis</strong></span> <span class='ocrx_word' id='word_1_416' title='bbox 653 2999 840 3058; x_wconf 88' lang='lat' dir='ltr'><strong>delectatione</strong></span> <span class='ocrx_word' id='word_1_417' title='bbox 894 3000 1741 3072; x_wconf 82' lang='lat' dir='ltr'><strong>sum:BntbneloicpoDeidicitur:virgoeutemnilcou·</strong></span> 
     </span>
     <span class='ocr_line' id='line_1_33' title="bbox 56 3088 1744 3162; baseline -0.002 -16"><span class='ocrx_word' id='word_1_418' title='bbox 56 3090 157 3147; x_wconf 72' lang='lat' dir='ltr'><strong>licium</strong></span> <span class='ocrx_word' id='word_1_419' title='bbox 178 3090 324 3160; x_wconf 83' lang='lat' dir='ltr'><strong>quoddam</strong></span> <span class='ocrx_word' id='word_1_420' title='bbox 348 3091 515 3162; x_wconf 86' lang='lat' dir='ltr'><strong>accipimus,</strong></span> <span class='ocrx_word' id='word_1_421' title='bbox 546 3098 645 3148; x_wconf 91' lang='lat' dir='ltr'><strong>utrum</strong></span> <span class='ocrx_word' id='word_1_422' title='bbox 673 3099 841 3162; x_wconf 86' lang='lat' dir='ltr'><strong>prosperum</strong></span> <span class='ocrx_word' id='word_1_423' title='bbox 895 3090 1081 3146; x_wconf 86' lang='lat' dir='ltr'><strong>venientibus</strong></span> <span class='ocrx_word' id='word_1_424' title='bbox 1094 3090 1237 3160; x_wconf 83' lang='lat' dir='ltr'><strong>accipitur</strong></span> <span class='ocrx_word' id='word_1_425' title='bbox 1251 3104 1339 3160; x_wconf 87' lang='lat' dir='ltr'><strong>quam</strong></span> <span class='ocrx_word' id='word_1_426' title='bbox 1350 3090 1465 3157; x_wconf 83' lang='lat' dir='ltr'><strong>veritas,</strong></span> <span class='ocrx_word' id='word_1_427' title='bbox 1481 3088 1626 3160; x_wconf 80' lang='lat' dir='ltr'><strong>quaquia</strong></span> <span class='ocrx_word' id='word_1_428' title='bbox 1640 3103 1676 3144; x_wconf 91' lang='lat' dir='ltr'><strong>ex</strong></span> <span class='ocrx_word' id='word_1_429' title='bbox 1689 3091 1744 3144; x_wconf 85' lang='lat' dir='ltr'><strong>beo</strong></span> 
     </span>
     <span class='ocr_line' id='line_1_34' title="bbox 56 3177 1745 3249; baseline -0.001 -14"><span class='ocrx_word' id='word_1_430' title='bbox 56 3179 124 3235; x_wconf 89' lang='lat' dir='ltr'><strong>lerii</strong></span> <span class='ocrx_word' id='word_1_431' title='bbox 140 3179 231 3235; x_wconf 89' lang='lat' dir='ltr'><strong>nostri</strong></span> <span class='ocrx_word' id='word_1_432' title='bbox 257 3193 376 3248; x_wconf 85' lang='lat' dir='ltr'><strong>cursum</strong></span> <span class='ocrx_word' id='word_1_433' title='bbox 399 3179 486 3236; x_wconf 89' lang='lat' dir='ltr'><strong>iaciat</strong></span> <span class='ocrx_word' id='word_1_434' title='bbox 501 3179 650 3246; x_wconf 91' lang='lat' dir='ltr'><strong>Dominus,</strong></span> <span class='ocrx_word' id='word_1_435' title='bbox 680 3180 749 3249; x_wconf 87' lang='lat' dir='ltr'><strong>quia</strong></span> <span class='ocrx_word' id='word_1_436' title='bbox 772 3184 842 3240; x_wconf 87' lang='lat' dir='ltr'><strong>dum</strong></span> <span class='ocrx_word' id='word_1_437' title='bbox 895 3186 948 3247; x_wconf 88' lang='lat' dir='ltr'><strong>ast,</strong></span> <span class='ocrx_word' id='word_1_438' title='bbox 966 3179 1005 3235; x_wconf 92' lang='lat' dir='ltr'><strong>nil</strong></span> <span class='ocrx_word' id='word_1_439' title='bbox 1022 3192 1056 3234; x_wconf 90' lang='lat' dir='ltr'><strong>ea</strong></span> <span class='ocrx_word' id='word_1_440' title='bbox 1073 3179 1175 3248; x_wconf 91' lang='lat' dir='ltr'><strong>purius</strong></span> <span class='ocrx_word' id='word_1_441' title='bbox 1190 3187 1246 3248; x_wconf 92' lang='lat' dir='ltr'><strong>est;</strong></span> <span class='ocrx_word' id='word_1_442' title='bbox 1263 3192 1343 3233; x_wconf 91' lang='lat' dir='ltr'><strong>mens</strong></span> <span class='ocrx_word' id='word_1_443' title='bbox 1356 3178 1454 3249; x_wconf 88' lang='lat' dir='ltr'><strong>itaque</strong></span> <span class='ocrx_word' id='word_1_444' title='bbox 1478 3177 1525 3248; x_wconf 89' lang='lat' dir='ltr'><strong>pia</strong></span> <span class='ocrx_word' id='word_1_445' title='bbox 1537 3177 1684 3232; x_wconf 88' lang='lat' dir='ltr'><strong>Batbuelis</strong></span> <span class='ocrx_word' id='word_1_446' title='bbox 1697 3177 1745 3243; x_wconf 70' lang='lat' dir='ltr'><strong>{est</strong></span> 
     </span>
     <span class='ocr_line' id='line_1_35' title="bbox 56 3264 1743 3339; baseline -0.002 -15"><span class='ocrx_word' id='word_1_447' title='bbox 56 3281 161 3324; x_wconf 79' lang='lat' dir='ltr'><strong>aarum</strong></span> <span class='ocrx_word' id='word_1_448' title='bbox 173 3267 275 3337; x_wconf 90' lang='lat' dir='ltr'><strong>speciei</strong></span> <span class='ocrx_word' id='word_1_449' title='bbox 291 3281 387 3323; x_wconf 90' lang='lat' dir='ltr'><strong>rerum</strong></span> <span class='ocrx_word' id='word_1_450' title='bbox 402 3268 454 3323; x_wconf 92' lang='lat' dir='ltr'><strong>soli</strong></span> <span class='ocrx_word' id='word_1_451' title='bbox 472 3267 636 3339; x_wconf 70' lang='lat' dir='ltr'><strong>quaerendae</strong></span> <span class='ocrx_word' id='word_1_452' title='bbox 654 3268 841 3336; x_wconf 87' lang='lat' dir='ltr'><strong>intendimus,</strong></span> <span class='ocrx_word' id='word_1_453' title='bbox 896 3266 965 3334; x_wconf 85' lang='lat' dir='ltr'><strong>iilia,</strong></span> <span class='ocrx_word' id='word_1_454' title='bbox 991 3266 1041 3337; x_wconf 91' lang='lat' dir='ltr'><strong>qui</strong></span> <span class='ocrx_word' id='word_1_455' title='bbox 1056 3280 1093 3321; x_wconf 85' lang='lat' dir='ltr'><strong>ex</strong></span> <span class='ocrx_word' id='word_1_456' title='bbox 1119 3266 1249 3322; x_wconf 84' lang='lat' dir='ltr'><strong>castitate</strong></span> <span class='ocrx_word' id='word_1_457' title='bbox 1273 3265 1402 3323; x_wconf 87' lang='lat' dir='ltr'><strong>veritatis</strong></span> <span class='ocrx_word' id='word_1_458' title='bbox 1420 3266 1507 3334; x_wconf 89' lang='lat' dir='ltr'><strong>edita,</strong></span> <span class='ocrx_word' id='word_1_459' title='bbox 1533 3265 1614 3321; x_wconf 92' lang='lat' dir='ltr'><strong>nulla</strong></span> <span class='ocrx_word' id='word_1_460' title='bbox 1633 3264 1743 3334; x_wconf 89' lang='lat' dir='ltr'><strong>recipit,</strong></span> 
     </span>
     <span class='ocr_line' id='line_1_36' title="bbox 56 3354 1744 3428; baseline -0.001 -18"><span class='ocrx_word' id='word_1_461' title='bbox 56 3356 171 3413; x_wconf 85' lang='lat' dir='ltr'><strong>irolecto</strong></span> <span class='ocrx_word' id='word_1_462' title='bbox 186 3370 220 3410; x_wconf 90' lang='lat' dir='ltr'><strong>nc</strong></span> <span class='ocrx_word' id='word_1_463' title='bbox 244 3354 266 3410; x_wconf 90' lang='lat' dir='ltr'><strong>sl</strong></span> <span class='ocrx_word' id='word_1_464' title='bbox 279 3356 309 3411; x_wconf 94' lang='lat' dir='ltr'><strong>in</strong></span> <span class='ocrx_word' id='word_1_465' title='bbox 322 3355 393 3412; x_wconf 85' lang='lat' dir='ltr'><strong>libro</strong></span> <span class='ocrx_word' id='word_1_466' title='bbox 409 3356 540 3426; x_wconf 86' lang='lat' dir='ltr'><strong>legimns,</strong></span> <span class='ocrx_word' id='word_1_467' title='bbox 555 3356 718 3426; x_wconf 88' lang='lat' dir='ltr'><strong>quidboni,</strong></span> <span class='ocrx_word' id='word_1_468' title='bbox 735 3359 843 3428; x_wconf 88' lang='lat' dir='ltr'><strong>quidve</strong></span> <span class='ocrx_word' id='word_1_469' title='bbox 896 3355 951 3411; x_wconf 91' lang='lat' dir='ltr'><strong>nisi</strong></span> <span class='ocrx_word' id='word_1_470' title='bbox 966 3355 1137 3412; x_wconf 87' lang='lat' dir='ltr'><strong>sinceritatis</strong></span> <span class='ocrx_word' id='word_1_471' title='bbox 1151 3354 1269 3412; x_wconf 88' lang='lat' dir='ltr'><strong>monita.</strong></span> <span class='ocrx_word' id='word_1_472' title='bbox 1283 3356 1375 3412; x_wconf 83' lang='lat' dir='ltr'><strong>timuis</strong></span> <span class='ocrx_word' id='word_1_473' title='bbox 1394 3354 1470 3410; x_wconf 91' lang='lat' dir='ltr'><strong>enim</strong></span> <span class='ocrx_word' id='word_1_474' title='bbox 1496 3357 1545 3424; x_wconf 86' lang='lat' dir='ltr'><strong>qui</strong></span> <span class='ocrx_word' id='word_1_475' title='bbox 1564 3360 1603 3409; x_wconf 85' lang='lat' dir='ltr'><strong>est</strong></span> <span class='ocrx_word' id='word_1_476' title='bbox 1624 3371 1658 3408; x_wconf 83' lang='lat' dir='ltr'><strong>ea</strong></span> <span class='ocrx_word' id='word_1_477' title='bbox 1672 3355 1744 3408; x_wconf 80' lang='lat' dir='ltr'><strong>oui-</strong></span> 
     </span>
     <span class='ocr_line' id='line_1_37' title="bbox 56 3442 1744 3515; baseline -0.001 -16"><span class='ocrx_word' id='word_1_478' title='bbox 56 3458 285 3514; x_wconf 64' lang='lat' dir='ltr'><strong>,exscquamuc</strong></span> <span class='ocrx_word' id='word_1_479' title='bbox 308 3444 480 3515; x_wconf 72' lang='lat' dir='ltr'><strong>quidnnna</strong></span> <span class='ocrx_word' id='word_1_480' title='bbox 502 3444 573 3514; x_wconf 89' lang='lat' dir='ltr'><strong>qnid</strong></span> <span class='ocrx_word' id='word_1_481' title='bbox 595 3445 624 3499; x_wconf 95' lang='lat' dir='ltr'><strong>in</strong></span> <span class='ocrx_word' id='word_1_482' title='bbox 646 3444 843 3503; x_wconf 86' lang='lat' dir='ltr'><strong>tuturosorti-</strong></span> <span class='ocrx_word' id='word_1_483' title='bbox 897 3448 961 3511; x_wconf 87' lang='lat' dir='ltr'><strong>tote,</strong></span> <span class='ocrx_word' id='word_1_484' title='bbox 992 3444 1071 3498; x_wconf 87' lang='lat' dir='ltr'><strong>audit</strong></span> <span class='ocrx_word' id='word_1_485' title='bbox 1093 3460 1182 3498; x_wconf 85' lang='lat' dir='ltr'><strong>nocem</strong></span> <span class='ocrx_word' id='word_1_486' title='bbox 1210 3460 1295 3498; x_wconf 87' lang='lat' dir='ltr'><strong>meam</strong></span> <span class='ocrx_word' id='word_1_487' title='bbox 1321 3446 1409 3509; x_wconf 86' lang='lat' dir='ltr'><strong>(tuuc.</strong></span> <span class='ocrx_word' id='word_1_488' title='bbox 1440 3457 1519 3510; x_wconf 88' lang='lat' dir='ltr'><strong>xvnt,</strong></span> <span class='ocrx_word' id='word_1_489' title='bbox 1543 3442 1597 3511; x_wconf 78' lang='lat'><strong>37).</strong></span> <span class='ocrx_word' id='word_1_490' title='bbox 1624 3442 1744 3498; x_wconf 89' lang='lat' dir='ltr'><strong>Batbuel</strong></span> 
     </span>
     <span class='ocr_line' id='line_1_38' title="bbox 66 3531 1744 3605; baseline -0.003 -15"><span class='ocrx_word' id='word_1_491' title='bbox 66 3548 184 3599; x_wconf 84' lang='lat' dir='ltr'><strong>sumne,</strong></span> <span class='ocrx_word' id='word_1_492' title='bbox 204 3534 355 3605; x_wconf 90' lang='lat' dir='ltr'><strong>exaliqua</strong></span> <span class='ocrx_word' id='word_1_493' title='bbox 379 3541 458 3604; x_wconf 89' lang='lat' dir='ltr'><strong>parte</strong></span> <span class='ocrx_word' id='word_1_494' title='bbox 474 3547 681 3605; x_wconf 72' lang='lat' dir='ltr'><strong>praesagamur.</strong></span> <span class='ocrx_word' id='word_1_495' title='bbox 696 3537 843 3604; x_wconf 82' lang='lat' dir='ltr'><strong>Postquam</strong></span> <span class='ocrx_word' id='word_1_496' title='bbox 896 3531 1012 3588; x_wconf 83' lang='lat' dir='ltr'><strong>llelcbae</strong></span> <span class='ocrx_word' id='word_1_497' title='bbox 1026 3542 1067 3587; x_wconf 93' lang='lat' dir='ltr'><strong>est</strong></span> <span class='ocrx_word' id='word_1_498' title='bbox 1083 3532 1168 3599; x_wconf 83' lang='lat' dir='ltr'><strong>silius,</strong></span> <span class='ocrx_word' id='word_1_499' title='bbox 1186 3534 1256 3603; x_wconf 92' lang='lat' dir='ltr'><strong>quia</strong></span> <span class='ocrx_word' id='word_1_500' title='bbox 1267 3532 1372 3587; x_wconf 89' lang='lat' dir='ltr'><strong>veritas</strong></span> <span class='ocrx_word' id='word_1_501' title='bbox 1396 3546 1452 3586; x_wconf 91' lang='lat' dir='ltr'><strong>non</strong></span> <span class='ocrx_word' id='word_1_502' title='bbox 1470 3531 1525 3587; x_wconf 92' lang='lat' dir='ltr'><strong>nisi</strong></span> <span class='ocrx_word' id='word_1_503' title='bbox 1540 3546 1591 3601; x_wconf 89' lang='lat' dir='ltr'><strong>per</strong></span> <span class='ocrx_word' id='word_1_504' title='bbox 1604 3532 1744 3587; x_wconf 89' lang='lat' dir='ltr'><strong>rationem</strong></span> 
     </span>
     <span class='ocr_line' id='line_1_39' title="bbox 56 3618 1744 3690; baseline -0.002 -12"><span class='ocrx_word' id='word_1_505' title='bbox 56 3621 319 3689; x_wconf 86' lang='lat' dir='ltr'><strong>trbibuntcameti,</strong></span> <span class='ocrx_word' id='word_1_506' title='bbox 342 3622 390 3677; x_wconf 91' lang='lat' dir='ltr'><strong>ubi</strong></span> <span class='ocrx_word' id='word_1_507' title='bbox 412 3621 550 3678; x_wconf 87' lang='lat' dir='ltr'><strong>sciliceta</strong></span> <span class='ocrx_word' id='word_1_508' title='bbox 570 3621 843 3679; x_wconf 84' lang='lat' dir='ltr'><strong>uirtutebumilite-</strong></span> <span class='ocrx_word' id='word_1_509' title='bbox 897 3619 1032 3676; x_wconf 88' lang='lat' dir='ltr'><strong>innubis</strong></span> <span class='ocrx_word' id='word_1_510' title='bbox 1056 3622 1279 3690; x_wconf 60' lang='lat' dir='ltr'><strong>monitumque}</strong></span> <span class='ocrx_word' id='word_1_511' title='bbox 1305 3620 1422 3685; x_wconf 76' lang='lat' dir='ltr'><strong>belcha,</strong></span> <span class='ocrx_word' id='word_1_512' title='bbox 1448 3618 1533 3674; x_wconf 89' lang='lat' dir='ltr'><strong>idest</strong></span> <span class='ocrx_word' id='word_1_513' title='bbox 1554 3621 1649 3686; x_wconf 77' lang='lat' dir='ltr'><strong>regma</strong></span> <span class='ocrx_word' id='word_1_514' title='bbox 1678 3619 1744 3689; x_wconf 86' lang='lat' dir='ltr'><strong>jure</strong></span> 
     </span>
     <span class='ocr_line' id='line_1_40' title="bbox 56 3705 1745 3781; baseline -0.002 -16"><span class='ocrx_word' id='word_1_515' title='bbox 56 3710 234 3777; x_wconf 86' lang='lat' dir='ltr'><strong>nnsumitur,</strong></span> <span class='ocrx_word' id='word_1_516' title='bbox 251 3710 394 3780; x_wconf 89' lang='lat' dir='ltr'><strong>quidquid</strong></span> <span class='ocrx_word' id='word_1_517' title='bbox 422 3711 498 3766; x_wconf 90' lang='lat' dir='ltr'><strong>intra</strong></span> <span class='ocrx_word' id='word_1_518' title='bbox 513 3725 565 3766; x_wconf 93' lang='lat' dir='ltr'><strong>nos</strong></span> <span class='ocrx_word' id='word_1_519' title='bbox 586 3718 628 3766; x_wconf 91' lang='lat' dir='ltr'><strong>est</strong></span> <span class='ocrx_word' id='word_1_520' title='bbox 654 3711 714 3767; x_wconf 92' lang='lat' dir='ltr'><strong>vitii</strong></span> <span class='ocrx_word' id='word_1_521' title='bbox 736 3711 844 3781; x_wconf 80' lang='lat' dir='ltr'><strong>profert</strong></span> <span class='ocrx_word' id='word_1_522' title='bbox 897 3709 1264 3779; x_wconf 85' lang='lat' dir='ltr'><strong>dicitu1·,quiadivinitns</strong></span> <span class='ocrx_word' id='word_1_523' title='bbox 1288 3708 1431 3764; x_wconf 88' lang='lat' dir='ltr'><strong>illustrata</strong></span> <span class='ocrx_word' id='word_1_524' title='bbox 1455 3707 1561 3763; x_wconf 90' lang='lat' dir='ltr'><strong>nostris</strong></span> <span class='ocrx_word' id='word_1_525' title='bbox 1589 3705 1745 3762; x_wconf 88' lang='lat' dir='ltr'><strong>rectissime</strong></span> 
     </span>
     <span class='ocr_line' id='line_1_41' title="bbox 60 3791 1745 3868; baseline -0.003 -17"><span class='ocrx_word' id='word_1_526' title='bbox 60 3799 85 3853; x_wconf 88' lang='lat' dir='ltr'><strong>is</strong></span> <span class='ocrx_word' id='word_1_527' title='bbox 113 3798 238 3853; x_wconf 86' lang='lat' dir='ltr'><strong>leminea</strong></span> <span class='ocrx_word' id='word_1_528' title='bbox 271 3800 331 3868; x_wconf 87' lang='lat' dir='ltr'><strong>jam</strong></span> <span class='ocrx_word' id='word_1_529' title='bbox 369 3799 488 3855; x_wconf 86' lang='lat' dir='ltr'><strong>exclusa</strong></span> <span class='ocrx_word' id='word_1_530' title='bbox 523 3799 640 3855; x_wconf 88' lang='lat' dir='ltr'><strong>moltitie</strong></span> <span class='ocrx_word' id='word_1_531' title='bbox 683 3799 844 3857; x_wconf 89' lang='lat' dir='ltr'><strong>intellectus</strong></span> <span class='ocrx_word' id='word_1_532' title='bbox 898 3796 1031 3852; x_wconf 86' lang='lat' dir='ltr'><strong>sensibus</strong></span> <span class='ocrx_word' id='word_1_533' title='bbox 1056 3795 1246 3864; x_wconf 91' lang='lat' dir='ltr'><strong>principatur,</strong></span> <span class='ocrx_word' id='word_1_534' title='bbox 1268 3794 1344 3850; x_wconf 81' lang='lat' dir='ltr'><strong>uixde</strong></span> <span class='ocrx_word' id='word_1_535' title='bbox 1366 3803 1394 3849; x_wconf 91' lang='lat' dir='ltr'><strong>et</strong></span> <span class='ocrx_word' id='word_1_536' title='bbox 1417 3792 1559 3863; x_wconf 89' lang='lat' dir='ltr'><strong>peperisse</strong></span> <span class='ocrx_word' id='word_1_537' title='bbox 1586 3792 1665 3848; x_wconf 83' lang='lat' dir='ltr'><strong>brine</strong></span> <span class='ocrx_word' id='word_1_538' title='bbox 1684 3791 1745 3847; x_wconf 92' lang='lat' dir='ltr'><strong>Na-</strong></span> 
     </span>
     <span class='ocr_line' id='line_1_42' title="bbox 60 3880 1744 3960; baseline -0.002 -20"><span class='ocrx_word' id='word_1_539' title='bbox 60 3886 142 3941; x_wconf 83' lang='lat' dir='ltr'><strong>inam</strong></span> <span class='ocrx_word' id='word_1_540' title='bbox 158 3886 432 3942; x_wconf 88' lang='lat' dir='ltr'><strong>Deeethominibus</strong></span> <span class='ocrx_word' id='word_1_541' title='bbox 452 3888 529 3957; x_wconf 91' lang='lat' dir='ltr'><strong>qnod</strong></span> <span class='ocrx_word' id='word_1_542' title='bbox 559 3893 732 3957; x_wconf 83' lang='lat' dir='ltr'><strong>perirraures</strong></span> <span class='ocrx_word' id='word_1_543' title='bbox 752 3889 845 3960; x_wconf 87' lang='lat' dir='ltr'><strong>sigua·</strong></span> <span class='ocrx_word' id='word_1_544' title='bbox 897 3885 966 3940; x_wconf 88' lang='lat' dir='ltr'><strong>ebor</strong></span> <span class='ocrx_word' id='word_1_545' title='bbox 994 3883 1109 3951; x_wconf 91' lang='lat' dir='ltr'><strong>dicitnr,</strong></span> <span class='ocrx_word' id='word_1_546' title='bbox 1135 3884 1187 3954; x_wconf 90' lang='lat' dir='ltr'><strong>qui</strong></span> <span class='ocrx_word' id='word_1_547' title='bbox 1210 3885 1318 3952; x_wconf 83' lang='lat' dir='ltr'><strong>requies</strong></span> <span class='ocrx_word' id='word_1_548' title='bbox 1342 3884 1452 3937; x_wconf 85' lang='lat' dir='ltr'><strong>luminis</strong></span> <span class='ocrx_word' id='word_1_549' title='bbox 1474 3881 1647 3952; x_wconf 86' lang='lat' dir='ltr'><strong>appellatur,</strong></span> <span class='ocrx_word' id='word_1_550' title='bbox 1674 3880 1744 3950; x_wconf 90' lang='lat' dir='ltr'><strong>qnia</strong></span> 
     </span>
     <span class='ocr_line' id='line_1_43' title="bbox 56 3966 1745 4048; baseline -0.004 -19"><span class='ocrx_word' id='word_1_551' title='bbox 56 3973 259 4042; x_wconf 88' lang='lat' dir='ltr'><strong>obedientiam,</strong></span> <span class='ocrx_word' id='word_1_552' title='bbox 275 3983 307 4030; x_wconf 94' lang='lat' dir='ltr'><strong>nt</strong></span> <span class='ocrx_word' id='word_1_553' title='bbox 326 3988 392 4030; x_wconf 91' lang='lat' dir='ltr'><strong>cum</strong></span> <span class='ocrx_word' id='word_1_554' title='bbox 408 3975 596 4046; x_wconf 87' lang='lat' dir='ltr'><strong>Deoobsequi</strong></span> <span class='ocrx_word' id='word_1_555' title='bbox 610 3976 713 4032; x_wconf 89' lang='lat' dir='ltr'><strong>nititur</strong></span> <span class='ocrx_word' id='word_1_556' title='bbox 738 3977 843 4048; x_wconf 87' lang='lat' dir='ltr'><strong>bisqui</strong></span> <span class='ocrx_word' id='word_1_557' title='bbox 898 3971 1041 4041; x_wconf 91' lang='lat' dir='ltr'><strong>quidquid</strong></span> <span class='ocrx_word' id='word_1_558' title='bbox 1071 3984 1148 4026; x_wconf 74' lang='lat' dir='ltr'><strong>verae</strong></span> <span class='ocrx_word' id='word_1_559' title='bbox 1176 3968 1347 4041; x_wconf 85' lang='lat' dir='ltr'><strong>cognitionis</strong></span> <span class='ocrx_word' id='word_1_560' title='bbox 1365 3969 1509 4024; x_wconf 86' lang='lat' dir='ltr'><strong>intranos</strong></span> <span class='ocrx_word' id='word_1_561' title='bbox 1528 3982 1580 4038; x_wconf 89' lang='lat' dir='ltr'><strong>per</strong></span> <span class='ocrx_word' id='word_1_562' title='bbox 1605 3966 1745 4033; x_wconf 88' lang='lat' dir='ltr'><strong>llelcban,</strong></span> 
     </span>
     <span class='ocr_line' id='line_1_44' title="bbox 72 4056 1745 4132; baseline -0.004 -15"><span class='ocrx_word' id='word_1_563' title='bbox 72 4069 194 4132; x_wconf 89' lang='lat' dir='ltr'><strong>paterne</strong></span> <span class='ocrx_word' id='word_1_564' title='bbox 214 4070 349 4131; x_wconf 76' lang='lat' dir='ltr'><strong>presunt,</strong></span> <span class='ocrx_word' id='word_1_565' title='bbox 367 4071 396 4120; x_wconf 91' lang='lat' dir='ltr'><strong>et</strong></span> <span class='ocrx_word' id='word_1_566' title='bbox 419 4064 673 4131; x_wconf 87' lang='lat' dir='ltr'><strong>iraterneadsunt,</strong></span> <span class='ocrx_word' id='word_1_567' title='bbox 691 4065 720 4120; x_wconf 92' lang='lat' dir='ltr'><strong>in</strong></span> <span class='ocrx_word' id='word_1_568' title='bbox 742 4066 844 4122; x_wconf 89' lang='lat' dir='ltr'><strong>auditu</strong></span> <span class='ocrx_word' id='word_1_569' title='bbox 898 4059 1037 4115; x_wconf 81' lang='lat' dir='ltr'><strong>ratioitem</strong></span> <span class='ocrx_word' id='word_1_570' title='bbox 1064 4059 1179 4127; x_wconf 89' lang='lat' dir='ltr'><strong>scilicet,</strong></span> <span class='ocrx_word' id='word_1_571' title='bbox 1216 4057 1355 4130; x_wconf 85' lang='lat' dir='ltr'><strong>gignitur,</strong></span> <span class='ocrx_word' id='word_1_572' title='bbox 1379 4058 1415 4114; x_wconf 90' lang='lat' dir='ltr'><strong>ad</strong></span> <span class='ocrx_word' id='word_1_573' title='bbox 1448 4064 1594 4113; x_wconf 89' lang='lat' dir='ltr'><strong>auctorem</strong></span> <span class='ocrx_word' id='word_1_574' title='bbox 1618 4056 1745 4126; x_wconf 88' lang='lat' dir='ltr'><strong>protacta</strong></span> 
     </span>
     <span class='ocr_line' id='line_1_45' title="bbox 58 4145 1744 4222; baseline -0.005 -15"><span class='ocrx_word' id='word_1_575' title='bbox 58 4159 291 4207; x_wconf 74' lang='lat' dir='ltr'><strong>cornamentnm</strong></span> <span class='ocrx_word' id='word_1_576' title='bbox 305 4152 436 4222; x_wconf 90' lang='lat' dir='ltr'><strong>obsequii</strong></span> <span class='ocrx_word' id='word_1_577' title='bbox 451 4167 507 4208; x_wconf 94' lang='lat' dir='ltr'><strong>non</strong></span> <span class='ocrx_word' id='word_1_578' title='bbox 525 4160 653 4222; x_wconf 83' lang='lat' dir='ltr'><strong>negetur.</strong></span> <span class='ocrx_word' id='word_1_579' title='bbox 666 4153 728 4208; x_wconf 82' lang='lat' dir='ltr'><strong>Non</strong></span> <span class='ocrx_word' id='word_1_580' title='bbox 750 4153 844 4209; x_wconf 89' lang='lat' dir='ltr'><strong>solnm</strong></span> <span class='ocrx_word' id='word_1_581' title='bbox 898 4149 997 4212; x_wconf 79' lang='lat' dir='ltr'><strong>ileum,</strong></span> <span class='ocrx_word' id='word_1_582' title='bbox 1016 4148 1045 4202; x_wconf 93' lang='lat' dir='ltr'><strong>in</strong></span> <span class='ocrx_word' id='word_1_583' title='bbox 1060 4162 1119 4218; x_wconf 94' lang='lat' dir='ltr'><strong>quo</strong></span> <span class='ocrx_word' id='word_1_584' title='bbox 1130 4162 1197 4204; x_wconf 92' lang='lat' dir='ltr'><strong>vero</strong></span> <span class='ocrx_word' id='word_1_585' title='bbox 1214 4147 1321 4203; x_wconf 87' lang='lat' dir='ltr'><strong>lumine</strong></span> <span class='ocrx_word' id='word_1_586' title='bbox 1336 4160 1353 4201; x_wconf 92' lang='lat' dir='ltr'><strong>a</strong></span> <span class='ocrx_word' id='word_1_587' title='bbox 1368 4146 1494 4218; x_wconf 89' lang='lat' dir='ltr'><strong>negotio,</strong></span> <span class='ocrx_word' id='word_1_588' title='bbox 1517 4145 1545 4201; x_wconf 92' lang='lat' dir='ltr'><strong>id</strong></span> <span class='ocrx_word' id='word_1_589' title='bbox 1561 4152 1603 4201; x_wconf 91' lang='lat' dir='ltr'><strong>est</strong></span> <span class='ocrx_word' id='word_1_590' title='bbox 1619 4151 1744 4215; x_wconf 90' lang='lat' dir='ltr'><strong>peccato,</strong></span> 
     </span>
     <span class='ocr_line' id='line_1_46' title="bbox 56 4232 1745 4310; baseline -0.004 -16"><span class='ocrx_word' id='word_1_591' title='bbox 56 4238 227 4308; x_wconf 87' lang='lat' dir='ltr'><strong>npatribus,</strong></span> <span class='ocrx_word' id='word_1_592' title='bbox 242 4239 291 4294; x_wconf 90' lang='lat' dir='ltr'><strong>scd</strong></span> <span class='ocrx_word' id='word_1_593' title='bbox 320 4247 348 4295; x_wconf 90' lang='lat' dir='ltr'><strong>et</strong></span> <span class='ocrx_word' id='word_1_594' title='bbox 371 4240 448 4295; x_wconf 82' lang='lat' dir='ltr'><strong>omini</strong></span> <span class='ocrx_word' id='word_1_595' title='bbox 469 4239 604 4295; x_wconf 73' lang='lat' dir='ltr'><strong>hnmanae</strong></span> <span class='ocrx_word' id='word_1_596' title='bbox 619 4249 759 4297; x_wconf 75' lang='lat' dir='ltr'><strong>creaturae</strong></span> <span class='ocrx_word' id='word_1_597' title='bbox 781 4256 842 4310; x_wconf 80' lang='lat' dir='ltr'><strong>pro</strong></span> <span class='ocrx_word' id='word_1_598' title='bbox 861 4236 1113 4305; x_wconf 85' lang='lat' dir='ltr'><strong>Dperambnlente</strong></span> <span class='ocrx_word' id='word_1_599' title='bbox 1139 4235 1168 4290; x_wconf 91' lang='lat' dir='ltr'><strong>in</strong></span> <span class='ocrx_word' id='word_1_600' title='bbox 1193 4234 1317 4291; x_wconf 90' lang='lat' dir='ltr'><strong>tenebris</strong></span> <span class='ocrx_word' id='word_1_601' title='bbox 1344 4233 1427 4302; x_wconf 85' lang='lat' dir='ltr'><strong>(Psoi.</strong></span> <span class='ocrx_word' id='word_1_602' title='bbox 1448 4249 1487 4298; x_wconf 86' lang='lat' dir='ltr'><strong>tx,</strong></span> <span class='ocrx_word' id='word_1_603' title='bbox 1517 4232 1544 4304; x_wconf 90' lang='lat'><strong>8)</strong></span> <span class='ocrx_word' id='word_1_604' title='bbox 1576 4232 1745 4303; x_wconf 72' lang='lat' dir='ltr'><strong>insipientie</strong></span> 
     </span>
     <span class='ocr_line' id='line_1_47' title="bbox 71 4321 1746 4399; baseline -0.004 -16"><span class='ocrx_word' id='word_1_605' title='bbox 71 4327 164 4383; x_wconf 84' lang='lat' dir='ltr'><strong>Deum</strong></span> <span class='ocrx_word' id='word_1_606' title='bbox 175 4327 260 4383; x_wconf 89' lang='lat' dir='ltr'><strong>subdi</strong></span> <span class='ocrx_word' id='word_1_607' title='bbox 275 4327 413 4384; x_wconf 88' lang='lat' dir='ltr'><strong>debemus</strong></span> <span class='ocrx_word' id='word_1_608' title='bbox 427 4331 448 4394; x_wconf 84' lang='lat' dir='ltr'><strong>tl</strong></span> <span class='ocrx_word' id='word_1_609' title='bbox 460 4330 531 4383; x_wconf 86' lang='lat' dir='ltr'><strong>Pctr.</strong></span> <span class='ocrx_word' id='word_1_610' title='bbox 547 4343 576 4394; x_wconf 88' lang='grc' dir='ltr'><strong>ιι,</strong></span> <span class='ocrx_word' id='word_1_611' title='bbox 595 4330 650 4398; x_wconf 78' lang='grc'><strong>13).</strong></span> <span class='ocrx_word' id='word_1_612' title='bbox 667 4328 844 4399; x_wconf 89' lang='lat' dir='ltr'><strong>Obsequium</strong></span> <span class='ocrx_word' id='word_1_613' title='bbox 897 4323 1026 4380; x_wconf 79' lang='lat' dir='ltr'><strong>straviter</strong></span> <span class='ocrx_word' id='word_1_614' title='bbox 1054 4322 1240 4393; x_wconf 86' lang='lat' dir='ltr'><strong>quiescimus,</strong></span> <span class='ocrx_word' id='word_1_615' title='bbox 1272 4322 1405 4379; x_wconf 88' lang='lat' dir='ltr'><strong>retertur.</strong></span> <span class='ocrx_word' id='word_1_616' title='bbox 1431 4322 1483 4378; x_wconf 88' lang='lat' dir='ltr'><strong>Per</strong></span> <span class='ocrx_word' id='word_1_617' title='bbox 1508 4322 1604 4393; x_wconf 81' lang='lat' dir='ltr'><strong>puteas</strong></span> <span class='ocrx_word' id='word_1_618' title='bbox 1627 4321 1704 4392; x_wconf 89' lang='lat' dir='ltr'><strong>quod</strong></span> <span class='ocrx_word' id='word_1_619' title='bbox 1728 4335 1746 4377; x_wconf 90' lang='lat' dir='ltr'><strong>a</strong></span> 
     </span>
     <span class='ocr_line' id='line_1_48' title="bbox 56 4409 1746 4487; baseline -0.001 -19"><span class='ocrx_word' id='word_1_620' title='bbox 56 4432 72 4483; x_wconf 84' lang='grc' dir='ltr'>ι,</span> <span class='ocrx_word' id='word_1_621' title='bbox 87 4415 176 4486; x_wconf 83' lang='lat' dir='ltr'><strong>juxta</strong></span> <span class='ocrx_word' id='word_1_622' title='bbox 188 4423 310 4484; x_wconf 90' lang='lat' dir='ltr'><strong>poetam,</strong></span> <span class='ocrx_word' id='word_1_623' title='bbox 321 4417 405 4486; x_wconf 86' lang='lat' dir='ltr'><strong>perit,</strong></span> <span class='ocrx_word' id='word_1_624' title='bbox 422 4417 528 4473; x_wconf 87' lang='lat' dir='ltr'><strong>amicos</strong></span> <span class='ocrx_word' id='word_1_625' title='bbox 542 4416 621 4487; x_wconf 82' lang='lat' dir='ltr'><strong>(Tuti.</strong></span> <span class='ocrx_word' id='word_1_626' title='bbox 638 4417 753 4487; x_wconf 69' lang='lat' dir='ltr'><strong>Arida),</strong></span> <span class='ocrx_word' id='word_1_627' title='bbox 769 4417 844 4473; x_wconf 89' lang='lat' dir='ltr'><strong>unde</strong></span> <span class='ocrx_word' id='word_1_628' title='bbox 899 4426 990 4484; x_wconf 82' lang='lat' dir='ltr'><strong>grano</strong></span> <span class='ocrx_word' id='word_1_629' title='bbox 1002 4411 1157 4479; x_wconf 83' lang='lat' dir='ltr'><strong>decutitur,</strong></span> <span class='ocrx_word' id='word_1_630' title='bbox 1171 4425 1279 4481; x_wconf 83' lang='lat' dir='ltr'><strong>eaquae</strong></span> <span class='ocrx_word' id='word_1_631' title='bbox 1292 4411 1320 4466; x_wconf 91' lang='lat' dir='ltr'><strong>in</strong></span> <span class='ocrx_word' id='word_1_632' title='bbox 1336 4410 1419 4467; x_wconf 92' lang='lat' dir='ltr'><strong>nobis</strong></span> <span class='ocrx_word' id='word_1_633' title='bbox 1431 4411 1627 4481; x_wconf 85' lang='lat' dir='ltr'><strong>superfluunt,</strong></span> <span class='ocrx_word' id='word_1_634' title='bbox 1644 4409 1746 4481; x_wconf 86' lang='lat' dir='ltr'><strong>culpas</strong></span> 
     </span>
     <span class='ocr_line' id='line_1_49' title="bbox 56 4496 1746 4574; baseline -0.004 -15"><span class='ocrx_word' id='word_1_635' title='bbox 56 4503 158 4560; x_wconf 80' lang='lat' dir='ltr'><strong>itidem</strong></span> <span class='ocrx_word' id='word_1_636' title='bbox 174 4503 295 4559; x_wconf 75' lang='lat' dir='ltr'><strong>armillae</strong></span> <span class='ocrx_word' id='word_1_637' title='bbox 312 4505 413 4574; x_wconf 85' lang='lat' dir='ltr'><strong>puellae</strong></span> <span class='ocrx_word' id='word_1_638' title='bbox 434 4506 569 4562; x_wconf 90' lang='lat' dir='ltr'><strong>manibus</strong></span> <span class='ocrx_word' id='word_1_639' title='bbox 590 4504 776 4561; x_wconf 83' lang='lat' dir='ltr'><strong>adhibentur.</strong></span> <span class='ocrx_word' id='word_1_640' title='bbox 793 4505 845 4560; x_wconf 88' lang='lat' dir='ltr'><strong>Per</strong></span> <span class='ocrx_word' id='word_1_641' title='bbox 898 4499 1006 4555; x_wconf 90' lang='lat' dir='ltr'><strong>scilicet</strong></span> <span class='ocrx_word' id='word_1_642' title='bbox 1021 4499 1218 4570; x_wconf 90' lang='lat' dir='ltr'><strong>intelligimus.</strong></span> <span class='ocrx_word' id='word_1_643' title='bbox 1239 4499 1292 4554; x_wconf 89' lang='lat' dir='ltr'><strong>Per</strong></span> <span class='ocrx_word' id='word_1_644' title='bbox 1308 4499 1404 4556; x_wconf 88' lang='lat' dir='ltr'><strong>tenum</strong></span> <span class='ocrx_word' id='word_1_645' title='bbox 1419 4497 1608 4554; x_wconf 89' lang='lat' dir='ltr'><strong>humanitatis</strong></span> <span class='ocrx_word' id='word_1_646' title='bbox 1632 4496 1746 4568; x_wconf 85' lang='lat' dir='ltr'><strong>tragili-</strong></span> 
     </span>
     <span class='ocr_line' id='line_1_50' title="bbox 56 4585 1746 4664; baseline -0.004 -19"><span class='ocrx_word' id='word_1_647' title='bbox 56 4592 130 4656; x_wconf 76' lang='lat' dir='ltr'><strong>utu,</strong></span> <span class='ocrx_word' id='word_1_648' title='bbox 160 4604 226 4661; x_wconf 78' lang='lat' dir='ltr'><strong>quae</strong></span> <span class='ocrx_word' id='word_1_649' title='bbox 247 4591 392 4661; x_wconf 90' lang='lat' dir='ltr'><strong>manibus,</strong></span> <span class='ocrx_word' id='word_1_650' title='bbox 424 4593 507 4664; x_wconf 91' lang='lat' dir='ltr'><strong>qnasi</strong></span> <span class='ocrx_word' id='word_1_651' title='bbox 532 4607 638 4649; x_wconf 89' lang='lat' dir='ltr'><strong>corona</strong></span> <span class='ocrx_word' id='word_1_652' title='bbox 659 4593 839 4663; x_wconf 79' lang='lat' dir='ltr'><strong>preminent,</strong></span> <span class='ocrx_word' id='word_1_653' title='bbox 899 4589 1111 4658; x_wconf 83' lang='lat' dir='ltr'><strong>tasaccipitnr3</strong></span> <span class='ocrx_word' id='word_1_654' title='bbox 1131 4588 1226 4658; x_wconf 91' lang='lat' dir='ltr'><strong>paleas</strong></span> <span class='ocrx_word' id='word_1_655' title='bbox 1249 4602 1327 4658; x_wconf 90' lang='lat' dir='ltr'><strong>ergo,</strong></span> <span class='ocrx_word' id='word_1_656' title='bbox 1353 4597 1381 4644; x_wconf 92' lang='lat' dir='ltr'><strong>et</strong></span> <span class='ocrx_word' id='word_1_657' title='bbox 1397 4587 1454 4644; x_wconf 87' lang='lat' dir='ltr'><strong>teni</strong></span> <span class='ocrx_word' id='word_1_658' title='bbox 1470 4587 1627 4656; x_wconf 92' lang='lat' dir='ltr'><strong>plurimum</strong></span> <span class='ocrx_word' id='word_1_659' title='bbox 1660 4585 1746 4640; x_wconf 86' lang='lat' dir='ltr'><strong>babet</strong></span> 
     </span>
     <span class='ocr_line' id='line_1_51' title="bbox 56 4667 1746 4752; baseline -0.004 -16"><span class='ocrx_word' id='word_1_660' title='bbox 56 4687 107 4736; x_wconf 85' lang='lat' dir='ltr'><strong>tus</strong></span> <span class='ocrx_word' id='word_1_661' title='bbox 121 4679 187 4735; x_wconf 89' lang='lat' dir='ltr'><strong>boui</strong></span> <span class='ocrx_word' id='word_1_662' title='bbox 203 4681 297 4751; x_wconf 89' lang='lat' dir='ltr'><strong>operis</strong></span> <span class='ocrx_word' id='word_1_663' title='bbox 313 4682 463 4752; x_wconf 88' lang='lat' dir='ltr'><strong>accipitur,</strong></span> <span class='ocrx_word' id='word_1_664' title='bbox 480 4682 558 4752; x_wconf 90' lang='lat' dir='ltr'><strong>quod</strong></span> <span class='ocrx_word' id='word_1_665' title='bbox 572 4691 614 4738; x_wconf 91' lang='lat' dir='ltr'><strong>est</strong></span> <span class='ocrx_word' id='word_1_666' title='bbox 628 4695 685 4752; x_wconf 86' lang='lat' dir='ltr'><strong>pax</strong></span> <span class='ocrx_word' id='word_1_667' title='bbox 702 4682 793 4751; x_wconf 91' lang='lat' dir='ltr'><strong>primo</strong></span> <span class='ocrx_word' id='word_1_668' title='bbox 808 4682 844 4736; x_wconf 92' lang='lat' dir='ltr'><strong>ad</strong></span> <span class='ocrx_word' id='word_1_669' title='bbox 899 4677 1031 4748; x_wconf 88' lang='lat' dir='ltr'><strong>quisquis</strong></span> <span class='ocrx_word' id='word_1_670' title='bbox 1042 4667 1073 4732; x_wconf 80' lang='lat' dir='ltr'><strong>et’</strong></span> <span class='ocrx_word' id='word_1_671' title='bbox 1083 4676 1237 4746; x_wconf 89' lang='lat' dir='ltr'><strong>culparum</strong></span> <span class='ocrx_word' id='word_1_672' title='bbox 1253 4676 1412 4746; x_wconf 82' lang='lat' dir='ltr'><strong>etpropriae</strong></span> <span class='ocrx_word' id='word_1_673' title='bbox 1426 4675 1522 4731; x_wconf 88' lang='lat' dir='ltr'><strong>cernis</strong></span> <span class='ocrx_word' id='word_1_674' title='bbox 1534 4674 1599 4745; x_wconf 85' lang='lat' dir='ltr'><strong>jugi</strong></span> <span class='ocrx_word' id='word_1_675' title='bbox 1613 4673 1746 4729; x_wconf 89' lang='lat' dir='ltr'><strong>conside-</strong></span> 
     </span>
     <span class='ocr_line' id='line_1_52' title="bbox 56 4762 1746 4840; baseline -0.007 -15"><span class='ocrx_word' id='word_1_676' title='bbox 56 4782 96 4835; x_wconf 89' lang='lat' dir='ltr'><strong>m,</strong></span> <span class='ocrx_word' id='word_1_677' title='bbox 112 4768 218 4824; x_wconf 88' lang='lat' dir='ltr'><strong>debinc</strong></span> <span class='ocrx_word' id='word_1_678' title='bbox 232 4770 268 4825; x_wconf 90' lang='lat' dir='ltr'><strong>ad</strong></span> <span class='ocrx_word' id='word_1_679' title='bbox 289 4771 470 4839; x_wconf 82' lang='lat' dir='ltr'><strong>proximum3</strong></span> <span class='ocrx_word' id='word_1_680' title='bbox 488 4784 544 4840; x_wconf 88' lang='lat' dir='ltr'><strong>pax</strong></span> <span class='ocrx_word' id='word_1_681' title='bbox 560 4770 636 4825; x_wconf 92' lang='lat' dir='ltr'><strong>enim</strong></span> <span class='ocrx_word' id='word_1_682' title='bbox 664 4770 728 4825; x_wconf 92' lang='lat' dir='ltr'><strong>belli</strong></span> <span class='ocrx_word' id='word_1_683' title='bbox 749 4768 842 4825; x_wconf 88' lang='lat' dir='ltr'><strong>exacti</strong></span> <span class='ocrx_word' id='word_1_684' title='bbox 898 4765 1009 4822; x_wconf 88' lang='lat' dir='ltr'><strong>ratione</strong></span> <span class='ocrx_word' id='word_1_685' title='bbox 1024 4780 1080 4821; x_wconf 92' lang='lat' dir='ltr'><strong>non</strong></span> <span class='ocrx_word' id='word_1_686' title='bbox 1096 4773 1181 4821; x_wconf 88' lang='lat' dir='ltr'><strong>caret.</strong></span> <span class='ocrx_word' id='word_1_687' title='bbox 1203 4765 1255 4820; x_wconf 82' lang='lat' dir='ltr'><strong>Sed</strong></span> <span class='ocrx_word' id='word_1_688' title='bbox 1277 4773 1304 4821; x_wconf 90' lang='lat' dir='ltr'><strong>et</strong></span> <span class='ocrx_word' id='word_1_689' title='bbox 1325 4767 1397 4820; x_wconf 87' lang='lat' dir='ltr'><strong>iocus</strong></span> <span class='ocrx_word' id='word_1_690' title='bbox 1422 4766 1559 4833; x_wconf 82' lang='lat' dir='ltr'><strong>spatiosus</strong></span> <span class='ocrx_word' id='word_1_691' title='bbox 1574 4762 1612 4816; x_wconf 84' lang='lat' dir='ltr'><strong>ad</strong></span> <span class='ocrx_word' id='word_1_692' title='bbox 1637 4776 1746 4814; x_wconf 74' lang='lat' dir='ltr'><strong>mircen-</strong></span> 
     </span>
     <span class='ocr_line' id='line_1_53' title="bbox 56 4849 1744 4925; baseline -0.004 -14"><span class='ocrx_word' id='word_1_693' title='bbox 56 4856 128 4921; x_wconf 88' lang='lat' dir='ltr'><strong>ium,</strong></span> <span class='ocrx_word' id='word_1_694' title='bbox 157 4870 214 4925; x_wconf 85' lang='lat' dir='ltr'><strong>pax</strong></span> <span class='ocrx_word' id='word_1_695' title='bbox 238 4870 352 4912; x_wconf 89' lang='lat' dir='ltr'><strong>summa</strong></span> <span class='ocrx_word' id='word_1_696' title='bbox 381 4856 512 4912; x_wconf 90' lang='lat' dir='ltr'><strong>laborum</strong></span> <span class='ocrx_word' id='word_1_697' title='bbox 537 4864 600 4912; x_wconf 88' lang='lat' dir='ltr'><strong>est:</strong></span> <span class='ocrx_word' id='word_1_698' title='bbox 635 4870 739 4912; x_wconf 87' lang='lat' dir='ltr'><strong>manus</strong></span> <span class='ocrx_word' id='word_1_699' title='bbox 773 4869 840 4911; x_wconf 83' lang='lat' dir='ltr'><strong>uero</strong></span> <span class='ocrx_word' id='word_1_700' title='bbox 898 4855 963 4908; x_wconf 81' lang='lat' dir='ltr'><strong>dura</strong></span> <span class='ocrx_word' id='word_1_701' title='bbox 979 4853 1006 4908; x_wconf 95' lang='lat' dir='ltr'><strong>in</strong></span> <span class='ocrx_word' id='word_1_702' title='bbox 1021 4853 1105 4909; x_wconf 78' lang='lat' dir='ltr'><strong>donis</strong></span> <span class='ocrx_word' id='word_1_703' title='bbox 1119 4858 1168 4918; x_wconf 86' lang='lat' dir='ltr'><strong>est,</strong></span> <span class='ocrx_word' id='word_1_704' title='bbox 1183 4854 1252 4922; x_wconf 91' lang='lat' dir='ltr'><strong>quia</strong></span> <span class='ocrx_word' id='word_1_705' title='bbox 1264 4853 1317 4909; x_wconf 91' lang='lat' dir='ltr'><strong>etsi</strong></span> <span class='ocrx_word' id='word_1_706' title='bbox 1331 4853 1458 4922; x_wconf 89' lang='lat' dir='ltr'><strong>corporis</strong></span> <span class='ocrx_word' id='word_1_707' title='bbox 1472 4850 1586 4920; x_wconf 90' lang='lat' dir='ltr'><strong>pondus</strong></span> <span class='ocrx_word' id='word_1_708' title='bbox 1606 4849 1744 4919; x_wconf 89' lang='lat' dir='ltr'><strong>patimur,</strong></span> 
     </span>
     <span class='ocr_line' id='line_1_54' title="bbox 56 4941 1746 5016; baseline -0.003 -15"><span class='ocrx_word' id='word_1_709' title='bbox 56 4957 81 5001; x_wconf 75' lang='lat' dir='ltr'><strong>a</strong></span> <span class='ocrx_word' id='word_1_710' title='bbox 96 4943 250 5016; x_wconf 78' lang='lat' dir='ltr'><strong>significat,</strong></span> <span class='ocrx_word' id='word_1_711' title='bbox 268 4945 377 5014; x_wconf 88' lang='lat' dir='ltr'><strong>quibus</strong></span> <span class='ocrx_word' id='word_1_712' title='bbox 391 4953 418 5002; x_wconf 90' lang='lat' dir='ltr'><strong>et</strong></span> <span class='ocrx_word' id='word_1_713' title='bbox 445 4945 502 5000; x_wconf 88' lang='lat' dir='ltr'><strong>Dee</strong></span> <span class='ocrx_word' id='word_1_714' title='bbox 518 4945 716 5014; x_wconf 85' lang='lat' dir='ltr'><strong>obsequimur,</strong></span> <span class='ocrx_word' id='word_1_715' title='bbox 739 4952 767 5000; x_wconf 92' lang='lat' dir='ltr'><strong>et</strong></span> <span class='ocrx_word' id='word_1_716' title='bbox 782 4959 844 5014; x_wconf 90' lang='lat' dir='ltr'><strong>pro·</strong></span> <span class='ocrx_word' id='word_1_717' title='bbox 898 4950 926 4998; x_wconf 91' lang='lat' dir='ltr'><strong>et</strong></span> <span class='ocrx_word' id='word_1_718' title='bbox 952 4942 1143 4997; x_wconf 87' lang='lat' dir='ltr'><strong>circumstans</strong></span> <span class='ocrx_word' id='word_1_719' title='bbox 1171 4957 1223 4997; x_wconf 90' lang='lat' dir='ltr'><strong>nos</strong></span> <span class='ocrx_word' id='word_1_720' title='bbox 1252 4950 1409 5012; x_wconf 88' lang='lat' dir='ltr'><strong>peccatum,</strong></span> <span class='ocrx_word' id='word_1_721' title='bbox 1431 4941 1520 4995; x_wconf 90' lang='lat' dir='ltr'><strong>latum</strong></span> <span class='ocrx_word' id='word_1_722' title='bbox 1539 4947 1634 4994; x_wconf 88' lang='lat' dir='ltr'><strong>tamen</strong></span> <span class='ocrx_word' id='word_1_723' title='bbox 1661 4952 1746 5007; x_wconf 88' lang='lat' dir='ltr'><strong>penes</strong></span> 
     </span>
     <span class='ocr_line' id='line_1_55' title="bbox 56 5026 1746 5103; baseline -0.004 -13"><span class='ocrx_word' id='word_1_724' title='bbox 56 5033 219 5102; x_wconf 84' lang='lat' dir='ltr'><strong>nexenxpta</strong></span> <span class='ocrx_word' id='word_1_725' title='bbox 236 5033 406 5103; x_wconf 80' lang='lat' dir='ltr'><strong>prebemus.</strong></span> <span class='ocrx_word' id='word_1_726' title='bbox 423 5033 575 5088; x_wconf 71' lang='lat' dir='ltr'><strong>Praemium</strong></span> <span class='ocrx_word' id='word_1_727' title='bbox 597 5039 692 5089; x_wconf 87' lang='lat' dir='ltr'><strong>antem</strong></span> <span class='ocrx_word' id='word_1_728' title='bbox 723 5047 844 5103; x_wconf 90' lang='lat' dir='ltr'><strong>operam</strong></span> <span class='ocrx_word' id='word_1_729' title='bbox 899 5045 950 5086; x_wconf 90' lang='lat' dir='ltr'><strong>nos</strong></span> <span class='ocrx_word' id='word_1_730' title='bbox 963 5044 1169 5086; x_wconf 88' lang='lat' dir='ltr'><strong>conservamus</strong></span> <span class='ocrx_word' id='word_1_731' title='bbox 1193 5029 1341 5086; x_wconf 89' lang='lat' dir='ltr'><strong>charitatis</strong></span> <span class='ocrx_word' id='word_1_732' title='bbox 1366 5029 1546 5091; x_wconf 86' lang='lat' dir='ltr'><strong>mandatnm,</strong></span> <span class='ocrx_word' id='word_1_733' title='bbox 1562 5026 1640 5097; x_wconf 92' lang='lat' dir='ltr'><strong>quod</strong></span> <span class='ocrx_word' id='word_1_734' title='bbox 1658 5026 1746 5083; x_wconf 88' lang='lat' dir='ltr'><strong>etiam</strong></span> 
     </span>
     <span class='ocr_line' id='line_1_56' title="bbox 56 5113 1746 5191; baseline -0.005 -14"><span class='ocrx_word' id='word_1_735' title='bbox 56 5134 78 5177; x_wconf 84' lang='lat' dir='ltr'><strong>u</strong></span> <span class='ocrx_word' id='word_1_736' title='bbox 111 5119 142 5175; x_wconf 90' lang='lat' dir='ltr'><strong>in</strong></span> <span class='ocrx_word' id='word_1_737' title='bbox 163 5121 307 5190; x_wconf 81' lang='lat' dir='ltr'><strong>prasenti,</strong></span> <span class='ocrx_word' id='word_1_738' title='bbox 332 5120 415 5191; x_wconf 87' lang='lat' dir='ltr'><strong>quasi</strong></span> <span class='ocrx_word' id='word_1_739' title='bbox 438 5119 556 5190; x_wconf 89' lang='lat' dir='ltr'><strong>qnidam</strong></span> <span class='ocrx_word' id='word_1_740' title='bbox 583 5134 691 5175; x_wconf 87' lang='lat' dir='ltr'><strong>ornans</strong></span> <span class='ocrx_word' id='word_1_741' title='bbox 713 5134 774 5187; x_wconf 90' lang='lat' dir='ltr'><strong>nos,</strong></span> <span class='ocrx_word' id='word_1_742' title='bbox 811 5133 845 5176; x_wconf 91' lang='lat' dir='ltr'><strong>ac</strong></span> <span class='ocrx_word' id='word_1_743' title='bbox 899 5118 1096 5189; x_wconf 90' lang='lat' dir='ltr'><strong>complectitur</strong></span> <span class='ocrx_word' id='word_1_744' title='bbox 1114 5118 1275 5188; x_wconf 90' lang='lat' dir='ltr'><strong>inimicum,</strong></span> <span class='ocrx_word' id='word_1_745' title='bbox 1303 5116 1439 5188; x_wconf 88' lang='lat' dir='ltr'><strong>quodque</strong></span> <span class='ocrx_word' id='word_1_746' title='bbox 1462 5114 1551 5186; x_wconf 86' lang='lat' dir='ltr'><strong>operit</strong></span> <span class='ocrx_word' id='word_1_747' title='bbox 1581 5113 1746 5171; x_wconf 90' lang='lat' dir='ltr'><strong>multitudi-</strong></span> 
     </span>
     <span class='ocr_line' id='line_1_57' title="bbox 56 5204 1747 5278; baseline -0.004 -14"><span class='ocrx_word' id='word_1_748' title='bbox 56 5208 130 5265; x_wconf 81' lang='lat' dir='ltr'><strong>tiens</strong></span> <span class='ocrx_word' id='word_1_749' title='bbox 156 5208 283 5265; x_wconf 86' lang='lat' dir='ltr'><strong>ambitus</strong></span> <span class='ocrx_word' id='word_1_750' title='bbox 317 5207 510 5271; x_wconf 82' lang='lat' dir='ltr'><strong>armillarum.</strong></span> <span class='ocrx_word' id='word_1_751' title='bbox 548 5221 630 5264; x_wconf 91' lang='lat' dir='ltr'><strong>amor</strong></span> <span class='ocrx_word' id='word_1_752' title='bbox 665 5217 761 5265; x_wconf 89' lang='lat' dir='ltr'><strong>noster</strong></span> <span class='ocrx_word' id='word_1_753' title='bbox 808 5209 845 5264; x_wconf 90' lang='lat' dir='ltr'><strong>ad</strong></span> <span class='ocrx_word' id='word_1_754' title='bbox 899 5222 965 5264; x_wconf 84' lang='lat' dir='ltr'><strong>neni</strong></span> <span class='ocrx_word' id='word_1_755' title='bbox 994 5215 1186 5278; x_wconf 87' lang='lat' dir='ltr'><strong>peccatorum,</strong></span> <span class='ocrx_word' id='word_1_756' title='bbox 1218 5207 1294 5263; x_wconf 91' lang='lat' dir='ltr'><strong>unde</strong></span> <span class='ocrx_word' id='word_1_757' title='bbox 1323 5205 1451 5262; x_wconf 89' lang='lat' dir='ltr'><strong>dicitur:</strong></span> <span class='ocrx_word' id='word_1_758' title='bbox 1482 5206 1615 5261; x_wconf 84' lang='lat' dir='ltr'><strong>Statuisti</strong></span> <span class='ocrx_word' id='word_1_759' title='bbox 1636 5206 1665 5258; x_wconf 84' lang='grc' dir='ltr'><strong>ιιι</strong></span> <span class='ocrx_word' id='word_1_760' title='bbox 1692 5204 1747 5258; x_wconf 87' lang='lat' dir='ltr'><strong>ioco</strong></span> 
     </span>
     <span class='ocr_line' id='line_1_58' title="bbox 56 5291 1747 5368; baseline -0.005 -15"><span class='ocrx_word' id='word_1_761' title='bbox 56 5311 96 5365; x_wconf 79' lang='lat' dir='ltr'><strong>m,</strong></span> <span class='ocrx_word' id='word_1_762' title='bbox 122 5296 233 5368; x_wconf 79' lang='lat' dir='ltr'><strong>licique</strong></span> <span class='ocrx_word' id='word_1_763' title='bbox 254 5297 291 5352; x_wconf 91' lang='lat' dir='ltr'><strong>ad</strong></span> <span class='ocrx_word' id='word_1_764' title='bbox 317 5311 369 5354; x_wconf 84' lang='lat' dir='ltr'><strong>nos</strong></span> <span class='ocrx_word' id='word_1_765' title='bbox 396 5310 559 5366; x_wconf 85' lang='lat' dir='ltr'><strong>rursusque</strong></span> <span class='ocrx_word' id='word_1_766' title='bbox 585 5310 623 5352; x_wconf 83' lang='lat' dir='ltr'><strong>ex</strong></span> <span class='ocrx_word' id='word_1_767' title='bbox 650 5297 697 5366; x_wconf 86' lang='lat' dir='ltr'><strong>pio</strong></span> <span class='ocrx_word' id='word_1_768' title='bbox 726 5311 845 5353; x_wconf 85' lang='lat' dir='ltr'><strong>nascens</strong></span> <span class='ocrx_word' id='word_1_769' title='bbox 897 5298 1019 5366; x_wconf 79' lang='lat' dir='ltr'><strong>spatioso</strong></span> <span class='ocrx_word' id='word_1_770' title='bbox 1044 5296 1127 5366; x_wconf 78' lang='lat' dir='ltr'><strong>pedes</strong></span> <span class='ocrx_word' id='word_1_771' title='bbox 1148 5311 1218 5350; x_wconf 87' lang='lat' dir='ltr'><strong>meos</strong></span> <span class='ocrx_word' id='word_1_772' title='bbox 1248 5295 1328 5364; x_wconf 84' lang='lat' dir='ltr'><strong>(Psoi.</strong></span> <span class='ocrx_word' id='word_1_773' title='bbox 1359 5308 1426 5359; x_wconf 84' lang='lat' dir='ltr'><strong>xxx,</strong></span> <span class='ocrx_word' id='word_1_774' title='bbox 1455 5295 1493 5361; x_wconf 88' lang='grc'><strong>9).</strong></span> <span class='ocrx_word' id='word_1_775' title='bbox 1521 5292 1566 5348; x_wconf 79' lang='lat' dir='ltr'><strong>ild</strong></span> <span class='ocrx_word' id='word_1_776' title='bbox 1583 5291 1747 5347; x_wconf 74' lang='lat' dir='ltr'><strong>menardum</strong></span> 
     </span>
     <span class='ocr_line' id='line_1_59' title="bbox 56 5377 1748 5456; baseline -0.005 -15"><span class='ocrx_word' id='word_1_777' title='bbox 56 5398 79 5441; x_wconf 75' lang='lat' dir='ltr'><strong>e</strong></span> <span class='ocrx_word' id='word_1_778' title='bbox 92 5383 222 5456; x_wconf 82' lang='lat' dir='ltr'><strong>proximi</strong></span> <span class='ocrx_word' id='word_1_779' title='bbox 238 5384 274 5440; x_wconf 87' lang='lat' dir='ltr'><strong>ad</strong></span> <span class='ocrx_word' id='word_1_780' title='bbox 303 5397 364 5452; x_wconf 90' lang='lat' dir='ltr'><strong>nos,</strong></span> <span class='ocrx_word' id='word_1_781' title='bbox 386 5392 415 5440; x_wconf 91' lang='lat' dir='ltr'><strong>et</strong></span> <span class='ocrx_word' id='word_1_782' title='bbox 439 5383 585 5440; x_wconf 89' lang='lat' dir='ltr'><strong>nosterad</strong></span> <span class='ocrx_word' id='word_1_783' title='bbox 605 5384 783 5455; x_wconf 86' lang='lat' dir='ltr'><strong>proximum.</strong></span> <span class='ocrx_word' id='word_1_784' title='bbox 796 5385 845 5440; x_wconf 87' lang='lat' dir='ltr'><strong>lc·</strong></span> <span class='ocrx_word' id='word_1_785' title='bbox 899 5398 968 5441; x_wconf 87' lang='lat' dir='ltr'><strong>vero</strong></span> <span class='ocrx_word' id='word_1_786' title='bbox 984 5389 1024 5440; x_wconf 84' lang='lat' dir='ltr'><strong>est</strong></span> <span class='ocrx_word' id='word_1_787' title='bbox 1043 5384 1149 5441; x_wconf 90' lang='lat' dir='ltr'><strong>scilicet</strong></span> <span class='ocrx_word' id='word_1_788' title='bbox 1174 5383 1210 5439; x_wconf 85' lang='lat' dir='ltr'><strong>ed</strong></span> <span class='ocrx_word' id='word_1_789' title='bbox 1237 5382 1492 5453; x_wconf 87' lang='lat' dir='ltr'><strong>perseverandum,</strong></span> <span class='ocrx_word' id='word_1_790' title='bbox 1514 5388 1545 5437; x_wconf 94' lang='lat' dir='ltr'><strong>nt</strong></span> <span class='ocrx_word' id='word_1_791' title='bbox 1570 5394 1628 5436; x_wconf 92' lang='lat' dir='ltr'><strong>non</strong></span> <span class='ocrx_word' id='word_1_792' title='bbox 1658 5377 1748 5433; x_wconf 90' lang='lat' dir='ltr'><strong>verba</strong></span> 
     </span>
     <span class='ocr_line' id='line_1_60' title="bbox 56 5467 1747 5545; baseline -0.004 -16"><span class='ocrx_word' id='word_1_793' title='bbox 56 5487 73 5529; x_wconf 80' lang='grc' dir='ltr'><strong>ι</strong></span> <span class='ocrx_word' id='word_1_794' title='bbox 94 5472 270 5545; x_wconf 85' lang='lat' dir='ltr'><strong>appendunt</strong></span> <span class='ocrx_word' id='word_1_795' title='bbox 291 5473 370 5529; x_wconf 76' lang='lat' dir='ltr'><strong>ricus</strong></span> <span class='ocrx_word' id='word_1_796' title='bbox 397 5472 476 5541; x_wconf 82' lang='lat' dir='ltr'><strong>duae,</strong></span> <span class='ocrx_word' id='word_1_797' title='bbox 499 5472 569 5543; x_wconf 91' lang='lat' dir='ltr'><strong>quia</strong></span> <span class='ocrx_word' id='word_1_798' title='bbox 595 5485 664 5529; x_wconf 83' lang='lat' dir='ltr'><strong>vera</strong></span> <span class='ocrx_word' id='word_1_799' title='bbox 684 5472 847 5531; x_wconf 88' lang='lat' dir='ltr'><strong>obedientia</strong></span> <span class='ocrx_word' id='word_1_800' title='bbox 899 5481 928 5531; x_wconf 89' lang='lat' dir='ltr'><strong>et</strong></span> <span class='ocrx_word' id='word_1_801' title='bbox 949 5472 1061 5544; x_wconf 86' lang='lat' dir='ltr'><strong>lingua,</strong></span> <span class='ocrx_word' id='word_1_802' title='bbox 1088 5474 1137 5530; x_wconf 87' lang='lat' dir='ltr'><strong>sed</strong></span> <span class='ocrx_word' id='word_1_803' title='bbox 1156 5485 1241 5543; x_wconf 90' lang='lat' dir='ltr'><strong>opere</strong></span> <span class='ocrx_word' id='word_1_804' title='bbox 1263 5470 1420 5544; x_wconf 88' lang='lat' dir='ltr'><strong>diligamus</strong></span> <span class='ocrx_word' id='word_1_805' title='bbox 1434 5478 1462 5529; x_wconf 90' lang='lat' dir='ltr'><strong>et</strong></span> <span class='ocrx_word' id='word_1_806' title='bbox 1485 5469 1605 5527; x_wconf 83' lang='lat' dir='ltr'><strong>veritate</strong></span> <span class='ocrx_word' id='word_1_807' title='bbox 1625 5467 1649 5537; x_wconf 90' lang='lat' dir='ltr'><strong>(t</strong></span> <span class='ocrx_word' id='word_1_808' title='bbox 1666 5467 1747 5519; x_wconf 84' lang='lat' dir='ltr'><strong>teau.</strong></span> 
     </span>
    </p>
   </div>
   <div class='ocr_carea' id='block_1_5' title="bbox 0 0 1916 6008">
    <p class='ocr_par' dir='ltr' id='par_1_6' title="bbox 0 0 1916 6008">
     <span class='ocr_line' id='line_1_61' title="bbox 0 0 1916 6008; baseline 0 0"><span class='ocrx_word' id='word_1_809' title='bbox 0 0 1916 6008; x_wconf 95' lang='lat' dir='ltr'><strong> </strong></span> 
     </span>
    </p>
   </div>
  </div>
 </body>
</html>
