3818 6008
63 217 129 273 stol
523 215 636 271 subm.
649 215 777 271 -Vl'l'd
797 215 827 270 tt.
848 213 990 271 stilonis
1008 215 1088 271 cult.
1109 216 1370 275 causentuusts.
1493 259 1496 269 ·
1746 231 1814 284 1212

59 352 210 426 sentirent,
239 348 318 406 unde
345 346 451 419 praesul
479 353 611 403 metucns
639 360 676 403 ne
708 345 811 402 civitas
844 346 947 404 hellih
967 359 1021 401 ma
1043 360 1149 416 eorpus
1172 346 1202 402 in
1224 346 1336 406 lorcam
1360 348 1488 408 delatum
1520 351 1681 425 deponitur.
1705 356 1813 419 Census

58 439 243 497 contentione
268 439 296 493 in
318 436 416 509 aliquo
442 437 672 506 perturbaretur,
697 436 840 493 Simonem
857 450 908 492 ac·
963 448 1031 490 vero
1043 435 1228 493 denariorum
1245 451 1303 494 non
1326 438 1511 497 minimuma
1535 443 1657 513 praesule
1681 446 1811 518 collatus,

58 529 183 595 cersivit‚
215 539 397 598 summopere
419 525 575 596 deprecans
591 533 622 581 nt
656 526 778 595 pacandi
815 526 909 596 gratia
963 524 1139 594 pauperibus
1161 533 1308 596 erogatur.
1333 527 1407 584 Ecce
1430 530 1479 585 Dei
1509 544 1610 587 servus
1632 533 1741 605 absque
1761 551 1813 607 pe-

58 611 130 666 11100
157 611 395 680 proficisceretur.
421 609 473 666 Cui
504 608 599 665 statim
626 608 760 663 obediens
782 621 812 662 se
840 621 907 677 pro·
961 611 1049 666 cunia
1072 620 1100 667 et
1123 614 1294 684 cognatione
1320 616 1429 686 aliqua,
1447 619 1533 687 paulo
1555 627 1621 676 ante
1644 635 1764 692 pauper,
1781 625 1811 681 in

57 698 201 755 lecturum
223 700 400 769 promittens,
420 696 557 768 adjuncto
571 696 623 751 sibi
647 697 709 752 viro
729 695 907 767 religiosissi-
962 695 1018 750 line
1033 695 1112 752 dives
1125 697 1259 767 eflicitur,
1273 701 1321 756 sed
1340 702 1436 759 adhue
1450 703 1536 760 ditior
1556 705 1585 761 ht
1599 706 1669 764 dum
1691 708 1721 765 in
1744 712 1808 769 sede
1835 763 1836 767 ,

57 800 116 854 mo,
134 786 187 843 iter
200 786 303 856 arripit
319 799 385 842 cum
401 783 599 840 benedictione
609 783 746 854 jubentis.
961 783 1059 840 coelica
1073 785 1237 844 collocatur.
1372 771 1375 778 ’

95 875 134 932 Eo
149 875 238 944 igitur
259 873 415 931 adveniens
434 872 593 943 principem
612 871 758 941 quaeritet
779 869 907 939 invenit3
996 872 1105 944 Regina
1131 889 1197 932 vero
1221 877 1380 948 anglorum
1411 878 1558 938 hlatbildis
1583 885 1710 956 nomine,
1731 887 1811 944 dives

58 978 146 1035 quem
166 965 316 1019 inventurn
342 961 426 1031 quasi
455 960 547 1031 epulis
575 960 605 1015 iu
633 959 698 1015 visu
726 972 778 1013 suo
799 957 906 1026 reiecit,
960 966 987 1014 et
1002 963 1270 1033 praepotentissima,
1294 966 1364 1034 quia
1383 981 1450 1024 eum
1475 970 1619 1027 nutrierat
1640 979 1668 1028 et
1693 987 1811 1030 consan-

60 1051 137 1107 unde
159 1065 256 1122 pacem
280 1050 448 1118 reiormaus,
472 1049 551 1120 quod
579 1046 670 1105 voluit
694 1060 778 1117 opere
804 1060 908 1116 perpe·
960 1047 1428 1124 001010001000001010000,
1451 1057 1486 1112 ob
1501 1058 1556 1113 viri
1571 1060 1620 1115 1101
1642 1062 1809 1118 memoriam

59 1138 156 1192 travit.
179 1137 320 1193 Omnibus
343 1137 441 1208 itaque
466 1137 534 1198 illuc
552 1136 718 1206 pacificatis,
742 1134 905 1204 revertitur,
960 1134 996 1190 ad
1020 1136 1199 1206 sepulturam
1221 1143 1457 1211 componendam,
1489 1146 1586 1203 Roma
1620 1149 1684 1205 auri
1707 1163 1812 1220 quam-

59 1222 89 1279 10
108 1223 207 1281 itinere
230 1225 326 1296 plebes
348 1223 409 1298 [ot.,
436 1221 545 1296 plures]
570 1224 730 1294 alloquens,
748 1230 780 1280 ut
797 1222 907 1279 101110-
960 1223 1118 1294 plurimum
1139 1233 1167 1282 et
1191 1230 1303 1299 argenti
1328 1231 1468 1288 monacho
1483 1231 1626 1292 deferente
1641 1236 1809 1295 transmisit.

58 1312 170 1369 minum
192 1321 429 1370 converterentur
451 1311 612 1368 admonuit.
632 1311 721 1382 Cuius
740 1310 907 1367 allocutioni
959 1310 1028 1378 Quae
1042 1313 1170 1370 studiose
1191 1316 1312 1386 quadris
1334 1325 1362 1374 et
1385 1318 1482 1389 politis
1506 1320 1652 1391 lapidibus
1674 1339 1710 1381 ex
1729 1338 1809 1381 mar·

58 1415 207 1457 assensum
229 1401 396 1471 prebentes,
430 1414 500 1470 pene
521 1399 672 1471 sexaginta
692 1399 796 1455 milites
815 1413 906 1456 saecu·
959 1414 1038 1457 more
1050 1401 1155 1458 diversi
1180 1403 1282 1461 coloris
1303 1406 1424 1477 intexta,
1442 1408 1539 1466 adhue
1559 1411 1810 1482 peregrinantibus

57 1488 169 1546 laribus
185 1490 305 1557 omissis,
331 1503 412 1545 arma
435 1488 582 1544 Dominiea
601 1495 812 1558 susceperunt;
827 1486 907 1544 etsie
959 1487 1235 1563 bonitatisettempla
1250 1495 1366 1565 prebet.

56 1578 114 1634 viri
143 1579 191 1634 liei
234 1577 435 1649 praedicatione
470 1576 669 1633 monachalem
697 1576 827 1633 habitum
855 1589 907 1647 per

57 1666 172 1723 diversa
196 1668 350 1737 provinciae
373 1667 433 1723 loca
459 1680 525 1723 oum
551 1665 746 1722 benedictione
772 1662 941 1736 suseepe-li
1283 1634 1398 1693 CAPUT
1418 1638 1479 1696 XV·

57 1762 138 1810 ruat.
324 1832 328 1837 Ι
995 1755 1155 1812 lionaehus
1168 1764 1265 1813 antem
1281 1759 1340 1828 qui,
1363 1774 1429 1817 cum
1451 1760 1566 1819 Simone
1586 1762 1635 1819 diu
1655 1777 1811 1822 conversa-

94 1842 136 1898 ad
159 1842 265 1898 Urbem
285 1842 383 1912 itaque
414 1855 562 1913 regressus
589 1839 750 1910 pontificem
773 1840 853 1908 adiit,
878 1847 905 1895 et
960 1849 1016 1910 tus,
1046 1843 1226 1901 incommoda
1264 1848 1390 1916 corporis
1426 1863 1477 1918 pro
1509 1851 1574 1921 ejus
1600 1864 1696 1908 amore
1719 1854 1811 1911 multo

56 1930 201 2001 quidquid
224 1938 322 2001 egerat
345 1929 380 1985 de
407 1943 476 2000 paee
501 1928 656 1985 nuntiavit.
683 1927 733 1983 llle
756 1935 853 1985 eutem
878 1937 907 1985 et
959 1929 1146 2000 sustinuerat,
1177 1939 1239 2003 post
1262 1933 1327 2003 eius
1357 1937 1589 2007 assumptionem,
1617 1948 1739 2011 postque
1762 1957 1809 2000 se-

57 2018 291 2090 gratumhabuit
313 2016 390 2088 quod
411 2016 529 2086 aceepit,
553 2021 580 2071 et
604 2014 676 2073 illud
699 2015 776 2085 quod
801 2015 906 2073 iecerat
960 2018 1086 2088 pulturae
1122 2034 1182 2076 suae
1215 2025 1291 2078 m
1332 2022 1558 2093 instructionem,
1594 2026 1692 2083 relicta
1719 2029 1810 2085 Roma

57 2106 238 2177 approbavit.
251 2105 308 2163 Nec
332 2104 422 2161 multo
444 2112 507 2175 post
530 2104 639 2160 hahens
658 2103 687 2159 in
706 2104 853 2161 voluntate
869 2105 906 2161 ad
960 2107 1166 2162 monasterium
1185 2109 1294 2177 revisit,
1311 2109 1371 2178 ubi,
1393 2111 1492 2169 multis
1509 2112 1612 2170 diebus
1630 2115 1809 2173 abstinentiae

57 2195 264 2251 monasterinm
287 2194 401 2262 reuerti,
422 2193 567 2250 licentiam
588 2194 624 2250 ab
646 2208 679 2250 eo
701 2208 767 2251 cum
787 2194 905 2250 humili·
959 2201 987 2249 et
1002 2192 1093 2250 labori
1118 2209 1234 2264 operam
1250 2196 1332 2264 dans,
1353 2212 1473 2254 summae
1498 2201 1667 2258 humilitatis
1679 2205 1810 2275 exempla

58 2291 115 2340 tate
144 2283 290 2353 deposcit:
319 2283 369 2355 qui
395 2297 447 2339 nec
479 2281 580 2352 primo,
607 2296 659 2338 nec
688 2282 814 2338 secundo
842 2282 907 2353 ejus
960 2283 1140 2338 monstravit.
1169 2284 1342 2356 Priusquam
1371 2300 1437 2343 vero
1461 2289 1497 2344 ad
1522 2297 1653 2358 mortem,
1675 2305 1742 2362 quus
1767 2302 1810 2350 est
1848 2286 1855 2297 '

58 2373 191 2444 precibus
216 2385 315 2428 aurem
346 2369 574 2436 accommodans,
602 2369 658 2426 tale
681 2369 772 2426 iertur
796 2370 906 2427 dedisse
960 2370 1146 2440 exitusvitae,
1169 2374 1399 2445 propinquasset,
1421 2375 1517 2432 Simon
1539 2377 1667 2434 beneficii
1694 2387 1722 2436 et
1747 2395 1810 2437 ser-

59 2474 250 2530 respousum:
276 2482 285 2510 ι
312 2459 389 2516 Sicut
411 2474 464 2516 nec
487 2457 558 2514 meis
582 2457 700 2527 meritis,
727 2458 904 2524 charissime,
959 2457 1209 2529 vituttsimpansae
1233 2476 1292 2517 non
1322 2462 1480 2532 immemor,
1503 2472 1584 2521 noete
1609 2466 1735 2536 quadam
1758 2481 1809 2539 ap-

59 2562 111 2603 nec
139 2561 211 2613 mea,
234 2547 284 2603 sed
311 2546 418 2602 domini
446 2546 520 2602 Petri
544 2545 738 2601 dominatione
771 2544 904 2616 pastorali
960 2547 1058 2617 paruit
1081 2548 1105 2604 ei
1130 2563 1197 2605 cunr
1226 2549 1336 2605 cateris
1360 2551 1528 2622 quiescenti,
1553 2567 1659 2610 vocans
1678 2569 1755 2624 eum,
1782 2563 1810 2613 et

59 2636 116 2692 huc
136 2636 291 2691 accersitus
314 2635 455 2691 advenisti
471 2648 478 2703 ;
502 2632 542 2689 ita
566 2646 619 2688 nec
640 2646 705 2688 mea
717 2627 760 2688 est
781 2631 809 2688 in
828 2639 905 2702 pote·
960 2634 1057 2691 dicens
1074 2652 1080 2690 :
1099 2658 1109 2685 ‹
1127 2637 1247 2693 liobertc
1264 2638 1313 2708 (sic
1334 2638 1810 2711 00100000110100001).»011110

58 2731 129 2780 state
145 2723 294 2794 promissio
309 2721 478 2779 revertendi.
496 2721 575 2778 Vade
595 2735 673 2790 ergo,
698 2728 725 2776 et
746 2721 904 2777 oratorium
960 2722 1104 2794 100011εο
1124 2724 1168 2781 l'u
1192 2725 1258 2796 quis
1282 2725 1362 2781 esi·
1389 2726 1470 2782 Tune
1491 2726 1587 2784 Simon
1614 2730 1808 2800 respondens:

58 2812 206 2884 ingredere
219 2812 292 2868 beati
317 2811 401 2871 Petri.
425 2819 453 2867 et
477 2809 621 2881 quidquid
644 2809 674 2865 in
693 2808 905 2866 voluntatelra·
963 2812 1060 2882 «Ego,
1084 2811 1190 2882 inquit,
1213 2812 1308 2870 Simon
1331 2828 1405 2882 sum,
1422 2833 1436 2865 o
1455 2821 1483 2871 et
1501 2816 1622 2885 adjecit:
1644 2838 1658 2867 a
1683 2817 1741 2875 Cur
1756 2818 1809 2876 hoc

57 2900 131 2968 beat,
152 2900 331 2957 orationibus
345 2907 566 2971 perscrutare.»
962 2900 990 2957 in
1016 2914 1061 2956 me
1081 2900 1149 2957 olim
1175 2901 1267 2957 iacere
1293 2901 1408 2959 voluisti
1429 2902 1443 2959 i
1464 2902 1537 2958 Nam
1559 2918 1627 2960 cum
1650 2905 1729 2974 apud
1757 2907 1811 2964 lio

92 2988 145 3056 Qui
176 2995 257 3044 nocte
285 2987 491 3058 subsequente,
525 2985 600 3041 sient
631 2983 689 3055 ipse
721 2991 903 3055 preceperat,
921 2960 940 3015 c
960 3002 1037 3044 mam
1065 2989 1101 3044 ad
1130 3003 1239 3046 novum
1274 2990 1430 3060 sepulturae
1459 2990 1553 3048 locum
1582 3007 1687 3063 corpus
1712 3008 1809 3053 meum

56 3074 195 3145 templum
224 3081 393 3145 precaturus
418 3074 592 3146 ingreditur,
626 3079 716 3129 totam
737 3072 903 3144 pervigilem
959 3076 1137 3145 transferres,
1168 3077 1208 3133 nil
1233 3091 1284 3149 pro
1315 3079 1413 3134 anima
1446 3093 1510 3135 mea
1544 3081 1720 3150 pauperibus
1749 3097 1810 3139 ero

55 3165 164 3222 ducens
176 3165 297 3223 orationi
318 3165 455 3232 intentus,
475 3171 503 3221 et
523 3163 694 3235 priusquam
717 3162 782 3219 inde
805 3176 905 3232 proce·
958 3164 1041 3235 gasti.
1059 3186 1073 3214 »
1098 3163 1151 3221 Cui
1173 3165 1336 3222 liebertus:
1355 3189 1366 3216 ‹
1395 3167 1517 3237 Pauper,
1545 3167 1651 3239 iuquit,
1676 3182 1765 3238 erant,
1782 3177 1810 3227 et

56 3253 144 3320 deret,
160 3268 220 3326 qua
234 3254 366 3310 sublatus
389 3260 431 3310 est
445 3252 521 3321 ritae,
539 3252 639 3309 mortis
658 3251 824 3308 infirmitate
838 3265 905 3307 cor-
958 3265 1062 3308 census
1078 3251 1149 3308 mihi
1164 3253 1295 3309 deerant
1319 3254 1368 3310 lile
1385 3263 1502 3312 econtra
1519 3270 1526 3310 :
1545 3276 1557 3304 ι
1582 3255 1698 3314 Certum
1719 3267 1761 3314 est
1782 3265 1809 3315 te

55 3343 168 3411 ripitnr.
193 3343 259 3399 lion
282 3342 347 3398 inde
372 3341 558 3413 progrediens
585 3340 621 3396 ad
648 3339 856 3406 babitaculum,
877 3345 906 3394 et
958 3339 1093 3398 habuisse
1116 3341 1226 3412 aliquid
1252 3341 1330 3412 quod
1354 3342 1494 3413 impertiri
1515 3343 1667 3401 debueras.
1687 3367 1698 3394 ι
1715 3346 1760 3415 Et,
1777 3353 1808 3402 ut

55 3430 127 3487 lecto
150 3430 292 3497 decidens,
316 3430 361 3500 lad
395 3428 599 3485 contessionem
633 3441 716 3484 suam
741 3426 904 3498 pontilicem
958 3427 1017 3498 ipse
1028 3437 1091 3499 post
1104 3429 1223 3485 modurn
1236 3429 1343 3494 retulit,
1360 3429 1431 3485 duos
1446 3444 1550 3487 aureos
1566 3430 1701 3487 babebat.
1802 3464 1809 3473 ·
1882 3417 1885 3421 ’

56 3519 169 3587 invitat,
189 3525 217 3575 et
238 3518 273 3577 ad
293 3533 322 3574 se
337 3517 525 3574 visitandum.
541 3516 594 3583 Qui
611 3515 753 3572 voluntati
767 3514 831 3586 ejus
850 3514 903 3570 ob·
993 3515 1036 3571 ad
1058 3529 1143 3587 quem
1160 3516 1264 3571 iterum
1287 3515 1451 3573 liebertus:
1474 3539 1485 3566 ‹
1514 3517 1700 3574 Dilectissimo
1725 3518 1806 3587 mihi,

55 3614 228 3677 temperans,
255 3614 283 3663 et
306 3606 479 3663 mundatum
504 3605 614 3662 avitiis
630 3603 762 3669 absolvit,
782 3610 810 3659 et
824 3604 904 3674 pari·
957 3616 1023 3675 quae
1042 3602 1134 3674 gloria
1157 3608 1185 3659 et
1204 3616 1269 3673 quae
1290 3603 1406 3673 requies
1430 3604 1481 3660 tibi
1506 3612 1629 3673 maneat,
1655 3605 1678 3661 si
1704 3607 1805 3677 placet,

55 3703 98 3753 ter
132 3695 304 3752 benedicens
330 3694 462 3752 abcessit.
490 3694 549 3751 Nec
576 3694 667 3750 multo
702 3700 765 3766 post
787 3692 902 3763 pretiosi
957 3691 1097 3747 insinuat
1116 3690 1249 3762 Requies,
1265 3691 1370 3762 inquit,
1388 3699 1416 3748 et
1432 3691 1602 3762 gloriamea
1618 3701 1805 3765 magnaest:

54 3784 183 3855 corporis
200 3792 228 3841 et
249 3783 402 3855 sanguinis
425 3782 529 3839 Christi
556 3782 716 3839 munimine
743 3781 903 3840 roboratus.
956 3780 1028 3836 Nam
1056 3778 1197 3835 Dominus
1215 3792 1296 3834 mens
1322 3779 1395 3834 inter
1416 3780 1558 3850 apostolos
1585 3781 1715 3852 requiem
1735 3782 1806 3840 mibi

54 3872 148 3942 pridie
172 3873 315 3928 Kalendas
334 3870 464 3928 Octobris
487 3870 621 3940 spiritum
646 3871 703 3926 Deo
720 3868 852 3936 reddidit,
875 3875 904 3924 et
956 3867 1043 3935 dedit,
1057 3875 1085 3924 et
1113 3867 1208 3923 sedem
1242 3866 1443 3939 gloriosam.»
1479 3866 1516 3925 dt
1540 3868 1605 3924 ille:
1631 3890 1641 3918 ι
1667 3870 1702 3925 Et
1728 3870 1806 3941 quod

54 3960 189 4031 qualisin
204 3958 417 4031 vitareligione
432 3958 596 4029 perstiterit,
619 3958 685 4014 linis
705 3955 903 4013 sanctissimus
955 3964 998 4012 est
1022 3955 1172 4026 gaudium,
1200 3957 1265 4026 quis
1292 3963 1396 4012 cantus
1411 3963 1475 4012 ante
1501 3956 1666 4026 Dominum,
1689 3972 1759 4030 rogo
1782 3958 1807 4015 si

54 4048 84 4104 in
101 4048 295 4119 assumptione
310 4048 489 4104 monstrarit.
955 4042 1160 4115 potesedicasi
1185 4044 1320 4114 llagnum
1344 4051 1397 4111 est,
1420 4043 1524 4114 inquit,
1549 4043 1690 4116 gaudium
1711 4054 1739 4102 et
1759 4046 1807 4102 in-

955 4129 1220 4199 comprehensibile,
1245 4144 1298 4186 nec
1321 4130 1417 4187 verbis
1435 4131 1558 4200 narrari,
1575 4145 1627 4188 nec.
1650 4147 1737 4191 sensu
1756 4147 1806 4191 eo-

373 4189 488 4246 CAPUT
506 4189 582 4246 m·
915 4218 1044 4310 Dgitari
1072 4225 1170 4289 potest.
1196 4218 1304 4275 Tamen
1331 4218 1355 4274 si
1384 4231 1601 4290 pergamenum,
1629 4234 1752 4291 pennam
1778 4230 1807 4280 et

89 4316 162 4371 Eece
191 4314 292 4370 civitas
316 4313 409 4370 omnis
442 4326 559 4370 rumore
587 4311 761 4369 concutitur.
791 4310 901 4368 Diversi
958 4308 1123 4365 incaustum
1155 4305 1184 4363 in
1212 4307 1343 4377 proximo
1371 4306 1533 4376 habuisses,
1558 4315 1668 4365 eertum
1697 4310 1805 4366 tescri·

52 4402 288 4461 senusetaetatis
312 4416 382 4472 gens
406 4402 435 4458 in
460 4402 560 4459 lnnere
583 4400 762 4470 concitatur,
779 4407 807 4456 et
826 4401 902 4471 quod
957 4394 1049 4452 bendo
1064 4395 1094 4451 in
1115 4394 1214 4465 aliquo
1235 4393 1431 4451 reddidissem.
1459 4413 1472 4448 a
1494 4396 1530 4452 Et
1552 4397 1671 4467 adjecit:
1696 4417 1708 4446 ι
1737 4397 1805 4453 11010

52 4490 163 4549 viventi
183 4490 281 4546 minus
301 4491 449 4557 tribuerat,
471 4489 565 4546 luneri
584 4489 648 4560 ejus
674 4487 844 4559 obsequium
866 4488 903 4545 ah
956 4490 989 4539 ut
1004 4483 1139 4539 anselmo
1166 4482 1275 4538 Sancta
1305 4481 1402 4539 llario
1431 4483 1512 4539 Becci
1536 4483 1644 4550 abbati,
1669 4484 1803 4554 prudenti

51 4580 89 4636 iis
108 4578 297 4635 ministratur.
324 4578 408 4643 Tum,
432 4577 613 4648 precipiente
634 4577 773 4647 episeopo,
803 4576 903 4646 sepul·
955 4579 982 4627 et
1010 4570 1247 4627 reverendissimo
1288 4570 1359 4638 viro,
1400 4571 1479 4642 quod
1511 4571 1656 4627 modicum
1688 4570 1718 4627 in
1746 4571 1804 4628 Deo

54 4676 127 4726 turae
151 4666 230 4724 loeus
256 4668 330 4722 inter
354 4665 523 4736 apostolicos
548 4672 754 4735 praeparatur3
780 4671 808 4720 et
833 4662 903 4734 quia
955 4658 1162 4715 rnibiuontulit
1181 4658 1387 4728 auxiliamen
1407 4667 1489 4730 parte
1511 4666 1610 4715 nostra
1633 4658 1803 4730 denunties;

52 4755 237 4826 apostolicam
265 4755 354 4809 ritant
387 4753 500 4810 studuit
532 4751 649 4819 imitari,
680 4751 781 4808 merito
815 4752 904 4824 hujus
955 4747 1133 4804 estimabam
1156 4746 1262 4818 quippe
1286 4747 1363 4803 ineo
1382 4747 1571 4817 ergaanimae
1586 4748 1802 4816 meaesalutem,

52 4844 141 4914 apicis
155 4843 275 4914 adeptus
287 4849 329 4898 est
343 4841 522 4912 dignitatem.
956 4835 1040 4892 iidem
1064 4841 1092 4892 et
1114 4834 1294 4892 dilectionem
1324 4848 1382 4890 non
1405 4834 1588 4891 modicam.»
1629 4835 1679 4891 llis
1708 4834 1801 4900 dictis,

88 4933 195 4989 Praesnl
218 4939 313 4988 tamen
343 4944 401 4986 non
433 4929 535 4997 adluit,
568 4928 734 4985 inhrmitate
757 4927 900 4995 detentus,
955 4921 1119 4982 confortans
1133 4937 1199 4980 eum
1216 4923 1251 4979 ad
1271 4923 1439 4980 servitutem
1465 4931 1493 4980 et
1514 4924 1705 4982 obedientiam
1721 4924 1802 4981 salu-

51 5020 99 5076 sed
120 5020 228 5076 clerum
251 5032 365 5075 ornnem
393 5031 564 5084 convocans,
592 5015 688 5087 dirigit
712 5015 901 5086 illueepisco-
955 5020 1056 5079 tarem,
1072 5009 1227 5082 disparuit.

52 5122 114 5178 pos,
134 5108 262 5173 abbates,
302 5105 420 5161 clericos
454 5112 482 5159 et
514 5102 651 5160 moniales
671 5116 737 5158 eum
763 5104 851 5159 cereis
873 5110 901 5160 et
990 5101 1090 5158 Frater
1110 5115 1180 5158 vero
1199 5099 1277 5171 quod
1301 5099 1432 5156 audierat
1451 5098 1618 5166 beatoviro,
1639 5099 1803 5170 03001000-

50 5195 255 5254 luminaribus.
283 5193 326 5250 lta
347 5200 379 5249 ut
394 5191 513 5262 triginta
541 5191 673 5263 quinquo
700 5192 900 5262 congregatio·
953 5197 1068 5260 ceptum
1094 5196 1146 5256 est,
1174 5188 1330 5247 enarravit.
1356 5187 1408 5245 Cui
1438 5186 1528 5244 abbas
1547 5187 1732 5258 lacrymando
1755 5202 1802 5245 re-

51 5297 123 5341 num
146 5296 294 5349 numerus,
310 5295 377 5338 curn
400 5279 572 5351 populorum
596 5277 700 5359 turbis,
725 5277 821 5335 luneri
837 5277 901 5348 ejus
953 5277 1068 5348 spondit
1089 5277 1188 5334 dicens
1207 5294 1213 5332 :
1235 5275 1460 5342 «credamini,
1491 5275 1589 5343 irater,
1615 5275 1698 5332 erede
1720 5275 1801 5344 mibi,

49 5369 222 5441 obsequium
249 5369 454 5434 ministrarent,
478 5374 505 5423 et
527 5366 569 5423 sic
591 5380 658 5423 cum
678 5367 832 5422 missarum
851 5379 899 5423 so-
952 5379 1022 5424 rere
1036 5365 1133 5424 intulit
1148 5379 1250 5423 servus
1264 5365 1335 5435 Dei3
1358 5379 1426 5422 nam
1453 5365 1577 5435 peccatis
1600 5365 1801 5438 met'serigea-

51 5457 165 5515 lemniis
189 5462 217 5512 et
237 5456 401 5513 celebritate
424 5454 569 5526 precipua
589 5468 607 5510 a
631 5453 813 5525 principibus
840 5452 899 5511 llo-
953 5453 1041 5520 tibus,
1068 5452 1139 5511 iilud
1163 5451 1241 5524 quod
1260 5451 1393 5510 deberem
1426 5451 1544 5524 pigritia
1568 5450 1713 5509 detinente
1731 5461 1803 5525 post·
