3818 6008
109 223 162 277 735

556 221 584 274 v.
604 220 772 278 obtenuit
791 221 937 278 acuaris
955 220 982 278 S.
1004 221 1125 278 tinnire
1144 222 1189 279 bu
1209 221 1408 281 oovteuttto

1810 228 1860 282 736

110 364 292 415 mortuorum
315 355 472 428 congeries,
489 355 648 427 graminosi
662 356 770 426 pridem
794 357 872 413 ruris
883 370 955 413 exa·
974 358 1156 425 Acoemptas
1169 357 1399 429 circumquaque
1414 357 1512 430 lruges
1523 359 1560 416 ad
1582 359 1744 417 exercitum
1764 359 1861 431 inopia

110 454 205 517 sperat
219 460 340 517 aequom
355 444 450 500 inviso
471 444 581 514 ubique
596 451 672 499 terra
687 443 838 514 gentilium
854 458 956 500 cruore

111 548 238 605 respersa
263 533 407 603 nigrescit.
433 532 486 600 Qui
511 540 675 588 nostrorum
705 532 774 588 caedi
798 531 878 588 luere
906 547 955 588 su·

110 624 250 693 perstites,
265 620 354 676 vitam
379 619 434 675 sibi
450 633 602 690 gressuum
628 619 771 675 celeritate
794 620 955 688 lucrantur,

109 718 137 766 et
160 708 258 777 spoliis
279 695 412 778 propriis,
443 723 500 764 non
516 708 552 764 ad
579 709 684 764 borum
713 708 883 764 charitatem
908 708 957 764 sed

109 796 145 852 ob
174 796 219 851 sui
248 796 405 866 agilitatem
434 796 586 852 exonerari
597 796 751 864 ,letantem
783 799 813 852 ln
834 796 957 852 alterum

109 883 207 954 itaque
221 891 339 952 statum,
356 898 416 940 sese
429 884 518 940 animi
539 891 703 940 nostrorum
719 884 857 940 habitudo
876 898 957 940 com-

109 978 211 1039 mutat,
228 972 298 1028 dum
313 973 444 1028 metusin
460 972 622 1041 audaciam,
639 986 737 1043 pugna
749 974 777 1028 in
794 972 955 1040 victoriam,

109 1073 215 1116 moeror
228 1061 257 1115 in
270 1059 409 1127 laetitiam,
425 1061 514 1116 tames
535 1061 564 1115 in
583 1061 761 1130 opulentiam
780 1061 955 1130 suscitatur;

109 1146 207 1203 nudus
237 1147 375 1213 induviis,
399 1148 483 1218 pedes
507 1148 657 1213 vehiculis,
683 1162 793 1218 pauper
817 1148 955 1218 pecuniis,

108 1242 210 1291 erutus
224 1235 335 1306 gratiis,
353 1237 445 1291 victor
460 1235 593 1305 tripudiis
606 1235 772 1306 ampliatur.

145 1321 202 1395 [V.]
239 1323 355 1380 interim
379 1323 450 1379 dum
485 1323 539 1379 ista
565 1332 718 1394 geruntur,
755 1325 871 1389 Turcos,
906 1323 957 1394 qui

108 1408 269 1468 Antiochia
293 1417 444 1480 preerant,
468 1411 676 1480 [boemundum
700 1425 765 1467 cum
790 1410 957 1468 Flandrensi

108 1498 212 1554 comite
227 1497 367 1553 obsidioni
383 1498 478 1554 deesse
502 1513 559 1555 non
583 1499 676 1556 latuit.
700 1501 793 1555 Tanta
813 1515 882 1572 ergo
909 1509 954 1557 tu·

109 1584 195 1641 tiores
217 1585 357 1654 absentia,
387 1587 492 1656 sapius
522 1586 558 1642 ad
579 1586 652 1643 bella
684 1587 820 1644 lacessere
845 1596 957 1644 nostros

107 1671 227 1728 exibant
254 1672 382 1742 sollicite,
409 1687 474 1744 quae
499 1688 566 1744 pars
589 1674 781 1731 obsidentium
804 1675 957 1732 baberetur

108 1758 260 1829 lnilrmior,
291 1770 480 1832 aucupantes.
509 1763 636 1819 'laudem
661 1772 759 1833 aptum
783 1763 868 1827 diem,
889 1778 956 1820 cnm

107 1856 180 1904 esset
195 1850 280 1905 tertia
298 1849 431 1919 quadani
448 1850 528 1919 icria,
544 1865 604 1907 suae
626 1850 790 1907 fortitudini
806 1849 956 1907 exerenda

107 1933 246 2004 ridentes,
262 1937 358 1993 subito
374 1938 470 1994 minus
485 1938 611 2008 providis
634 1938 787 2010 ingruunt,
808 1948 836 1994 et
849 1953 886 1994 ex
904 1952 956 2009 po-

106 2023 214 2081 ditibus
237 2024 436 2097 militibusque
461 2026 700 2097 quamplurimos,
725 2027 795 2083 dum
816 2027 888 2083 nibil
903 2042 956 2084 vc-

107 2119 219 2181 rcntur,
257 2114 401 2171 occidunt.
435 2115 606 2186 llagnillcus
653 2130 772 2186 quoque
811 2116 956 2173 Podicnsis

107 2201 258 2272 episcopus
279 2216 339 2258 suae
361 2202 449 2259 curia
473 2203 620 2274 majorem,
650 2204 842 2275 eumdemque
863 2204 955 2276 signi·

107 2289 308 2357 lerumsuum,
325 2291 398 2347 inter
419 2293 531 2363 eosqui
547 2291 772 2363 perimebantur,
793 2293 896 2349 amisit.
922 2292 956 2349 lit

107 2377 164 2434 nisi
183 2378 312 2435 fluminis
324 2379 435 2448 alveus,
452 2381 537 2451 cujus
564 2380 703 2450 crepidini
731 2388 826 2437 castra
855 2395 955 2438 conse-

106 2466 217 2535 derant,
244 2467 416 2538 interjacens
444 2467 607 2535 obstitisset,
637 2475 801 2525 nostrorum
827 2470 955 2527 interne-

106 2555 149 2612 cio
177 2570 236 2612 non
266 2570 356 2626 parva
382 2564 411 2612 et
439 2570 528 2626 quam
555 2555 659 2613 crebra
682 2556 791 2613 luisset.
822 2557 956 2614 Adliaec

106 2644 258 2714 egregium
280 2644 481 2700 boemundum
505 2644 619 2716 regredi
644 2645 812 2716 contigerat,
838 2646 956 2717 direptis

106 2729 328 2788 Sarracenorum
343 2731 508 2802 provinciis,
523 2741 551 2789 et
564 2745 598 2789 ea
612 2734 643 2788 in
661 2733 769 2804 quibus
790 2735 955 2791 Taucredus

106 2818 274 2874 morabatur
287 2826 423 2875 montana
451 2820 585 2888 revisere,
609 2821 679 2877 dum
707 2821 829 2879 aestimat
844 2823 955 2893 aliquid

107 2907 186 2977 qsod
206 2907 351 2977 prodesset
377 2907 574 2965 obsessoribus
589 2909 713 2965 civitatis
741 2924 771 2965 se
797 2924 878 2980 posse
895 2911 952 2967 ibi·
973 2922 994 2978 c

106 2993 170 3050 dem
188 2994 321 3064 reperire.
337 2995 410 3052 Cum
424 2997 502 3052 enim
517 2997 659 3068 quidquid
676 3012 734 3068 prae
747 2998 839 3054 oculis
851 2998 955 3055 habuc

107 3091 173 3139 rant
202 3083 313 3154 quique
341 3091 506 3140 nostrorum
536 3084 732 3156 diripuissent,
753 3086 836 3143 multi
858 3094 954 3143 tamen

106 3171 192 3229 exeis
206 3171 278 3227 nibil
297 3171 441 3241 invenere,
465 3173 611 3243 vacuique
627 3174 746 3242 rediere,
763 3187 863 3231 eorum
879 3173 955 3230 scili·

106 3267 150 3316 cet
161 3273 227 3330 quas
239 3259 328 3316 victui
344 3261 504 3317 necessaria
515 3261 617 3317 locent.

141 3350 175 3403 llt
190 3360 335 3417 nusquam
350 3362 454 3418 expers
469 3347 580 3406 consilii
600 3349 795 3417 boemundus,
820 3349 890 3406 dum
907 3364 955 3408 eos

106 3433 201 3505 inepte
215 3435 350 3492 oberrare
363 3437 549 3507 conspiceret,
575 3438 716 3506 adoritur,
742 3438 861 3495 dicens:
887 3459 900 3488 ι
926 3439 955 3495 si

105 3524 255 3582 commoda
284 3523 351 3581 vitas
378 3531 479 3581 vestra
504 3525 675 3595 disquiritis,
704 3527 727 3582 si
757 3528 862 3583 vestris
890 3527 952 3596 rite,

105 3620 192 3683 prout
207 3620 291 3685 urget
307 3613 411 3682 inedia,
439 3614 609 3685 corporibus
634 3615 799 3685 providetis,
814 3616 853 3672 ita
868 3617 953 3688 agite,

105 3710 260 3774 quatenus,
276 3700 347 3758 dum
362 3704 457 3758 victus
468 3703 620 3773 quaeritur,
636 3703 744 3760 victum
761 3705 955 3774 quarentium

105 3789 284 3848 nullomodo
299 3790 359 3847 rita
374 3797 503 3847 necetur.
519 3790 644 3847 Desinite
664 3791 826 3849 discurrere
843 3800 954 3848 monta-

106 3891 210 3934 norum
225 3893 276 3949 per
288 3878 365 3946 avia,
380 3893 447 3935 eum
462 3879 559 3936 sciatis
576 3880 671 3935 hostes
687 3888 795 3936 vestros
809 3881 955 3953 incognita

104 3965 185 4022 vobis
207 3965 392 4022 horridarum
407 3966 598 4024 solitudinum
623 3968 719 4025 lovere
736 3968 866 4025 latibula.
882 3969 953 4025 iun-

105 4060 169 4110 ctus
182 4055 289 4124 pariter
302 4055 386 4125 (alter
398 4055 475 4111 enim
494 4071 531 4113 ex
557 4057 646 4113 altero
669 4057 700 4113 lit
726 4057 835 4128 tortior)
855 4072 952 4128 proce·

106 4141 155 4198 dat
169 4143 323 4212 exercitus,
340 4151 373 4199 ut
395 4144 419 4200 si
442 4144 513 4214 parti
542 4145 666 4203 intentur
688 4145 834 4214 violentia,
865 4147 954 4217 partis

106 4229 227 4287 alterius
242 4230 336 4288 valeat
350 4233 475 4302 experiri
487 4233 629 4303 presidio.
652 4233 795 4302 Sicenim,
815 4235 838 4290 si
856 4235 918 4292 ovis
936 4250 953 4292 a
971 4217 994 4274 Β

104 4331 196 4374 manu
226 4319 270 4375 vel
299 4321 448 4390 prasentia
478 4321 599 4390 pastoris
619 4330 743 4390 exerrat,
764 4321 884 4380 rictibus
896 4323 952 4394 ldi-

106 4406 256 4478 gnoscitur
269 4415 367 4477 patero
381 4408 508 4479 lupinis;
525 4409 565 4465 sic
575 4409 655 4465 miles
668 4410 714 4466 sia
725 4410 954 4468 commilitonum

105 4495 292 4552 contubernio
331 4495 478 4567 solivagus
513 4503 606 4565 exeat,
644 4496 821 4568 quibuslibet
853 4498 953 4569 procul

104 4582 195 4639 dubio
215 4582 373 4639 ludibrium
398 4583 583 4652 praedonibus
607 4594 711 4641 exstat.
736 4586 832 4643 Satius
856 4589 954 4658 itaquo

104 4671 186 4727 vobis
215 4670 251 4726 sit
275 4671 353 4741 apud
378 4685 430 4727 vos
450 4679 478 4728 et
504 4687 570 4728 cum
595 4674 708 4742 vestris,
726 4673 770 4731 vel
789 4675 866 4731 terrm
891 4675 954 4733 cibo

106 4757 194 4828 pasci,
215 4772 304 4828 quam
332 4759 525 4816 inextricabili
550 4761 710 4831 captivitati
736 4763 867 4821 addictos
888 4763 955 4821 lau-

105 4847 170 4903 tiori
183 4847 279 4903 edulio
295 4847 380 4903 vesci.
399 4848 500 4918 ltaque
518 4863 578 4905 una
594 4849 645 4914 ire,
668 4853 834 4922 pariterque
850 4852 953 4916 redire,

107 4935 229 4993 ooetibus
250 4935 395 5005 delectari,
420 4937 626 5009 presumptive
641 4938 680 4995 nil
701 4953 796 5012 agere,
812 4953 956 5009 quorum-

107 5038 165 5096 que
181 5030 222 5079 est
236 5037 360 5081 censura
381 5024 542 5093 bonorum3
558 5026 646 5083 libere
654 5027 772 5098 evagari
791 5027 886 5097 perire
904 5041 957 5084 ro-

106 5110 239 5168 lentium.
263 5134 277 5161 »
301 5112 390 5182 Dixit,
417 5120 445 5169 et
470 5114 506 5170 ad
534 5115 624 5171 socios
648 5115 797 5185 repedans,
821 5115 852 5171 in
872 5114 952 5172 nullo

107 5199 266 5256 obsessores
282 5201 377 5257 reditu
387 5215 440 5257 suo
455 5203 650 5273 opulentiores
663 5202 795 5260 reddidit.

145 5286 252 5343 Verum
267 5289 471 5344 Armeniorum
495 5289 700 5361 Syriorumque
716 5290 866 5360 calliditas,
888 5306 955 5349 cum

1011 443 1189 502 laborantem
1209 445 1361 515 deterunt3
1380 453 1408 502 et
1432 445 1503 503 adeo
1522 447 1711 504 immoderata
1735 447 1862 505 charitu-

1010 532 1077 589 dine
1101 534 1242 601 vondunt,
1267 543 1299 590 ut
1322 534 1396 591 asini
1412 534 1500 591 unius
1522 549 1559 590 cx
1578 533 1726 592 irumento
1747 535 1863 593 sarcina

1010 627 1072 676 octo
1091 634 1191 678 eorum
1215 623 1419 692 Bysanteorum
1442 623 1533 692 pretio
1552 623 1773 687 distraheretur,
1790 638 1863 694 quos

1012 706 1117 762 ibidem
1146 715 1321 777 purpuratos
1346 707 1481 772 vocitant,
1519 709 1569 779 qui
1608 717 1724 766 centum
1758 710 1863 781 viginti

1012 808 1199 851 nummorum
1214 795 1312 851 solidis
1328 796 1558 852 estimabantur.
1575 797 1615 852 lbi
1631 797 1745 867 pensari
1758 805 1861 868 potest,
1903 812 1906 841 τ

1011 896 1100 954 quam
1113 882 1255 939 borrendo
1271 883 1354 939 lamis
1368 885 1547 940 succubuere
1564 884 1736 951 discrimini,
1752 880 1863 956 quibus
1903 920 1906 925 -

1011 970 1072 1027 ulla
1096 970 1296 1041 suppeditabat
1325 971 1446 1028 iacultas
1467 973 1561 1043 pretii.
1587 973 1620 1028 Et
1645 972 1695 1029 ubi
1718 972 1864 1044 principes

1011 1068 1201 1129 coangustare
1215 1058 1274 1129 iam
1299 1066 1422 1129 coeperat
1446 1061 1576 1130 pecunia
1597 1059 1764 1129 dillicultas,
1790 1059 1863 1132 quid

1011 1156 1108 1219 ageret
1132 1146 1188 1215 ille,
1215 1162 1312 1218 quem,
1339 1148 1475 1205 ommibus
1494 1149 1612 1220 quidem
1634 1149 1792 1219 opulentis,
1803 1151 1862 1222 lam

1010 1243 1141 1292 extrema
1155 1234 1302 1304 premebat
1316 1235 1451 1305 egestas?

1047 1319 1113 1394 [Vl]
1129 1322 1263 1377 Torserat
1277 1321 1397 1392 grandis
1412 1321 1560 1377 cruciatus
1577 1320 1650 1390 illos,

1047 1409 1148 1467 Victus
1159 1410 1288 1465 arctabat
1302 1409 1397 1465 tenuis
1415 1422 1575 1479 supremos,

1047 1497 1167 1555 Viribus
1182 1498 1252 1553 lusis
1268 1497 1362 1553 rabies
1376 1497 1460 1553 iamei

1173 1586 1305 1642 Reddidit
1321 1585 1402 1641 imos.

1046 1672 1139 1743 eopia
1156 1687 1264 1744 panum
1279 1671 1395 1729 lucrant
1411 1679 1527 1730 remotas

1045 1762 1107 1817 Non
1127 1762 1215 1818 boum
1226 1774 1337 1828 carnes,
1353 1775 1406 1818 uec
1416 1767 1499 1817 erant
1510 1760 1625 1817 suillae:

1047 1850 1179 1908 Vulserat
1192 1850 1298 1921 passim
1316 1863 1421 1906 manus
1435 1848 1618 1920 indigentum

1170 1939 1307 1995 Gramina
1323 1951 1457 2008 quaeque.

1044 2025 1192 2098 Quidquid
1207 2040 1339 2083 escarum
1358 2032 1468 2095 poterat
1483 2024 1574 2081 luisse

1045 2114 1175 2185 Suppetit
1191 2115 1305 2171 tandem
1319 2115 1443 2184 reperire
1458 2111 1541 2170 nulli.

1044 2201 1194 2259 solverant
1208 2210 1298 2269 artus,
1315 2201 1441 2257 tulerant
1455 2207 1482 2256 et
1492 2213 1598 2256 ausum

1168 2290 1288 2346 Pectora
1302 2288 1372 2344 laxi.

1044 2378 1287 2450 Tenditurjdirum
1303 2378 1379 2434 cutis
1395 2378 1425 2434 in
1440 2384 1583 2434 tumorem

1043 2468 1097 2532 oui
1112 2467 1168 2524 cibi
1184 2467 1299 2523 nullum
1312 2474 1429 2523 tenuere
1442 2478 1560 2521 morem.

1045 2558 1118 2613 Esca
1132 2555 1244 2624 deiecit,
1261 2556 1345 2626 periit
1360 2553 1503 2611 facultas:

1169 2646 1243 2700 liant
1253 2658 1287 2699 ea
1300 2652 1429 2700 mortem.

1045 2730 1133 2787 Solvit
1147 2731 1254 2786 occisos
1264 2730 1360 2786 brevis
1375 2742 1468 2800 angor
1481 2741 1590 2796 omnes,

1043 2820 1080 2875 nt
1095 2818 1274 2889 lame2tactos
1287 2818 1398 2889 agitant
1411 2817 1541 2874 dolores:

1045 2907 1125 2964 Unde
1138 2913 1288 2978 protractae
1301 2906 1420 2962 meliora
1435 2911 1548 2977 gestant

1168 2995 1289 3051 Praemia
1305 3003 1420 3050 mortes.

1043 3084 1101 3141 llos
1116 3084 1190 3141 iovet
1207 3084 1291 3154 plane
1301 3084 1383 3139 cibus
1395 3083 1576 3154 angelorum,

1042 3173 1154 3245 Optimo
1170 3173 1297 3244 gaudent
1310 3170 1410 3228 bravio
1426 3171 1569 3236 laborum,

1042 3259 1104 3328 Quo
1120 3261 1212 3333 magis
1224 3261 1337 3331 pondus
1352 3260 1484 3316 tolerasse
1494 3265 1606 3316 constat

1167 3349 1390 3421 suppliciorum.

1042 3437 1142 3495 ceteri
1156 3445 1298 3510 pugnant,
1315 3436 1469 3507 variosque
1483 3449 1568 3492 casus

1009 3529 1084 3580 8⁰9
1104 3526 1190 3582 Ferre
1211 3531 1385 3592 concertant,
1400 3523 1540 3596 gravibus
1551 3523 1679 3580 oecunda

1043 3614 1107 3671 Ulla
1120 3613 1171 3671 vix
1186 3620 1332 3684 praestant,
1349 3612 1467 3669 meliora
1481 3611 1553 3668 laetis

1166 3701 1270 3758 Tristia
1285 3707 1410 3758 censent.

1041 3791 1104 3847 iam
1114 3805 1215 3847 cruces
1226 3790 1371 3861 Cbristqm
1388 3789 1517 3862 geminas
1532 3787 1648 3845 terendo

1043 3880 1179 3950 Prosequi
1193 3888 1306 3948 curant,
1323 3878 1434 3949 potiora
1447 3877 1537 3948 jussis

1042 3968 1168 4040 Aggredi
1184 3968 1312 4039 gaudent
1328 3967 1436 4038 quibus
1446 3973 1547 4023 auctor
1559 3979 1647 4021 uuam

1165 4055 1287 4112 iusserit
1303 4054 1400 4110 isdem.

1044 4144 1119 4202 Huic
1131 4144 1221 4200 iarnes
1234 4152 1317 4200 atrox
1333 4157 1382 4199 cor
1395 4146 1481 4198 inane
1495 4141 1597 4210 carpit,

1043 4232 1148 4290 Aridus
1160 4233 1270 4288 dudum
1284 4231 1449 4288 stomachus
1465 4230 1579 4287 latiscit.

1044 4321 1194 4380 Viscorum
1208 4328 1328 4392 strages,
1343 4318 1453 4376 cerebri
1468 4319 1569 4375 ruinas

1168 4409 1264 4465 Passio
1278 4409 1353 4465 iecit.

1041 4501 1121 4554 lntus
1138 4497 1198 4553 baee
1208 4499 1288 4554 tabes
1301 4498 1431 4553 animum
1442 4496 1553 4568 fatigat,

1043 4588 1261 4645 ludebcllorum
1274 4587 1373 4644 ieritas
1389 4585 1527 4655 molestat,

1044 4676 1077 4730 Et
1091 4673 1150 4731 dies
1162 4682 1189 4730 et
1205 4687 1263 4729 nox
1275 4673 1314 4730 ibi
1331 4673 1414 4742 plena
1428 4672 1507 4729 curis

1168 4761 1301 4819 Caedibus
1314 4761 1410 4817 instat.

1045 4847 1127 4905 Acris
1141 4855 1235 4904 exstat
1251 4861 1341 4915 mens,
1357 4854 1517 4917 tenuesque
1531 4845 1617 4914 vires,

1043 4939 1139 5010 AEgra
1154 4936 1202 4993 sed
1217 4936 1320 4993 mentis
1330 4943 1466 5006 reparant
1481 4935 1596 5006 vigores

1045 5027 1137 5097 inque
1151 5024 1314 5082 tundendos
1328 5023 1482 5081 minimum
1497 5030 1636 5079 verentur

1168 5113 1212 5170 lre
1225 5127 1351 5170 cruores.

1343 5200 1459 5258 CAPUT
1477 5199 1526 5257 tv.

1049 5288 1130 5364 [vlt]
1145 5287 1330 5355 Guillelmus,
1341 5286 1390 5360 qui
1403 5303 1434 5342 ee
1447 5285 1575 5341 inaniter
1582 5286 1773 5359 predicabat,
1783 5289 1857 5345 cium

106 5374 217 5431 videret
234 5374 261 5429 in
283 5377 413 5432 exercitu
436 5377 588 5434 extenuari
602 5378 720 5446 cibaria,
748 5379 893 5437 exinaniri
906 5395 957 5439 ve-
1010 5378 1133 5451 aufugit.
1149 5407 1185 5419 -
1199 5376 1370 5433 Guillelmus
1384 5376 1493 5432 interea
1507 5376 1638 5447 quidam,
1659 5378 1711 5448 qui
1733 5377 1857 5448 Carpen-

107 5461 196 5528 nalia‚
211 5476 262 5531 per
278 5464 415 5533 qualibet
439 5464 492 5521 sibi
507 5467 623 5537 cognita
636 5466 857 5524 obambulantes
883 5468 955 5540 loca,

1010 5469 1111 5536 tarius,
1127 5481 1185 5523 non
1199 5467 1270 5536 quia
1294 5464 1375 5522 laber
1394 5463 1537 5535 lignarius
1562 5470 1646 5530 essct,
1661 5464 1713 5520 scd
1735 5465 1808 5538 quia
1830 5465 1858 5519 in
