3818 6008
75 195 128 252 'lta
362 249 366 256 ,
519 196 548 250 t.
569 193 736 253 edisseri
755 172 902 250 nunnus
920 194 949 249 S.
970 190 1092 249 11111111]
1112 192 1157 248 DE
1176 192 1373 251 Novlcltrtdo
1712 258 1715 264 ³
1773 191 1826 245 118

114 326 248 401 [xxvii]
266 326 410 384 1110110
428 324 526 382 andito
541 324 638 382 lratris
653 324 809 380 Boemundi
825 325 917 380 Fran·
938 328 962 382 Δ
977 330 1005 379 01
1017 322 1089 380 alias
1104 325 1135 380 10
1150 324 1191 380 eis
1205 323 1359 381 anxietatis
1380 330 1409 380 et
1430 323 1500 380 dirae
1515 321 1713 394 querimoniae
1731 335 1826 379 voces.

78 430 237 486 corumque
251 414 424 481 discrimine,
444 420 501 469 tam
525 413 583 483 ipse
606 427 694 483 quarn
715 412 871 468 familiares
891 426 924 468 ac
978 410 1171 468 ferocissimus
1192 411 1275 468 dolor
1288 419 1467 482 expresserat
1480 413 1510 466 in
1524 418 1648 478 tantum,
1671 410 1750 468 utin
1772 417 1829 467 1010

79 505 230 562 necessarii
253 503 317 573 ejus
338 501 594 558 vehementissimis
612 502 769 572 ejulatibus
798 501 925 572 complo-
978 514 1063 570 quem
1079 508 1223 570 tyrannus
1250 500 1297 556 ille
1321 500 1458 556 ductabat
1480 499 1619 566 exercitu,
1654 498 1728 555 nulli
1758 512 1829 569 pene

24 657 26 660 ,
80 602 184 660 rantes,
209 593 293 648 etiam
327 591 466 646 adversus
493 591 586 660 ipsum
613 590 777 656 Dominum,
808 598 925 660 sumpta
977 587 1187 657 episcoporum,
1214 589 1363 653 abbatum,
1394 589 1575 654 clericorum,
1599 587 1751 653 laicorum,
1781 586 1830 641 ni-

76 681 136 748 jam
153 679 262 745 merito,
280 678 776 749 ntputabantjnrgandlaudacia,
794 691 925 748 conque·
979 674 1092 730 mlelate
1126 677 1252 744 stuporis
1284 676 1422 745 absorpti,
1453 675 1594 731 auderent
1626 688 1678 744 per
1713 674 1831 744 aliquos

78 767 226 831 rebantur,
255 766 381 822 dicentes
396 781 402 819 :
420 786 434 813 o
457 765 534 821 Deus
560 765 749 835 omnipotens,
779 766 924 836 indicium
979 763 1070 818 heum
1084 764 1218 820 invocaro
1237 764 1306 820 dies.
1332 764 1425 820 Guido
1444 772 1540 819 aulem
1557 763 1654 819 lratris
1680 763 1829 819 unanimi·

77 854 162 924 cujus
184 859 260 909 410
281 867 298 909 a
320 861 397 910 recto
419 866 571 923 nunquam
588 853 742 919 exorbitat,
767 854 818 923 qui
836 867 924 922 super
978 856 1077 918 tatem,
1096 853 1231 922 'tantique
1259 852 1378 921 principi
1409 851 1678 922 magnanimitatem
1702 850 1741 906 ad
1770 864 1829 906 ute

77 949 180 998 sortem
208 942 352 1011 justorum
381 940 461 996 nullo
490 940 573 996 modo
604 949 785 1010 peccatorum
812 949 924 1012 sceptra
978 939 1099 996 moriam
1127 939 1278 1005 reducens,
1307 939 1452 1009 replicatis
1486 938 1687 995 miserabiliter
1713 939 1831 1009 optimis

77 1029 227 1099 relinquis,
244 1042 297 1085 cnr
311 1027 463 1099 populum,
478 1028 528 1097 qui
542 1036 683 1098 parentes,
704 1042 819 1094 uxores,
839 1029 921 1097 illios,
976 1026 1031 1082 viri
1047 1027 1247 1096 qualitatibus,
1265 1041 1418 1085 moerorem
1440 1027 1575 1083 intimum
1586 1027 1685 1084 multis
1700 1026 1830 1083 ululati-

77 1118 199 1174 honores
226 1117 356 1184 eximios,
386 1117 479 1172 solnm
507 1116 640 1172 naturale
670 1117 836 1188 reliquerat,
867 1118 923 1174 imo
978 1114 1226 1185 buspersnnabat.

77 1216 128 1272 pro
141 1204 184 1261 tui
198 1203 338 1260 desiderio
352 1217 412 1259 sese
425 1202 602 1273 quotidianis
624 1203 761 1259 crucibus
780 1203 924 1274 mortique
1014 1204 1155 1261 Praeterea
1170 1206 1199 1260 in
1213 1205 1307 1260 reditu
1327 1205 1438 1275 positus
1460 1204 1625 1273 imperator,
1643 1203 1726 1271 dunt,
1743 1210 1831 1274 rupto

76 1291 242 1359 tradiderat,
261 1291 452 1347 uelandorum
470 1290 620 1345 hominurn
636 1289 739 1362 gladiis
751 1290 922 1358 leriendum,
979 1292 1154 1348 Francorum
1173 1292 1333 1359 obstaculo,
1357 1292 1465 1348 'lurcos
1484 1291 1602 1348 liberius
1620 1292 1730 1360 passim
1750 1291 1831 1348 ober-

76 1379 186 1450 absque
213 1379 342 1436 subsidio
367 1387 423 1436 100
453 1378 635 1447 protectionis
659 1379 820 1450 obJeceris?
836 1379 924 1435 Plane
977 1388 1093 1436 raturos
1100 1380 1161 1450 jam
1168 1381 1288 1450 jamque
1309 1379 1452 1445 lormidat,
1467 1379 1513 1434 bis
1527 1378 1578 1449 qui
1596 1379 1650 1434 sibi
1664 1379 1831 1437 militabant

76 1466 99 1522 si
120 1479 222 1523 verum
242 1467 302 1524 lore
325 1466 484 1523 constiterit
502 1473 535 1521 ut
559 1466 597 1521 ita
622 1480 668 1522 eos
685 1466 786 1523 siveris
798 1466 925 1537 profanis
978 1467 1293 1538 hominibusimperat:
1310 1488 1324 1516 «
1342 1467 1511 1538 lte,·inquit,
1531 1471 1559 1523 et
1574 1467 1717 1537 imperiali
1737 1467 1830 1524 edicto

75 1554 210 1611 manibus
231 1554 431 1612 internecionis
455 1553 544 1610 exitio
568 1553 653 1619 tradi,
678 1567 763 1624 quent
789 1554 922 1624 deinceps
977 1556 1065 1614 totius
1079 1556 1204 1628 regionis
1220 1556 1308 1627 hujtts
1323 1556 1453 1611 homines
1470 1555 1571 1626 cogite,
1592 1554 1734 1612 universa
1758 1555 1830 1612 Bnl-

75 1641 199 1711 reperies
209 1642 275 1698 ‘tuis
295 1641 438 1698 mandatis
460 1642 655 1712 obtemporare
677 1643 829 1711 volentem,
854 1658 921 1700 cum
941 1616 1065 1715 Bgarire
1082 1643 1145 1701 loca
1158 1652 1279 1710 vastate,
1296 1651 1328 1701 ut
1352 1658 1419 1700 cum
1433 1643 1521 1699 ’10101
1535 1641 1700 1712 provincias
1714 1650 1830 1700 nostras

76 1737 104 1787 te
124 1729 161 1786 ad
187 1737 251 1787 tuos
274 1729 486 1786 delendendnm
512 1730 641 1787 universi
669 1731 771 1787 amodo
790 1730 922 1802 iudicare
975 1731 1176 1802 depopulaturi
1201 1733 1401 1800 discurrerint,
1429 1731 1501 1787 nihil
1517 1730 1554 1787 ad
1568 1744 1656 1787 nsum
1680 1731 1829 1801 pertinens

75 1818 198 1875 debeant
222 1818 433 1888 impotentem?
454 1818 507 1875 Sed
528 1826 597 1874 esto.
621 1818 675 1875 Pro
696 1826 722 1874 te
749 1818 838 1874 occidi
866 1831 922 1875 vo·
975 1819 1038 1876 istic
1066 1820 1181 1876 valeant
1205 1821 1339 1891 reperire.
1364 1842 1378 1869 1
1407 1818 1516 1875 vellent
1545 1819 1644 1890 itaque
1669 1818 1793 1887 nollent,
1811 1818 1829 1875 ii

76 1907 173 1974 lucris,
194 1906 286 1978 gloria
303 1913 331 1962 et
352 1906 460 1963 bonore
480 1920 528 1962 eos
550 1906 742 1963 coronaveris.
766 1905 847 1963 Certe
869 1906 923 1963 etsi
975 1910 1025 1980 qui
1042 1909 1145 1965 nostris
1164 1923 1338 1965 concurrere
1365 1907 1548 1975 festinabant,
1578 1906 1736 1964 Christiani
1755 1908 1830 1965 vide

76 1994 133 2051 illis
156 2007 246 2064 regna
266 1993 458 2064 centuplicata
476 1993 642 2062 contuleris,
666 1994 731 2051 11101
747 2002 842 2050 tamen
867 2001 923 2051 luae
975 1997 1049 2064 11001,
1067 1997 1171 2054 reverti
1193 2011 1259 2054 cnm
1285 1997 1457 2067 imperatore
1476 2004 1632 2067 coguntur.
1660 1996 1698 2052 Et
1727 1997 1829 2053 milites

75 2082 230 2149 hominem,
256 2088 284 2138 et
306 2082 409 2152 capitis
429 2082 650 2139 commotionem
677 2081 924 2153 opprobriumque
976 2086 1094 2158 quidem
1126 2094 1301 2157 prereptum
1331 2086 1524 2156 properabant
1546 2082 1665 2154 implere
1693 2085 1828 2155 tyranni-

74 2171 279 2240 semplternnm
295 2170 324 2226 in
336 2170 471 2240 gentibus
495 2170 604 2226 leceris.
635 2171 809 2228 Universum
835 2170 923 2228 Chri·
976 2173 1179 2244 compeditos
1201 2188 1251 2244 per
1269 2175 1420 2244 angariam
1438 2172 1638 2241 sequebantur
1656 2173 1827 2243 exercitum,

74 2258 161 2315 stiani
188 2259 311 2314 nominis
343 2259 441 2314 orbem
479 2266 615 2314 extremae
651 2257 857 2327 desperationis
883 2256 923 2328 lac
975 2269 1003 2318 et
1021 2263 1093 2318 dum
1115 2262 1286 2319 celeritatem
1303 2261 1434 2331 equiturn
1455 2260 1569 2331 assequi
1583 2258 1732 2328 01001001,
1750 2262 1826 2318 inex-

75 2346 284 2405 incredulitatis
325 2347 414 2404 101000
448 2347 601 2414 intrusisti,
640 2345 824 2416 nequissimis
856 2358 924 2402 vero
975 2349 1098 2406 tricabili
1121 2365 1182 2406 sesa
1211 2350 1387 2406 intirmltatis
1410 2349 1613 2419 impedimento
1633 2348 1825 2419 precipiunt

74 2435 224 2493 hominum
242 2435 468 2508 irrelragabilem
485 2442 587 2490 contre
604 2441 669 2490 tuos
689 2433 843 2490 audaciam
859 2448 922 2504 per·
976 2438 1083 2494 Passim
1105 2452 1175 2508 ergo
1197 2439 1269 2494 tanti
1299 2438 1479 2507 impatientes
1500 2437 1606 2493 laboris
1625 2436 1778 2505 deliciunt,
1800 2446 1827 2495 et

73 2531 160 2594 petuo
179 2524 335 2581 contulisti.
360 2525 424 2581 Non
440 2523 495 2579 erit
509 2522 634 2592 denique
648 2522 769 2578 ulterius
782 2523 853 2592 jam,
871 2523 922 2593 qui
975 2526 1193 2583 intereundum
1211 2525 1356 2582 innumeri
1378 2538 1479 2580 eorum
1503 2523 1700 2595 languoribus
1723 2537 1826 2595 appre-

74 2626 214 2685 magnnm
227 2612 298 2683 quid
315 2612 349 2669 de
364 2617 570 2682 tepraesnmat,
587 2623 654 2666 curn
671 2624 728 2676 eos,
745 2610 796 2682 qui
810 2610 921 2666 eunctis
975 2613 1056 2670 hensi
1070 2613 1257 2670 occumbunt.
1275 2614 1305 2669 ln
1331 2613 1431 2670 urbem
1449 2612 1575 2681 denique
1588 2603 1827 2682 Constantinopo

74 2700 243 2758 mortalibus
269 2699 423 2771 specialius
448 2698 498 2755 tibi
528 2697 648 2769 obsequi
677 2698 828 2769 putabant,
863 2706 921 2754 tam
974 2703 1092 2759 litanam
1116 2702 1271 2771 repedante
1292 2708 1425 2770 tyranno,
1451 2700 1561 2771 quique
1577 2712 1628 2770 per
1645 2699 1827 2767 Graeciasin

73 2788 192 2861 indigno
217 2789 320 2845 subrui
345 2787 402 2844 llne
419 2788 584 2857 conspiciat.
607 2786 657 2842 liic
678 2799 757 2858 crgo,
785 2787 918 2856 piissime,
974 2805 1028 2846 sna
1043 2790 1119 2847 unde
1137 2799 1287 2856 venerant,
1313 2796 1488 2846 remearunt.
1512 2788 1565 2844 llic
1579 2787 1680 2858 itaque
1705 2789 1775 2846 huic
1797 2787 1827 2844 li·

73 2890 132 2948 qua
147 2885 174 2934 te
186 2877 321 2947 deinceps
333 2877 373 2932 tui
386 2875 479 2931 lronte
487 2874 632 2931 vocabunt
643 2874 707 2945 [ol.,
720 2874 918 2946 invocabuntl,
939 2906 959 2963 c
975 2879 1048 2936 bello
1064 2878 1129 2935 finis
1141 2879 1266 2935 accedat.

73 2979 140 3022 eum
162 2964 205 3021 101
225 2963 293 3021 tales
316 2972 436 3021 tuorum
460 2963 557 3019 exitus
580 2961 837 3032 exspectabunti»
862 2963 919 3019 llas

684 3306 688 3311 .
735 3217 904 3305 LIBER
936 3217 1172 3308 SEXTUS.

352 3532 466 3591 CAPUT
490 3533 631 3590 PRIMUM
973 3494 1068 3566 rigore
1090 3495 1235 3563 subducit,
1267 3495 1312 3552 his
1333 3495 1495 3565 spiritualia
1517 3470 1698 3565 sempiternae
1722 3494 1823 3551 dnlce-

634 3576 640 3587 ’
973 3583 1049 3640 dinis
1061 3583 1209 3649 allectione
1229 3584 1362 3654 disponit.

108 3674 179 3733 Cum
204 3674 232 3731 in
252 3674 425 3732 authenticis
450 3675 576 3731 historiis
599 3681 764 3732 sanctorum
791 3675 918 3744 Patrnm,
1010 3671 1064 3745 [1.]
1093 3674 1217 3739 Lancea
1234 3673 1269 3727 de
1281 3689 1338 3744 qua
1351 3671 1460 3744 prioris
1473 3671 1612 3744 libricop.
1632 3672 1649 3726 1
1668 3669 1825 3744 reperitur.

72 3762 268 3831 1100100101οζ
285 3769 400 3833 patrata
416 3763 490 3819 bella
507 3763 671 3834 relegimus,
694 3770 722 3819 et
744 3777 795 3833 pro
817 3765 919 3820 tantil-
973 3761 1080 3816 Petrus
1093 3760 1228 3816 Eremilo
1249 3760 1388 3833 dirigitur
1407 3761 1446 3816 ed
1468 3765 1584 3816 1111001.
1600 3790 1635 3800 -
1652 3760 1746 3831 igitur
1764 3768 1829 3831 post

72 3850 166 3907 lorum
200 3851 352 3907 hominum
378 3864 450 3921 pene
476 3850 558 3907 nulla
594 3850 647 3906 lide
683 3858 763 3907 tanta
790 3853 919 3910 evenisse
973 3850 1063 3906 verba
1075 3849 1149 3906 Petri
1171 3850 1257 3917 illius,
1275 3849 1322 3906 cni
1337 3850 1421 3906 beato
1436 3849 1551 3905 andrea
1568 3850 1726 3919 interprete
1742 3862 1829 3906 reve-

71 3939 285 4010 perpendimus,
303 3940 373 4006 (000
397 3939 475 4008 quod
496 3939 675 3996 beatissimos
697 3940 793 4005 losue,
818 3941 918 4007 David,
973 3937 1107 3994 lationem
1133 3939 1287 3994 hominicae
1309 3938 1415 3994 lanceae
1440 3937 1569 3995 diximus
1591 3935 1708 4004 laetam,
1734 3936 1829 3994 multa

72 4027 243 4093 Samuelem,
264 4026 391 4082 tantillos
417 4026 605 4096 appellemus,
629 4027 678 4083 sed
702 4028 780 4098 quod
800 4038 920 4099 excepto
974 4026 1098 4097 populus
1112 4026 1303 4083 exsultatione
1325 4026 1508 4082 Christianus
1536 4024 1671 4090 invaluit,
1697 4032 1725 4081 et
1753 4024 1827 4083 tanti

70 4126 171 4169 eorum
192 4113 303 4179 merito,
324 4121 552 4183 ceterorumque
577 4128 703 4184 quorum
728 4129 919 4186 nuncusque
974 4127 1060 4184 quem
1078 4114 1298 4183 prestolabatur
1311 4122 1432 4170 eventus
1453 4112 1611 4184 spectatulo
1629 4112 1669 4169 de·
1680 4112 1829 4184 proluudo

72 4201 121 4256 liei
149 4201 275 4257 Ecclesia
308 4200 443 4271 praedicat
472 4202 653 4272 claritatem),
679 4203 768 4272 plebis
793 4203 918 4260 ludaicae
936 4184 1181 4271 Ddesperationis
1207 4204 1331 4258 emersit.
1350 4201 1445 4258 indice
1467 4200 1564 4271 itaque
1587 4200 1643 4267 illo,
1664 4201 1702 4256 ad
1717 4200 1827 4270 locum,

70 4288 280 4359 despiciendam
306 4288 441 4346 ducimus
466 4291 622 4346 vanitatem
643 4290 836 4347 inlellcissimn
863 4292 918 4347 ho-
973 4304 1059 4360 quem
1077 4290 1289 4361 designaverat,
1314 4289 1351 4347 ab
1374 4289 1510 4345 omnibus
1524 4288 1662 4355 curritur,
1678 4295 1707 4344 et
1730 4288 1828 4346 10110-

72 4377 259 4448 mlnnm,pro
273 4377 340 4435 solis
363 4379 420 4436 heo
443 4381 594 4437 ventribus
616 4379 782 4440 servientes,
798 4379 919 4437 nisira-
973 4377 1059 4434 clesia
1092 4377 1169 4433 Beati
1205 4377 1280 4433 Petri
1312 4391 1395 4433 secus
1427 4376 1518 4433 altare
1547 4376 1730 4433 homininum
1765 4377 1828 4434 1011

72 4466 110 4523 110
140 4465 279 4534 obviaret,
310 4467 499 4536 placentiores
538 4467 596 4523 Deo
626 4477 728 4538 putare
772 4482 919 4537 possemus
974 4466 1048 4522 loasa
1075 4466 1203 4536 jubetur.
1231 4465 1376 4522 Trcdeclm
1411 4479 1479 4537 ergo
1512 4464 1733 4528 bominibus,a
1764 4464 1827 4522 luce

70 4568 160 4626 quant
189 4555 258 4611 istos
273 4569 398 4626 quorum
421 4563 479 4612 tota
494 4555 653 4625 spiritualis
676 4555 769 4612 luerat
782 4557 916 4613 servitus.
974 4553 1067 4622 prima
1094 4555 1123 4608 10
1144 4566 1306 4623 vesperum,
1335 4554 1469 4609 haustam
1493 4551 1680 4609 efferentibus
1705 4560 1826 4621 terrant,

70 4642 130 4698 lllis
143 4655 271 4713 namque
299 4642 394 4699 asela
420 4642 584 4699 idololatria
607 4643 686 4710 tutis,
705 4657 838 4714 prospere
853 4660 920 4716 pro-
975 4642 1059 4698 homo
1074 4642 1255 4712 ipseinvenit
1280 4641 1419 4698 lanceam.
1440 4641 1575 4699 videntes
1599 4647 1696 4697 autem
1718 4642 1828 4698 audite

70 4731 224 4787 veniebant
251 4731 359 4798 omnia,
392 4732 499 4788 crebrae
526 4731 663 4800 victoriae,
702 4732 795 4789 multa
827 4736 918 4804 copis,
973 4730 1077 4787 visioni
1092 4731 1264 4786 omnimodis
1278 4730 1458 4786 concinuisse
1470 4742 1530 4785 reru
1546 4736 1668 4800 gestam,
1687 4742 1827 4801 magnam

72 4819 133 4875 istis
143 4833 211 4875 vero
225 4818 381 4876 dilllculter
397 4820 522 4887 vincere,
538 4820 613 4876 inter
626 4820 800 4878 vincendum
812 4821 920 4879 damna
974 4818 1071 4874 cuncti
1100 4833 1255 4889 concepere
1283 4817 1420 4879 laetitiam,
1462 4831 1515 4873 000
1544 4818 1685 4873 minorem
1714 4817 1826 4887 laetitia,

71 4907 244 4977 irequentia,
276 4921 349 4964 rarae
378 4908 541 4977 opulentiae,
571 4909 921 4980 000110000ᾳυί1οω,οι
971 4906 1031 4977 jam
1050 4915 1150 4963 contra
1175 4907 1268 4963 omnis
1295 4907 1383 4962 bostis
1404 4906 1566 4962 audaciam.
1591 4910 1748 4976 acceptam
1775 4907 1828 4964 hoe

72 5001 142 5051 tunc
155 4993 361 5051 crudelissimae
388 5004 537 5066 egestates,
558 5011 623 5053 cum
639 4996 659 5052 ii
683 5010 741 5053 non
755 4996 918 5068 militarem,
972 4994 1056 5050 modo
1070 4999 1144 5049 m
1165 4994 1378 5050 lanceatorum
1405 4994 1511 5066 ingenti
1531 4993 1662 5049 extulere
1677 4993 1784 5065 gloria,
1799 5001 1827 5052 01

73 5080 121 5136 sed
135 5081 334 5137 monachalem
361 5089 504 5151 quantum
520 5083 556 5139 ad
579 5083 787 5153 parcimoniam
814 5085 919 5142 sancti·
973 5081 1010 5137 ab
1033 5081 1082 5136 illa
1108 5081 1164 5147 die,
1184 5080 1219 5136 de
1241 5081 1314 5137 bello
1333 5082 1445 5152 agendo
1469 5095 1580 5151 crepere
1603 5080 1728 5139 ildenter
1753 5083 1826 5140 inire

73 5169 260 5238 moniamque
275 5168 407 5240 pertinet,
430 5170 520 5226 vitam
547 5172 695 5228 ducerent.
722 5170 802 5238 Quod
828 5178 918 5228 totum
972 5170 1101 5227 consilia.
1118 5169 1248 5240 Denique
1273 5170 1342 5226 dnm
1365 5169 1505 5240 primores
1515 5169 1670 5226 Christiani
1686 5171 1824 5243 agminis,

75 5255 147 5311 ratio
174 5258 338 5325 gratissima
366 5259 449 5315 nobis
477 5260 604 5330 exponit,
634 5260 704 5316 dum
733 5260 918 5326 attendimus,
973 5265 1071 5316 macto
1097 5258 1225 5324 consilio,
1252 5257 1323 5328 qnid
1343 5259 1417 5313 lacto
1443 5272 1516 5327 opus
1545 5265 1619 5314 esset
1644 5259 1709 5327 peri
1740 5273 1825 5316 sensu

75 5342 263 5412 qnia-[lens
293 5344 418 5415 llagellat
450 5361 564 5402 omnem
597 5347 687 5403 lllinm
718 5361 805 5418 quem
827 5347 920 5417 diligit
973 5347 1140 5414 eventilant,
1158 5345 1357 5417 idanteqnam
1387 5346 1554 5416 praeliemur
1572 5346 1739 5404 laciendum
1759 5362 1824 5405 een·

76 5430 250 5500 11101010,
280 5435 314 5499 tt),
343 5456 356 5480 1
379 5441 407 5489 01
435 5435 542 5505 quibus
571 5435 739 5506 temporalia
762 5435 919 5505 disciplinae
974 5444 1036 5491 sent
1060 5443 1205 5505 quatenus
1240 5435 1348 5491 'lurcos
1380 5436 1505 5505 primum
1542 5435 1651 5492 directa
1683 5435 1823 5508 legatione
