3818 6008
478 107 523 163 DE
544 107 705 167 virt-sua
726 111 818 168 eleut
837 106 935 168 TRES·
956 143 990 152 -
1011 114 1074 170 nte.
1096 114 1118 170 1.
1633 120 1686 174 882

68 238 195 294 levabat
213 239 303 310 igitur
326 238 471 295 fastidium
494 253 558 309 spes
577 241 712 311 quamvis
732 241 780 297 iri·
797 241 974 314 hoognitor,
1014 245 1084 315 quia
1115 245 1170 302 tale
1209 246 1279 317 quid
1310 246 1477 305 nullatenus
1504 247 1683 319 affectabam,

50 340 124 396 eum,
145 335 173 384 et
195 327 315 383 orabam
343 333 378 395 te,
403 328 490 394 Deus
512 335 543 385 ιιι
567 328 725 401 siquando
751 330 777 387 id
834 332 931 402 respui
955 339 1061 402 umen,
1082 342 1134 392 aut
1161 335 1312 406 reprobari
1339 337 1412 394 loede
1434 338 1576 407 nolebam,
1601 348 1685 413 teque

50 427 116 470 ame
133 414 311 470 tractabatur
327 413 414 482 tieret,
429 421 456 470 te
470 414 648 473 solummodo
663 424 779 475 auctore
833 420 1056 490 praecordialiter
1081 424 1238 480 exorabam
1269 433 1302 483 ut
1330 426 1370 482 sic
1394 427 1532 485 immunis
1548 443 1565 484 a
1593 437 1684 500 coepto

50 509 117 570 eret,
141 508 168 558 et
194 501 313 558 taedehat
339 515 384 557 me
408 502 485 573 quod
511 516 560 573 per
583 504 654 560 alios
675 506 775 562 oudie·
834 507 940 577 fierem,
964 517 1109 580 quatenus
1132 519 1160 569 et
1184 513 1352 582 verendum,
1380 522 1407 571 et
1433 504 1510 586 quod
1534 517 1684 575 immodice

72 590 142 647 meis
167 589 236 646 mihi
261 591 429 661 parentibus
452 592 506 648 ista
530 593 632 662 quaeri,
657 599 685 648 et
708 594 779 651 alios
832 597 1063 668 extimescebam,
1089 617 1164 659 onus
1186 618 1243 660 non
1267 604 1405 671 subirem,
1429 619 1482 662 uec
1506 613 1604 676 utpote
1626 607 1681 663 ira-

50 677 91 735 )ιί
122 676 285 745 efficientia,
316 678 396 734 nullo
425 679 578 736 carnaliter
608 688 778 751 procurante
832 686 897 758 gitis
911 702 947 744 ex
963 691 1018 746 mei
1035 691 1382 751 reiutatiooedelrcerem.

50 767 146 825 ltenim
169 767 222 838 ipsi
238 775 370 839 parentes
387 783 445 824 nou
462 775 518 825 tam
535 769 605 825 mihi
620 771 777 841 quamsihi
866 778 902 831 De
926 777 985 845 filii
1010 780 1135 836 electione
1159 782 1230 837 dolet
1256 786 1355 838 crater.
1381 813 1416 823 -
1441 783 1504 840 Non
1529 792 1556 842 ιι
1586 785 1680 852 latuit,

50 857 153 912 rsmodi
180 870 252 912 cura
280 855 470 926 providentes,
495 872 608 914 mecum
635 857 778 916 ullatenus
832 863 907 920 Deus
930 879 1022 934 meus,
1047 881 1136 938 qnam
1155 869 1237 937 dure,
1258 885 1349 940 quam
1369 886 1445 942 ogre
1469 872 1567 930 tulerit
1591 880 1682 930 mater

50 954 91 1003 sto
112 945 226 1017 negotio
250 959 308 1001 nou
324 946 457 1017 agebant,
475 962 532 1004 uon
560 946 644 1018 plane
657 949 777 1020 juveni·
831 963 894 1006 mea
923 951 1090 1009 dilationem
1122 955 1320 1026 [electionem],
1354 972 1420 1027 quae
1443 957 1506 1014 aliis
1528 959 1682 1017 videbatur

50 1034 136 1091 imum
156 1049 243 1104 super
265 1035 318 1092 hac
341 1050 371 1092 re
395 1036 507 1093 irritare
527 1038 679 1094 'volebant
705 1038 777 1094 Tan·
831 1037 955 1106 honoris,
984 1038 1037 1095 sibi
1063 1048 1160 1098 autem
1183 1042 1352 1100 intolerandi
1375 1047 1514 1115 moeroris,
1539 1062 1592 1105 nec
1611 1049 1682 1106 mihi

50 1136 75 1180 ιο
97 1137 143 1179 me
170 1121 279 1180 diutius
299 1124 412 1181 volente
441 1123 487 1198 [l.,
516 1122 640 1196 nolente]
667 1125 774 1193 deludi,
830 1125 978 1197 quidpiam
1004 1129 1059 1185 tale
1084 1130 1237 1202 contigisse
1260 1132 1384 1199 volebat,
1402 1132 1430 1188 in
1446 1147 1505 1203 quo
1520 1135 1681 1205 periculum

53 1211 163 1269 toribus
195 1212 266 1268 meis
291 1211 453 1284 inspiravit,
483 1221 515 1270 ut
539 1228 591 1284 pro
619 1214 680 1270 suis
708 1214 775 1270 ani·
828 1215 1143 1273 etattsadhucnesciae
1166 1218 1320 1286 metuebat,
1340 1221 1578 1289 prresertimcum
1601 1225 1681 1295 igna-

51 1300 198 1358 salvaudis
218 1301 291 1358 alias
313 1304 545 1374 commigrarent,
574 1310 601 1359 et
629 1317 773 1374 quarum·
829 1315 879 1358 rus
894 1316 992 1359 rerum
1012 1302 1168 1360 forensium
1180 1304 1294 1375 penitus
1314 1320 1414 1372 essem,
1438 1308 1578 1366 nimirum
1595 1327 1678 1385 quas,

50 1389 199 1447 baliarum
224 1390 382 1457 monachis,
405 1390 457 1462 qui
471 1389 579 1448 eisdem
604 1404 692 1462 super
710 1405 774 1448 mea
828 1388 895 1445 solis
908 1388 1010 1447 litteris
1033 1391 1182 1461 quondam
1200 1392 1338 1462 intentus,
1351 1394 1519 1453 nuliatenus
1533 1397 1680 1456 addiscere

50 1490 62 1534 e
84 1477 292 1547 innitebantur,
320 1493 431 1536 necesse
453 1478 508 1536 luit
522 1487 555 1536 ut
570 1479 708 1538 aliorsum
728 1480 775 1537 di·
828 1477 1015 1535 curavissem.
1040 1479 1085 1535 tlh
1113 1478 1174 1549 ipsa
1202 1486 1307 1549 tamen,
1337 1488 1365 1538 et
1386 1482 1422 1538 ab
1446 1485 1583 1542 omuibus
1606 1501 1678 1557 pene

50 1574 79 1625 ιι.
793 1543 879 1638 Bqui
892 1566 1071 1624 lamiliariter
1092 1582 1137 1624 me
1160 1576 1310 1638 noverant,
1336 1570 1408 1627 mihi
1427 1574 1558 1631 crebrius
1583 1575 1679 1632 incau-

63 1654 115 1714 tibi
132 1656 251 1728 gratias,
269 1657 339 1728 quia
361 1665 430 1714 tunc
446 1658 564 1715 intentio
579 1657 616 1714 ad
629 1657 772 1730 integrum
826 1655 954 1725 tabutur,
984 1670 1042 1712 uon
1065 1657 1116 1714 diu
1140 1672 1185 1714 me
1207 1658 1407 1730 qualicunque
1428 1663 1607 1732 promotione
1628 1678 1679 1720 ca-

67 1745 218 1808 emarcuit,
243 1759 296 1803 uec
316 1745 352 1802 ad
380 1745 510 1817 aliquam
537 1753 682 1804 terrenam
706 1746 774 1804 ulte·
827 1743 962 1801 riturum.
994 1745 1037 1802 Tu
1062 1745 1158 1814 etiam,
1193 1747 1322 1814 Domine,
1357 1748 1431 1804 nosti
1464 1764 1522 1820 qno
1551 1750 1678 1810 interiori

50 1831 174 1900 ‚unitatem
194 1834 342 1903 suspicare
360 1833 497 1908 collibuit.
520 1834 680 1906 Flagellasti
694 1849 774 1891 uam·
826 1832 910 1890 oculo
928 1840 956 1891 et
970 1834 1047 1891 hona
1071 1842 1099 1891 ιι
1114 1835 1200 1903 mala,
1225 1835 1249 1891 si
1269 1836 1381 1907 uspiam
1397 1851 1589 1908 promoverer,
1607 1841 1677 1897 mihi

50 1919 107 1976 tin
142 1927 351 1991 temperans!
376 1921 434 1990 illo,
463 1924 556 1993 Pater,
585 1929 613 1979 ιι
631 1930 774 1980 corrector
826 1928 967 1978 eventura
991 1921 1174 1993 loquebatur,
1200 1938 1266 1995 quae
1290 1925 1432 1997 hodieque
1459 1928 1599 1998 experior,
1623 1943 1677 1985 nec

50 2015 117 2065 ‚tum
139 2018 167 2066 et
194 2009 345 2067 levitatum
372 2025 501 2068 mearum
522 2012 607 2080 Deus,
632 2011 771 2081 alllixisti,
827 2023 882 2077 me,
898 2010 1037 2067 uocalios
1058 2011 1157 2068 latent.
1173 2011 1340 2070 visionibus
1359 2028 1476 2085 quoque
1491 2015 1677 2086 quampluri-

50 2096 73 2153 d
101 2098 291 2170 coguitionem
307 2099 449 2171 redegisti,
467 2099 507 2156 ita
522 2109 553 2156 ut
568 2114 614 2157 me
629 2101 705 2157 intra
728 2114 773 2156 rue
827 2096 892 2165 mis,
915 2098 971 2155 sub
995 2113 1058 2155 mea
1080 2108 1108 2156 et
1123 2100 1245 2157 aliorum
1262 2101 1365 2172 specie,
1387 2101 1480 2174 longis
1496 2111 1558 2174 post
1577 2103 1677 2161 lutura

50 2199 146 2259 igeres,
184 2201 323 2258 mensque
351 2187 491 2245 hactenus
521 2202 597 2262 vaga
626 2203 772 2260 nusquam
827 2186 1005 2257 temporibus
1018 2189 1207 2260 praevidebam
1223 2204 1350 2260 quorum
1366 2190 1464 2262 aliqua
1479 2191 1599 2249 indubie
1614 2192 1676 2249 lieri

50 2291 62 2344 ;,
85 2275 134 2332 sed
157 2274 193 2330 ad
217 2275 307 2332 solam
330 2275 522 2333 humilitatem
541 2284 569 2333 et
592 2276 773 2349 cogitationis
827 2276 1014 2348 contemplor,
1038 2283 1067 2333 et
1091 2276 1175 2344 lacta,
1200 2291 1253 2335 nec
1277 2279 1374 2335 minus
1400 2279 1516 2336 residua
1541 2280 1675 2352 quodam

50 2370 118 2420 trem
150 2363 319 2421 medullitus
350 2365 500 2436 aspiraret.
535 2365 683 2438 Coeperam
710 2365 771 2438 jam
827 2363 926 2421 nenda·
948 2364 1106 2436 praestolor,
1122 2366 1235 2438 'quihus
1260 2374 1355 2424 tamen
1384 2367 1545 2424 attexendis
1572 2382 1676 2440 super·

50 2451 156 2518 inrum,
181 2452 310 2520 Domine,
326 2452 462 2524 experiri,
479 2461 506 2511 et
525 2454 562 2510 ad
581 2454 687 2511 honam
702 2455 772 2512 soli-
826 2452 982 2522 sedeudum
995 2467 1030 2510 ex
1047 2453 1189 2511 industria
1203 2469 1276 2511 reor.

50 2554 57 2598 ι
89 2541 203 2610 mentis,
232 2541 345 2611 inqua
372 2540 535 2598 conversari
560 2549 591 2599 tu
616 2543 697 2612 soles,
728 2557 772 2600 me
861 2542 946 2609 Deus,
982 2542 1089 2613 quibus
1117 2542 1166 2599 illa
1194 2543 1310 2601 monitis
1336 2543 1507 2614 cupiditates
1535 2558 1553 2600 a
1581 2551 1676 2601 mente

50 2641 94 2686 ere
117 2629 153 2686 ad
178 2629 297 2686 Matrem
320 2630 441 2686 coelestis
467 2629 590 2701 imperii,
619 2631 669 2688 Dei
696 2632 772 2704 geui—
826 2643 923 2687 arcere
945 2630 1094 2688 monebat!
1119 2631 1325 2689 adversitatum
1352 2632 1512 2690 interlunia
1533 2647 1599 2703 quae
1622 2647 1674 2689 er·

50 2717 176 2786 llariam,
203 2719 320 2774 unicum
345 2733 442 2775 meum
460 2720 490 2775 in
512 2719 772 2777 omuinecessitate
826 2726 924 2790 pertus
942 2733 1006 2776 sum
1036 2720 1192 2777 certissime
1216 2720 1375 2792 pollicens:
1397 2721 1538 2778 lubricam
1563 2735 1676 2792 semper

50 2818 87 2875 nr,
111 2805 199 2862 totius
223 2805 248 2861 ei
277 2805 381 2862 interni
405 2806 527 2863 lervoris
555 2807 661 2864 librare
691 2822 769 2864 com·
791 2805 1533 2899 csuspirareluventam3pervarioscogitationum
1547 2808 1676 2865 ambitus

50 2937 51 2946 ,
80 2893 247 2951 Delectaher
274 2908 343 2966 ergo
371 2893 603 2952 affectuosissime
624 2911 685 2955 esse
717 2912 773 2953 mo
825 2895 936 2952 animos
951 2893 1064 2952 irenare
1082 2904 1244 2967 vagantes:
1272 2904 1306 2954 ut
1320 2910 1384 2953 earu
1398 2897 1433 2954 de
1449 2897 1555 2954 talibus
1571 2897 1674 2969 dispu-

50 2982 197 3039 horreham
224 2983 340 3053 penitus
362 2991 389 3040 et
416 2984 540 3055 gradum
568 2984 716 3055 potiorem,
744 2993 772 3042 et
825 2989 933 3039 tantem
960 2996 1020 3040 non
1048 2982 1221 3051 illiteratam,
1246 2984 1418 3056 quoderat,
1448 2985 1595 3052 ieminam,
1624 2986 1673 3042 sed

50 3070 169 3127 nominis
192 3071 327 3128 umbram
352 3072 380 3127 in
405 3072 522 3130 mundo.
547 3073 620 3130 Tum
644 3075 771 3146 primum
825 3068 1042 3128 disertissimum
1077 3070 1242 3141 episcopum
1272 3071 1439 3129 aestimares.
1468 3071 1673 3129 llonastcrium

50 3155 98 3215 illo
112 3172 212 3229 sapore
225 3158 349 3216 addidici
364 3160 388 3217 ei
404 3159 476 3232 quid
490 3161 649 3219 voluntatis
665 3163 769 3230 unitas,
825 3165 932 3227 autem,
966 3157 1001 3215 ad
1035 3159 1121 3230 cujus
1157 3159 1283 3231 regimen
1310 3158 1448 3232 eligebar,
1480 3159 1673 3232 Novigentum

50 3247 145 3304 usdem
167 3249 286 3318 puritas,
311 3248 382 3321 quid
405 3249 492 3307 inerit
512 3250 645 3308 irreflexa
667 3265 771 3322 perpe·
824 3253 955 3316 vocatur,
980 3254 1009 3304 et
1029 3256 1071 3304 est
1099 3248 1223 3305 cousinio
1243 3248 1445 3305 Landuuensis
1468 3249 1620 3305 dioeceseos
1644 3248 1675 3303 iu

50 3335 191 3408 oportatis
224 3337 353 3394 intentio.
388 3337 461 3402 Quid
496 3337 600 3407 dicam,
640 3338 769 3405 Domine,
825 3342 938 3392 tanturn
955 3335 1090 3407 adiacens
1104 3344 1138 3393 ut
1150 3337 1300 3394 mediocris
1315 3337 1442 3407 quidem,
1459 3336 1508 3393 sed
1523 3335 1674 3407 aliquoties

50 3432 247 3481 tomentaueus
271 3425 321 3482 iste
335 3427 488 3497 paradisus
510 3427 660 3497 exstiterit,
681 3441 771 3500 quam
824 3423 986 3495 stagnantis
1001 3424 1094 3491 fluvii,
1114 3425 1165 3495 qni
1185 3424 1290 3495 Aquila
1301 3429 1505 3494 nuncupatur,
1522 3423 1674 3480 interstitio

50 3512 127 3584 Quies,
151 3528 240 3585 quam
260 3515 356 3573 brevis
374 3523 402 3572 et
416 3514 452 3571 ad
466 3515 589 3572 dubium
604 3522 691 3572 tautae
705 3515 769 3572 dul·
826 3511 977 3583 praelatum
997 3511 1174 3568 territorium
1198 3512 1427 3569 aSuessioueusi
1451 3511 1623 3584 distinguat,
1636 3511 1671 3567 de

50 3599 166 3657 sensus?
824 3601 909 3672 cujus
921 3600 1115 3658 vetustatibus
1128 3599 1157 3673 lsi
1177 3601 1253 3657 Dens
1267 3614 1349 3671 opem
1364 3599 1483 3669 dederit,
1500 3600 1531 3656 in
1551 3599 1604 3656 hoc
1622 3614 1674 3655 nos

50 3703 63 3744 r
89 3688 174 3744 cibos
201 3691 346 3760 Nociqeott
374 3693 495 3761 eiigitur.
523 3720 558 3733 -
584 3691 641 3750 Vix
671 3692 772 3762 paucis
824 3701 908 3758 opere
922 3694 1096 3746 tractaturos
1110 3701 1271 3759 speramus.
1509 3688 1515 3700 '

50 3790 73 3833 ts
99 3777 167 3834 talia
195 3787 449 3851 praegustaveram,
479 3778 528 3835 vix
553 3779 677 3850 Spiritus
703 3787 772 3836 tuus
1147 3776 1265 3834 CAPUT
1283 3777 1347 3834 XX.

51 3865 103 3935 qui
126 3865 156 3922 iu
178 3874 282 3924 terram
304 3882 349 3924 me
370 3875 476 3925 rectam
501 3867 662 3925 deduxerat
684 3868 768 3939 (Psoi.
860 3867 968 3920 Diuersi
989 3880 1067 3921 corus
1086 3867 1134 3936 qui
1149 3868 1180 3921 in
1202 3866 1323 3923 coeoohto
1341 3866 1516 3921 Flavioceost
1541 3864 1671 3921 occidere.

50 3953 90 4025 2),
115 3954 324 4026 aliquantisper
349 3955 519 4016 illuminatae
537 3955 641 4013 rationi
666 3956 772 4015 insede·
825 3954 974 4026 Sogperr‘os
987 3957 1065 4024 prior
1076 3957 1134 4010 uiso
1149 3954 1268 4010 domnae
1282 3956 1376 4023 forme
1394 3956 1553 4024 corripitur.
1569 3981 1603 3994 -
1620 3951 1672 4010 Sed

50 4056 73 4099 u
93 4057 158 4101 ecce
179 4044 263 4115 quasi
283 4043 414 4100 diceres:
441 4043 514 4101 Curn
531 4042 658 4113 voluisti,
679 4044 769 4113 volui,
824 4043 964 4113 quoniam
987 4042 1018 4099 in
1047 4045 1101 4100 hac
1117 4042 1293 4100 Flaviaeensi
1314 4042 1433 4100 ecclesia
1458 4043 1512 4100 suh
1541 4043 1598 4099 Deo
1623 4055 1673 4113 pa·

50 4145 54 4185 t
81 4132 216 4189 modoet
244 4132 293 4188 tibi
322 4133 460 4204 displicet,
485 4133 556 4190 velis
583 4132 664 4202 nolis,
695 4135 768 4192 haha
787 4138 913 4200 brente,
939 4139 967 4189 et
997 4131 1073 4188 beati
1100 4130 1245 4189 Geremari
1279 4130 1332 4188 ioci
1361 4121 1491 4204 ejusdem
1519 4130 1675 4188 conditoris

50 4220 239 4290 quorumdam
272 4228 449 4277 remotorum
478 4227 505 4278 et
538 4220 608 4278 mihi
642 4221 771 4279 funditus
826 4219 984 4289 patrocinio
999 4220 1139 4276 coaluisse
1160 4234 1213 4277 uos
1232 4219 1370 4290 diximus,
1388 4220 1522 4292 quaedam
1537 4218 1671 4290 quaeibi·

49 4320 87 4363 rm
123 4308 240 4364 emersit
266 4309 374 4365 electio.
404 4309 458 4366 Sed
486 4323 622 4380 quaenam
653 4309 770 4368 electio?
826 4307 890 4363 dem
912 4306 1089 4376 audivimus,
1115 4307 1235 4378 flerique
1258 4308 1395 4377 vidimus,
1421 4307 1543 4380 dignum
1565 4314 1599 4363 ut
1621 4320 1675 4362 me

50 4409 70 4451 ιι
97 4396 189 4453 latear
212 4396 371 4469 egregium,
400 4412 467 4454 oum
495 4398 568 4455 inter
594 4412 694 4454 omnes
719 4399 771 4470 qui
826 4394 925 4452 moriae
943 4395 1102 4453 tradamus.
1117 4395 1280 4468 {Postquam
1304 4396 1341 4453 ab
1361 4394 1508 4452 eversione
1527 4395 1675 4451 Danorum

50 4483 277 4555 thversahautur,
315 4486 466 4556 sordidior,
500 4487 557 4543 imo
596 4487 770 4556 teterrimus,
827 4484 958 4540 restituta
980 4491 1022 4540 est
1036 4483 1162 4554 ‘pretato
1181 4485 1309 4553 ecclesia,
1335 4483 1454 4555 quidam
1478 4482 1549 4539 inibi
1571 4494 1675 4538 mona·

49 4571 78 4629 rb
95 4581 145 4630 tuo
168 4574 328 4630 testimonio
346 4575 502 4646 judicarer.
530 4574 691 4631 Paucorum
716 4575 772 4646 igi·
826 4570 899 4628 chus
921 4585 1023 4643 gerens
1050 4571 1177 4629 olllciurn
1200 4573 1355 4643 prioratus,
1381 4570 1496 4628 nomine
1518 4569 1676 4642 suggerius

50 4676 61 4717 s
79 4662 231 4733 attigeram
249 4663 424 4731 litterarum,
444 4669 472 4719 et
486 4663 621 4724 docentis.
639 4669 672 4719 ut
694 4662 770 4720 dice-
826 4660 909 4718 honis
927 4673 958 4717 se
975 4673 1064 4732 agens
1079 4661 1220 4731 moribus,
1241 4661 1270 4717 in
1291 4661 1353 4731 ipsa
1374 4657 1487 4717 mortali
1506 4657 1676 4730 egritudine

59 4752 188 4809 exterius
223 4752 312 4811 litura
351 4767 490 4824 persona,
524 4751 658 4809 electores
694 4765 773 4809 meos
825 4748 1024 4807 decumbebat.
1058 4750 1129 4806 lirat
1162 4757 1270 4817 autem,
1296 4749 1335 4820 {ni
1363 4746 1457 4817 lallor,
1487 4747 1575 4804 trater
1602 4759 1677 4802 auus

50 4843 261 4901 tcaecutieutes
294 4851 322 4901 et
349 4843 451 4914 lippos.
477 4843 553 4900 Dens
580 4842 665 4911 hone,
701 4841 772 4914 quid
826 4837 904 4895 illius
917 4852 983 4909 qua
995 4837 1025 4895 in
1047 4853 1107 4896 sua
1123 4838 1204 4896 initio
1216 4836 1441 4894 conversationis
1456 4835 1533 4893 circa
1554 4841 1675 4891 matrem
1732 4859 1738 4872 ·

50 4928 90 4985 ιι
112 4943 177 4986 mea
192 4936 263 4987 tunc
277 4930 416 4988 interiora
435 4928 587 4986 viderent?
607 4928 681 4996 Quid
696 4942 773 5000 quo-
826 4940 920 4984 meam
944 4940 1083 4984 conversa
1111 4934 1162 4984 est.
1196 4925 1249 4984 Cui
1276 4926 1384 4998 jacenti
1408 4923 1506 4995 laetitit
1532 4923 1675 4989 diabolus,

49 5015 143 5084 tirent,
168 5016 191 5072 si
211 5017 307 5088 qualis
329 5017 414 5074 modo
436 5016 477 5073 eis
496 5015 608 5088 praesim
635 5030 772 5088 agnosce·
825 5014 934 5073 librum
944 5022 1153 5083 manutenens,
1167 5015 1366 5086 dicensqueze
1385 5013 1500 5083 Accipe,
1514 5011 1586 5085 lege,
1598 5009 1692 5068 hunc'

50 5103 77 5160 'u
91 5102 157 5171 scis,
179 5104 242 5174 qui,
259 5118 317 5175 qno
333 5104 428 5161 nescio
440 5103 560 5176 iudicio,
579 5103 608 5160 id
622 5103 771 5172 ordinasti,
826 5103 877 5161 tibi
898 5102 985 5160 mittit
998 5103 1121 5174 Jupiter.
1140 5125 1151 5152 »
1177 5102 1268 5170 Quem
1283 5116 1350 5159 cum
1367 5101 1414 5158 ille
1428 5100 1528 5158 audito
1542 5113 1676 5156 exsecra-

49 5206 71 5248 ιι
95 5191 167 5247 mihi
198 5191 343 5264 indigner,
370 5199 515 5263 quantum
538 5193 668 5250 horream
694 5192 772 5263 quod
827 5190 879 5249 hili
891 5191 1018 5260 nomine,
1035 5190 1241 5259 exhorruisset,
1253 5189 1358 5263 adjecit
1370 5188 1521 5246 diabolus:
1542 5187 1675 5260 «Diligis,

50 5293 94 5336 tna
116 5291 150 5335 ac
173 5279 383 5337 honestioribus
405 5293 451 5336 roe
471 5286 640 5350 prepostero
655 5280 773 5336 omnino
827 5279 933 5351 inquit,
949 5279 1066 5338 domum
1078 5279 1334 5352 istam‘l-Diligo,
1349 5277 1397 5334 ait.
1418 5276 1554 5334 »Etiile:
1571 5298 1582 5327 ι
1599 5275 1678 5333 Scias

50 5381 109 5440 tm;
136 5367 191 5425 scis
220 5367 308 5437 enim,
342 5368 472 5426 cordium
503 5381 665 5440 renumque
697 5382 773 5440 pras-
828 5381 892 5426 eam
916 5367 1003 5426 totim
1034 5367 1182 5440 religionis
1208 5367 1304 5442 rigore
1331 5365 1445 5425 sublato
1472 5364 1588 5438 penitus
1615 5371 1679 5435 post
