3818 6008
536 112 719 170 donabilia
740 114 774 170 iil
794 113 942 173 boussut
962 115 1030 173 LIB.
1051 116 1109 174 vii.
1642 124 1695 179 aba

72 243 170 301 anima
198 243 378 314 resipiscens,
402 241 471 299 boni
493 244 587 313 operis
609 243 717 300 semine
733 244 792 300 hu·
810 249 831 302 Α
847 245 993 301 Abrabam
1008 246 1140 312 moritur,
1157 260 1223 303 cum
1241 245 1432 305 intellectusa
1453 249 1510 306 Deo
1526 249 1692 320 dirimitur}

53 333 86 390 iis
109 347 208 390 casum
242 333 377 404 contegit.
406 333 507 389 Annus
532 333 697 404 cujuspiam
723 333 790 389 boni
844 334 893 389 alii
909 335 998 404 putei,
1026 350 1098 406 quos
1115 335 1262 392 obstrusos
1286 338 1366 392 Isaac
1388 337 1466 406 ledit,
1492 339 1542 394 Dei
1569 341 1694 412 cognitio

53 437 73 480 o
95 421 276 494 intelligitur.
309 422 355 478 Uti
383 422 459 478 enim
489 436 584 478 annus
611 421 722 489 diebus,
751 423 791 478 sic
844 423 1021 494 scientiaque
1038 437 1223 494 quarumque
1248 432 1433 493 virtutumo
1456 427 1564 497 quibus
1576 429 1693 485 vitalem

53 512 177 568 svirius
199 511 416 582 cogitationum,
443 511 631 577 locutionum,
655 525 790 582 operum·
843 509 987 566 sumimus
1024 511 1142 577 undam,
1172 511 1384 582 intelliguntur,
1416 513 1468 584 qui
1496 528 1547 584 per
1575 516 1694 573 rationis

53 613 126 658 rrum
147 599 236 672 fulget
257 599 428 670 adnisibns3
453 600 480 656 in
506 600 559 656 bac
579 600 677 670 itaque
697 600 789 656 virtu·
843 596 984 654 deiectum
1001 612 1018 654 a
1041 599 1221 656 daemonibus
1243 601 1323 656 obice
1337 603 1511 657 terrenitatis
1526 604 1691 673 opplentur,

55 688 204 745 enitudine
240 689 395 758 centuplum
426 691 541 756 incenit,
574 688 645 744 dum
676 695 790 744 aetcmae
843 687 891 742 sed
907 687 943 743 ad
959 701 1085 757 superna
1106 688 1213 758 gaudia
1231 689 1328 744 animo
1342 689 1510 760 respirante,
1532 692 1693 762 spirituali-

54 778 181 835 erationis
202 792 344 833 summam
367 779 427 849 jam
462 785 556 834 mente
583 791 713 849 praesaga
735 792 790 834 ex·
845 774 900 830 bus
913 775 1026 842 studiis,
1045 775 1095 846 qui
1112 775 1227 844 rationi,
1258 782 1327 831 1⁰5
1342 791 1409 834 vero
1434 779 1540 835 scilicet
1558 779 1690 849 Abrahae,

54 881 96 923 am
111 866 230 923 fideliter
245 866 362 938 colligit.
389 866 571 923 Benedicitur
596 869 693 938 itaque
709 865 791 937 spiri·
844 862 1017 930 inserviunt,
1043 865 1187 932 exhausti,
1215 865 1394 921 discretionis
1421 867 1527 923 sedulae
1552 882 1623 925 cura
1647 870 1693 926 de

54 954 142 1012 cilicet
165 955 326 1011 substantia
341 961 557 1025 augmentatur,
586 954 788 1024 locupletatur,
844 951 977 1022 plentur3
993 952 1045 1008 hos
1067 953 1162 1008 iisdem
1176 953 1339 1020 nominibus,
1362 954 1459 1022 quibus
1483 960 1509 1009 et
1531 960 1593 1010 ante
1611 963 1693 1026 pater

54 1058 117 1112 nen,
144 1051 175 1099 nt
200 1058 260 1100 suro
286 1057 399 1113 semper
424 1042 587 1114 tragilitatis
617 1042 788 1113 meminerit,
843 1039 977 1110 appellat,
993 1041 1062 1097 dum
1081 1040 1107 1095 in
1127 1048 1238 1097 tantum
1266 1040 1425 1097 sanctitatis
1448 1043 1526 1112 apud
1550 1044 1640 1100 Deum
1664 1052 1692 1102 et

54 1131 160 1188 licitur.
184 1131 329 1198 Profieicns
347 1144 416 1201 ergo
440 1131 556 1199 virtute,
573 1136 654 1200 alque
668 1146 789 1186 succres-
844 1127 973 1185 homines
988 1128 1123 1199 opinione
1142 1143 1201 1185 sese
1224 1128 1381 1200 insigniens
1397 1131 1571 1201 magnificat,
1594 1147 1691 1203 quau-

54 1233 78 1276 ie
106 1218 137 1285 it,
160 1218 187 1273 id
212 1227 254 1276 est
279 1219 420 1275 desiderio
447 1219 574 1275 tenditur
593 1219 629 1275 ad
653 1219 789 1275 bravium
843 1223 905 1272 tum
922 1217 1066 1274 subtilitas
1089 1217 1180 1288 ipsius
1202 1218 1321 1273 rationis
1348 1218 1691 1277 lierideberediciat.1a

54 1306 96 1364 nis
117 1321 250 1378 supernae
273 1306 386 1377 (Philip.
413 1321 457 1375 ru,
484 1308 540 1378 il),
561 1306 651 1364 donec
674 1306 789 1363 iniimas
844 1306 1692 1380 torrenteautemlodimus,cumtransibilitatembujustem-

74 1395 244 1466 cupiditates
272 1396 430 1451 sanctitatis
458 1395 668 1467 magnitudine.
699 1396 789 1452 Habet
844 1394 1690 1465 poralitatisdiscutimuS,ibiqueoquamcioaminvenimus

54 1500 130 1539 onem
149 1487 239 1538 onium
261 1488 288 1538 et
310 1490 504 1552 armentorum,
530 1485 599 1540 dum
629 1491 657 1539 et
686 1492 789 1540 actua·
845 1481 1037 1551 quia,muudi
1050 1483 1250 1553 perpendendo
1260 1497 1427 1553 excursum,
1440 1484 1544 1541 iontem
1555 1499 1640 1556 aquae
1650 1501 1693 1542 sa·

71 1572 360 1642 contemplativorum
377 1572 516 1628 bonorum
534 1573 595 1628 sinc
619 1571 714 1628 laudis
732 1573 787 1629 hu·
809 1549 940 1627 Blientis
955 1570 983 1626 in
999 1571 1087 1627 vitam
1103 1580 1239 1627 aternam
1261 1571 1350 1642 (loun.
1365 1588 1403 1640 iv,
1427 1573 1469 1640 ib)
1485 1574 1616 1630 sniiicere
1637 1589 1691 1632 no-

57 1661 275 1731 participatione
300 1660 409 1717 obtinet
437 1661 688 1730 multiplicitatem.
716 1661 790 1717 Oves
844 1659 887 1715 bis
901 1659 938 1715 ad
951 1659 1073 1730 gloriam
1084 1668 1244 1729 contempto
1256 1661 1436 1729 praesentium
1450 1661 1533 1719 lluxu
1548 1663 1689 1720 videmus.

55 1763 75 1805 ae
111 1757 140 1805 et
162 1749 303 1820 simplices
329 1764 396 1805 cum
423 1749 490 1815 sint,
517 1749 655 1805 humilem
682 1749 788 1804 beneli-
879 1748 1022 1814 Vanum,
1039 1750 1140 1816 tabi.
1160 1749 1254 1805 —Sed
1268 1748 1692 1822 etibijurqiumsuitpustorum

63 1837 180 1909 signant
213 1844 320 1893 actum.
356 1841 502 1905 Armenta,
538 1837 621 1894 tortia
644 1837 789 1908 religionis
843 1836 951 1893 Gerorae
982 1837 1127 1891 cucusum
1156 1842 1277 1907 pastores
1306 1836 1398 1907 Isaac,
1437 1839 1600 1896 diuortium:
1639 1844 1692 1898 No-

59 1940 127 1997 quae
150 1934 178 1983 et
203 1925 441 1997 contemplatores
460 1926 613 1983 sublevant
641 1925 676 1981 ad
690 1925 789 1982 divina
842 1931 901 1979 stro
920 1929 959 1979 est
979 1940 1063 1996 aquo.
1094 1926 1270 1992 Quamobrem
1290 1942 1384 1981 nomen
1406 1930 1492 1996 putu,
1517 1945 1551 1984 ea
1573 1946 1604 1985 eo
1619 1932 1692 1998 quod

55 2016 165 2083 triros,
186 2015 352 2084 accipimus.
370 2015 490 2072 Familia
508 2030 524 2071 a
539 2015 701 2084 famulando
715 2014 788 2070 dici·
842 2013 988 2081 acciderat,
1010 2020 1115 2068 coacuit
1138 2015 1318 2070 colomarium.
1347 2016 1482 2071 Foderunt
1501 2022 1526 2072 et
1546 2019 1641 2086 atium,
1666 2025 1692 2074 et

55 2103 348 2174 miliaeltaquehahet,
371 2105 531 2174 plurimum,
556 2104 607 2174 qui
627 2109 789 2174 quantum·
839 2117 891 2172 pro
905 2102 952 2157 ilio
968 2118 1073 2172 quoque
1090 2105 1179 2156 riaoti
1199 2108 1272 2170 sunt,
1288 2105 1491 2173 appellauitque
1510 2122 1568 2160 eum
1589 2108 1691 2162 Inimi-

78 2191 193 2249 culmen
222 2191 348 2262 attigerit
375 2192 526 2259 virtutum,
553 2192 668 2249 turbam
692 2199 788 2248 tamen
842 2193 930 2247 citius.
960 2193 1099 2258 Profectus
1123 2191 1186 2245 inde
1210 2191 1283 2258 fodit
1315 2193 1400 2246 atium
1421 2199 1532 2262 puteum
1561 2211 1612 2265 pro
1638 2212 1690 2266 quo

55 2280 131 2338 'elini
145 2280 247 2349 nolint,
261 2281 364 2337 rationi
381 2280 567 2352 famulentur)
579 2281 686 2352 patitur
708 2281 788 2352 cogi·
841 2295 894 2334 non
907 2279 1110 2335 contenderunt.
1133 2282 1261 2335 Pastores
1275 2281 1386 2336 Gerorae
1407 2295 1509 2338 sensus
1533 2284 1692 2354 accipimus

56 2383 95 2426 nr.
841 2369 1065 2436 carnisuostrae‚
1086 2368 1137 2440 qui
1161 2382 1213 2424 uos
1236 2367 1453 2425 sorbitiunculis
1475 2372 1623 2429 saecularis
1644 2387 1692 2444 pa-

55 2461 123 2524 .lb‚
142 2461 183 2527 lii,
201 2458 244 2513 17.
264 2487 300 2500 -
322 2459 361 2514 Ob
388 2459 435 2513 boc
458 2457 610 2515 invidentes
635 2458 787 2527 Palaestini,
837 2465 927 2514 scunt
950 2457 1085 2514 lasciviae.
1112 2459 1235 2512 Pastores
1257 2459 1344 2525 isaac,
1361 2464 1456 2515 motus
1475 2467 1543 2516 sunt
1563 2470 1691 2518 contem-

55 2551 155 2615 runos,
176 2547 379 2615 quassaberoai
392 2548 566 2617 serue‘patris
589 2549 634 2602 sui
648 2547 789 2602 Abrabam
842 2546 952 2617 plativi,
980 2546 1031 2618 qui
1053 2545 1222 2602 delectiones
1243 2546 1385 2615 spirituali
1400 2546 1534 2605 alimento
1558 2550 1691 2607 reiiciunt

56 2651 125 2707 pore
146 2637 342 2704 abstinuerunt,
368 2638 507 2707 implentes
529 2639 608 2692 bumo
624 2639 653 2691 in
683 2641 789 2690 tantum
843 2634 942 2691 animi.
963 2635 1099 2693 carnalia
1117 2649 1185 2706 ergo
1209 2635 1348 2691 adversus
1371 2635 1533 2705 spiritualia
1555 2638 1689 2711 jurgant,

66 2724 223 2780 abimelech
240 2725 342 2780 dionei
366 2724 403 2780 ad
424 2727 521 2780 isaac:
543 2725 642 2780 Recede
669 2725 787 2791 anobis,
843 2722 943 2779 dicunt
966 2723 1044 2795 quud
1067 2728 1161 2778 nostra
1188 2727 1227 2777 est
1246 2738 1329 2792 aqua,
1350 2723 1419 2781 dum
1442 2725 1580 2782 suadetur
1595 2726 1632 2782 ab
1647 2727 1691 2784 his

56 2828 70 2867 a
87 2816 224 2882 potentior
241 2816 330 2869 nostri
342 2816 433 2880 sactus
449 2828 476 2869 es
499 2813 588 2867 cutm.
604 2814 644 2868 Et
662 2814 707 2867 itte
730 2813 787 2868 dis·
808 2808 920 2901 Bqnod
935 2810 1081 2866 saecularis
1095 2809 1237 2879 spirituali
1261 2811 1378 2866 omnino
1406 2811 1573 2881 praemineat
1599 2813 1690 2870 scien·

56 2907 79 2957 at
100 2905 203 2957 reniret
223 2903 261 2957 ad
284 2905 428 2958 iurantem
454 2902 572 2969 (laura,
601 2903 790 2971 habitaretque
844 2897 989 2968 naeuius
1005 2897 1032 2952 in
1049 2907 1184 2968 promptu
1199 2903 1241 2954 est
1257 2898 1359 2970 gloria.
1375 2898 1545 2971 Nomenque
1561 2905 1640 2972 putei
1653 2916 1690 2958 ex

56 2990 159 3059 aesiini,
183 2991 274 3063 quiet
298 2989 462 3058 Philisthaei,
487 2991 539 3062 qui
561 2990 685 3061 potione,
705 2990 790 3048 idest
843 2993 950 3042 eventu
970 2994 1052 3042 vocat
1075 2987 1255 3052 calumniam,
1282 2986 1351 3042 dum
1372 3001 1408 3042 ox
1431 3001 1465 3043 ea
1489 2988 1687 3061 intelligentia,

56 3094 91 3137 uo
105 3080 214 3137 haustu
234 3079 377 3150 superbie
402 3080 544 3146 cadentes,
567 3078 673 3136 scilicet
688 3079 790 3135 dumo
843 3085 910 3142 uuae
930 3078 1105 3128 exterrente
1121 3072 1248 3128 discusso
1277 3071 1432 3143 colligitur,
1450 3073 1570 3144 insignis
1588 3083 1690 3133 contra

56 3167 231 3240 alligantur,
267 3168 304 3225 ob
332 3168 438 3224 divinae
462 3167 544 3224 nobis
572 3167 673 3239 gratie
701 3167 790 3224 uber·
845 3167 972 3230 pastores
994 3159 1107 3216 Gerarae
1132 3160 1279 3217 calumnia
1303 3160 1446 3217 interioris
1470 3163 1595 3220 hominis
1617 3179 1691 3221 nun·

56 3258 215 3323 irridentes,
230 3264 330 3327 puteos
350 3256 517 3328 capacitatis
531 3271 564 3313 ac
586 3255 788 3328 intelligentiae,
844 3262 933 3319 quam
948 3248 1077 3306 desitura
1101 3256 1241 3305 movetur.
1271 3248 1359 3317 alter,
1376 3249 1425 3319 qui
1450 3249 1557 3309 foditur
1575 3261 1689 3323 puteus,

57 3347 187 3415 semeria,
214 3346 359 3414 voluntas,
386 3345 588 3402 etaneuuset
609 3344 703 3401 caeteri
717 3345 789 3400 inte·
844 3351 933 3394 sacrae
958 3336 1169 3407 predicationis
1188 3336 1358 3408 intelligitur
1382 3338 1485 3407 virtus,
1511 3354 1588 3411 quae,
1615 3342 1691 3398 vires

57 3443 141 3492 nonus
156 3435 259 3492 animae
284 3436 360 3491 servi
386 3435 509 3505 profecto
524 3433 643 3490 rationis
657 3433 790 3490 detractis
844 3439 881 3482 ex
896 3425 1028 3482 torrentis
1042 3423 1199 3481 defossione
1218 3432 1246 3481 et
1261 3432 1330 3495 potu
1344 3426 1440 3482 vitalis
1463 3441 1548 3498 aquae
1562 3443 1689 3499 sumens,

76 3524 243 3591 ruderibus,
269 3530 452 3595 paraverant,
475 3530 595 3580 terrenae
609 3521 790 3593 cogiratiouis
844 3521 923 3571 tanto
936 3513 1690 3590 puriusaliispropinatquantoiontiviciniusinstat;

57 3615 172 3681 emunt,
186 3620 213 3669 οι
226 3611 364 3680 foramen,
381 3627 439 3682 quo
462 3625 608 3681 aquarum
629 3609 790 3667 viventium
844 3617 896 3673 pro
907 3602 960 3658 boc
974 3616 1091 3672 quoquc
1103 3602 1248 3667 rixantur,
1261 3601 1331 3673 quia
1340 3601 1412 3658 bene
1427 3602 1611 3673 loquentibus
1625 3620 1690 3676 pro-

57 3701 123 3758 litas
150 3700 311 3773 attingitur,
342 3700 530 3757 subtilitatem
553 3699 658 3755 scilicet
681 3698 791 3771 ingenii
846 3691 915 3763 pria.
938 3691 1057 3748 actionis
1076 3689 1227 3746 infirmitas
1242 3690 1264 3744 si
1291 3690 1390 3762 aliqua
1404 3691 1440 3748 sit
1456 3691 1530 3749 illico
1544 3693 1689 3766 obiicitur.

57 3787 449 3847 mmolibusobstruunr.1n
472 3787 789 3844 tantumlivordaemo·
881 3780 1013 3851 appellat
1032 3781 1111 3835 bunc
1138 3780 1307 3846 inimicitias,
1338 3793 1390 3836 nec
1414 3780 1581 3852 incongrue,
1609 3783 1689 3854 quia,

57 3877 219 3945 :candescit
244 3885 276 3933 ut
291 3890 342 3947 per
356 3875 529 3942 abimelech,
545 3874 678 3945 iniquum
694 3874 792 3931 rideli-
843 3869 929 3941 iuxta
953 3877 1076 3940 poetam,
1099 3869 1151 3925 hoc
1178 3876 1336 3940 tempore«
1367 3869 1463 3925 odium
1490 3871 1566 3941 parit
1587 3873 1692 3929 veritas

57 3967 171 4038 mpiam
192 3967 228 4022 ad
251 3965 359 4022 diaboli
382 3965 473 4035 patris
501 3963 644 4019 malorum
667 3977 790 4034 regnum
845 3958 918 4030 (Tei.
940 3959 1034 4014 Andr.
1063 3958 1086 4024 i,
1118 3956 1176 4026 iit.
1215 3979 1225 4005 »
1254 3956 1334 4013 Unde
1362 3972 1475 4014 necesse
1498 3967 1539 4015 est
1570 3966 1600 4017 ut
1625 3960 1691 4018 inde

57 4062 143 4125 utem,
167 4054 299 4127 religioso
322 4054 409 4111 alicui
432 4063 527 4124 aperte
548 4054 664 4110 dicant:
688 4053 792 4109 Recede
845 4047 1053 4118 proficiscatur,
1072 4045 1098 4102 id
1120 4053 1172 4113 est,
1197 4045 1232 4101 ad
1250 4045 1394 4111 meliorem
1410 4046 1476 4103 vitae
1494 4054 1600 4104 statum
1624 4063 1692 4119 pro-

57 4141 149 4216 ,quia
172 4146 308 4214 potentior
332 4145 524 4210 nostrisaarua
543 4157 569 4197 es
588 4141 678 4210 natm,
696 4142 830 4209 idest,1)
847 4142 1006 4204 moveatur,
1043 4141 1071 4191 et
1109 4141 1228 4204 puteum
1258 4132 1355 4201 lodiat,
1391 4135 1494 4205 egestis
1521 4134 1628 4193 scilicet
1657 4137 1693 4193 ab

57 4232 152 4290 beotia
174 4233 241 4289 ritae
265 4247 318 4288 nos
353 4245 523 4301 exsuperas,
552 4231 626 4287 inter
649 4245 710 4298 nos,
740 4230 791 4302 qni
845 4223 941 4280 animo
967 4222 1088 4279 terrenis
1111 4221 1271 4289 aflectibus,
1287 4236 1346 4277 uon
1372 4222 1693 4296 insuperdciecogita·

75 4320 173 4377 adnuo
194 4319 381 4386 deservimus,
411 4334 447 4376 ne
462 4333 610 4390 appareas,
628 4319 676 4375 sed
692 4318 791 4389 procui
844 4311 939 4380 tionis,
956 4310 1180 4382 imaginationis,
1201 4317 1251 4366 aut
1275 4310 1416 4366 forasticae
1436 4311 1563 4379 visionis,
1589 4313 1638 4370 sed
1664 4314 1692 4370 in

70 4417 100 4468 et
118 4410 233 4482 egregie
254 4409 320 4466 rire
342 4416 373 4466 ul
388 4408 515 4465 simulas.
531 4409 653 4464 Torrens
672 4408 790 4474 daura,
845 4400 947 4457 intimo
983 4397 1223 4471 intelligibilitatis
1255 4398 1442 4469 purissimum
1479 4400 1596 4456 vivendi
1628 4402 1694 4458 lou-

58 4498 121 4562 itas‚
149 4506 177 4555 et
204 4498 328 4570 impetus
351 4505 394 4555 est
424 4498 560 4554 humanae
586 4496 662 4564 vitae,
687 4495 793 4552 scilicet
846 4496 902 4547 tem
925 4488 1064 4559 requirat.
1087 4487 1162 4544 Ordo
1187 4487 1264 4543 enim
1298 4491 1403 4545 nostrae
1437 4489 1558 4545 actionis
1589 4503 1626 4546 ex
1654 4490 1695 4546 iu-

58 4585 166 4658 quantis
190 4586 309 4643 advenae
329 4587 365 4642 ad
380 4587 537 4642 terminum
557 4583 793 4656 peregrinationis
846 4583 934 4634 terna
949 4590 1022 4632 vena
1037 4576 1220 4648 progreditur
1241 4576 1450 4647 propositionis,
1473 4576 1549 4633 unde
1563 4578 1695 4648 exempla

58 4688 172 4746 mergo
187 4675 280 4748 magis
295 4675 361 4746 pius
382 4674 489 4744 aliquis
512 4673 682 4729 molestatur
701 4685 719 4727 a
739 4686 793 4728 cu·
847 4666 910 4723 aliis
929 4664 1078 4737 prolluunt
1100 4663 1286 4722 eruditionis:
1308 4664 1388 4734 prius
1413 4679 1481 4736 ergo
1511 4672 1616 4735 puteus
1641 4666 1695 4722 do-

58 4762 205 4821 uundialis
226 4763 335 4835 gloriae,
362 4776 395 4819 eo
418 4761 544 4833 amplius
572 4759 733 4818 concitatur
757 4758 794 4816 ad
846 4755 956 4822 ctriuae,
1002 4753 1183 4825 postmodum
1226 4752 1334 4810 luditur
1375 4753 1549 4823 operationis
1596 4753 1693 4824 justa,

58 4851 201 4909 irationem
229 4851 377 4909 labilitatis
404 4860 536 4921 terrenae,
556 4857 583 4907 et
608 4849 637 4904 iu
653 4848 706 4904 hoc
727 4861 793 4919 pro·
848 4843 899 4915 qui
936 4843 1053 4901 omniuo
1085 4843 1145 4914 jam
1184 4848 1260 4898 caret
1297 4841 1488 4910 contentione,
1522 4842 1592 4914 quia
1625 4842 1696 4899 tales

63 4940 127 5013 llgit
141 4947 248 4998 statum
259 4939 362 4997 mentis
376 4953 450 4995 sua.
848 4931 1025 5004 praecipuam
1044 4930 1235 4987 reverentiam
1261 4929 1351 4985 solent
1378 4929 1494 4998 babere,
1524 4929 1634 5000 quibus
1655 4929 1695 4986 nil

60 5031 133 5096 ΑΒ,
165 5026 207 5083 19.
231 5056 268 5070 -
290 5029 461 5098 aureumque
490 5026 564 5093 ludit
586 5026 654 5081 ulios
689 5027 794 5095 puteos,
848 5021 979 5077 homines
1018 5027 1137 5090 possunt
1170 5017 1309 5090 objicere;
1341 5017 1431 5087 prius,
1472 5017 1603 5089 iuquam,
1629 5020 1697 5074 Ani-

58 5118 156 5174 derunt
170 5117 405 5187 reroipotriasui
426 5115 577 5181 Amabam,
604 5118 629 5168 et
647 5128 713 5184 quus
732 5113 796 5167 olim
848 5126 895 5166 mo
926 5123 1052 5180 namque
1081 5109 1239 5175 laborantis,
1275 5106 1362 5176 juxta
1396 5106 1586 5175 Salomonem,
1619 5108 1697 5162 labo-

58 5211 129 5263 trtuo
160 5205 346 5262 obstruserant
371 5205 559 5269 Pbilt'atlriim3
592 5203 797 5273 appellauitque
849 5201 895 5253 rat
909 5197 972 5266 sibi,
997 5198 1064 5267 quia
1085 5196 1216 5267 compulit
1230 5210 1290 5248 enm
1303 5209 1331 5250 os
1349 5209 1428 5249 suum
1447 5195 1547 5266 (Pron.
1567 5210 1624 5263 xvi,
1639 5197 1696 5266 ab).

59 5295 116 5354 iem
139 5294 304 5362 nominibus,
329 5295 428 5363 quibus
452 5298 515 5349 ante
534 5296 685 5348 emanant.
712 5290 797 5346 Fude-
851 5287 968 5356 Propter
987 5283 1114 5342 olba-ium
1141 5297 1211 5339 sane
1236 5282 1456 5354 predicationis,
1479 5298 1515 5340 ne
1539 5282 1698 5353 praedicans

59 5403 64 5439 r
90 5389 124 5443 ist
160 5389 287 5453 amenta
319 5387 345 5440 et
377 5386 535 5454 rapuerunt
566 5395 667 5450 uquam
693 5380 795 5434 trinam.
852 5373 993 5446 reprobus
1017 5373 1192 5433 inveniatur.
1217 5371 1331 5428 extendi
1348 5372 1503 5430 admodum
1531 5371 1697 5427 solotercr·

124 5476 265 5542 Paraon.
291 5474 393 5543 unii.
1524 5470 1541 5525 i
