3818 6008
107 245 160 298 203
532 239 568 294 V.
598 237 764 293 obturari
792 237 938 293 neutris
961 236 989 291 S.
1018 236 1137 292 lleIAE
1165 236 1211 292 DE
1241 234 1435 291 nortberto
1805 234 1856 289 aot

107 376 276 446 citiumpie
297 374 477 446 operationis.
497 375 533 430 Et
561 381 678 429 contra:
708 374 871 442 abscondit,
904 374 951 428 in·
970 375 994 428 Α
1013 373 1145 442 Vidimus,
1175 373 1323 444 inquiunt,
1355 377 1441 427 tecum
1476 386 1532 426 esse
1560 372 1717 426 Dominum.
1744 369 1858 426 Geraris

108 469 182 539 quit,
197 469 277 536 piger
299 481 409 519 manum
424 479 501 518 suam
515 463 564 516 sub
579 464 688 531 ascella,
704 479 752 518 333
773 463 810 517 ad
829 479 858 518 es
876 478 955 517 suum
1009 464 1124 531 dicitur,
1151 467 1300 532 cornupeta
1328 477 1428 528 eorum,
1460 461 1489 516 in
1514 475 1573 531 quo
1605 460 1777 531 intelligitur
1805 474 1858 515 no-

108 557 231 625 33311331
254 569 313 607 eam
339 555 427 611 tPrea.
450 565 512 617 xix,
531 553 585 620 14).
604 551 955 607 1133331333331133333
1008 552 1092 608 cendi
1120 551 1273 621 appetitus,
1313 551 1392 607 baud
1421 549 1542 606 dubium
1580 549 1653 619 quin
1682 549 1857 606 demonum.

108 644 184 698 itlius
198 641 337 706 latitudo,
364 640 473 694 diceus:
491 642 568 696 Nunc
592 640 723 695 dilatauit
742 656 790 695 nos
811 642 953 708 Dominus,
1010 641 1083 696 Hine
1106 654 1185 711 ergo,
1201 653 1238 695 ex
1263 639 1371 708 impetu
1397 638 1502 694 scilicet
1524 651 1584 693 suae
1600 637 1808 694 malevolentiae
1823 636 1859 691 ad

108 736 133 785 et
156 733 221 796 fecit
243 744 357 783 crescere
381 744 463 797 super
488 733 602 784 terram.
632 729 659 784 Si
686 729 807 785 latitudo
830 729 956 785 charitas
1009 729 1099 785 altare
1113 728 1192 798 quod
1209 725 1375 797 principalis
1388 726 1469 782 locus
1480 732 1531 794 est,
1545 725 1668 781 veniunt
1682 725 1858 791 Abimeleeb,

108 819 281 889 appellatur,
317 817 444 874 charitas
482 818 606 886 proiecto
643 818 772 874 maxima
802 826 843 875 est
870 826 898 874 31
926 818 955 874 13
1010 817 1062 888 qui
1078 817 1184 873 dicitur
1205 821 1286 886 pater
1307 829 1457 882 meusree,
1486 814 1658 882 velregaum
1680 816 1771 884 patris
1795 815 1859 878 mei,

108 908 197 964 verbo
226 921 276 976 pro
305 906 397 962 salute
424 905 549 975 proximi
577 905 718 974 laborare,
743 914 771 962 et
796 906 895 972 vitam,
924 913 957 963 ut
1010 906 1041 961 in
1056 920 1114 976 quo
1127 905 1269 975 accipitur
1288 903 1435 973 superbia,
1458 903 1505 959 cui
1522 902 1701 972 potissimum
1726 901 1859 957 diabolus

107 995 196 1051 verbo
227 1001 379 1064 competat,
412 994 554 1064 sagaciter
588 994 732 1062 ordinare,
771 1002 803 1051 ut
837 1007 865 1050 et
892 994 957 1050 aliis
1010 995 1141 1063 imperat,
1168 999 1265 1063 utpote
1294 1006 1346 1048 rex
1374 1005 1460 1061 super
1488 1004 1587 1047 omnes
1615 990 1688 1046 filios
1717 989 1859 1060 superbie

107 1083 203 1140 valeat
227 1083 359 1152 exemplo
386 1083 529 1152 prodesse.
555 1082 662 1139 Aliter:
695 1082 768 1138 Solet
796 1097 898 1152 nempe
927 1082 956 1137 13
1011 1083 1078 1151 (deb
1100 1097 1158 1148 xer,
1191 1082 1249 1152 ab),
1278 1089 1306 1138 et
1334 1080 1465 1148 Ocozatb,
1495 1080 1611 1151 dequo
1640 1079 1786 1136 nescimus
1808 1079 1859 1149 qui

108 1171 266 1243 Evangelio
290 1170 499 1227 desudantibus
518 1171 594 1226 Deus
623 1172 696 1226 mira
714 1171 808 1242 gratia
822 1186 881 1242 quo
895 1185 956 1226 am·
1010 1170 1106 1237 luerit,
1128 1178 1254 1227 attamen
1275 1169 1442 1240 complicem
1464 1168 1529 1240 ejus
1552 1183 1609 1223 non
1625 1168 1804 1235 dubitamus,
1830 1168 1859 1223 in

108 1260 184 1331 plius
211 1260 348 1316 insistunt
371 1260 491 1315 dilatare
514 1259 690 1315 intellectum
705 1261 742 1315 ad
763 1260 835 1316 sacri
850 1259 957 1329 eloquii
1011 1275 1070 1333 quo
1085 1274 1141 1316 non
1154 1260 1280 1316 absurde
1297 1257 1467 1328 intelligitur
1486 1257 1605 1324 invidia,
1622 1255 1765 1326 superbiae
1785 1256 1860 1312 vide

108 1349 303 1420 dignoscenda
317 1363 351 1403 ac
364 1348 534 1419 eloquenter
545 1348 722 1404 enubilanda
732 1348 878 1419 mysteria.
895 1348 957 1404 Non
1010 1347 1076 1405 licet
1104 1348 1163 1404 iilia
1178 1348 1255 1405 unde
1279 1355 1307 1403 31
1329 1351 1428 1413 teneras,
1449 1345 1495 1401 vel
1519 1342 1744 1414 comprehendens
1768 1339 1860 1395 inter-

108 1436 195 1492 dicit:
226 1438 363 1491 Ditataoit
397 1450 443 1491 me
477 1439 616 1504 Dominus,
641 1437 691 1492 sed
722 1452 770 1491 uos
798 1436 956 1506 pluraliter,
1012 1444 1154 1507 pretatur,
1182 1437 1253 1507 quia
1278 1449 1336 1504 cor,
1366 1434 1445 1504 quod
1473 1428 1730 1503 comprehenderit,
1759 1428 1801 1482 sic
1824 1434 1860 1482 13

108 1526 179 1594 quia
194 1525 338 1595 quidquid
359 1525 402 1581 vel
419 1526 447 1580 in
463 1525 602 1591 doctrina,
622 1525 666 1581 vei
681 1525 710 1579 in
725 1524 841 1581 virtutis
863 1525 958 1581 studio
1012 1533 1123 1583 333131
1143 1524 1258 1581 difficile
1279 1523 1441 1580 renitescat.
1462 1520 1578 1577 Η13313
1603 1518 1659 1574 alia
1674 1515 1860 1574 translatione

108 1613 324 1684 propagationis
348 1612 394 1668 vir
418 1612 543 1682 quisque
562 1612 627 1682 pius
644 1613 818 1682 assequitur,
837 1613 958 1669 bocnon
1012 1616 1151 1686 proruebas
1171 1612 1336 1670 Abinrelech
1360 1610 1475 1677 dicitnr,
1496 1609 1566 1680 quia
1589 1606 1725 1678 superbia
1747 1604 1860 1677 gaudiis

110 1701 201 1771 magis
221 1714 271 1770 pra
297 1715 350 1756 sua
376 1714 464 1771 quam
491 1700 615 1770 proximi
644 1700 765 1757 utilitate
795 1674 1180 1761 aDeosibiBluxuriante
1216 1701 1392 1768 carnalibus,
1432 1699 1506 1755 livor
1541 1699 1604 1769 eius
1633 1693 1860 1765 intemperantiis

108 1788 171 1844 dari
191 1788 359 1844 arbitratur.
391 1788 468 1844 Facit
491 1802 543 1844 nos
569 1791 643 1844 Deus
673 1804 754 1858 super
778 1793 958 1843 133333333-
1012 1793 1094 1862 quast
1119 1791 1239 1862 quidam
1265 1789 1408 1862 pronuba,
1434 1789 1462 1844 id
1485 1793 1527 1843 est
1554 1784 1785 1856 supplementum
1815 1795 1861 1836 ne

107 1892 189 1946 scere,
205 1892 271 1934 cum
296 1886 347 1933 aut
370 1891 458 1947 super
477 1880 604 1947 corporis
618 1877 758 1933 desideria
781 1877 885 1946 spiritu
906 1890 959 1932 nos
1012 1881 1110 1951 quitiae
1139 1880 1313 1949 comitatur3
1341 1886 1368 1934 et
1402 1877 1493 1932 Pnicoi
1526 1875 1584 1929 due
1608 1875 1735 1940 militum,
1767 1870 1860 1925 inanis

108 1966 257 2034 excellere,
282 1974 332 2022 aut
356 1973 577 2036 superterram,
602 1965 631 2021 id
657 1972 698 2021 est
727 1965 882 2033 Christum,
906 1965 956 2035 qui
1012 1968 1113 2039 gloria,
1129 1968 1217 2024 totius
1234 1965 1430 2037 perversitatis
1454 1963 1677 2029 firmamentum,
1703 1960 1754 2030 qui
1770 1959 1860 2014 inter-

109 2069 208 2111 omnes
221 2055 271 2110 3111
283 2054 426 2122 13333133,
440 2053 508 2109 13311
524 2054 681 2110 virtutibus
691 2054 825 2110 eminere.
1012 2064 1144 2127 pretatur
1159 2071 1186 2111 os
1200 2057 1329 2121 omnium,
1351 2041 1466 2124 quinia
1495 2051 1588 2108 laudis
1611 2050 1746 2106 humane
1765 2046 1860 2119 praeci·

145 2142 231 2199 Vens.
257 2145 302 2210 13,
327 2142 373 2196 et.
399 2173 433 2182 -
449 2143 582 2197 Ascendit
611 2148 701 2197 autem
725 2159 758 2196 ea
784 2143 829 2197 iilo
858 2143 913 2198 ioco
928 2145 958 2196 in
1011 2159 1067 2215 333
1081 2145 1235 2201 delectetur
1260 2157 1352 2212 3333;
1369 2143 1439 2207 bec,
1465 2141 1594 2211 inquam,
1623 2138 1686 2206 tria,
1713 2137 1859 2192 idestsu·

109 2232 250 2300 Bersabee,
270 2231 317 2285 ubi
331 2233 463 2301 apparuit
477 2233 502 2285 ei
515 2233 643 2286 Dominus
656 2233 685 2285 iu
704 2233 767 2301 ipsa
785 2237 880 2286 erecte:
896 2233 958 2298 Ego
1011 2233 1121 2303 perbia,
1153 2232 1271 2298 invidia,
1301 2231 1396 2286 inanis
1419 2229 1511 2301 gloria
1538 2225 1648 2283 homini
1676 2233 1791 2281 terrena
1818 2237 1860 2279 re

108 2334 178 2385 sum,
195 2320 302 2390 inquit,
319 2322 391 2375 Deus
410 2322 502 2390 patris
518 2322 568 2373 tui.
586 2320 649 2377 lloii
673 2322 775 2388 timere,
792 2322 858 2388 quia
873 2325 958 2375 tecum
1012 2322 1127 2390 spuenti
1154 2329 1182 2377 31
1210 2320 1319 2376 amanti
1346 2318 1479 2386 caelestia,
1500 2315 1617 2385 speciali
1638 2313 1817 2370 insecutione
1831 2326 1860 2367 33

108 2422 178 2463 sum.
205 2409 344 2464 Bersabee
372 2408 478 2465 dicitur
499 2413 597 2478 puteus
619 2410 785 2475 saturitatis,
804 2409 959 2479 velputeus
1011 2410 1157 2480 ingerunt,
1184 2418 1212 2465 31
1236 2415 1315 2464 13313
1343 2404 1529 2476 perniciosius
1558 2410 1668 2474 quanto
1690 2399 1859 2457 consulendi

109 2498 231 2564 quintus.
248 2496 355 2553 Puteus
373 2504 470 2553 autem
485 2495 645 2552 saturitatis
664 2496 810 2566 plenitudo
834 2505 958 2554 331333-
1012 2497 1105 2569 gratia
1129 2497 1184 2552 sub
1206 2496 1365 2551 amicorum
1390 2492 1505 2549 nomine
1532 2490 1672 2547 devotius.
1701 2487 1860 2558 Respondet

110 2584 645 2654 1333131133,ι·3133113313,313313133
665 2593 716 2653 331,
746 2584 815 2654 3313
838 2593 958 2655 quater·
1013 2586 1213 2649 tamenlsaac.
1239 2597 1344 2653 eosque
1368 2581 1515 2652 prevenit,
1540 2594 1573 2635 33
1604 2579 1626 2634 31
1648 2578 1773 2634 diceret:
1793 2575 1861 2643 Quis

109 2671 225 2725 narium
254 2671 342 2727 totius
367 2670 584 2741 temporalitatis
606 2672 744 2743 dignitate
771 2672 957 2728 transcendit.
1013 2674 1084 2729 milri
1097 2683 1257 2729 conventus
1272 2672 1430 2738 vobiscum,
1460 2684 1527 2725 cum
1554 2667 1594 2722 nil
1623 2667 1652 2722 in
1679 2666 1761 2722 vobis
1781 2663 1860 2720 aliud

109 2758 221 2814 Dicitur
242 2758 328 2814 etiem
352 2773 369 2813 a
394 2759 568 2829 quibusdam
592 2760 670 2830 quod
699 2775 801 2816 verum
824 2769 876 2828 est,
901 2775 958 2816 non
1013 2776 1102 2832 quam
1133 2761 1236 2818 lethale
1264 2751 1368 2816 animae
1400 2772 1470 2814 mere
1501 2758 1582 2812 virus
1606 2754 1806 2826 compererim,
1835 2760 1861 2808 et

111 2847 359 2916 pescenninus,
376 2847 424 2903 sed
446 2848 594 2917 septimus,
611 2849 725 2904 etbene
746 2856 871 2917 resonat,
889 2851 959 2920 quia
1012 2851 1072 2906 sola
1098 2858 1193 2906 vestra
1221 2847 1434 2904 exsecrabilitas
1464 2860 1517 2902 suo
1545 2845 1663 2901 horrore
1689 2843 1726 2898 ab
1751 2841 1862 2898 ambitu

110 2933 250 3002 sapientia
269 2933 463 3002 spiritualium
478 2935 620 2991 donorum
634 2937 772 3006 septimus
786 2938 893 3008 gradus
904 2945 956 3002 est,
976 2938 1110 3032 Csaeculi
1138 2952 1183 2994 me
1213 2935 1383 3006 expulerit?
1420 2934 1545 2991 Vidimus
1577 2936 1671 2999 tecum,
1710 2930 1859 3000 inquiunt,

110 3016 161 3073 ubi
177 3017 324 3087 plenitudo
339 3018 404 3074 vitae
419 3033 452 3074 ae
467 3019 565 3089 gloriae
586 3029 637 3089 est,
663 3022 732 3092 quia
759 3023 832 3079 Deus
848 3022 959 3091 sapien·
1015 3029 1075 3098 ipsa
1089 3027 1182 3096 operis
1210 3025 1353 3081 evidentia
1377 3025 1546 3080 Deumesse.
1569 3022 1692 3076 Etcum
1716 3017 1860 3089 spirituali

110 3104 445 3175 113331331111131133
468 3107 532 3174 1333,
562 3107 698 3176 predicta
723 3108 829 3164 scilicet
853 3108 959 3179 ampli·
1013 3115 1169 3185 precellas,
1189 3113 1268 3170 omni
1294 3111 1443 3182 temporali
1465 3125 1495 3167 es
1521 3111 1627 3181 dignus
1652 3109 1769 3176 honore,
1784 3107 1860 3178 quod

111 3193 211 3248 tudine
232 3193 390 3259 011311ῑὸ1ῑὸ,
416 3208 473 3249 1¹0ss
499 3194 555 3250 nisi
581 3195 610 3250 111
638 3211 696 3266 (1110
724 3204 907 3253 molestatur
922 3196 959 3251 ad
1012 3202 1119 3261 multos
1142 3203 1269 3259 obtinere
1292 3200 1385 3258 cernis
1403 3199 1538 3266 indebite,
1560 3211 1627 3253 cum
1642 3204 1700 3253 tuae
1715 3195 1861 3267 religionis

109 3280 252 3349 Bersabee,
270 3281 349 3337 idest
370 3281 508 3338 haustum
523 3283 629 3339 divinae
644 3283 762 3340 visionis
781 3286 957 3341 ascenditur.
1013 3291 1095 3347 favor
1123 3289 1304 3346 diffundatur
1329 3289 1447 3359 ubique.
1474 3286 1595 3343 Attende
1622 3299 1691 3356 ergo
1714 3284 1794 3355 quod
1809 3284 1860 3340 tibi

111 3369 155 3425 lbi
181 3369 211 3425 in
234 3370 296 3439 ipsa
311 3370 431 3440 speculi,
447 3378 473 3426 et
488 3372 649 3443 aenigmatis
674 3374 847 3430 obscuritate
863 3383 959 3432 monet

111 3471 164 3512 nos
190 3457 266 3513 Deus
293 3473 350 3514 non
373 3458 476 3514 debere
501 3459 610 3528 timere,
640 3460 698 3531 ipse
725 3461 776 3530 qui
798 3462 957 3531 Abrabam,

110 3545 286 3602 intellectum
314 3546 420 3603 scilieet
446 3555 588 3617 nostrum,
612 3562 666 3604 sua
683 3550 744 3620 jam
765 3550 959 3620 333133333-

110 3632 247 3704 gnitione,
274 3633 357 3690 nobis
392 3634 484 3690 aderit
512 3634 541 3690 in
570 3635 696 3704 seminis,
728 3637 755 3692 id
789 3646 831 3694 est
858 3640 959 3709 gratiae

109 3722 354 3792 multiplicatione,
382 3723 418 3778 ad
446 3724 686 3781 secontuendum
712 3740 770 3782 non
799 3727 829 3782 in
848 3727 957 3795 nubilo,

109 3811 159 3867 sed
172 3819 277 3881 aperte.
306 3811 402 3882 (Vens.
432 3811 490 3881 25.)
512 3813 609 3884 itaque
628 3812 776 3885 edificavit
796 3816 837 3870 ibi
860 3817 957 3886 altare,

109 3904 136 3952 et
162 3900 287 3953 inuocato
320 3898 362 3952 ibi
384 3901 491 3953 nomiue
516 3902 625 3954 Domini
656 3902 777 3956 intendit
802 3903 959 3959 tabernucu-

110 3986 175 4053 lum,
201 3989 380 4056 praecepitque
406 3990 490 4042 seruis
523 3990 580 4042 suis
614 3993 646 4042 ut
678 3990 801 4055 foderent
837 3997 957 4061 puteum.

110 4073 210 4130 :litare
229 4076 269 4128 ibi
282 4076 468 4145 aedificamus,
484 4092 550 4134 curn
567 4080 784 4151 quantomagis
803 4073 958 4139 11333333-

1014 3380 1147 3450 prodesse
1165 3379 1311 3449 cupimus,
1331 3392 1367 3433 ne
1382 3390 1488 3433 renuas
1503 3374 1667 3445 impendere
1690 3387 1776 3429 aures
1791 3372 1861 3428 bone

1013 3466 1241 3536 consulentibus,
1257 3467 1401 3537 perpende
1421 3465 1498 3536 quod
1520 3463 1571 3519 tibi
1587 3475 1741 3532 nunquam
1756 3461 1861 3517 damno

1013 3556 1131 3624 luimus,
1164 3569 1217 3611 nec
1247 3564 1311 3611 tuas
1337 3553 1539 3625 prosperitates
1565 3550 1776 3618 imminuimus,
1807 3549 1862 3605 imo

1015 3643 1163 3713 multiplici
1187 3643 1272 3699 laude
1294 3642 1446 3712 pollentem
1473 3656 1552 3696 nunc
1572 3654 1664 3710 usque
1679 3639 1777 3710 vigere
1801 3650 1862 3708 per·

1014 3733 1154 3790 misimus.
1177 3732 1281 3788 Foedus
1304 3731 1402 3802 itaque
1427 3738 1557 3786 nostrum
1581 3743 1617 3784 ne
1646 3741 1774 3798 respuas,
1796 3741 1861 3784 cum

1013 3822 1071 3878 Deo
1100 3820 1307 3889 multiplicante
1333 3827 1360 3876 te
1388 3819 1488 3890 augeri
1516 3818 1631 3886 sentias,
1652 3816 1675 3872 31
1691 3816 1862 3872 monitisac·

1015 3911 1165 3981 quiescas;
1198 3909 1258 3965 haec
1284 3907 1504 3980 aequipollenter
1537 3906 1614 3962 dicta
1638 3905 1737 3962 sensui
1760 3919 1859 3962 eorum

1013 4005 1182 4055 consonant.

1050 4087 1137 4145 Vens.
1153 4085 1198 4154 30,
1221 4089 1265 4154 31,
1289 4087 1334 4154 31,
1356 4085 1400 4142 33.
1425 4114 1460 4126 -
1485 4086 1559 4139 Fecit
1572 4099 1634 4153 erqo
1647 4084 1685 4138 eis
1698 4083 1860 4147 cortuioium,

110 4162 285 4232 gnoscimus,
303 4171 381 4220 13313
406 4165 550 4221 fortiorem
575 4167 646 4222 bene
664 4169 958 4238 agendivoluntatem
1012 4179 1046 4243 et,
1063 4179 1124 4245 pest
1147 4175 1235 4229 cibum
1264 4179 1405 4244 etpotum,
1431 4177 1571 4242 surgentes
1597 4187 1675 4226 mane
1696 4172 1862 4241 juraveruut

109 4264 220 4320 semper
246 4251 391 4307 meliorem
416 4252 502 4320 avidi,
530 4252 592 4309 sine
616 4268 675 4324 qua
689 4256 782 4312 omnis
795 4256 887 4313 virtus
901 4270 956 4312 33-
976 4259 1064 4320 Dsibi
1087 4269 1189 4319 mutuo.
1223 4265 1386 4331 Dimisitque
1409 4277 1452 4317 eos
1478 4263 1590 4330 pacifice
1616 4261 1695 4316 isaac
1723 4260 1861 4314 inlocum

110 4347 194 4409 gusta
214 4348 265 4407 est,
293 4341 525 4410 constabiliendo,
555 4341 622 4398 hinc
648 4343 713 4399 inde
738 4344 955 4402 collatisvirtu·
1008 4369 1097 4410 suum.
1124 4356 1189 4408 Ecce
1211 4359 1301 4408 autem
1322 4334 1452 4406 33333331
1476 4353 1506 4405 in
1533 4352 1592 4419 ipsa
1616 4348 1661 4403 die
1687 4351 1760 4403 serui
1784 4350 1860 4403 isaac

111 4428 187 4484 tibus
200 4429 235 4484 ad
259 4429 350 4485 Deum
364 4429 524 4499 erigimus:
542 4431 658 4487 undeet
681 4434 803 4488 inuocato
831 4437 880 4488 Dei
904 4451 956 4490 no·
1009 4444 1203 4498 artnenttantes
1219 4444 1244 4496 ei
1262 4442 1295 4496 de
1314 4446 1395 4511 puteo
1416 4455 1494 4510 quem
1516 4436 1859 4506 [33333313133331333-

108 4517 180 4570 mine
194 4515 300 4570 dicitur
322 4516 483 4572 extendisse
505 4517 717 4587 tabernaculum,
744 4520 813 4576 dum
839 4536 896 4578 non
919 4522 955 4577 ad
1008 4534 1064 4585 tes:
1080 4532 1235 4584 invenimus
1259 4546 1369 4600 aquam,
1394 4529 1468 4584 Unde
1492 4527 1644 4598 appellauit
1669 4541 1740 4594 eum,
1760 4525 1857 4579 Abun-

109 4602 155 4658 sui
170 4602 258 4673 ipsius
272 4603 449 4673 opinionem,
468 4605 516 4661 sed
532 4606 567 4661 ad
585 4607 635 4662 Dei
650 4607 739 4665 solius
753 4609 867 4667 laudem
885 4627 956 4682 cpe·
1009 4619 1144 4672 dantium.
1168 4618 1273 4675 Tribus
1301 4618 1357 4674 11113
1385 4616 1553 4674 convivium
1580 4615 1660 4670 isaac
1687 4614 1764 4681 lacit,
1794 4627 1859 4669 cum

108 4705 174 4748 rum
189 4691 337 4749 ellectibus
357 4694 438 4749 bonae
455 4694 546 4750 exerit
562 4695 718 4753 voluntatis
740 4701 898 4768 appetitum
919 4700 955 4755 ad
1008 4707 1086 4777 ipsas
1100 4706 1237 4763 vitiorum
1251 4707 1430 4764 adulationes
1453 4704 1722 4762 ratiocinationibus
1745 4702 1861 4774 quibus·

110 4781 159 4838 Dei
176 4781 308 4838 militiam
322 4783 551 4853 exsequendum.
576 4785 634 4841 iloc
652 4787 729 4843 enim
753 4789 847 4861 signat
863 4790 953 4846 taber·
1009 4796 1076 4851 dam
1096 4803 1191 4867 auget,
1205 4804 1233 4853 31
1248 4796 1349 4852 nutrit.
1366 4797 1430 4851 Post
1443 4795 1541 4852 cibum
1563 4801 1590 4850 et
1603 4791 1709 4864 lpotum
1724 4797 1859 4863 surgunt,

110 4869 259 4936 naculum,
284 4871 413 4942 precipit
437 4876 522 4927 seruis
551 4880 582 4930 ut
609 4872 719 4932 fodiant
740 4884 863 4946 puteum,
889 4893 955 4935 cum
1010 4899 1076 4940 cum
1103 4892 1164 4954 post
1191 4884 1300 4941 iercula
1322 4883 1487 4955 temporalis
1515 4882 1623 4955 gloriae,
1653 4895 1719 4952 quae
1745 4880 1860 4951 potibus
1902 4918 1905 4955 3

110 4957 294 5015 interioribus
312 4959 562 5032 exterioribusque
588 4968 661 5018 loo
687 4965 748 5021 suis
763 4966 957 5023 indicitmoti·
1011 4972 1170 5043 irrigantur
1192 4973 1301 5029 consilii
1331 4973 1451 5029 rationis
1475 4973 1621 5040 humanae,
1650 4971 1804 5026 elevantur
1832 4968 1860 5023 in

110 5046 176 5116 bus,
195 5055 225 5103 31
239 5055 415 5116 3333133133,
432 5049 533 5119 quanti
550 5051 644 5108 valeat
660 5061 776 5124 gustare
791 5055 956 5123 presentia-
1010 5075 1088 5130 spcm
1105 5060 1268 5118 ambitionis
1282 5061 1441 5132 explendae.
1459 5061 1542 5118 blane
1556 5060 1609 5116 sibi
1626 5067 1728 5116 mutuo
1747 5057 1857 5129 jurant,

110 5135 183 5203 liter,
199 5136 223 5191 si
232 5137 304 5192 tanti
316 5137 392 5193 valet
406 5138 561 5210 enigmata
575 5141 718 5211 speculari
728 5143 838 5200 Deum.
1010 5149 1079 5205 dum
1105 5149 1134 5204 in
1165 5149 1226 5219 ipso
1240 5149 1437 5220 prosperitatis
1453 5149 1548 5205 arrisu
1562 5163 1622 5205 sese
1648 5146 1739 5203 [idelis
1762 5145 1860 5202 anima

146 5224 231 5282 Vnus.
259 5226 436 5294 332118.
467 5258 496 5268 -
528 5229 577 5283 Ad
600 5245 678 5298 quem
711 5232 796 5286 laeum
822 5234 958 5288 uenissent
1010 5244 1038 5293 et
1080 5237 1182 5294 vitium
1214 5239 1416 5295 conloederant.
1456 5241 1536 5294 Mane
1578 5237 1638 5295 sive
1673 5248 1791 5303 aurora,
1833 5239 1860 5289 ct

110 5311 621 5384 3311333313Αὸ1331333,310333311
643 5321 726 5373 amici
746 5319 815 5391 ejus,
838 5325 864 5376 et
891 5323 957 5376 1113·-
1009 5326 1095 5383 etiarn
1119 5327 1179 5383 dies
1204 5342 1254 5398 pro
1269 5328 1401 5384 secundis
1420 5328 1507 5384 rebus
1532 5332 1692 5396 ponuntur,
1714 5332 1747 5381 ut
1766 5330 1808 5380 est
1830 5321 1859 5377 in

64 5406 67 5410 ’
110 5401 151 5456 eoi
169 5399 227 5454 due
241 5403 368 5470 militum,
390 5404 493 5459 locutus
514 5411 554 5459 est
566 5408 605 5460 eis
628 5408 722 5462 isaac:
746 5409 820 5475 Quid
845 5413 957 5467 venistis
1010 5415 1080 5471 lob:
1110 5416 1250 5471 secubitu
1278 5418 1439 5487 apparuerit
1470 5431 1580 5484 aurora,
1607 5415 1783 5469 arbitrantur
1804 5426 1860 5466 um-

111 5488 149 5543 od
170 5504 212 5543 me
235 5491 368 5546 bominem
394 5509 472 5562 quem
493 5493 600 5561 33113113,
617 5500 643 5551 31
663 5499 808 5567 repulistis
823 5516 840 5554 3
857 5501 958 5557 uobis?
1013 5504 1089 5560 13333
1112 5507 1208 5561 mortis
1234 5505 1294 5576 (lob
1319 5518 1400 5573 xxiv,
1429 5503 1485 5576 17).
1513 5504 1546 5560 13
1572 5503 1668 5560 locum
1694 5516 1783 5560 suum
1809 5517 1857 5559 cos
