3818 6008
103 235 155 294 983
563 232 710 290 terunt).
730 233 778 288 AD
797 230 864 288 LIB.
886 233 927 290 ltl
947 231 1112 289 obruenti
1130 231 1176 287 DE
1196 229 1277 287 vtta
1295 228 1373 288 stat.
1807 229 1859 285 sal
1908 255 1909 290 l

103 367 156 426 ubi
170 366 325 424 honorilice
339 363 462 436 suscepti
476 377 578 420 sumus
591 362 627 419 ab
641 362 775 434 episcopo
790 362 881 433 ipsius
894 376 948 419 ur·
966 362 1171 434 hnistaplum,
1187 361 1238 419 ubi
1275 361 1410 418 manebat
1432 361 1551 432 quidam
1575 361 1718 432 princeps,
1746 359 1862 417 nomine
1908 352 1909 361 ’

104 457 159 525 bis,
173 470 224 528 pro
239 455 339 511 notitia
362 452 491 524 magistri
506 451 642 519 anselmi,
669 449 807 522 quoniam
836 451 952 522 cognati
1006 452 1112 509 loellus
1127 453 1163 508 de
1183 453 1313 521 botones,
1329 452 1415 523 cujus
1438 465 1514 507 uxor
1536 459 1598 508 erat
1614 464 1755 522 germana
1770 449 1862 507 Guer·

105 544 170 616 ejus
196 542 359 599 Alexander
377 548 405 597 et
433 539 564 611 Nigellus
595 540 631 596 ad
656 539 783 595 scholam
817 541 880 611 ejus
901 540 953 596 diu
1008 542 1107 597 mundi
1126 542 1162 597 de
1183 540 1304 597 Pinkeni
1327 539 1509 612 (Peqaipnp).
1527 540 1578 596 ilic
1601 553 1670 611 ergo
1685 540 1791 610 partim
1812 553 1863 609 pro

105 639 270 690 manserant
287 630 429 687 banduui.
1006 629 1139 701 conjugis
1162 643 1222 685 suae
1249 629 1360 692 notitia,
1386 643 1451 698 quae
1470 628 1505 684 de
1523 627 1710 684 Anthianensi
1730 636 1794 684 erat
1824 641 1864 683 re

106 722 172 778 Cae.
188 720 263 778 xlv.
280 720 374 774 -De
378 716 765 789 febricitantemroioopud
784 716 954 775 Wiilociom
1007 716 1124 789 ligioue,
1145 717 1222 773 uude
1246 725 1273 772 et
1294 727 1391 771 nostri
1421 716 1574 772 videbatur
1594 731 1655 772 esse
1680 715 1864 786 cornprovin·

316 806 463 863 abbatiam
473 804 749 862 somtimonioliom.
1008 807 1099 874 cialis,
1122 806 1216 878 magis
1238 811 1335 861 autem
1360 819 1411 874 pro
1432 803 1580 860 miraculis
1603 818 1669 874 qum
1693 817 1744 873 per
1770 804 1865 859 Domi-

141 898 241 955 Postea
256 896 390 953 venimus
401 896 437 952 ad
452 896 608 966 quamdam
630 894 775 951 abbatiam
800 895 956 951 sanctimo-
1009 909 1077 951 nam
1112 903 1239 951 nostram
1281 894 1357 950 lacta
1398 893 1537 949 didicerat
1570 893 1788 964 gratantissime
1817 907 1867 948 nos

106 985 238 1055 niallam,
262 999 328 1055 quae
351 992 472 1039 vocatur
502 982 646 1050 Wiltonia,
673 982 722 1038 ubi
748 982 832 1038 uobis
861 988 955 1037 osten·
1009 983 1175 1054 suscipient,
1212 980 1414 1053 pertriduum
1438 995 1536 1038 secum
1564 981 1693 1048 retinuit,
1715 981 1869 1052 scyphum-

106 1075 211 1144 derunt
244 1072 423 1143 sepulturam
462 1070 634 1126 venerabilis
664 1070 746 1126 Bedae
787 1070 954 1141 presbyteri,
1009 1086 1067 1142 quc
1090 1079 1270 1143 argenteum,
1294 1078 1322 1126 et
1343 1069 1460 1126 calicem
1484 1070 1651 1140 pretiosum,
1678 1084 1732 1126 nec
1760 1084 1823 1125 non
1843 1079 1867 1125 et

105 1161 213 1234 egregii
245 1160 388 1230 doctoris3
417 1172 504 1228 prope
535 1172 621 1228 quem
649 1157 761 1228 sepulta
783 1165 826 1214 est
851 1157 957 1228 inclyta
1010 1160 1145 1224 cortinas,
1160 1160 1276 1230 aliaque
1301 1167 1481 1225 ornamenta,
1496 1172 1562 1228 quae
1585 1158 1680 1214 adbuc
1697 1158 1728 1213 in
1752 1157 1868 1213 Laudu·

105 1249 306 1317 versificatrix,
324 1261 389 1318 quae
405 1246 519 1316 proprio
536 1247 650 1301 nomine
665 1254 767 1302 vocata
782 1252 823 1301 est
838 1245 955 1302 blurier.
1011 1247 1092 1303 neusi
1127 1256 1281 1304 servantur
1312 1246 1441 1315 ecclesia,
1474 1247 1521 1302 sed
1551 1252 1578 1302 et
1601 1260 1723 1316 equum,
1748 1245 1804 1315 qui
1837 1258 1868 1300 ea

106 1337 228 1407 Quidam
257 1351 294 1394 ex
322 1336 408 1407 longo
433 1342 559 1404 tempore
592 1335 756 1392 febricitans
784 1335 898 1406 jacebat
921 1335 957 1391 ad
1011 1335 1143 1403 deferret,
1179 1336 1264 1399 dedit,
1289 1335 1440 1406 multaque
1473 1335 1548 1405 alia;
1581 1334 1748 1405 quindecim
1783 1332 1868 1389 libras

106 1428 270 1497 sepulcrum
294 1422 466 1481 venerabilis
489 1423 755 1493 Bedaepresbyterl,
778 1424 827 1479 ubi
851 1437 958 1494 quam·
1012 1423 1212 1480 laudunensis
1238 1432 1357 1480 monetae
1389 1423 1515 1479 valentia
1540 1422 1750 1492 superaddidit.
1780 1422 1868 1492 Cuius

106 1515 204 1587 piures
218 1520 427 1570 consueverant
452 1513 558 1568 sanari.
582 1512 689 1568 Eadem
714 1520 796 1568 nocte
818 1513 959 1567 adventus
1012 1511 1171 1569 devotionis
1192 1513 1275 1583 quasi
1295 1513 1351 1568 cita
1373 1512 1588 1568 remuneratrix
1614 1510 1716 1566 volens
1730 1524 1796 1566 esse
1820 1510 1868 1565 Dc

106 1602 198 1659 nostri
216 1601 349 1673 apparuit
366 1600 392 1657 ei
417 1600 447 1656 in
472 1601 580 1657 somnis
608 1600 716 1657 blurier
736 1600 785 1656 illa
808 1600 957 1656 versifica·
1012 1601 1092 1657 mina
1110 1609 1217 1670 nostra,
1236 1602 1353 1657 evidens
1368 1599 1408 1656 ibi
1428 1600 1601 1656 miraculum
1617 1598 1752 1655 ostendit.
1771 1598 1868 1654 Puella

24 1708 28 1719 ·
108 1691 176 1759 trix,
206 1691 302 1747 dicens
326 1690 372 1745 ei:
397 1689 461 1745 lion
486 1695 565 1759 potes
589 1689 636 1745 bic
663 1689 746 1745 modo
781 1702 829 1758 per
852 1688 958 1744 Bedarn
978 1657 1140 1761 Bnamque
1173 1689 1313 1745 duodenis
1345 1689 1374 1744 in
1402 1688 1465 1758 eius
1495 1687 1580 1743 domo
1618 1686 1768 1756 manebat,
1802 1687 1867 1742 adeo

107 1779 214 1844 sanari,
231 1778 371 1849 quoniam
385 1778 469 1834 beata
485 1776 598 1833 bomini
613 1777 703 1833 Mater
726 1777 762 1833 ad
778 1778 956 1833 nosdesceu·
1014 1786 1070 1835 toto
1083 1792 1201 1848 corpore
1218 1777 1371 1834 incurvata
1396 1786 1427 1833 ut
1444 1791 1590 1846 nusquam
1606 1775 1646 1831 ire
1673 1776 1798 1843 valeret,
1816 1776 1866 1831 nisi

108 1866 159 1923 dit.
191 1865 272 1934 Quod
299 1880 365 1922 cum
388 1866 472 1921 uobis
495 1865 524 1920 in
548 1865 673 1920 crastino
697 1865 850 1932 retulisset,
873 1872 959 1921 etex
1013 1867 1091 1938 quod
1115 1867 1295 1923 solummodo
1320 1880 1388 1922 cunr
1412 1864 1575 1921 scabellulis
1600 1864 1726 1934 rependo
1752 1878 1806 1934 per
1821 1872 1867 1920 ter-

108 1969 186 2026 aqua
211 1954 400 2025 reliquiarum
433 1954 557 2010 lotarum
586 1954 712 2031 bibisset,
740 1953 814 2011 illico
841 1961 960 2010 sanatus
1013 1969 1120 2012 ramse
1139 1954 1271 2011 trahebat
1294 1962 1379 2025 prout
1403 1961 1522 2024 poterat.
1549 1953 1615 2008 llaec
1641 1967 1710 2022 ergo
1736 1952 1775 2007 ad
1799 1952 1865 2008 lere-

108 2051 159 2099 est.
197 2043 312 2099 Reversi
337 2056 437 2098 sumus
467 2056 517 2112 per
551 2043 751 2109 Essecestram,
777 2055 835 2098 non
865 2051 959 2098 tamen
1015 2053 1091 2102 trum
1116 2044 1250 2110 adducta,
1271 2049 1386 2113 peccata
1409 2042 1548 2107 consessa,
1573 2054 1651 2111 aqua
1675 2041 1866 2112 reliquiarum

109 2131 295 2189 introivimus
318 2131 430 2198 urbem,
465 2131 600 2201 quamvis
622 2145 639 2186 a
665 2130 763 2186 multis
780 2144 957 2201 rogaremur,
1012 2132 1081 2196 lota,
1108 2132 1240 2202 quandiu
1260 2131 1300 2187 ibi
1320 2131 1429 2187 luimus
1448 2145 1506 2186 non
1528 2138 1571 2186 est
1588 2139 1702 2196 curata,
1728 2130 1779 2185 sed
1805 2145 1866 2185 cum

109 2233 145 2276 ne
165 2219 279 2275 viliores
301 2233 439 2286 essemus,
456 2219 594 2287 quoniam
611 2220 672 2290 jam
693 2219 791 2274 decem
811 2219 913 2275 diebus
930 2219 960 2274 in
1011 2219 1071 2290 jam
1095 2220 1178 2275 nobis
1200 2219 1412 2275 discedentibus
1445 2231 1510 2274 cnm
1540 2231 1643 2289 magno
1670 2217 1742 2273 lietu
1768 2217 1866 2273 clama·

109 2322 143 2364 ea
158 2321 368 2364 manseramus.
1013 2315 1065 2375 ret,
1090 2308 1168 2364 lleut
1193 2308 1319 2377 piissima
1352 2307 1474 2362 Domina
1498 2315 1597 2363 sancta
1634 2306 1735 2374 llaria,
1763 2318 1866 2376 ergone

145 2397 210 2452 Car.
227 2395 290 2453 XV.
306 2426 340 2436 -
358 2394 871 2467 Depcellocaecoiliominoloopcd
1013 2396 1204 2463 sicdisoedes,
1228 2403 1256 2452 et
1278 2409 1323 2452 me
1351 2409 1409 2451 non
1431 2403 1561 2450 curatam
1578 2393 1753 2463 relinques?
1782 2393 1864 2464 proti-

421 2482 657 2539 bonoceaeriom.
1013 2499 1069 2541 nus
1082 2483 1245 2539 videntibus
1272 2485 1384 2540 cunctis
1408 2490 1518 2551 sauata,
1544 2482 1678 2553 projectis
1700 2480 1867 2538 scabellulis

146 2573 258 2629 Exinde
273 2571 406 2629 venimus
421 2572 450 2627 in
475 2571 737 2642 provinciamque
763 2578 885 2627 vocatur
908 2572 961 2626 lla·
1013 2572 1149 2629 exsiliens
1173 2572 1258 2640 stetit,
1281 2573 1364 2628 etad
1389 2572 1527 2629 ieretrum
1557 2571 1666 2642 gratias
1696 2584 1791 2642 agens
1817 2584 1868 2624 nu-

110 2660 277 2728 navexeria,
313 2659 363 2716 ubi
401 2659 588 2716 ostenderunt
621 2657 704 2714 nobis
729 2659 905 2726 cathedram,
933 2666 961 2715 et
1013 2660 1113 2718 currit.

110 2749 230 2806 lurnum
245 2747 324 2804 illius
339 2747 439 2803 lamosi
454 2746 613 2803 secundnm
629 2746 742 2802 iabules
756 2746 959 2803 Britannorum
1050 2751 1117 2806 Car.
1133 2749 1230 2806 lilllll.
1250 2779 1280 2790 -
1298 2751 1337 2804 ile
1359 2744 1499 2806 monacho
1512 2747 1615 2803 claudo
1629 2746 1738 2802 ibidem
1759 2750 1866 2801 carolo.

110 2836 187 2906 regis
199 2836 306 2903 hunni,
332 2836 481 2905 ipsamque
505 2842 611 2891 terram
631 2836 760 2906 eJusdem
785 2836 884 2891 hrturi
899 2849 960 2891 esso
1049 2839 1207 2895 Monachus
1243 2839 1329 2895 etiam
1350 2837 1467 2908 quidam
1496 2837 1645 2908 religiosus
1670 2837 1705 2892 de
1729 2836 1867 2892 charitate

110 2924 253 2980 dicebaut.
278 2923 320 2979 lbi
340 2939 392 2980 nos
404 2923 563 2994 plurimum
578 2923 730 2979 bonoravit
757 2924 876 2994 quidam
904 2924 959 2980 ole—
979 2927 1119 2992 cibidem
1137 2927 1281 2993 manebat,
1306 2926 1336 2982 in
1363 2926 1434 2982 cella
1457 2940 1546 2997 quam
1571 2924 1708 2995 praelatus
1737 2925 1867 2995 princeps

110 3012 189 3069 ricus
208 3013 324 3068 nomine
352 3014 410 3083 (56)
434 3013 576 3082 agardus,
602 3011 653 3082 qui
675 3012 735 3082 jam
759 3012 809 3068 diu
826 3011 958 3067 lauduni
1012 3016 1119 3073 loellus
1141 3016 1343 3082 aedificaverat,
1365 3015 1417 3085 qui
1437 3015 1498 3085 jam
1519 3028 1568 3084 per
1590 3014 1745 3069 biennium
1771 3014 1866 3068 morbo

111 3106 267 3165 manserat,
284 3099 394 3170 quique
406 3100 585 3170 postmodum
600 3100 629 3155 iu
644 3099 854 3156 Nortbmanuia
868 3099 960 3155 iactus

52 3232 66 3241 .
114 3195 157 3244 est
170 3188 318 3257 episcopus
340 3187 420 3244 urbis
443 3186 707 3244 constantiniensis.
736 3188 810 3244 Dum
826 3201 895 3258 ergo
919 3186 959 3244 ibi

112 3287 250 3342 essemus,
290 3275 385 3345 puella
417 3275 549 3346 quaedam
575 3276 633 3332 lere
666 3276 810 3342 decennis,
845 3275 960 3332 nomine

112 3362 283 3432 Kenehellis,
299 3377 373 3420 caeca
396 3377 413 3419 a
440 3365 600 3432 nativitate,
618 3364 731 3420 invilla
749 3378 815 3434 quae
844 3364 960 3420 Bomiue

112 3455 188 3504 54⁰
211 3458 340 3519 vocatur,
355 3452 392 3508 ad
418 3451 554 3509 teretrum
568 3452 656 3520 venit,
672 3462 699 3509 et
713 3453 771 3509 lota
798 3453 896 3509 oculos
923 3468 960 3509 ex

112 3551 190 3609 aqua
205 3539 396 3610 reliquiarum
409 3539 506 3596 lumen
523 3542 639 3610 recepit.

218 3627 284 3685 Car.
300 3628 376 3685 XVI.
391 3658 425 3668 —
441 3630 484 3682 De
497 3627 584 3682 sardo
597 3627 702 3683 ibidem
714 3631 828 3684 sonnio.

149 3715 201 3772 Sed
218 3724 245 3772 et
259 3716 376 3786 juvenis
402 3716 519 3786 quidam
536 3716 565 3772 in
587 3717 686 3772 eadem
712 3717 780 3772 villa
808 3717 914 3773 surdus
944 3731 961 3772 a

112 3803 264 3861 nativitate
288 3805 324 3861 ad
349 3805 485 3861 leretrum
516 3805 604 3873 venit,
629 3814 656 3863 et
680 3806 754 3862 lotus
777 3819 862 3862 aures
884 3818 961 3876 aqua

112 3891 302 3962 reliquiarum
321 3894 450 3963 protinus
465 3893 585 3950 audivit.
602 3894 721 3959 Quidam
740 3895 826 3950 etiam
847 3895 893 3950 vir
909 3893 960 3950 ibi-

112 3980 177 4036 dem
206 3994 324 4037 manum
362 3981 474 4037 aridam
508 3981 625 4049 habens,
657 3997 752 4038 coram
777 3982 880 4038 leretro
910 3995 961 4052 pro

112 4068 263 4123 sanctitate
285 4067 448 4139 recipienda
471 4069 618 4140 vigilabat.
647 4069 699 4126 Sed
730 4071 803 4126 sicut
832 4070 962 4127 Britoues

112 4155 203 4212 solent
227 4155 342 4227 jurgari
358 4170 425 4213 cum
450 4158 567 4214 Francis
589 4172 640 4228 pro
655 4172 721 4229 rege
739 4158 856 4226 Artum,
886 4159 961 4215 idem

1015 3104 1177 3171 insanabili,
1193 3117 1280 3174 quem
1293 3103 1394 3159 medici
1417 3103 1505 3159 sciam
1526 3109 1637 3166 avocant,
1660 3101 1733 3157 adeo
1759 3101 1865 3158 labora·

1014 3199 1095 3248 verat
1117 3198 1149 3248 ut
1173 3204 1319 3262 nusquam
1339 3190 1394 3246 nisi
1414 3190 1601 3247 claudicando
1619 3197 1646 3245 et
1672 3188 1781 3245 baculo
1802 3188 1865 3245 sub

1014 3281 1173 3337 stendando
1213 3287 1305 3350 posset
1346 3279 1480 3336 incidere.
1512 3279 1562 3333 llic
1588 3292 1657 3349 ergo
1689 3292 1741 3347 per
1780 3287 1863 3334 totum

1016 3370 1145 3426 triduum
1165 3368 1247 3425 nobis
1268 3369 1297 3424 in
1320 3369 1419 3425 eadem
1439 3367 1558 3424 ecclesia
1580 3366 1799 3423 remorantibus
1819 3379 1864 3436 pro

1014 3473 1094 3528 posse
1116 3472 1168 3514 suo
1190 3457 1354 3514 dulcissime
1377 3456 1506 3513 serviens
1526 3463 1554 3511 et
1574 3469 1611 3511 ex
1640 3469 1721 3526 aqua
1742 3455 1864 3512 lotarum

1015 3547 1206 3618 reliquiarum
1245 3547 1334 3602 lotum
1371 3539 1469 3602 morbi
1518 3558 1606 3614 super
1639 3543 1737 3599 lemur
1769 3544 1866 3599 lavans

1015 3636 1147 3707 quandiu
1162 3635 1200 3691 ibi
1216 3635 1324 3692 luimus
1342 3648 1400 3690 non
1421 3643 1463 3690 est
1477 3642 1612 3703 curatus;
1633 3632 1693 3700 scd,
1718 3646 1788 3689 cum
1810 3633 1866 3704 jam

1016 3724 1050 3779 de
1065 3731 1157 3778 castro
1181 3722 1288 3792 egressi
1311 3722 1456 3778 licentiam
1478 3735 1495 3776 a
1519 3720 1626 3789 populo
1650 3720 1764 3791 gratias
1785 3734 1868 3792 agen·

1016 3817 1058 3867 tes
1073 3819 1243 3881 peteremus,
1264 3818 1291 3866 et
1310 3809 1369 3880 ipse
1384 3822 1435 3864 nos
1458 3821 1525 3865 cum
1549 3807 1653 3863 baculo
1677 3805 1868 3864 claudicando

1016 3907 1248 3970 prosequeretur,
1273 3905 1389 3968 repente
1421 3904 1540 3953 curatus
1569 3895 1707 3952 baculum
1741 3895 1867 3968 proiecit,

1016 3995 1043 4044 et
1066 3988 1103 4044 ad
1127 3987 1264 4044 feretrum
1287 3985 1394 4043 cursim
1419 3985 1548 4050 veniens,
1567 3983 1737 4040 videntibus
1759 3985 1868 4042 cunctis

1017 4075 1147 4143 libenter,
1166 4082 1194 4132 et
1216 4075 1345 4131 hilariter
1373 4074 1444 4130 illud
1466 4071 1657 4143 amplexando
1685 4072 1868 4129 deosculatus

1017 4165 1172 4220 humerum
1185 4161 1345 4234 supposuit,
1362 4170 1389 4218 et
1403 4175 1440 4218 ex
1452 4174 1510 4218 una
1526 4169 1606 4231 parte
1626 4160 1746 4232 longius
1774 4161 1867 4218 nobis-

111 4243 157 4299 vir
171 4243 256 4313 coepit
267 4244 357 4300 rixari
373 4259 440 4302 cum
453 4260 556 4302 unoex
573 4245 688 4302 lamulis
712 4247 826 4314 nostris,
847 4247 962 4303 nomine
980 4232 1002 4288 D
1017 4266 1083 4310 eum
1095 4251 1265 4322 deportavit.

113 4333 279 4403 haganello,
314 4334 365 4404 qui
401 4341 463 4390 erat
492 4348 528 4390 ex
557 4334 666 4390 lamilia
697 4335 795 4390 domni
824 4334 963 4391 (luidonis

114 4419 315 4479 baudunensis
347 4420 552 4490 archidiaconi,
577 4422 673 4478 dicens
706 4423 802 4479 adhuc
822 4424 963 4480 Asturum

1052 4342 1119 4400 Chr.
1137 4341 1216 4397 xtx.
1234 4371 1268 4381 -
1285 4341 1328 4394 De
1341 4338 1401 4394 alio
1416 4338 1519 4394 claudo
1533 4341 1637 4394 curato
1648 4338 1729 4410 opud
1741 4342 1867 4394 castrum

1374 4428 1499 4484 Tolenes.

114 4508 491 4581 011101010110011011110110
506 4510 636 4567 tumultu
651 4520 760 4579 exorto,
786 4526 853 4568 011111
875 4513 963 4568 armis
1052 4518 1118 4575 Post
1137 4518 1198 4575 baec
1224 4517 1260 4574 ad
1283 4516 1391 4588 praelati
1416 4514 1552 4587 principis
1572 4513 1654 4572 loelli
1668 4521 1800 4572 castrum
1819 4528 1867 4570 ve-

112 4597 260 4654 ecclesiam
276 4600 393 4655 irruunt
406 4598 534 4669 plurimi,
545 4605 572 4654 et
586 4597 640 4655 nisi
661 4600 797 4669 praelatus
819 4600 963 4671 bigardus
1017 4603 1124 4669 nimus,
1146 4601 1223 4672 quod
1243 4601 1361 4656 Totenes
1373 4600 1488 4666 dicitur,
1505 4599 1718 4656 deducentibus
1741 4613 1796 4655 nos
1811 4599 1868 4669 qni·

113 4685 235 4742 clericus
259 4687 423 4754 obstitisset,
456 4700 528 4756 pene
551 4700 644 4757 usque
666 4690 702 4743 ad
725 4689 876 4760 sanguinis
896 4687 963 4745 ellu-
1017 4689 1139 4746 busdam
1154 4688 1367 4746 exhomiuibus
1388 4689 1460 4760 ejus,
1475 4687 1525 4744 ubi
1540 4687 1729 4744 honorilicea
1744 4687 1867 4758 quibus-

112 4773 218 4829 sionem
243 4782 361 4831 ventum
383 4774 492 4830 luisset.
509 4774 601 4838 Quam
624 4776 718 4832 rixam
742 4791 838 4833 coram
860 4778 963 4834 ieretro
1017 4778 1083 4834 dam
1108 4777 1256 4834 monacbis
1279 4777 1399 4847 suscepti
1426 4778 1521 4833 triduo
1544 4777 1583 4832 ibi
1608 4776 1784 4833 mansimus.
1810 4776 1867 4842 Qui

112 4875 166 4917 suo
189 4862 293 4918 iactam
315 4862 460 4919 credimus
484 4862 612 4919 Domiuae
644 4872 743 4921 nostra
773 4865 961 4936 displicuisse,
1018 4867 1083 4923 dam
1106 4880 1175 4937 ergo
1196 4879 1283 4922 senex
1298 4865 1355 4922 illio
1370 4865 1504 4922 manebat
1524 4863 1711 4920 anativitate
1735 4864 1865 4927 claudus,

113 4962 181 5006 nam
211 4950 285 5007 idem
309 4949 356 5006 vir
385 4963 505 5007 manum
538 4950 647 5007 babens
683 4954 804 5019 aridam,
837 4955 889 5024 qui
911 4966 962 5023 pro
1017 4954 1299 5020 etomnibusnotus,
1331 4961 1441 5023 utpote
1465 4951 1756 5024 prepositiejusdem
1786 4949 1866 5007 castri

113 5040 219 5094 arturo
235 5038 392 5094 tumultum
406 5039 520 5107 iecerat,
536 5040 688 5098 sanitatem
699 5056 756 5097 non
774 5041 889 5112 recepit.

148 5125 214 5183 Car.
231 5127 317 5182 xvh.
334 5129 376 5183 De
387 5127 488 5200 puello
500 5145 589 5185 coroa
606 5123 684 5200 apud
711 5133 837 5185 castrum

368 5215 593 5289 Boonielopiom
605 5221 720 5274 monia.

1017 5056 1183 5114 germanus.
1200 5042 1262 5108 llic,
1276 5041 1382 5098 auditis
1395 5041 1542 5098 miraculis
1565 5054 1631 5111 qua
1659 5039 1780 5108 debant,
1805 5053 1865 5096 cum

1018 5130 1073 5186 lide
1091 5137 1119 5186 et
1142 5130 1232 5186 multa
1260 5129 1409 5186 devotione
1442 5127 1481 5185 ad
1500 5128 1639 5184 teretrum
1664 5130 1758 5195 veuit,
1784 5136 1812 5184 et
1834 5140 1865 5181 ex

1017 5232 1095 5289 aqua
1125 5217 1276 5275 lavationis
1309 5217 1497 5287 reliquiarum
1529 5216 1640 5282 bibens,
1669 5230 1767 5286 eaque
1798 5215 1867 5271 lotus

149 5302 214 5358 Post
226 5303 289 5359 haec
300 5305 432 5362 venimus
446 5305 482 5363 ad
497 5313 635 5373 castrum,
651 5306 728 5378 quod
754 5306 859 5362 dicitur
887 5306 961 5362 Ban-
1018 5307 1150 5377 protinus
1168 5319 1263 5362 coram
1295 5305 1401 5376 populo
1427 5312 1468 5361 est
1491 5312 1611 5360 erectus.
1636 5303 1720 5372 Quod
1749 5304 1867 5361 miracu·

149 5460 206 5533 (56)
220 5461 346 5532 alponis
360 5472 482 5523 vocatur
492 5465 521 5520 in
531 5465 624 5523 Gallia
636 5465 812 5524 Christiana.
