3818 6008
118 263 171 315 aas
545 259 576 314 v.
599 257 764 313 rorarent
795 258 942 314 ιιιιιιιι
970 259 999 314 s.
1032 260 1156 317 sanim
1185 262 1230 318 nr
1254 261 1453 352 vovresuro
1816 267 1866 321 tto
1908 333 1909 355 ,

120 397 261 453 desolatio.
279 397 313 452 Ει
326 395 410 465 plane
423 393 577 463 desolatur,
594 407 660 448 cum
676 399 808 462 potestas,
832 393 909 463 quod
925 400 967 449 est
984 395 1008 449 ll
1024 407 1140 451 sumens
1155 397 1295 463 exoritur,
1312 398 1363 468 qui
1379 397 1412 452 ιιι
1430 399 1541 467 eecelso,
1559 398 1642 456 idest
1665 400 1741 457 lastu
1765 416 1867 472 super·

119 499 225 542 manus
240 483 359 550 hostilis,
374 495 425 552 per
438 480 574 536 interiora
587 481 671 549 bona,
691 495 756 550 quae
781 481 838 537 beo
854 480 964 537 deside·
1021 483 1075 539 biae
1087 485 1183 541 itidem
1208 494 1372 557 generatur.
1396 488 1496 559 Ignem
1517 488 1594 543 enim
1615 488 1655 544 sic
1677 488 1767 560 accipi
1792 492 1868 548 testis

120 574 255 630 rabiliora
269 570 437 637 creduntur,
458 569 630 639 obvagatur.
651 567 732 634 Quod
748 569 810 624 ideo
832 568 855 624 ei
872 569 966 624 conti·
1019 581 1062 627 est
1084 574 1243 644 propbeta:
1269 596 1280 623 ‹
1309 579 1329 631 Α
1358 590 1436 642 voce,
1467 576 1572 646 inquit,
1600 576 1722 647 loquelae
1751 580 1868 650 grandis
1908 620 1909 645 2

120 663 171 733 git,
187 661 257 732 quia
270 664 360 727 pentes
380 661 517 726 inpressos
536 660 725 712 sanctuarium
748 672 827 712 seam
840 657 920 720 ιιιιιι,
938 657 965 713 id
1020 660 1129 716 exarsit
1144 661 1219 732 ignis
1235 661 1264 717 in
1288 676 1322 718 ea
1337 661 1405 733 (der.
1426 677 1463 728 xi,
1480 663 1518 734 6).
1538 665 1667 721 »Erudit
1695 680 1772 735 eum,
1802 680 1867 722 cum
1908 662 1909 666 ’

118 757 161 807 est
192 748 336 819 nequitias
369 746 512 817 quaslibet
542 746 744 802 conscientiam
780 754 963 815 occupantes,
1020 748 1055 804 de
1079 763 1137 818 quo
1165 750 1239 806 bono
1262 750 1405 818 ceciderit,
1429 751 1585 808 instruitur
1607 765 1659 822 per
1683 753 1791 823 peceati
1819 769 1868 810 cu·

118 852 185 908 quae
202 837 337 907 templum
355 836 404 891 Dei
418 849 478 891 esse
501 835 650 901 debuerat,
672 834 873 905 equanimiter
889 835 962 890 teli.
1017 834 1136 904 juslibct
1156 849 1265 892 casum.
1294 837 1375 893 Unde
1399 845 1428 893 et
1452 838 1567 894 Balaam
1583 839 1619 895 de
1642 842 1761 910 seipso:
1787 839 1868 906 «Qui

118 928 160 982 Ea
175 926 252 982 onim
266 939 332 996 quae
344 938 432 981 exosa
452 923 602 990 babemus,
618 923 744 979 solemus
766 923 870 992 dicere,
896 926 966 993 quia
1019 923 1106 989 cadit,
1130 924 1233 994 inquit,
1267 932 1295 981 et
1327 926 1367 982 sic
1394 926 1567 996 aperiuntur
1588 928 1743 999 oculiejus
1773 929 1868 997 (Num.

118 1015 215 1072 videre
230 1028 289 1071 non
304 1026 467 1083 possumus.
483 1012 522 1067 be
535 1012 579 1067 bis
598 1012 728 1081 praecepit
742 1014 811 1066 beas
831 1013 966 1066 reintro-
1019 1024 1097 1078 xxiv,
1112 1014 1172 1081 4).»
1191 1042 1222 1052 -
1238 1013 1410 1083 ‹Expandit
1424 1023 1483 1070 rete
1496 1015 1617 1085 pedibus
1632 1019 1711 1081 meis,
1728 1019 1869 1073 convertit

116 1110 177 1159 rent
199 1107 229 1158 in
249 1103 386 1158 ecclesium
409 1117 496 1168 suom,
525 1100 575 1171 qui
600 1101 685 1156 etiam
714 1102 806 1156 averti
832 1101 966 1170 praecepit
1022 1114 1100 1155 nme
1133 1108 1306 1172 retrorsum;
1336 1103 1431 1172 posuit
1457 1117 1501 1158 me
1530 1104 1697 1172 desolatam,
1737 1112 1795 1161 tota
1822 1105 1867 1161 die

118 1192 215 1250 oculos
229 1206 263 1248 ne
282 1190 414 1247 viderent
438 1189 606 1256 vanitatem,
631 1188 739 1245 nedum
760 1189 823 1259 ipsa
852 1188 966 1245 vanitas
1022 1202 1175 1245 »moerore
1204 1190 1371 1247 conlectam.
1408 1213 1417 1238 ι
1444 1189 1511 1245 Rete
1536 1192 1651 1262 pedibus
1678 1193 1867 1264 expanditur,

118 1281 316 1338 admitteretur
331 1279 360 1334 in
380 1284 513 1335 mentem.
1018 1290 1086 1332 eum
1101 1276 1306 1335 blandientum
1333 1292 1429 1334 coram
1451 1279 1507 1346 his,
1536 1281 1586 1350 qui
1615 1279 1774 1337 volontarie
1800 1295 1869 1351 pec-

497 1380 591 1421 caru.
756 1375 758 1378 ’
1019 1372 1095 1429 caut,
1113 1366 1243 1435 ponitur;
1257 1374 1285 1422 et
1304 1367 1374 1423 dum
1390 1367 1458 1424 larue
1481 1368 1659 1439 expedirese
1684 1369 1797 1437 nititur,
1821 1370 1868 1425 in·

154 1413 239 1516 Vens.
256 1461 298 1513 ll.
327 1488 360 1496 —
375 1455 516 1512 Omnis
546 1454 670 1524 populus
696 1454 760 1524 eius
782 1468 908 1524 gemeus,
938 1460 966 1509 et
1020 1455 1186 1523 grueutium
1202 1457 1345 1512 malorum
1361 1457 1482 1513 maculis
1496 1457 1621 1527 amplius
1646 1458 1786 1514 irretitur.
1818 1459 1867 1514 lte-

121 1561 282 1618 »quaerens
307 1559 421 1616 panem,
446 1544 587 1599 dederunt
611 1542 734 1613 pretiosa
762 1555 887 1612 quaeque
915 1554 965 1610 pro
1021 1555 1138 1597 trorsum
1150 1545 1300 1611 convertit
1319 1559 1385 1600 curn
1400 1543 1437 1600 ad
1455 1557 1569 1615 peccata
1584 1555 1701 1603 veterna
1725 1546 1866 1613 reliditur,

122 1635 213 1692 cibo
239 1635 274 1690 ad
309 1632 522 1690 refocillandam
553 1631 721 1686 animamv
754 1629 832 1699 Caph
860 1628 966 1684 dicitur
1020 1630 1151 1687 Desolata
1177 1633 1305 1702 ponitur,
1326 1647 1392 1689 cum
1415 1634 1508 1690 abeo
1536 1633 1732 1691 inhabitatore
1762 1648 1869 1690 vacans

117 1727 287 1791 incurvatus,
313 1736 366 1778 uec
388 1720 540 1776 immerito.
560 1719 743 1777 emissemus
767 1718 883 1788 populus
907 1719 966 1786 cias
985 1697 1168 1775 Bdiabolicae
1196 1721 1337 1777 voluntati
1371 1723 1562 1791 prostituitur
1592 1725 1657 1779 Tota
1687 1724 1733 1778 dic
1757 1739 1868 1778 merore

118 1828 224 1880 gemens
240 1810 465 1882 punemquaerit
482 1816 622 1864 cumtota
638 1807 841 1878 cogitatiosub
857 1806 966 1876 cupidi-
1019 1808 1179 1877 coniicitur,
1213 1824 1279 1866 cum
1322 1809 1377 1866 sub
1410 1818 1522 1867 terreno
1557 1825 1645 1868 onere
1680 1811 1868 1883 ingemiscens

119 1899 411 1959 tatumlascedolens
427 1896 591 1968 temporalis
611 1896 803 1967 jucunditatis
829 1895 966 1951 alimenta
1020 1898 1147 1965 totodie,
1167 1898 1195 1953 id
1222 1907 1264 1954 est
1288 1898 1406 1970 jugiter,
1424 1900 1460 1955 ab
1484 1899 1598 1956 ιιιιιιίι
1624 1900 1867 1957 exsultationibus

119 1990 307 2061 circumlegit.
333 1988 394 2055 Quo
414 1995 514 2042 contra
537 1986 566 2041 in
586 1985 637 2041 lob
663 1985 818 2056 legitur:
807 1984 965 2040 Αιιοιιιί-
1019 1987 1181 2043 exsulatur.

118 2079 222 2136 nabilis
246 2080 275 2135 lit
303 2077 329 2133 ei
352 2077 435 2147 panis
462 2075 564 2130 invita
584 2086 637 2129 sua
657 2074 725 2145 (lob.
751 2088 851 2141 xxxin,
880 2074 962 2142 201.»
1408 2092 1483 2132 nun.

119 2169 247 2223 Pretiosa
265 2181 377 2236 quaque
399 2179 451 2235 pro
479 2164 537 2218 cibo
559 2164 637 2230 daut,
664 2176 730 2219 cum
755 2176 807 2232 pro
834 2161 965 2218 soeculari
1055 2163 1141 2220 Vens.
1161 2165 1202 2218 ιι.
1218 2194 1250 2204 -
1267 2187 1278 2214 ι
1296 2164 1433 2235 vigilavit
1450 2167 1557 2237 jugum
1583 2167 1769 2237 iniquitatum
1786 2181 1866 2223 mea·

117 2257 235 2315 lascivia
254 2257 330 2312 bona
343 2253 489 2320 interiora,
508 2266 614 2324 magna
626 2251 720 2322 pretii,
736 2259 763 2307 et
787 2250 890 2308 mercia
912 2250 964 2305 ini·
1022 2265 1131 2321 »rum;
1149 2252 1178 2308 in
1199 2266 1288 2309 manu
1303 2253 1366 2323 ejus
1389 2254 1550 2310 convolutae
1568 2262 1646 2323 sunt,
1669 2262 1697 2312 et
1723 2256 1864 2326 impositae

116 2346 227 2418 quitata
237 2345 412 2415 dispensant.
437 2341 495 2397 lloc
514 2341 633 2408 iaciunt,
652 2347 683 2396 ut
707 2342 827 2394 animam
851 2337 965 2396 relocil-
1023 2340 1122 2395 »collo
1154 2354 1226 2397 meo.
1262 2363 1273 2389 ·
1309 2341 1375 2397 Nun
1404 2343 1611 2411 interpretatur
1634 2346 1741 2398 unicos.
1772 2343 1865 2413 Supra

116 2435 186 2502 lent,
217 2441 249 2491 ut
275 2439 475 2488 momentaneo
498 2429 606 2486 scilieet
632 2428 789 2498 voluptatis
809 2427 965 2498 cujuslibet
1017 2429 1141 2495 dixerat,
1157 2431 1227 2500 quia
1243 2431 1278 2485 de
1297 2444 1357 2486 suae
1381 2431 1715 2500 aestimationisexcelso,
1737 2432 1768 2487 iu
1794 2434 1864 2489 ossi-

117 2524 234 2589 lraustu,
272 2519 412 2590 appetitui
459 2532 519 2574 ιιι
563 2515 749 2572 animalitatis
794 2516 963 2571 asserviant.
1019 2517 1072 2572 bus
1087 2517 1229 2574 interioris
1240 2519 1417 2587 constantiae,
1440 2519 1587 2590 jactantiae
1604 2520 1678 2592 iguis
1704 2531 1863 2589 exarserat,

119 2611 227 2677 «Vide,
251 2609 379 2676 Domine,
404 2614 432 2663 et
462 2606 613 2662 considera
634 2606 775 2676 quoniam
796 2605 869 2661 lacta
899 2619 964 2660 sum
1019 2605 1124 2662 idcirco
1139 2606 1344 2662 unicumseet
1358 2607 1537 2678 singularem
1554 2608 1726 2665 aestimabat.
1741 2608 1866 2666 Proinde

118 2699 222 2755 ‚vilis
252 2717 264 2746 a
293 2696 365 2752 Sunt
394 2694 524 2766 quidam,
549 2694 655 2764 quide
676 2693 799 2749 bacsua
832 2693 966 2750 incurva·
1017 2696 1144 2750 inmane
1173 2695 1223 2751 Dei
1242 2696 1342 2765 jugum
1363 2698 1542 2764 iniquitatum
1570 2698 1633 2769 ejus
1656 2697 1766 2769 vigilat,
1797 2700 1867 2770 quia

117 2786 193 2844 tione
216 2798 250 2841 ac
273 2787 297 2840 si
318 2783 437 2851 vilitate,
463 2783 548 2854 quasi
570 2782 605 2838 de
635 2782 786 2852 prolundis
811 2782 846 2838 ad
873 2782 964 2838 Deum
1018 2797 1091 2839 usus
1105 2791 1273 2854 perpetratae
1289 2784 1435 2854 nequitie,
1452 2786 1503 2856 qui
1527 2801 1579 2841 nos
1601 2786 1797 2844 indesinenter
1812 2803 1866 2859 op·

116 2874 298 2931 inclamando
313 2872 465 2942 respirent.
491 2871 572 2928 Videt
596 2871 682 2938 bees,
703 2886 769 2927 cum
794 2871 893 2927 videre
912 2884 964 2926 nos
1018 2871 1115 2941 prirnit
1130 2879 1157 2927 et
1176 2872 1305 2941 inclinat,
1334 2873 1565 2929 irremedialibus
1587 2887 1640 2929 nos
1660 2874 1739 2930 curis
1762 2875 1867 2944 exagi-

116 2963 198 3033 lacit3
212 2961 385 3031 considerat,
405 2974 473 3016 cum
487 2973 540 3016 nos
554 2959 590 3015 ad
606 2947 963 3016 nostriconsideratior'rem
982 2967 1068 3051 Ctat.
1091 2962 1210 3028 Vipilore
1221 2961 1297 3016 euim
1317 2962 1463 3016 sollicitari
1479 2969 1530 3018 est.
1551 2962 1618 3018 llaec
1636 2961 1865 3029 convolvuntur,

116 3053 237 3109 reducit.
348 3076 356 3094 ›
1017 3049 1088 3106 dum
1120 3050 1325 3121 iniquitatibus
1355 3051 1521 3121 iniquitates
1551 3051 1754 3109 admiscentur.
1793 3054 1866 3109 collo

358 3154 487 3195 ιιιιιιι
510 3138 570 3208 lul,
592 3140 722 3207 uiuant.
1017 3139 1218 3209 imponuntur,
1242 3140 1312 3196 dum
1345 3140 1374 3194 in
1402 3140 1595 3210 oppressionis
1625 3141 1864 3198 consuetudinem

151 3231 237 3288 Vnus.
253 3232 295 3285 te.
315 3251 325 3278 ι
342 3230 364 3286 0
380 3243 430 3285 vos
442 3242 551 3294 omnes,
576 3229 627 3299 qui
643 3228 771 3284 transitis
799 3242 850 3298 per
875 3228 962 3293 viam,
1017 3230 1153 3285 universa
1165 3229 1333 3285 trabuntur.
1348 3251 1359 3276 ‹
1373 3229 1522 3286 lnllrmata
1533 3236 1576 3285 est
1590 3229 1683 3285 virtus
1698 3244 1778 3300 moa;
1790 3230 1866 3286 dedit

119 3319 294 3387 ·'attendite,
311 3328 339 3376 et
354 3319 447 3375 videte
460 3317 484 3373 si
498 3325 540 3374 est
552 3317 633 3373 dolor
648 3318 721 3373 sieut
735 3316 816 3372 dolor
839 3329 930 3373 meus.
950 3337 960 3364 ι
1018 3339 1030 3367 ι
1046 3331 1091 3373 me
1101 3317 1241 3373 Dominus
1253 3317 1283 3372 in
1298 3330 1398 3384 uranu,
1413 3317 1447 3373 de
1457 3330 1517 3387 qua
1527 3331 1583 3374 uon
1595 3319 1833 3390 poterosssurgere.
1853 3340 1863 3365 ›

117 3409 235 3466 bamoth
264 3409 471 3478 interpretatur
500 3422 545 3461 cor
567 3408 717 3461 servitutis.
743 3405 797 3462 Per
820 3419 879 3474 cor,
904 3418 963 3475 (1110
1016 3406 1129 3462 Exinde
1140 3404 1496 3475 uirtusinbrmatur,quia
1510 3414 1619 3462 nonest
1632 3405 1747 3462 ullavis
1760 3407 1863 3474 cordia,

115 3497 252 3566 sapimus,
268 3496 483 3567 [intelligentia3
507 3509 558 3565 per
571 3496 737 3550 servitutem
762 3494 869 3564 peccati
899 3494 964 3550 sub·
1016 3509 1083 3566 quae
1097 3494 1314 3550 suborientibus
1328 3494 1405 3550 vitiis
1419 3493 1590 3565 refragetur.
1606 3496 1658 3550 bat
1671 3508 1725 3551 nos
1736 3498 1865 3550 ιιοιιιιιι

112 3585 197 3657 jectio
216 3585 394 3656 designatur.
420 3583 474 3639 Per
497 3596 546 3639 cor
567 3597 637 3652 ergo
665 3581 812 3638 servitutis
838 3581 964 3653 cognitio
1015 3587 1045 3638 ia
1059 3582 1186 3638 monade
1205 3598 1260 3652 quo
1284 3597 1338 3636 uon
1366 3595 1521 3651 possumus
1543 3597 1663 3650 aarum,
1685 3596 1753 3639 eum
1781 3584 1865 3640 ιιιιιιι

114 3681 157 3730 ιιι
170 3673 283 3745 signata
297 3685 441 3743 perversae
455 3670 492 3726 ad
506 3678 655 3741 peceatum
675 3669 857 3726 humilitatis.
884 3669 964 3727 Unde
1016 3671 1091 3728 servi
1107 3671 1171 3726 lacti
1189 3670 1298 3741 pcccati
1312 3684 1329 3725 a
1342 3669 1408 3740 jure
1428 3671 1502 3741 ejus,
1519 3670 1566 3726 cui
1591 3685 1643 3726 nos
1663 3670 1864 3729 submisimus.

115 3763 252 3833 operibus
271 3762 400 3819 clamat:
429 3761 451 3817 0
481 3775 527 3814 eos
560 3774 650 3814 omncs
679 3761 728 3828 qur·
757 3761 883 3813 transitis
913 3775 964 3828 per
1017 3760 1174 3831 nequimus
1187 3773 1239 3815 nos
1256 3758 1402 3830 potestatis
1417 3772 1527 3815 eruore.

114 3855 287 3918 noviom,
309 3850 360 3920 qui
382 3862 434 3919 per
448 3848 749 3915 libristumvidelioet
773 3847 824 3918 qui
847 3847 895 3903 via
922 3856 964 3903 cst
1372 3862 1509 3903 sauacu.

114 3941 204 4008 (loeo.
228 3954 285 4004 xlv,
313 3940 352 4008 6),
380 3934 527 3992 informati
556 3937 715 4007 transigitis
743 3936 843 4004 vitam,
874 3943 964 3991 atten-
1053 3937 1138 3993 Vane.
1158 3939 1200 3990 15.
1223 3968 1257 3976 -
1287 3960 1297 3986 ι
1328 3936 1452 3993 Abstulit
1475 3951 1574 3994 outnes
1599 3936 1768 4009 magnificos
1790 3952 1864 4004 meos
1908 3974 1909 3984 ι

114 4027 190 4095 dere,
210 4035 237 4083 et
264 4027 361 4082 videre
378 4025 558 4092 documento,
584 4032 612 4081 et
639 4024 771 4094 exemplo
794 4038 839 4079 mo
869 4022 962 4091 lecito,
1019 4024 1188 4080 »Dominus
1215 4025 1250 4080 de
1279 4026 1372 4082 medio
1395 4026 1466 4096 mei;
1494 4027 1607 4082 vocavit
1630 4025 1788 4083 adversum
1822 4042 1863 4082 me

114 4123 232 4186 quante
247 4114 396 4170 dementias
410 4114 447 4170 sit
464 4112 508 4168 bis
527 4127 573 4169 me
588 4112 736 4170 doloribus
762 4110 867 4167 addici.
889 4111 962 4167 Cum
1019 4119 1172 4182 »tempus
1213 4121 1246 4169 ut
1277 4121 1406 4169 conterat
1437 4113 1541 4170 electos
1573 4128 1660 4171 meos.
1697 4135 1708 4163 ι
1743 4114 1859 4172 Samecb

113 4204 191 4260 enim
206 4203 256 4258 alii
270 4203 384 4258 doleant
404 4198 527 4272 pro‘suo
550 4200 629 4271 quod
647 4199 816 4256 commisero
836 4206 962 4270 peccato,
1016 4201 1123 4258 dieitur
1143 4204 1352 4271 firmamentum.
1375 4204 1504 4258 Dominus
1527 4203 1668 4259 demedio
1688 4204 1780 4260 nostri
1804 4219 1862 4258 mo·

114 4292 195 4359 mibi,
220 4292 291 4363 prob
317 4283 411 4347 dolori
442 4304 499 4347 non
525 4297 584 4346 tam
614 4303 718 4346 moeror
745 4302 833 4359 quam
867 4288 1128 4359 rabiequntpoos
1143 4290 1245 4359 aufert,
1262 4305 1328 4348 cum
1338 4290 1511 4361 principales
1525 4300 1628 4359 motus,
1641 4292 1750 4363 quibus
1761 4305 1862 4364 magna

113 4382 288 4447 innascitur;
311 4380 388 4451 quod
405 4380 442 4436 ad
466 4378 581 4435 libitum
603 4391 721 4448 peccare
744 4392 801 4433 non
815 4376 905 4453 valeo.
927 4377 963 4433 m
1015 4379 1044 4435 in
1061 4379 1153 4436 medio
1168 4380 1268 4447 nostri,
1284 4380 1311 4435 in
1332 4380 1394 4451 ipsa
1408 4380 1514 4437 scilicet
1538 4380 1648 4438 ratione
1672 4390 1827 4452 geruntur,
1837 4389 1862 4438 et

113 4472 166 4528 boc
192 4470 254 4527 ideo
284 4492 294 4518 ‹
326 4469 465 4539 quoniam
491 4466 680 4523 vindemiavit
709 4481 755 4522 me
776 4486 787 4514 »
805 4466 960 4533 Dominus,
1015 4468 1515 4539 quibus,juntapraemissaelitterae
1530 4483 1658 4536 sensum,
1683 4471 1714 4525 iu
1735 4470 1784 4528 Dei
1802 4471 1862 4527 dile

113 4560 201 4616 totius
231 4557 331 4628 utique
362 4556 401 4626 pii
434 4554 574 4621 exercitii,
602 4563 631 4610 et
657 4554 776 4610 caelestis
802 4553 962 4610 dulcedinis
1014 4557 1109 4613 ctione
1132 4558 1292 4622 llrmamur,
1319 4557 1376 4613 Deo
1400 4558 1497 4629 judice
1523 4558 1748 4615 subtrabuntur.
1776 4560 1860 4616 Vocat

113 4647 259 4718 subripuit
282 4644 353 4702 mibi
367 4645 518 4702 tructus«
539 4644 573 4699 lu
598 4642 644 4700 dio
665 4643 771 4700 luroris
795 4644 840 4700 sui
870 4644 963 4699 borni·
1014 4645 1160 4700 adeersum
1182 4659 1234 4701 nos
1258 4651 1371 4716 tempas,
1397 4654 1430 4703 ut
1453 4647 1556 4704 eleetos
1583 4654 1696 4704 nostros
1724 4655 1859 4713 conterat,

116 4737 308 4805 ‚nus‚»baec
320 4735 458 4805 loquitur,
475 4746 542 4788 cum
558 4732 695 4802 inaperta
709 4731 962 4789 suaeanimadver-
1015 4748 1082 4790 eum
1116 4733 1265 4803 temporali
1298 4749 1350 4790 nos
1378 4736 1507 4805 appetitu
1544 4735 1692 4792 diabolice
1726 4736 1861 4793 instinctu

113 4824 356 4897 sionislseutenria
378 4828 538 4892 peccatum,
558 4828 585 4877 et
609 4834 694 4891 prena
721 4821 829 4891 peccati
855 4822 962 4892 pariter
1014 4824 1207 4894 suggestionis
1231 4823 1359 4892 irritans,
1376 4832 1404 4880 et
1422 4838 1456 4880 ea
1471 4825 1507 4880 ab
1532 4825 1592 4894 ipso
1607 4833 1769 4894 opportune
1795 4839 1861 4895 sup·

113 4916 196 4986 quasi
211 4914 488 4981 indiereleguntur.
1015 4911 1134 4981 peditari
1160 4913 1335 4982 permittens,
1357 4913 1502 4984 quidquid
1528 4912 1672 4984 insignius
1700 4914 1730 4968 iu
1755 4914 1859 4980 auimo,

500 5013 576 5054 nav.
1014 5000 1158 5070 quidquid
1172 5000 1291 5056 electius
1304 5009 1346 5057 est
1361 5000 1514 5058 demolitur
1528 5005 1556 5057 et
1571 5001 1701 5071 dissipat.
1721 5022 1735 5052 ι
1761 5003 1862 5059 Τοιιιι-

148 5092 234 5148 Vens.
253 5093 296 5145 lb.
312 5109 373 5136 -ι
395 5087 434 5142 be
455 5086 567 5143 excelso
592 5086 670 5142 misit
685 5086 780 5157 ignem
803 5086 832 5141 iu
848 5085 962 5141 ossibus
1017 5108 1028 5137 ι
1048 5088 1378 5146 Ιιιιιιιινιιῦοιιιίιιιιι
1394 5090 1502 5161 virgini
1526 5089 1593 5145 tiliae
1616 5090 1700 5146 luda.
1719 5112 1732 5140 e
1754 5092 1862 5148 Torcu-

117 5181 223 5249 »mele
257 5186 284 5235 et
313 5175 440 5234 erudivit
471 5190 557 5231 me.»
591 5175 654 5231 ileu
689 5175 895 5244 iuterpretatur
927 5191 961 5228 ee
1015 5175 1067 5232 leri
1086 5177 1357 5248 succuscujuslibet
1380 5179 1420 5234 rei
1443 5179 1626 5249 exprimitur.
1652 5181 1862 5250 Torcuterergo

112 5271 192 5338 ipsis.
209 5268 251 5323 Ex
263 5265 332 5336 ipsis
346 5265 431 5335 plane
455 5272 506 5332 est,
522 5264 593 5335 quia
607 5277 644 5319 ex
669 5262 795 5332 ipsorum
814 5263 844 5317 dt
859 5262 961 5318 merito
1016 5267 1146 5320 Dominus
1165 5267 1266 5334 calcat,
1293 5281 1359 5323 cum
1381 5281 1433 5323 suo
1451 5266 1561 5337 iudicio
1584 5281 1632 5323 eas
1656 5282 1723 5338 qure
1744 5282 1762 5325 a
1783 5268 1863 5325 nobis

113 5354 256 5427 quidquid
272 5356 428 5410 introrsum
449 5353 547 5409 damni
568 5360 621 5409 est.
649 5352 727 5408 Unde
752 5350 787 5407 de
815 5353 961 5406 merboto
1014 5353 1166 5409 humorem
1205 5353 1295 5409 totius
1323 5353 1437 5423 pietatis
1470 5355 1587 5411 eliciant
1614 5363 1641 5411 et
1673 5354 1862 5413 obstinatione

112 5445 218 5500 ossibus
233 5441 450 5513 ignismittitur,
466 5456 534 5503 cum
549 5441 623 5496 inter
633 5440 696 5510 ipsa
717 5439 816 5509 lapsus
834 5440 960 5511 primor—
1014 5441 1105 5498 indita
1120 5441 1266 5512 passiones
1279 5449 1478 5511 augmentant.
1504 5442 1540 5497 lit
1555 5442 1609 5498 boc
1625 5442 1656 5499 bt
1679 5445 1786 5513 virgini
1802 5445 1862 5514 filie

113 5534 171 5602 dia,
193 5531 268 5605 ignis
288 5528 502 5586 cenodoximdo
529 5529 672 5585 virtutum
693 5528 795 5585 robore
817 5528 960 5600 originem
1013 5529 1095 5596 ιιιιιι,
1111 5529 1281 5587 conleseioni
1296 5529 1427 5588 videlieet
1445 5545 1503 5587 nou
1518 5530 1606 5600 virili,
1622 5545 1689 5603 quae
1707 5532 1860 5590 adversum
