3818 6008
73 246 125 299 805
606 244 717 302 olisna
736 246 793 301 but
814 245 883 301 PER
903 244 1075 302 intuens.
1088 275 1122 286 -
1136 247 1199 306 tiit.
1220 246 1292 303 Viti.
1773 256 1825 309 soti

75 382 124 431 tur
146 375 237 431 modis
268 373 403 429 ivvvvnibus
436 373 568 431 inieriore
598 374 709 443 militia,
740 373 965 445 profligatamn
1309 377 1424 434 CAPUT
1444 378 1491 434 tv.

74 463 187 519 diutina
202 463 452 534 lavnejuveutam,
476 462 653 534 rubiginosis
676 462 804 529 ensibus,
820 462 928 519 lanceis
1019 464 1110 537 lxliii
1147 466 1265 520 Diverso
1297 464 1504 536 prophetarum
1535 467 1664 522 oracula.
1697 499 1732 508 —
1771 467 1825 526 Sed

74 552 271 623 nigrantibus,
300 551 405 607 exilem
430 551 575 607 destitutis
596 550 720 607 militnm
742 549 856 607 viribus
879 565 925 607 ar·
981 553 1116 623 quoniam
1135 553 1164 608 in
1179 554 1267 624 huius
1282 553 1438 611 voluminis
1448 555 1576 623 exordio,
1589 555 1721 625 quadam
1735 571 1827 614 exent-

74 648 240 709 matnram;
264 640 377 695 cunctis
396 639 447 711 qui
474 653 533 709 prae
553 638 662 695 caeteris
684 638 859 695 videbantur
882 639 926 694 in·
981 641 1028 711 pla
1042 641 1218 711 praehuimus
1233 641 1459 711 Scripturarum.
1477 658 1542 714 quae
1568 644 1636 701 huic
1656 654 1735 702 tanto
1747 646 1826 717 quod

74 729 181 798 signes,
207 728 266 784 acri
292 734 416 800 egestate
436 727 626 798 torpentibus,
656 727 740 797 equis
763 727 927 783 omnimodo
980 729 1174 799 explicuimus
1205 731 1319 802 negotio
1347 731 1501 788 convenire
1529 734 1707 802 putavimus,
1734 742 1825 792 atten-

74 817 210 888 squalore
231 816 451 873 fatiscentibus:
472 823 511 884 et,
546 824 576 871 nt
602 815 681 871 brevi
710 815 841 871 clausula
868 814 925 871 sol·
980 817 1106 874 denduuv
1128 819 1314 875 nuncetiam
1337 832 1374 875 an
1398 819 1661 890 Hierosolymitanae
1686 823 1827 881 obsidioni

74 920 154 972 vam,
170 906 369 976 pauperrimos
388 905 529 970 omnium,
554 903 682 959 exsulem
701 902 820 974 globum
836 903 927 959 innu-
980 905 1090 976 aliquid
1114 920 1273 962 consonum
1295 907 1373 976 apud
1394 908 1563 964 Zachariam
1589 909 1757 980 prophetam
1780 926 1828 968 re-

75 994 228 1050 merabiles
268 1005 418 1064 superasse
459 992 621 1048 mirabatur
655 991 814 1063 indigenas,
854 991 926 1062 quin
982 993 1237 1064 perirepossimus.
1257 1015 1267 1042 ι
1290 994 1372 1061 Dicit,
1390 996 1496 1066 inquit,
1514 996 1652 1053 Dominus
1669 999 1828 1056 extendens

76 1081 182 1150 potius.
214 1095 265 1152 per
286 1081 492 1152 abjectissimos
520 1080 670 1136 hominum
695 1081 783 1136 totius
804 1078 928 1136 Orientis
980 1079 1094 1149 coelum,
1117 1082 1284 1138 etlundans
1299 1091 1403 1138 terram
1416 1098 1425 1152 ;
1449 1083 1560 1155 lingens
1579 1084 1713 1154 spiritum
1736 1087 1827 1144 homi·

76 1165 199 1236 gloriam
224 1168 390 1225 concidisse.
412 1169 491 1225 Juvit
507 1183 623 1239 quoque
648 1175 810 1224 nostrorum
839 1166 928 1222 victo·
980 1169 1026 1225 nis
1052 1169 1081 1225 in
1108 1185 1142 1227 eo
1167 1171 1268 1240 (Zach.
1290 1186 1341 1236 nu,
1369 1173 1405 1241 l).
1436 1193 1447 1220 ι
1477 1172 1614 1229 Extendit
1638 1173 1753 1240 coelum,
1776 1175 1827 1246 qui

76 1256 151 1311 riam
163 1256 333 1327 plurimum,
353 1258 431 1328 quod
446 1257 626 1314 conclamata
646 1257 674 1312 in
690 1255 783 1312 hostili
797 1258 927 1312 exercitu
980 1258 1080 1314 dilatat
1090 1257 1253 1324 Ecclesiam,
1267 1267 1298 1314 ut
1319 1259 1404 1324 sicul,
1417 1260 1502 1329 juxta
1518 1260 1632 1328 isaiam,
1658 1262 1695 1317 ab
1712 1260 1827 1319 Oriente

74 1344 165 1416 luga;
189 1346 388 1402 admiravisus
408 1347 454 1402 ille
477 1346 528 1418 qui
557 1353 677 1415 praeerat
699 1343 846 1408 Ascatooi,
875 1344 926 1400 uhi
980 1347 1104 1404 adduxit
1118 1361 1216 1404 semen
1235 1347 1299 1418 eius
1314 1361 1366 1417 per
1386 1348 1537 1417 apostolos,
1556 1350 1596 1405 sic
1619 1349 1656 1405 ab
1678 1349 1828 1408 Occidente

74 1432 225 1502 conspexit
246 1432 451 1504 Babylonicum
475 1440 585 1489 vertere
611 1440 690 1504 terga
709 1431 822 1498 ducem,
851 1429 926 1500 lugi·
980 1449 1042 1491 eam
1071 1435 1172 1492 debeat
1193 1449 1370 1506 congregare
1399 1449 1450 1505 per
1482 1438 1549 1493 istos
1580 1438 1663 1515 (leo.-
1680 1453 1758 1507 xnrrr,
1788 1440 1825 1507 5).

76 1522 152 1576 tivos
183 1535 281 1577 omnes
309 1535 326 1576 a
359 1523 481 1592 propriae
507 1521 588 1578 urbis
627 1521 760 1592 ingressu
808 1518 926 1575 mandat
981 1523 1095 1579 Fundat
1124 1533 1239 1591 terram,
1277 1538 1344 1579 eum
1385 1524 1524 1595 permittit
1561 1525 1712 1596 gentilium
1751 1540 1827 1598 prae·

74 1608 179 1663 arceri.
205 1608 386 1665 llirabantnr
410 1609 493 1678 plane
520 1609 605 1666 etiam
628 1608 715 1665 iidem
741 1608 805 1678 plus
834 1607 925 1662 nimio
980 1611 1144 1668 cordialiter
1180 1611 1318 1668 obdurari
1352 1612 1513 1682 perfidiam.
1563 1613 1659 1684 Fingit
1695 1614 1827 1683 spiritum

75 1696 182 1765 hostes,
208 1697 285 1767 quod
311 1698 428 1753 minime
453 1697 554 1753 Franci
579 1711 630 1768 pro
655 1697 925 1753 moenibusleroso-
982 1701 1472 1772 hominisineo,cumcu1'usque
1498 1700 1588 1757 fidelis
1606 1704 1737 1758 animurn
1768 1702 1828 1759 ior-

75 1784 173 1855 lymae,
190 1785 274 1855 quasi
296 1785 424 1856 contigui
447 1799 536 1841 caiisa
560 1783 683 1856 praesidii
707 1798 837 1856 pugnare
853 1783 928 1840 dele·
981 1796 1051 1856 mat,
1064 1789 1182 1844 rationis
1201 1788 1298 1845 indita
1328 1789 1412 1844 dono.
1429 1811 1443 1839 o
1468 1790 1539 1845 [coco
1553 1804 1607 1861 ogo
1623 1805 1728 1860 ponam
1742 1792 1829 1849 toro-

76 1879 189 1943 geraut,
202 1873 250 1929 sed
266 1873 320 1930 sihi
336 1872 452 1930 obviam
465 1874 591 1930 duorum
607 1873 706 1929 itinere
719 1874 832 1930 dierum
852 1884 925 1943 pene
982 1876 1069 1933 salem
1091 1876 1311 1945 superliminare
1335 1877 1472 1947 crapulae,
1497 1878 1633 1934 omnibus
1657 1878 1771 1949 populis
1800 1880 1829 1935 in

76 1968 288 2031 processerant.
981 1964 1107 2020 circuitu
1127 1963 1229 2034 (Zacb.
1253 1979 1303 2030 xvv,
1329 1965 1366 2034 2).
1395 1986 1409 2014 o
1438 1965 1670 2034 Superliminare,
1696 1969 1830 2037 praemi-

115 2048 204 2120 [ΧΗ
232 2053 266 2106 lt
298 2050 417 2107 Francis
442 2064 493 2121 pro
516 2058 595 2107 tanta
623 2051 691 2116 ileo,
715 2057 748 2106 ut
775 2061 829 2119 par
855 2053 927 2114 erat,
982 2061 1031 2109 net
1046 2052 1116 2109 ostio
1131 2066 1137 2106 ε
1155 2065 1206 2123 per
1224 2054 1330 2108 ostium
1350 2053 1484 2108 introitur
1511 2054 1538 2109 in
1562 2054 1830 2125 domum;crapula

78 2138 203 2194 nimium
240 2138 463 2210 gratulabundis
499 2139 629 2205 victoria,
660 2137 801 2194 liebertus
823 2134 928 2192 North·
981 2140 1070 2197 othoit
1103 2140 1258 2196 stomacho.
1293 2139 1321 2195 Si
1354 2142 1470 2207 ostium,
1499 2141 1582 2198 tidem
1618 2143 1730 2199 homini
1762 2145 1829 2202 iesu

80 2227 320 2295 nnanniaecomes,
342 2228 387 2282 vir
405 2241 558 2298 nunquam
575 2240 635 2282 suae
652 2225 793 2282 mirabilis
812 2222 929 2280 munifi·
982 2229 1115 2295 dicimus,
1141 2242 1192 2298 per
1215 2242 1303 2298 quam
1333 2229 1368 2285 ad
1392 2228 1505 2286 Patrem
1524 2229 1667 2298 venimus,
1686 2232 1829 2304 lerosoly-

80 2317 192 2381 centiae,
209 2314 296 2372 etiam
312 2318 341 2370 in
360 2315 439 2372 illius
452 2316 545 2372 exsilii
564 2314 793 2385 paupertatibus,
814 2325 928 2382 expers,
983 2317 1120 2372 mitanam
1140 2315 1299 2384 ecclesiam,
1315 2317 1386 2388 quia
1406 2317 1440 2374 de
1463 2317 1524 2387 ipsa
1543 2327 1570 2375 et
1587 2319 1634 2375 lex
1657 2328 1685 2376 et
1706 2320 1828 2378 verbum

81 2402 195 2459 hastam
218 2401 308 2468 illam,
333 2418 422 2475 quarn
449 2411 569 2476 argento
593 2404 762 2460 dixeramus
787 2407 928 2467 ornatam,
985 2403 1097 2459 Domini
1123 2403 1235 2470 exierit,
1255 2416 1314 2458 non
1339 2402 1481 2458 immerito
1500 2403 1730 2474 superliminare,
1746 2405 1782 2461 ob
1797 2419 1831 2462 ea

81 2506 148 2562 quae
180 2490 354 2561 Babylonico
380 2492 512 2563 principi,
541 2491 630 2548 veluti
654 2491 782 2562 signum,
811 2487 931 2559 praellxa
984 2491 1093 2563 quibus
1114 2490 1238 2561 praebuit
1252 2490 1404 2547 exordium
1423 2490 1605 2558 documenta,
1620 2506 1756 2549 vocemus
1771 2508 1778 2549 :
1793 2493 1831 2552 ad

80 2581 256 2650 constiterat,
291 2594 308 2636 a
335 2582 462 2652 quodam
485 2581 536 2651 qui
561 2588 695 2649 rapuerat
724 2591 797 2645 cam,
828 2573 930 2647 viginti
984 2581 1075 2651 ipsam
1086 2581 1164 2636 enim
1178 2579 1302 2635 recurrit
1329 2587 1391 2650 post
1405 2593 1498 2636 annos
1514 2580 1733 2649 quatuordecim
1751 2582 1829 2639 Pau-

81 2670 336 2739 argentimarcbas
350 2670 419 2726 emit
432 2670 621 2739 ipsamquein
633 2675 720 2724 tantae
735 2665 930 2723 testimonium
984 2670 1040 2737 lus,
1057 2677 1089 2725 ut
1109 2668 1298 2739 Evangelium
1323 2682 1388 2723 cum
1407 2669 1489 2739 Petro
1502 2677 1530 2724 et
1555 2668 1619 2724 aliis
1639 2668 1774 2738 comeret,
1795 2684 1832 2727 ne

80 2758 208 2814 victoriae
235 2759 272 2814 ad
298 2758 463 2828 sepulcrum
486 2757 598 2814 Domini
617 2755 800 2812 statuendam
829 2750 931 2808 arnul·
985 2760 1235 2816 lorteinvacuum
1257 2756 1432 2813 cucurrisset
1456 2765 1507 2813 aut
1526 2766 1625 2813 currat
1648 2757 1724 2829 (Gal.
1744 2773 1775 2826 ιι,
1791 2759 1828 2831 2).

81 2846 148 2915 pho,
180 2846 350 2917 patriarchae
374 2853 485 2909 vocato,
514 2844 655 2902 attribuit.
682 2845 719 2900 At
751 2856 849 2899 ensem
879 2840 930 2911 qui
985 2847 1038 2904 Sed
1071 2848 1124 2903 hoc
1158 2845 1390 2915 superliminare,
1419 2844 1532 2915 populis
1557 2845 1691 2902 omnihus
1722 2846 1751 2901 in
1778 2847 1832 2903 cir·

80 2935 210 3006 eiusdem
250 2935 389 3007 principis
423 2935 582 3001 exstiterat,
619 2933 716 2990 lerunt
753 2945 770 2987 a
804 2929 929 3001 quodam
950 2937 1122 3005 ccultuest
1144 2933 1287 3004 crapula:
1309 2933 1379 3003 quia
1402 2940 1513 2988 constat
1535 2947 1634 2989 omnes
1658 2949 1722 2991 eam
1745 2935 1832 2991 natio

80 3023 264 3094 &Ouadinia
294 3022 442 3093 sslllssleis
478 3029 616 3091 Offilium·
651 3022 803 3086 Psaeleleh
836 3016 931 3088 Ρθΐῑῠί
987 3039 1038 3081 nes
1061 3032 1178 3094 propter
1198 3036 1242 3089 ea,
1274 3036 1339 3092 quae
1367 3021 1406 3078 ibi
1439 3022 1617 3088 resederunt,
1641 3030 1746 3079 nostrae
1773 3015 1832 3081 c're·

81 3112 248 3168 ascalonico
273 3118 423 3183 prosecuta
442 3112 600 3167 exercitum
617 3109 745 3165 maxima
760 3106 859 3163 classis
878 3119 930 3177 ap·
985 3112 1114 3168 dulitatis
1138 3110 1258 3180 vestigia
1283 3107 1413 3166 fastidire
1433 3116 1461 3165 et
1487 3109 1629 3165 exsecrari
1661 3110 1691 3165 in
1723 3124 1832 3168 morem

83 3201 197 3271 pulerat
213 3216 219 3256 :
237 3214 271 3256 ea
296 3200 425 3257 videlicet
445 3199 516 3255 illuc
535 3199 683 3255 occasione
700 3194 874 3252 conveniens
900 3201 932 3250 ut
986 3214 1110 3257 qaosoae.

84 3289 203 3344 Francis
220 3289 330 3357 evictis,
351 3296 379 3344 et
400 3287 455 3345 sub
476 3286 650 3357 captivitatis
668 3284 764 3341 vincla
785 3282 930 3354 conjectis,
1021 3288 1074 3345 soh
1089 3295 1142 3343 oto
1157 3286 1232 3344 tuda
1253 3287 1308 3343 erit
1323 3285 1352 3340 in
1376 3285 1522 3343 obsidione
1549 3295 1650 3342 contra
1672 3287 1832 3345 Jerusalem

83 3392 101 3433 a
128 3378 283 3434 victoribus
297 3392 344 3434 eos
362 3385 499 3444 emerent,
523 3391 557 3432 ac
581 3390 598 3446 p
616 3389 630 3431 r
649 3373 787 3431 ulteriora
807 3370 933 3428 Orientis
986 3377 1087 3448 (zoob.
1101 3392 1151 3444 xo,
1168 3377 1211 3445 ι),
1232 3375 1316 3431 ilion
1333 3374 1437 3440 sotum,
1459 3374 1565 3445 inquit,
1591 3376 1702 3432 horrori
1727 3377 1833 3437 extorto

84 3481 175 3538 regna
196 3466 390 3523 venundando
411 3465 613 3522 distraherent.
637 3463 672 3519 lli
698 3464 794 3531 itaque
817 3458 867 3515 ubi
885 3458 933 3513 vi·
985 3474 1036 3532 ost,
1052 3466 1139 3522 sodet
1156 3464 1254 3529 iudas,
1280 3462 1371 3518 tidelis
1387 3461 1495 3518 scilicet
1521 3463 1654 3533 populus,
1681 3478 1746 3520 varo
1762 3478 1830 3520 oon.

82 3556 190 3613 uerunt
215 3554 287 3611 ioue
313 3554 455 3626 rugientes
481 3553 640 3625 AEavvtlos.
664 3558 772 3608 remota
796 3547 932 3604 continuo
987 3554 1070 3610 utens
1101 3565 1163 3609 eam
1192 3565 1258 3622 ouo
1285 3549 1413 3606 cavom
1444 3551 1649 3621 agentibus:
1674 3552 1833 3609 neruoram

82 3644 226 3701 delatione
249 3643 402 3711 velificant,
425 3650 453 3698 et
478 3643 514 3698 ad
547 3641 637 3712 ipsius
665 3639 717 3695 sali
745 3635 881 3694 interiora
903 3648 933 3691 se
986 3641 1156 3698 obsessurus
1178 3647 1243 3695 est:
1264 3659 1273 3687 ι
1291 3638 1324 3692 ln
1344 3637 1389 3694 die
1415 3637 1465 3692 illa
1487 3651 1591 3707 ponam
1615 3639 1774 3696 Jerusalem
1788 3641 1835 3697 la-

84 3740 263 3805 promovent.
988 3730 1082 3801 pidem
1105 3727 1199 3784 oneris
1229 3726 1341 3782 cunctis
1368 3725 1481 3795 populis
1502 3725 1604 3796 (chh.
1630 3742 1680 3796 ιιι,
1706 3726 1745 3796 3).
1769 3750 1783 3779 »
1806 3727 1832 3785 Si

119 3821 251 3892 Denique
282 3821 385 3877 Franci
417 3820 489 3877 lacto
525 3834 561 3876 ex
595 3818 759 3876 Sarracenis
789 3818 930 3889 horribili,
987 3825 1096 3889 partem
1113 3830 1164 3886 pro
1180 3822 1236 3870 toto
1247 3814 1406 3871 secundum
1424 3813 1579 3884 Scripturas
1602 3828 1688 3871 usum
1705 3816 1771 3873 licet
1784 3831 1832 3887 po·

82 3911 228 3981 praecipue
251 3923 288 3965 ex
310 3908 492 3980 AEthiopibus
512 3907 668 3974 carnillcio,
691 3907 726 3962 ad
752 3921 851 3964 eorum
868 3916 933 3966 ten·
988 3906 1027 3972 ui,
1046 3905 1116 3975 lapis
1128 3904 1223 3959 oneris
1242 3906 1354 3959 cunctis
1376 3903 1532 3959 Jerusalem
1548 3903 1588 3970 lit,
1605 3905 1676 3974 quia
1692 3905 1835 3963 universis

83 3999 227 4069 toriajam
245 3999 372 4054 solitaria
389 4004 585 4064 revertuntur,
606 4010 640 4051 ac
659 3995 850 4053 inaestimabili
864 4011 933 4066 spo-
988 3991 1139 4050 Chrisliani
1158 3990 1282 4049 nominis
1299 3990 1433 4062 gentibus
1448 3991 1566 4047 maximi
1579 3991 1686 4048 laboris
1709 3993 1832 4063 pondus,

84 4087 190 4143 liorum
213 4086 293 4156 copia
334 4085 516 4142 reficiuntur.
548 4084 669 4155 Argenti
700 4084 779 4140 dives
810 4090 838 4141 et
869 4083 933 4142 auri
987 4081 1081 4139 insui
1104 4080 1281 4147 liberatione,
1308 4093 1400 4150 nuper
1421 4079 1568 4135 indixit:·
1591 4081 1697 4137 Omnes
1720 4081 1771 4152 qui
1792 4083 1830 4139 le·

83 4175 191 4232 exinde
218 4173 292 4231 Gaza
315 4173 495 4245 producitur,
519 4173 642 4242 assyriae
668 4172 827 4229 nobilitatis
854 4187 931 4244 opes,
987 4171 1100 4227 vabunt
1114 4183 1189 4233 eam,
1205 4168 1366 4225 concisione
1381 4167 1597 4232 lacerabuntur,
1617 4179 1645 4225 et
1663 4169 1836 4242 colligentur

85 4278 119 4320 ac
135 4264 270 4335 qualibet
292 4263 416 4334 pretiosa
436 4261 584 4332 suppellex
608 4261 729 4317 habetur
745 4276 751 4316 :
767 4261 932 4319 omnimoda
950 4245 973 4300 Ῑ)
989 4261 1128 4316 adversus
1142 4271 1204 4313 eam
1219 4257 1316 4312 omnia
1331 4269 1420 4327 regna
1435 4265 1518 4313 terrae
1535 4256 1642 4328 (ibid).
1662 4258 1741 4325 »Qui
1754 4265 1832 4326 sunt,

86 4352 257 4409 animalium
290 4364 405 4422 genera,
438 4349 586 4406 variorum
616 4362 763 4406 armorum
801 4349 935 4406 utensilia
989 4349 1040 4419 qui
1063 4346 1220 4404 ierusalem
1246 4345 1352 4412 levant,
1388 4345 1441 4400 uisi
1466 4345 1517 4415 qui
1543 4353 1696 4416 postquam
1718 4348 1835 4418 impleta

85 4448 305 4513 congeruntur:
321 4441 343 4495 si
360 4453 419 4509 qua
436 4439 516 4495 luere
540 4437 641 4494 usibus
663 4445 739 4508 apta,
764 4444 933 4508 servarunt;
989 4435 1095 4491 luerint
1110 4441 1239 4504 tempora
1254 4433 1416 4502 nationum,
1437 4447 1499 4490 eam
1516 4447 1599 4490 asna
1620 4436 1835 4493 conculcatione

86 4545 153 4601 quac
166 4538 275 4597 extera,
298 4529 363 4600 igne
382 4533 557 4583 cremarunt.
581 4526 796 4597 Regrediuntur
823 4526 935 4582 iucom-
988 4521 1163 4581 sublevanti
1184 4520 1377 4589 «Jerusalem,
1394 4521 1488 4592 inquit
1502 4521 1652 4586 Dominus,
1674 4521 1835 4583 calcabitur

85 4617 271 4688 prehensibili
315 4614 526 4684 triurnphantes
567 4613 671 4685 iubilo,
718 4614 933 4685 lerosolymam,
989 4611 1178 4683 agentibus,
1204 4610 1294 4666 donee
1322 4610 1499 4681 impleantur
1526 4617 1656 4680 tempora
1682 4611 1834 4669 nationum

86 4706 207 4763 inlicitis
230 4705 390 4777 gratiarum
405 4705 659 4774 lacrymarumque
679 4702 806 4759 millibus
828 4717 935 4760 cumu-
989 4703 1140 4773 (lacni,
1156 4700 1242 4768 til.»
1259 4699 1293 4755 lli
1312 4699 1473 4756 concisione
1488 4697 1662 4766 lacerantur,
1677 4700 1748 4770 quia
1766 4699 1832 4769 dici,

85 4795 180 4851 lantes
195 4793 348 4850 [lominica.
372 4792 510 4862 passionis
531 4805 565 4847 ae
583 4790 740 4861 sepulturae
755 4791 933 4847 memoriam.
989 4794 1045 4848 imo
1057 4791 1176 4861 cogitari
1192 4789 1359 4846 nullatenus
1373 4794 1473 4858 potest,
1490 4795 1602 4857 quanta
1615 4786 1699 4843 lamis
1713 4788 1836 4860 sitisque

85 4885 180 4940 l'anta
205 4889 301 4939 autern
330 4881 459 4946 Francis,
484 4895 520 4937 ex
547 4879 636 4950 huius
664 4878 787 4936 lortunae
815 4879 936 4935 coelestis
988 4881 1114 4946 miseria,
1144 4879 1262 4949 quantis
1279 4877 1412 4934 laborum
1442 4875 1658 4946 vulnerumque
1687 4877 1835 4935 doloribus

85 4971 239 5030 eventibus
251 4971 349 5028 arrisit
363 4971 491 5032 ubertas,
504 4978 537 5027 ut
553 4970 602 5038 hii,
631 4968 682 5040 qui
702 4982 819 5039 prorsus
839 4968 936 5038 inopes
988 4979 1037 5022 eos
1060 4964 1088 5020 in
1110 4963 1266 5020 obsidendo
1293 4960 1416 5018 cruciari
1440 4959 1607 5016 eonstiterit.
1630 4961 1672 5029 Et,
1697 4969 1729 5018 ut
1748 4962 1836 5033 juxta

85 5065 163 5116 ⁴³8
183 5067 211 5116 et
227 5060 323 5116 viatici
347 5059 438 5129 ipsius
461 5052 587 5131 egeu‘tes,
612 5057 666 5114 hoc
689 5057 782 5127 ipsum
798 5057 865 5113 olim
882 5055 936 5113 iter
989 5052 1165 5110 Ezechielem
1182 5051 1288 5123 loquar
1305 5065 1312 5104 :
1329 5071 1343 5098 «ι
1367 5049 1457 5105 Omne
1481 5055 1568 5117 caput
1583 5047 1764 5106 decalvatum
1780 5058 1834 5119 cst,

86 5149 222 5218 inierant,
258 5163 325 5206 cum
358 5147 450 5205 multa
481 5147 547 5203 auri
580 5145 752 5218 argentique
776 5144 933 5215 opulentia,
988 5150 1016 5199 et
1039 5142 1133 5199 oannis
1157 5140 1296 5196 humerus
1320 5137 1462 5209 depilatus
1486 5136 1604 5205 (Ezecb.
1630 5151 1711 5204 xxix,
1737 5138 1832 5211 l8);»

86 5252 122 5295 ac
136 5235 283 5308 spectabili
299 5251 440 5309 equorum
457 5235 663 5307 mulorumque
683 5232 830 5291 evectione
856 5232 935 5289 redi·
989 5230 1034 5287 sin
1049 5228 1130 5296 alias,
1154 5227 1199 5284 vel
1221 5225 1329 5283 crebris
1350 5224 1552 5280 machinarum
1575 5226 1757 5296 impulsibus,
1783 5241 1835 5285 sau

86 5334 152 5386 rent
168 5341 175 5381 :
989 5316 1182 5375 convehendis
1204 5314 1350 5371 oneribus.
1367 5312 1430 5380 Sed,
1450 5312 1544 5370 levata
1560 5315 1727 5384 ierusalem,
1741 5336 1757 5365 o
1770 5330 1835 5374 ont-

123 5414 188 5470 Laa
201 5413 436 5488 eoSeoetitiaoua
446 5411 579 5486 proxim
594 5410 730 5485 prevenit
744 5409 826 5480 Idas,
989 5407 1039 5463 nia
1061 5419 1150 5479 regna
1174 5412 1256 5461 terrae
1280 5403 1420 5461 adversus
1446 5414 1509 5457 eam
1537 5402 1710 5475 colligentur
1729 5403 1833 5476 (zach.

123 5503 253 5561 Obliaait
266 5503 336 5561 belli
347 5504 404 5561 tale
416 5501 512 5560 odere
524 5500 620 5558 decim
988 5510 1039 5565 xtt,
1051 5495 1102 5568 3);
1127 5493 1236 5565 »quod
1256 5507 1314 5549 non
1336 5498 1370 5551 ut
1386 5490 1524 5561 allegoria
1547 5490 1836 5564 subintelligendum,
