3818 6008
471 252 1153 332 nu'rrcuoamussaturnana-am.rr.
1652 279 1704 338 aro

56 417 76 460 e
100 402 283 460 extrinsecus
311 403 450 474 requieto.
478 404 564 462 Vides
592 403 622 460 in
651 404 808 475 hypocritis
826 405 1001 464 Aculariter
1015 420 1116 464 eornm
1135 412 1211 462 tacta
1231 413 1301 463 suut
1325 406 1422 474 corda,
1447 412 1480 462 ut
1498 406 1580 462 nulla
1598 406 1705 465 eisdem

56 505 76 558 a,
109 491 251 563 frigorum
283 490 459 560 tolerantias,
489 492 615 549 interdiu
638 493 689 550 vix
722 501 804 549 nocte
858 502 1020 565 suppeteret
1048 509 1114 566 quae
1138 494 1270 551 viderant
1292 493 1455 565 explicandi
1477 496 1613 565 potentia.
1645 496 1705 552 lm-

56 579 107 636 das
124 579 268 647 stationes,
291 587 378 637 noctu
397 581 480 651 quasi
497 581 646 653 pervigilis
667 581 804 638 orationis
858 583 982 654 potentia
1009 590 1105 640 autem
1134 596 1234 639 eorum
1264 582 1302 639 nil
1328 581 1408 639 aliud
1431 596 1519 653 qnam
1544 584 1704 641 indebitum

56 668 101 736 las,
116 675 144 724 et
159 667 221 724 haec
235 667 379 725 levissima
393 668 474 726 ducit
484 670 582 741 gloriae
602 670 696 727 inanis
711 669 803 726 avidi·
857 679 908 728 est.
925 670 1006 729 Unde
1020 679 1061 727 est
1076 671 1153 742 quod
1174 671 1208 726 de
1230 669 1348 726 bonrino
1368 671 1473 727 dicitur
1487 671 1565 741 quod
1589 672 1704 729 nullum

56 756 184 813 entidem
199 772 318 828 quoque
334 758 361 813 in
375 766 541 816 sanctorum
557 759 703 817 mentibus
716 758 805 817 etllcit
857 760 973 832 signum
987 760 1080 831 potuit
1098 760 1190 816 tacere
1217 759 1247 815 in
1263 759 1467 829 capharnaum
1492 760 1573 828 (Lac.
1595 774 1633 825 tr,
1649 761 1704 832 23).

57 845 138 900 ianas
159 859 280 903 suarum
300 847 434 903 carnium
452 856 557 905 mortes
578 849 679 906 breves
693 863 728 906 ac
739 864 804 907 mo·
857 846 921 903 Non
936 847 1027 917 potuit
1040 862 1119 919 ergo,
1136 847 1247 904 dictum
1263 847 1400 920 intellige,
1418 862 1476 904 non
1490 848 1604 917 debui13
1620 849 1703 906 inde·

56 945 121 990 neas
145 933 350 1004 expectationis
369 949 502 1006 supernae
521 938 658 994 suavitas.
688 937 804 996 Constet
858 935 949 992 bitum
968 936 1044 992 enim
1065 943 1126 992 erat
1150 943 1181 992 ut
1199 936 1240 992 eis
1261 936 1412 1006 signorum
1433 935 1571 992 beneficia
1592 937 1705 1006 impen-

56 1022 209 1090 rrobatum,
226 1023 296 1093 quia
321 1023 395 1081 sicut
414 1039 500 1096 prena
522 1026 663 1084 forinseca
686 1028 804 1085 reddere
858 1025 936 1081 deret
959 1039 1032 1096 quos
1056 1024 1121 1081 ddei
1139 1024 1364 1095 sueapplicare
1392 1039 1451 1080 non
1479 1032 1598 1095 poterat.
1622 1024 1704 1082 Unde

56 1109 317 1168 citurcadaverosa
327 1112 509 1183 corpuscula,
521 1114 732 1185 sicspiritualis
744 1116 803 1172 ala·
857 1122 884 1170 et
898 1113 1070 1186 margaritas
1084 1120 1149 1169 ante
1165 1127 1264 1183 porcos
1279 1114 1346 1183 poni
1362 1114 1454 1169 vetuit
1468 1113 1584 1183 (Metti.
1601 1128 1650 1180 vu,
1665 1112 1702 1183 d),

77 1206 129 1256 aut
151 1199 241 1256 latens
263 1201 366 1257 mentis
387 1201 501 1271 vitium,
528 1211 626 1261 nostra
641 1210 692 1262 aut
716 1204 802 1276 toret,
857 1202 927 1274 quia
939 1201 1030 1259 diriui
1044 1201 1153 1272 eloquii
1167 1201 1275 1258 candor
1294 1201 1406 1272 spurcis
1421 1202 1567 1259 mentibus
1586 1200 1704 1258 minime

56 1288 271 1360 equetintema.
857 1291 1000 1361 congruit,

296 1378 411 1436 CAPUT
430 1379 467 1434 ΙΙ.
893 1379 949 1442 511.
976 1377 1080 1433 Ρνοὸαι
1103 1377 1208 1432 iterum
1230 1375 1408 1434 descientia
1427 1375 1487 1445 Det',
1511 1393 1572 1449 quaa
1592 1375 1704 1432 incon·

56 1465 131 1534 Quos
150 1466 297 1538 prophetia
318 1466 468 1540 sanctique
481 1466 537 1524 ct'ra‘
556 1485 576 1525 u
595 1470 656 1525 Deo
669 1486 804 1542 accepere
857 1465 1043 1538 templalium
1050 1465 1192 1534 hauritur,
1201 1465 1468 1535 fondtsacultutem
1478 1466 1633 1520 humanum
1646 1481 1705 1520 non

58 1553 692 1628 r,eepiuaculeuperirenequiverunt.-flis
705 1559 803 1630 itaque
855 1558 1017 1627 suppetere.
1036 1587 1072 1598 -
1090 1556 1191 1627 igitur,
1213 1562 1244 1613 ιι
1268 1556 1304 1612 ad
1325 1557 1427 1612 seriem
1442 1555 1603 1617 redeamus,
1618 1554 1704 1626 quid-

56 1642 290 1700 ‘adistributione
311 1644 451 1714 dispectis,
473 1647 616 1716 quomodo
637 1648 801 1706 animarum
858 1645 928 1716 quid
943 1658 961 1700 a
979 1644 1123 1715 prophetis
1137 1644 1329 1714 corporaliter
1348 1645 1383 1701 de
1405 1645 1460 1700 Deo
1481 1657 1540 1700 non
1559 1652 1616 1698 tam
1640 1655 1705 1698 sen·

56 1730 127 1788 ciaa
151 1730 299 1787 tormentis
321 1732 520 1803 corporalibus
541 1733 648 1791 distare
673 1735 803 1807 putanda
822 1709 922 1790 Bsuun
938 1746 1026 1803 quarn
1042 1732 1215 1798 dictumest,
1234 1732 1370 1788 humane
1384 1731 1580 1803 intelligentie
1595 1736 1707 1787 constat

56 1826 75 1876 a
92 1832 183 1890 qnare
208 1819 268 1889 ipse
287 1820 435 1886 Dominus,
456 1834 490 1878 ac
510 1823 602 1879 sancti
628 1823 739 1894 quique
767 1823 802 1881 de
857 1814 1089 1889 condescensum,
1112 1820 1182 1890 quia
1204 1834 1257 1876 nec
1280 1820 1333 1890 ipsi
1353 1820 1453 1886 rerba,
1472 1818 1580 1890 quibus
1599 1817 1705 1874 divium

57 1906 105 1965 illo
132 1906 203 1964 adeo
227 1908 381 1965 carnaliter
406 1924 463 1965 non
486 1910 549 1966 dico
575 1911 724 1979 senserint,
753 1912 802 1970 sed
856 1910 985 1985 ιιιιιιιιι
1004 1909 1122 1966 modum
1143 1908 1430 1979 comprehenderent,
1452 1907 1584 1963 invenire
1604 1913 1706 1975 potue-

56 2001 91 2064 rt,
111 1997 219 2065 pariter
235 1995 423 2067 attingamus.
444 1997 472 2054 si
490 1998 567 2054 enim
587 1999 622 2055 de
641 2013 728 2056 sensu
751 2014 802 2056 ιο-
857 2006 945 2070 ιιιι;
960 1998 1074 2055 neeulli
1089 1997 1210 2062 animos.
1226 1997 1286 2066 qui,
1303 2010 1368 2077 quae
1380 1996 1545 2053 dicerentur
1555 1993 1591 2064 (si
1603 1993 1659 2049 dici
1669 1992 1706 2049 ab

56 2083 152 2157 igitur,
171 2098 255 2141 sensa
276 2085 451 2157 prophetica,
469 2094 502 2143 ιιι
523 2086 623 2143 seriem
649 2088 803 2158 praemisse
857 2087 955 2158 aliquo
970 2086 1116 2144 ullatenus
1130 2085 1253 2156 possent)
1268 2084 1397 2141 valerent
1411 2096 1530 2154 capere,
1551 2086 1626 2136 m
1650 2081 1707 2138 ha-

56 2172 106 2228 ·nis
133 2187 287 2243 exsequar,
321 2175 413 2231 multo
444 2175 641 2246 spiritualiora
671 2175 805 2248 luerunt,
856 2173 1359 2246 buerunt.Quiergodicere,quive
1374 2172 1475 2229 audire
1490 2184 1548 2228 non
1564 2176 1705 2240 poterant,

69 2260 123 2331 ipsi
146 2261 208 2317 suis
233 2261 382 2320 insinuare
411 2264 592 2320 auditoribus
615 2279 673 2321 nun
697 2265 803 2337 dicam,
859 2267 959 2322 merito
973 2278 1060 2335 super
1081 2263 1129 2320 bei
1152 2270 1258 2318 natura
1278 2261 1411 2318 silebant.
1434 2260 1503 2327 Qua
1525 2266 1622 2315 autem
1649 2256 1707 2314 dici

56 2358 123 2417 unt,
149 2351 198 2407 sed
221 2351 394 2408 debuerunt.
425 2351 524 2409 [licam
545 2360 649 2420 tamen,
675 2353 752 2424 quod
776 2361 804 2411 et
856 2354 1011 2411 necessitas
1042 2351 1192 2423 exegisset,
1231 2351 1287 2407 nisi
1317 2348 1524 2407 consuetudine
1555 2345 1707 2403 locutionis

57 2451 225 2506 passerem,
240 2439 310 2510 quia
320 2453 372 2495 nec
382 2446 549 2511 potuerunt,
564 2455 616 2496 nec
629 2440 802 2498 debuerunt
857 2443 993 2498 humanae
1009 2441 1158 2505 dixissent,
1174 2445 1202 2495 et
1219 2438 1246 2494 in
1265 2453 1319 2496 sua
1335 2439 1388 2510 ipsi
1404 2437 1526 2495 dictione
1547 2434 1706 2490 amentium

56 2540 77 2582 n
103 2534 227 2596 possent,
244 2542 310 2598 que
331 2541 368 2583 ex
392 2535 473 2598 parte
495 2528 530 2585 de
551 2529 618 2585 lesu
646 2528 802 2596 nascituro,
857 2545 937 2588 more
956 2530 1121 2597 delicerent,
1134 2534 1161 2585 et
1185 2527 1208 2583 si
1224 2541 1284 2599 qua
1310 2542 1400 2599 supra
1425 2541 1455 2584 se
1475 2525 1611 2590 dicerent,
1632 2523 1708 2580 sicut

56 2613 137 2671 aeriis
151 2613 284 2672 Ecclesiae
301 2625 450 2682 noverant,
472 2617 509 2673 ad
532 2617 680 2687 publicum
697 2632 803 2689 propa·
858 2620 911 2690 ipsi
935 2633 990 2676 sua
1008 2619 1085 2676 dicta
1106 2630 1165 2674 non
1185 2625 1330 2687 caperent,
1350 2617 1391 2673 sic
1411 2615 1600 2671 intellectores
1612 2611 1706 2668 dicto-

56 2711 71 2770 t,
88 2704 112 2760 si
126 2718 160 2761 ea
174 2720 241 2776 quae
259 2706 363 2775 partim
388 2705 442 2762 sibi
463 2706 683 2775 interluxerant,
704 2710 803 2779 expri·
859 2723 924 2764 rnm
951 2707 1121 2779 neutiquam
1149 2709 1316 2780 reperirent.
1340 2704 1420 2762 Unde
1442 2710 1469 2759 et
1493 2701 1626 2772 indignas
1649 2699 1707 2755 lieo

71 2792 214 2850 licentiam
231 2794 409 2851 habuissent.
858 2796 1010 2868 aliquoties
1022 2799 1250 2868 comparationes
1259 2793 1521 2862 similitudinesque
1531 2790 1705 2855 attribuunt,

56 2895 75 2938 e
101 2882 256 2938 Psalmistae
285 2897 343 2939 vox
370 2890 413 2939 est
441 2898 479 2939 :a
499 2884 622 2952 Incerta,
649 2885 754 2954 inquit,
777 2892 805 2943 et
857 2886 927 2942 dum
945 2886 1106 2956 plaustrum
1122 2894 1260 2943 onustum
1282 2885 1346 2940 tene
1365 2883 1478 2951 (Amos.
1503 2894 1532 2946 ll,
1555 2881 1611 2949 ¹³),
1635 2877 1707 2934 dum

56 2983 70 3026 a
97 2970 242 3040 sapientia
271 2980 327 3028 ιιι
356 2971 527 3029 manifestati
556 2973 626 3029 mihi
660 2973 751 3044 (Paul.
776 2989 801 3042 ι,
822 2981 1002 3058 epotantem
1023 2975 1206 3046 crapulatum
1230 2987 1247 3028 a
1268 2973 1336 3029 vino
1361 2972 1461 3028 dicunt
1480 2968 1573 3040 (Paul.
1598 2980 1705 3032 uxxru,

56 3057 196 3115 liincerta
220 3059 297 3130 apud
318 3059 422 3129 ipsum,
448 3061 483 3116 de
506 3061 591 3131 cujus
616 3063 723 3119 semiue
741 3071 804 3119 erat
857 3062 914 3129 65).

56 3160 130 3215 urus,
146 3155 238 3210 erant,
253 3148 349 3205 dubie
362 3149 544 3206 sententiaesi
564 3149 717 3219 torrentur,
733 3150 804 3221 quid
893 3149 1004 3217 Quibus
1027 3164 1094 3222 ergo
1122 3164 1241 3221 capaces
1269 3149 1309 3205 illi
1337 3162 1396 3205 nou
1419 3146 1543 3214 lucrant,
1568 3157 1626 3200 non
1651 3141 1707 3198 nisi

56 3236 131 3292 *anti
159 3237 246 3293 Porro
273 3236 297 3292 si
316 3237 428 3295 occulta
448 3251 499 3306 pro
520 3238 566 3294 sui
590 3239 803 3303 incertitudine,
858 3239 1017 3309 corporalia
1048 3248 1076 3296 et
1107 3239 1212 3296 nostris
1243 3237 1345 3295 usibus
1370 3234 1523 3292 tamiliaria
1554 3230 1707 3291 enuntiare

68 3330 136 3380 sunt
148 3324 248 3394 utique
259 3324 477 3381 manifestanda.
490 3324 552 3391 Quo
562 3326 639 3382 enirn
654 3326 803 3398 quidpiam
858 3334 999 3398 poterant,
1023 3335 1050 3383 et
1065 3342 1130 3398 quae
1145 3327 1243 3383 minus
1260 3325 1344 3382 bonis
1361 3324 1526 3382 bominibus
1540 3320 1708 3378 convenien-

56 3411 97 3468 lua
110 3420 161 3479 est,
176 3426 220 3479 eo,
236 3414 259 3468 si
275 3412 446 3470 incertitudo
460 3428 521 3470 sese
536 3415 663 3485 objiciat,
677 3414 804 3485 promul·
858 3415 899 3471 tia
928 3415 1111 3483 videbantur,
1145 3417 1231 3471 etiarn
1259 3415 1317 3470 lieo
1344 3426 1531 3483 nequaquam
1565 3409 1707 3467 ascribere

56 3501 304 3558 ericulosius'est.
321 3501 390 3569 Quae
409 3517 478 3574 ergo
497 3502 552 3559 sibi
573 3503 691 3574 quidem
712 3505 803 3560 mani·
857 3503 1043 3568 verebantur,
1070 3511 1102 3559 nt
1125 3517 1161 3560 ex
1184 3517 1217 3559 eo
1244 3503 1305 3573 ipso
1329 3502 1408 3573 quod
1428 3514 1549 3558 summe
1565 3497 1707 3569 majestati

56 3629 68 3656 .,
100 3588 149 3646 sed
181 3590 291 3647 caeteris
323 3591 432 3646 incerta
464 3604 498 3646 ac
534 3591 646 3647 occulta
673 3599 803 3659 noverat,
858 3593 978 3663 indigna
991 3599 1203 3662 componerent,
1220 3590 1363 3662 quidquid
1385 3591 1462 3660 apud
1485 3603 1537 3644 nos
1552 3587 1648 3658 majus
1673 3599 1708 3641 ιι

61 3678 216 3736 admodum
226 3679 435 3748 dispensatione
447 3679 530 3737 silere
539 3679 712 3737 decreverat.
724 3681 805 3738 Unde
858 3679 976 3752 dignius
996 3692 1057 3736 esse
1081 3686 1181 3749 potest,
1210 3679 1362 3750 indignum
1392 3679 1448 3733 beo
1475 3690 1602 3746 prorsus,
1631 3673 1655 3730 si
1681 3673 1707 3729 ei

56 3765 110 3823 llus
139 3782 146 3822 :
179 3789 193 3817 c
217 3766 334 3834 Audivi,
354 3767 460 3837 inquit,
483 3781 590 3824 arcana
616 3768 714 3835 rerba,
738 3782 804 3839 quae
858 3767 1033 3836 conteratur,
1064 3768 1256 3824 ostenderent.
1291 3766 1361 3822 inde
1390 3772 1431 3820 est
1467 3763 1545 3834 quod
1578 3760 1706 3818 Ezechiel

56 3862 95 3912 oet
110 3855 218 3912 homini
234 3854 311 3925 loqui
328 3854 375 3926 (II
395 3858 462 3910 Gor.
481 3871 531 3923 xrr,
547 3855 585 3927 t).
602 3877 617 3906 a
640 3855 712 3922 Quid
730 3855 805 3912 bita·
859 3865 986 3929 quatuor
1000 3855 1168 3912 animalium
1189 3861 1382 3911 monstrorum
1406 3851 1552 3909 simillima
1573 3863 1706 3920 corpora,

60 3942 218 4015 intelligere
241 3958 404 4014 possumus,
431 3953 458 4001 et
484 3953 527 4001 est
561 3959 595 4001 ae
616 3945 641 4001 si
672 3945 803 4001 diceret:
858 3953 887 4003 et
910 3945 996 4002 iacies
1017 3945 1260 4016 portentuosiores
1281 3956 1369 4014 quam
1391 3941 1465 4009 lani,
1491 3953 1559 3996 nam
1579 3937 1708 4010 quadru-

56 4045 81 4089 ιι·
101 4046 131 4088 ιι
152 4032 261 4088 ιιιιιιιι
282 4042 323 4089 est
345 4033 454 4090 homiui
474 4034 543 4089 talia
571 4034 675 4099 dicere,
696 4032 803 4090 nemini
858 4035 946 4106 plices
971 4034 1164 4090 ostenduntur
1182 4033 1298 4105 (Ezech.
1321 4050 1339 4100 r,
1361 4036 1387 4100 5,
1406 4031 1444 4102 6),
1472 4037 1505 4087 ιι
1528 4043 1565 4086 ex
1584 4027 1705 4095 enormi,

56 4119 224 4191 >loquentes
242 4122 366 4178 scribere
390 4121 523 4183 solemus,
548 4136 605 4178 nou
629 4122 740 4179 homiui
760 4122 804 4178 lo-
859 4131 1003 4196 quantum
1028 4123 1064 4179 ad
1094 4136 1154 4190 uos,
1170 4123 1273 4192 specie,
1298 4121 1359 4177 sola
1387 4118 1619 4177 intellectualitas
1632 4131 1708 4187 quae·

56 4208 122 4266 lest
134 4208 217 4264 altari
233 4209 359 4279 cuipiam
374 4210 541 4280 explanare.
859 4213 950 4268 reuda
968 4218 1090 4268 notetur.
1112 4210 1138 4267 Si
1165 4210 1242 4267 enim
1262 4208 1380 4280 angelos
1405 4222 1474 4264 suos
1501 4205 1568 4263 tacit
1590 4204 1709 4274 spiritus

56 4295 129 4352 nuni
146 4296 267 4354 arbitrii
281 4314 337 4351 non
352 4301 395 4353 eat
414 4298 469 4353 Dei
482 4298 762 4369 contemptationem,
778 4301 805 4356 et
823 4304 846 4359 b
861 4301 955 4373 (Prot.
972 4316 1032 4371 ιιιι,
1056 4300 1092 4372 ι),
1115 4308 1142 4357 ιι
1167 4315 1224 4356 non
1252 4300 1306 4355 nisi
1336 4297 1499 4369 spiritualia
1520 4301 1654 4352 constant
1678 4293 1708 4349 in

63 4383 490 4455 Scripturaenotitiamhubere.
510 4387 624 4443 —Non
646 4387 806 4458 itaquepo
858 4388 1030 4457 celestibus,
1055 4389 1288 4460 indignissimum
1318 4387 1348 4442 in
1380 4387 1479 4457 aliquo
1516 4395 1707 4454 supernorum

56 4479 90 4540 at,
105 4473 176 4542 quia
195 4474 251 4529 nob
267 4473 437 4530 debuerunt.
452 4475 575 4544 Spiritus
589 4477 664 4532 euim
682 4476 806 4547 prophe·
859 4479 974 4536 credere
998 4486 1041 4534 est
1066 4477 1136 4534 tales
1158 4477 1281 4533 inveniri
1307 4490 1459 4546 corporum
1483 4474 1609 4531 babitus.
1635 4471 1708 4528 Cum

71 4560 126 4616 nisi
146 4576 195 4617 eos
215 4561 290 4618 sicut
304 4563 370 4632 quis
394 4577 503 4634 equum
519 4564 599 4620 treuo
620 4565 804 4632 cohibuisset,
860 4568 945 4638 plane
965 4565 1059 4637 angeli
1085 4565 1183 4637 gloriae
1201 4565 1333 4622 claritate
1352 4564 1545 4635 perplaceant,
1569 4561 1631 4617 haec
1654 4572 1707 4616 au·

56 4648 130 4706 rium
160 4650 237 4721 quod
270 4659 365 4707 mente
400 4660 598 4722 conceperant,
638 4654 806 4724 mysterium
860 4664 915 4713 tem
931 4653 1023 4711 invise
1037 4654 1160 4710 nimium
1183 4655 1289 4727 etdgiei
1314 4655 1433 4711 horrore
1446 4651 1624 4723 displiceant,
1640 4663 1707 4706 eum
1760 4660 1763 4665 ’

56 4737 150 4794 uisset.
176 4740 297 4796 Prodere
320 4754 388 4797 sane
411 4754 469 4796 non
492 4749 624 4811 poteraut
644 4743 722 4814 quod
751 4743 807 4799 snb
859 4744 961 4801 litterae
996 4743 1070 4799 ratio
1098 4742 1202 4810 delicit,
1232 4744 1325 4800 solnm
1360 4756 1490 4815 quaerere
1523 4747 1609 4798 restat
1637 4738 1709 4810 quid

58 4825 204 4883 dictatoris
229 4827 323 4900 sigillo
342 4832 504 4885 tenuerant.
533 4829 561 4886 Si
583 4831 660 4886 euim
687 4832 807 4888 humani
859 4832 993 4890 innuant.

56 4913 74 4970 ii
100 4921 151 4971 aut
175 4917 307 4986 potentiae
330 4918 466 4973 humanae
488 4931 545 4974 non
565 4925 607 4975 est
629 4920 807 4990 contempla·
896 4918 1039 4975 Homines
1049 4916 1215 4991 ιινροτιιιι
1229 4920 1342 4974 tuntum
1351 4917 1513 4974 enuntiant.
1524 4944 1561 4958 -
1574 4913 1709 4972 llomines

56 5016 68 5059 ι
92 5003 153 5072 ilci,
178 5013 228 5060 aut
249 5019 337 5062 sacrae
356 5005 511 5076 Scripturae
536 5021 602 5063 cum
620 5008 699 5074 velit,
717 5008 808 5064 habe·
859 5024 929 5081 ergo
953 5008 990 5064 ad
1014 5008 1145 5065 homines
1168 5007 1204 5063 de
1230 5006 1291 5062 sola
1310 5007 1510 5077 corporalitate
1536 5004 1709 5074 loquuntur,

56 5091 129 5149 aeis
151 5093 317 5151 nullatenus
336 5093 420 5151 licere
439 5095 541 5164 potuit,
566 5095 725 5152 defuturis
746 5111 808 5168 my·
862 5098 932 5170 quia
959 5096 982 5153 si
1016 5096 1165 5168 quidpiam
1199 5094 1235 5150 de
1267 5091 1511 5151 intellectualitate
1546 5095 1708 5155 senserunt,

56 5218 57 5229 ι
79 5188 131 5238 ιιι
155 5182 260 5238 sentire
285 5189 428 5254 quantum
444 5183 558 5250 vellent,
575 5183 632 5241 imo
647 5198 699 5240 nec
714 5185 808 5255 ipsum
861 5193 1052 5243 sensatamen
1075 5198 1129 5242 sua
1151 5195 1336 5254 nequaquam
1356 5182 1520 5253 exprimere
1543 5184 1708 5251 potuerunt.

84 5277 233 5340 penetrare
265 5271 343 5341 quod
371 5270 506 5328 dicerent.
537 5271 616 5328 Sicut
647 5286 747 5343 nempe
779 5273 809 5330 iu
863 5275 987 5333 Undeet
1004 5273 1147 5332 estimare
1166 5281 1274 5329 esteos
1294 5271 1398 5343 quiad
1415 5267 1711 5340 internumejussae-

56 5356 126 5416 ihus
151 5372 218 5429 qum
239 5373 276 5416 ex
302 5360 358 5416 Deo
386 5367 456 5416 sunt
478 5359 622 5418 multoties
643 5361 677 5418 de
706 5362 810 5419 nostris
862 5362 1050 5431 antistatum,
1065 5362 1102 5418 ad
1116 5375 1169 5419 noa
1182 5368 1277 5419 umen
1297 5360 1547 5428 redituriexeunt,
1561 5357 1638 5430 quod
1654 5356 1711 5414 alia

56 5445 363 5519 ibusedocemur,qnae
372 5449 810 5522 tamenquomodoautquando
863 5451 960 5509 ridere
975 5465 1032 5508 non
1055 5458 1185 5522 possunt,
1210 5450 1264 5507 nisi
1288 5463 1355 5521 ιιι
1378 5447 1565 5521 corporaliter
1585 5444 1710 5503 virenti·

56 5548 106 5592 ura
120 5535 178 5593 sint
191 5535 263 5593 inibi
283 5535 416 5609 colligere
436 5548 495 5593 nou
509 5536 650 5607 valemus,
666 5537 705 5596 ita
721 5539 810 5610 parti·
865 5539 920 5597 bus
935 5538 1040 5596 usitata
1058 5546 1136 5608 sunt,
1161 5547 1190 5597 ιι
1208 5540 1263 5597 ιιι
1287 5538 1414 5612 imagine
1432 5546 1612 5595 terrenorum
1637 5533 1711 5590 sub-
