3818 6008
76 180 124 233 lat
500 176 531 231 V.
557 174 720 231 abluendi
754 172 901 228 lunaris
929 174 957 229 S.
991 171 1115 229 llAlllAE
1143 173 1189 228 DE
1214 169 1413 228 nuvluunro
1785 173 1832 225 liti

79 326 221 383 ergoeam
238 320 288 370 tuo
306 311 426 382 subjice,
441 319 468 368 et
482 311 504 366 si
521 309 640 367 rationis
651 310 692 365 uti
713 309 780 365 libat
794 309 922 377 imperio,
943 311 964 364 Α
982 309 1127 378 gnationls
1142 309 1291 364 incussum
1306 307 1357 364 tibi
1377 320 1394 362 a
1413 305 1556 377 spirituali
1572 305 1721 364 voluntate
1743 315 1832 364 terro·

80 402 141 473 ipsa
164 403 206 459 uti
231 401 335 458 ancilla
363 410 463 457 utere:
489 399 592 469 ailligit
622 398 719 469 itaque
740 412 802 454 eam
834 397 925 463 Sarni,

79 506 146 560 quae
173 491 279 547 dicitur
309 491 369 545 ideo
399 490 530 558 princeps
560 501 623 542 ntea
650 487 720 557 quia
752 486 926 556 principium

79 572 168 627 sumit
185 572 279 627 omnis
301 571 382 638 vigor
411 567 529 624 rationis
558 568 594 622 ab
619 568 690 636 ipsa,
720 568 791 637 quia
819 565 927 621 crebris

78 659 317 717 restrictionibus,
341 665 368 711 et
384 656 493 712 timoris
523 655 572 710 Dei
601 654 715 725 objectu
744 658 925 723 coangustat,

80 748 128 803 sed
159 749 208 802 illa
230 747 328 815 lugam
359 745 421 809 init,
447 744 517 815 quia
548 744 603 800 sub
632 744 801 800 auctoritate
832 757 926 809 mag-

80 845 146 892 strae
175 844 231 892 tam
257 834 379 907 potentis
408 833 542 900 timendo,
573 846 589 888 a
618 832 776 903 petulantia
799 846 828 887 se
855 845 926 885 eori-

80 924 178 980 trabit.

114 1058 203 1113 vans.
217 1058 245 1115 7.
257 1060 284 1118 8.
301 1059 326 1110 a.
340 1086 369 1096 -
383 1055 500 1124 Cumque
509 1056 653 1107 inuenisset
666 1054 742 1107 illum
753 1053 864 1121 ningulus
877 1055 926 1106 llo-

78 1149 148 1202 mini
154 1147 239 1215 justu
250 1147 350 1212 sontem
361 1160 438 1212 aquae
450 1146 479 1196 ia
492 1143 648 1208 solitudine,
660 1158 720 1211 qnae
729 1147 767 1195 est
778 1145 807 1195 in
822 1141 926 1195 deserto

79 1239 108 1288 in
123 1237 169 1288 cin
184 1235 248 1297 Sur,
264 1233 339 1286 dicit
355 1232 391 1285 ud
405 1233 481 1285 illam
497 1247 504 1284 ε
523 1235 614 1297 Aan,
632 1233 732 1285 otacilio
746 1231 841 1297 Sarni,
855 1230 926 1283 rande

78 1324 164 1387 uenia,
182 1326 207 1373 et
230 1335 282 1389 quo
296 1319 398 1374 uirilis?
421 1320 446 1373 Α
468 1321 540 1384 secie
565 1320 648 1373 Serui
662 1319 777 1372 dominae
801 1334 864 1372 meu
878 1333 925 1386 epo

78 1412 166 1477 sagio.
183 1411 331 1473 neumare,
355 1410 404 1473 ait,
425 1407 462 1461 ud
485 1407 621 1462 dominnm
638 1413 721 1474 ticum,
738 1414 762 1460 ct
782 1408 926 1460 humiliore

79 1498 129 1553 sub
151 1513 233 1552 merra
253 1499 350 1567 ipsius.
366 1496 494 1565 Angelus
508 1496 634 1559 Domini,
652 1503 703 1552 aut
722 1495 820 1551 divina
836 1495 925 1566 inspi-

54 1575 62 1586 '
79 1587 151 1643 ratio
165 1593 217 1652 εει,
234 1593 284 1641 aut
301 1585 391 1640 divini
412 1584 529 1639 monitio
554 1583 671 1655 eloquii,
688 1599 753 1655 quae
779 1598 830 1640 nos
846 1584 925 1639 inve·
946 1614 968 1667 Β

79 1675 174 1742 niunt,
189 1688 255 1730 cum
281 1688 333 1728 nos
358 1672 501 1729 innostra
521 1673 661 1743 nequitia,
678 1688 744 1729 rum
769 1687 826 1727 non
843 1687 926 1743 quae-

80 1770 218 1819 runtura
239 1760 331 1826 nobis,
350 1760 578 1830 deprehendunt.
594 1761 683 1817 Juxta
709 1762 813 1818 iontem
830 1768 925 1816 autem

79 1865 163 1922 aquae
178 1864 289 1915 sumus,
311 1850 379 1905 dum
396 1849 447 1914 illi,
467 1849 494 1904 in
516 1857 656 1919 quosuut
679 1863 778 1906 omnes
799 1849 926 1905 thesauri

79 1939 226 2011 sapientiae
241 1953 274 1995 ac
292 1937 426 2005 scientiae,
444 1938 584 1994 inhaerere
599 1938 780 2010 appetimus3
797 1939 847 2008 qui
864 1939 927 1994 tons

79 2029 109 2085 in
124 2028 278 2084 solitudine
293 2027 445 2098 reponitur,
466 2027 533 2097 quia
556 2027 661 2083 divinae
686 2027 868 2097 profunditas
884 2027 926 2083 in·

78 2116 251 2189 telligeutiae,
269 2131 324 2172 uon
348 2114 400 2170 nisi
424 2115 461 2170 ab
487 2115 532 2170 liis
546 2115 597 2186 qui
617 2114 831 2186 decuagatione
856 2114 928 2170 tora·

78 2205 147 2260 stica
168 2203 305 2260 redierint
329 2203 364 2258 ad
388 2218 446 2267 cor,
464 2202 641 2274 attingitur:
672 2203 720 2258 sed
748 2203 870 2259 solitudo
898 2204 926 2258 in

79 2294 188 2350 deserto
202 2293 333 2358 liabetur,
357 2292 438 2362 quia,
461 2292 575 2347 nonnisi
597 2291 806 2362 cupiditatibus
829 2293 926 2349 saculi

78 2380 114 2436 ad
141 2381 258 2450 plenunr
287 2380 416 2446 desertis,
446 2380 506 2435 bac
531 2379 634 2436 mentis
664 2380 746 2450 quies
776 2387 805 2435 et
830 2381 927 2436 unitas

80 2469 199 2540 perfecte
227 2469 367 2539 sentitur;
394 2476 421 2524 ει
449 2468 503 2523 boc
523 2468 551 2523 in
571 2469 618 2524 ria
643 2468 721 2524 Sur:
753 2468 809 2525 Sur
838 2469 926 2525 inter-

79 2563 208 2627 pretatur
228 2557 351 2624 niqredo,
379 2556 434 2624 vel,
460 2558 589 2623 uirqustia
617 2555 661 2611 vel
691 2556 848 2622 fortitudo:
876 2570 927 2627 per

81 2645 259 2716 nigredinem
288 2645 413 2716 cognitio
446 2645 563 2714 peccati,
595 2658 683 2700 comta
710 2645 786 2701 enim
816 2659 926 2715 sponsae

79 2733 171 2805 nigrae
190 2735 275 2804 quasi
300 2748 405 2789 corvus
433 2732 522 2791 (Garat.
551 2749 578 2800 r,
608 2732 668 2799 lli:
690 2747 740 2803 per
761 2733 925 2805 angustiam

79 2823 297 2878 commissorum
315 2822 474 2892 plenitudo,
498 2830 525 2878 et
549 2820 651 2879 deinde
677 2829 776 2878 contra
798 2822 927 2878 adverso

79 2923 144 2966 rum
161 2909 303 2966 molestias
322 2908 455 2980 sequitur
477 2909 622 2966 tortitudo.
646 2910 720 2967 Dicit
740 2925 809 2982 ergo
835 2909 924 2981 Agar,

79 3013 144 3070 quae
165 2999 225 3070 jam
246 2998 292 3054 bic
318 2997 516 3067 interpretaris
534 3012 682 3066 conversa,
712 3007 739 3056 et
763 2999 843 3055 Sarai
864 3001 924 3070 jam

78 3087 204 3143 nosceris
225 3085 363 3156 principis
378 3084 492 3153 ancilla,
512 3087 625 3143 attende
651 3095 794 3158 quantum
814 3085 926 3143 diiierat

79 3174 154 3232 inter
180 3175 207 3232 id
225 3174 303 3230 unde
318 3175 409 3242 uenis,
433 3174 600 3231 secularem
630 3176 738 3233 scilicet
754 3190 924 3242 excursum,
981 3221 986 3233 .

77 3260 190 3317 utillud
213 3261 249 3316 ad
264 3262 341 3330 quod
362 3262 447 3318 modo
472 3263 573 3331 tendis,
600 3263 690 3319 divini
706 3264 832 3334 praesidii
861 3279 926 3319 con·

79 3349 191 3420 tugium
208 3363 215 3418 ;
232 3349 343 3416 atacie,
361 3350 465 3421 inquit,
484 3350 568 3407 idest
588 3364 605 3406 a
626 3351 852 3408 consideratione
874 3351 927 3421 spi·

79 3437 193 3494 ritualis
206 3437 363 3494 voluntatis
388 3439 457 3494 milii
477 3439 666 3509 praesideatis,
691 3447 718 3496 et
732 3439 832 3496 divina
854 3440 926 3496 mibi

76 3525 186 3596 judicia
214 3527 386 3597 opponentis
411 3528 589 3598 pertimesco.
617 3529 779 3596 Revertere,
811 3528 861 3594 ait,
891 3529 926 3585 ad

78 3613 168 3682 illam,
185 3616 212 3671 id
227 3624 269 3671 est
282 3630 298 3671 a
313 3629 372 3686 qua
393 3615 549 3672 immaturo
569 3616 666 3672 adbuc
681 3616 780 3673 timore
795 3614 923 3686 diffugis,
1003 3663 1008 3674 .

75 3703 111 3758 ad
127 3703 190 3774 ejus
205 3704 388 3774 exsequenda
404 3711 432 3761 et
447 3705 571 3760 amanda
588 3711 730 3775 praecepta
748 3709 923 3771 convertere,

76 3798 103 3848 et
122 3792 329 3864 operibustus
345 3792 372 3848 in
385 3792 465 3849 nullo
477 3793 672 3865 suggruniens
685 3792 833 3849 humiliter
842 3791 924 3863 quasi

983 412 1053 453 rem.
1071 399 1132 464 Hic,
1161 397 1265 467 inqiiit,
1290 396 1402 466 primus
1427 395 1622 451 conversionis
1646 403 1703 451 tuae
1728 404 1830 464 status,

984 485 1068 541 borno
1083 486 1200 557 quidem
1219 486 1273 540 crit
1288 493 1403 555 propter
1427 482 1558 539 assiduos
1581 483 1743 540 carnalium
1767 492 1832 540 teu·

981 574 1123 630 tationum
1142 574 1293 643 impulsus,
1313 573 1361 628 sed
1379 572 1456 628 ierus
1471 579 1587 642 propter
1600 573 1698 629 viriles
1718 587 1832 629 earum-

981 662 1044 718 dem
1076 677 1133 718 non
1160 662 1283 718 leminea
1315 660 1494 726 lentitudine,
1518 661 1565 717 sed
1603 663 1683 732 regia
1703 662 1830 732 quadam

981 753 1150 806 auctoritate
1180 751 1321 821 repulsus,
1351 764 1456 806 manus
1479 749 1550 820 ejus,
1575 751 1701 819 potentia
1729 750 1831 821 utique

980 848 1080 895 contra
1092 854 1191 896 omues
1206 839 1306 903 animi,
1322 839 1366 895 vel
1383 838 1479 894 carnis
1494 837 1632 906 assultus,
1657 846 1684 894 et
1698 840 1830 895 omnium

982 942 1085 984 rursus
1113 943 1213 985 eorum
1237 928 1266 983 in
1294 927 1427 984 eumdem
1458 926 1600 996 dirigetur
1624 925 1780 996 incursu's;
1803 936 1831 984 et

981 1016 1178 1084 tabernacula,
1202 1017 1287 1073 idest
1304 1017 1459 1086 quemdam
1483 1015 1592 1071 militiae
1607 1016 1788 1072 devotionem
1814 1031 1830 1072 e

979 1104 1097 1174 regione
1123 1105 1245 1161 iratrum
1270 1118 1401 1169 suorum,
1414 1111 1545 1159 motuum
1569 1103 1701 1159 videlicet
1724 1103 1832 1159 anima·

981 1191 1051 1247 llum
1066 1207 1102 1248 ex
1115 1193 1214 1248 eodem
1238 1193 1342 1249 mentis
1361 1192 1466 1263 gradu,
1483 1193 1534 1262 qui
1551 1200 1671 1248 vocatur
1686 1193 1830 1262 appetitus

979 1294 1076 1336 secum
1093 1283 1322 1352 progenitorum
1340 1296 1376 1337 ex
1399 1280 1453 1335 boc
1476 1280 1595 1336 enimet
1618 1280 1690 1336 bene
1714 1288 1740 1336 et
1755 1281 1830 1337 male

979 1369 1163 1439 appetimus:
1181 1370 1258 1440 liget,
1288 1368 1395 1425 scilicet
1417 1368 1476 1424 lixa
1498 1369 1651 1424 indictione
1678 1373 1828 1438 proponet,

980 1465 1012 1513 ut
1031 1456 1105 1512 sicut
1121 1457 1295 1524 desiderium
1318 1457 1446 1526 corperis
1473 1457 1578 1512 militat
1606 1457 1745 1512 adversus
1772 1457 1830 1526 spi·

979 1545 1079 1611 ritum,
1116 1547 1157 1601 sic
1189 1546 1306 1616 spiritus
1345 1546 1585 1616 superequitare
1613 1545 1758 1602 contendit
1788 1546 1829 1601 tn-

982 1634 1085 1704 ipsum.

1017 1723 1102 1779 Vsus.
1122 1722 1163 1790 l3,
1184 1725 1226 1778 lt.
1251 1753 1286 1762 -·
1306 1723 1422 1777 Voconii
1448 1727 1538 1776 nutem
1554 1725 1635 1790 Ager
1657 1736 1752 1776 nomm
1779 1724 1830 1774 llo·

981 1815 1059 1877 misti,
1076 1815 1125 1882 qui
1147 1812 1306 1881 loquebatur
1325 1811 1362 1865 ud
1384 1827 1466 1865 eum:
1494 1813 1534 1866 Tu
1558 1811 1639 1876 Deris,
1663 1812 1712 1878 qui
1734 1808 1833 1863 uidisti

981 1915 1030 1954 mc.
1056 1903 1178 1966 Proiecto
1211 1901 1254 1955 bic
1276 1900 1335 1954 uidi
1358 1902 1510 1970 posteriore
1538 1899 1657 1952 videratis
1690 1914 1741 1951 mc.
1769 1899 1831 1953 Pro·

980 1995 1072 2059 pterea
1093 1991 1243 2059 appellauit
1261 1996 1374 2060 puteum
1395 1992 1492 2044 illum:
1512 1991 1626 2044 Puteum
1651 1990 1778 2054 alienans,
1805 1992 1830 2041 et

980 2077 1099 2133 tridentis
1121 2093 1172 2132 me.
1200 2080 1262 2148 lpse
1285 2082 1324 2131 est
1349 2081 1421 2131 inter
1445 2077 1530 2134 tlcdes
1551 2083 1576 2130 et
1599 2076 1702 2131 aaron.
1719 2077 1829 2133 Nomen

981 2166 1029 2221 Dei
1046 2173 1212 2232 vocamen,
1235 2167 1395 2223 secundum
1409 2166 1436 2221 id
1455 2166 1533 2237 quod
1555 2166 1710 2220 introrsum
1727 2164 1831 2219 disere

981 2252 1085 2308 tionem
1113 2252 1196 2306 nobis
1223 2252 1320 2308 dando
1348 2253 1488 2323 loquitur,
1513 2251 1547 2308 de
1571 2252 1634 2322 eius
1653 2250 1830 2322 benignitate

980 2354 1040 2410 quia
1054 2355 1106 2396 nos
1121 2341 1208 2409 videt,
1222 2342 1293 2413 quia
1305 2342 1428 2411 prolecto
1442 2349 1572 2397 nostrum
1587 2341 1616 2396 in
1639 2354 1697 2410 quo
1711 2352 1829 2394 eramus

980 2442 1105 2485 errorem
1119 2429 1202 2485 nobis
1217 2430 1354 2497 insinuat,
1372 2444 1503 2500 congrua
1530 2430 1690 2499 gratiarum
1716 2427 1828 2483 actione

980 2517 1144 2573 estimare:
1165 2518 1309 2574 anteriora
1325 2517 1383 2582 liei,
1404 2517 1477 2572 visio
1501 2515 1599 2588 gloriae
1622 2517 1686 2587 ejus
1701 2523 1767 2570 est:
1797 2517 1828 2570 ln

979 2607 1105 2674 reliquiis
1133 2606 1209 2661 eninr
1228 2609 1284 2660 tute
1312 2606 1351 2662 ait
1378 2605 1516 2675 psalmus,
1539 2603 1713 2674 qmaepurubis
1737 2605 1829 2658 cuttns

979 2709 1070 2748 eorum
1096 2693 1180 2764 (Psal.
1194 2709 1242 2760 xx,
1266 2694 1311 2764 13)
1328 2710 1334 2749 ;
1359 2694 1525 2764 posteriora,
1543 2702 1650 2749 aeterna
1665 2693 1828 2761 damnatio;

981 2783 1120 2852 percussit
1144 2797 1270 2853 namque
1293 2784 1424 2838 inimicos
1436 2796 1504 2838 suos
1526 2784 1554 2837 in
1570 2781 1726 2850 posteriora
1741 2781 1828 2846 (Paul.

946 2885 1085 2965 Gcrrrruu,
1115 2873 1170 2942 66).
1201 2873 1253 2928 llic
1276 2886 1355 2942 ergo,
1379 2870 1407 2926 id
1428 2878 1470 2927 est
1491 2871 1519 2926 in
1537 2870 1626 2925 nostri
1655 2869 1828 2939 ciigiiitione,

980 2956 1122 3024 ridemus,
1138 2958 1244 3014 scilieet
1257 2957 1454 3028 intelligimus,
1471 2970 1559 3027 quarn
1576 2956 1653 3012 triste
1672 2964 1714 3011 cst
1731 2970 1830 3026 queui-

980 3044 1054 3114 piam
1072 3046 1138 3115 poni
1150 3047 1278 3113 dorsum,
1294 3045 1425 3102 amittere
1442 3047 1544 3115 utique
1558 3044 1607 3101 Dei
1619 3043 1744 3110 vultum,
1762 3058 1829 3100 cum

981 3140 1039 3190 tam
1063 3133 1171 3190 malum
1192 3134 1228 3190 sit
1247 3135 1344 3190 vivere
1363 3133 1520 3205 quemlibet
1540 3133 1649 3203 absque
1668 3131 1717 3188 Dei
1740 3140 1769 3188 et
1783 3132 1829 3188 sui

980 3223 1069 3291 ipsius
1087 3229 1216 3292 respectu
1239 3221 1398 3278 monadum
1424 3236 1547 3292 pravum
1570 3223 1700 3277 animum
1729 3235 1828 3277 suum.

979 3310 1087 3366 Puteus
1102 3320 1196 3367 autem
1212 3317 1254 3366 est
1268 3308 1412 3379 protunda
1426 3309 1491 3365 vitae
1505 3317 1619 3373 nostrae,
1643 3317 1671 3365 et
1696 3310 1830 3364 instantis

979 3405 1007 3455 et
1029 3399 1180 3468 preterita
1206 3396 1406 3465 consideratio,
1431 3397 1465 3453 de
1490 3411 1549 3468 qua
1574 3397 1731 3469 saepissime
1750 3397 1828 3455 liau-

980 3487 1056 3543 ritur
1088 3485 1261 3542 dulcissimae
1295 3486 1524 3556 compunctionis
1550 3486 1724 3542 inundatio:
1749 3486 1829 3542 bunc

979 3574 1068 3644 igitur
1082 3574 1270 3645 appellamus,
1291 3575 1370 3645 quod
1392 3581 1434 3631 cst
1452 3574 1706 3631 animadvertendo
1720 3573 1828 3630 discer-

980 3677 1077 3720 nimus
1103 3663 1258 3735 quamdam
1284 3663 1380 3719 vitalis
1404 3662 1563 3720 intellectus
1589 3663 1741 3734 originem,
1769 3675 1829 3732 quo

979 3759 1006 3807 et
1023 3767 1075 3808 nos
1097 3753 1172 3823 ipsos
1196 3752 1406 3824 cognoscimus,
1428 3765 1555 3822 eumque
1575 3765 1591 3806 a
1614 3766 1672 3822 quo
1687 3751 1830 3821 cognosci·

981 3854 1066 3907 uiur;
1092 3841 1153 3897 limo
1168 3850 1211 3897 est
1224 3840 1301 3896 enim
1324 3842 1384 3897 vita
1409 3848 1527 3906 aterna,
1546 3848 1578 3896 ut
1600 3846 1775 3911 cognoscant
1790 3846 1829 3908 te,

79 3880 481 3952 manmemssumnapam'
979 3930 1074 4000 inquit
1101 3931 1192 3998 (loon.
1233 3944 1303 3992 xl'll,
1341 3929 1377 3999 3).
1410 3930 1500 3986 cades
1533 3929 1739 3998 interpretatur
1772 3943 1831 3981 mu·

114 4010 198 4068 Vnus.
222 4015 263 4080 ιο,
287 4016 329 4078 ιι,
357 4016 398 4067 ιι.
424 4043 459 4054 -
483 4015 680 4083 multiplicans,
710 4014 805 4084 iuquit
835 4016 926 4069 multi·
979 4018 1229 4085 tota,velsencta;
1246 4017 1740 4087 Baradbeacdicti03dumnamque
1761 4016 1830 4072 trino

75 4101 183 4170 pticnbo
201 4117 288 4157 semen
312 4107 398 4168 tuum,
422 4107 447 4156 et
470 4118 523 4157 noa
545 4103 734 4158 numocbitur
755 4120 812 4175 prae
832 4103 925 4158 multi·
978 4106 1013 4162 ad
1030 4120 1144 4162 morum
1169 4114 1299 4163 veterum
1329 4107 1518 4164 mutationem
1535 4120 1687 4177 perquam
1708 4105 1830 4176 attinga-

75 4191 178 4244 tutim.
196 4192 357 4259 concepisti,
378 4197 403 4244 et
416 4193 508 4260 panes
521 4192 609 4260 fitium
624 4209 630 4246 ε
646 4193 810 4261 vocabisque
830 4209 924 4248 nomeu
945 4208 1045 4264 prnus
1059 4194 1237 4251 sanctitatem
1252 4209 1431 4260 exercemur,
1446 4201 1473 4250 et
1489 4194 1568 4249 illinc
1590 4194 1626 4249 ad
1651 4208 1829 4264 cousequen-

73 4276 132 4348 ejus
155 4279 262 4347 ismael,
288 4294 316 4334 eo
341 4279 414 4349 quod
435 4279 555 4334 audient
584 4281 718 4335 Dominus
748 4283 924 4350 affiictionem
977 4283 1044 4338 dam
1060 4283 1141 4352 regni
1158 4281 1276 4353 superni
1297 4282 1522 4338 benedictionem
1537 4279 1724 4351 porrigimur,
1741 4279 1827 4350 quasi

75 4368 160 4421 tuem.
182 4369 235 4422 Hie
257 4370 398 4434 emiseras
416 4369 502 4434 bomo,
522 4368 692 4439 monusejns
713 4375 923 4435 contruomues,
979 4371 1006 4426 in
1036 4371 1161 4442 quodam
1189 4371 1348 4428 meditullio
1359 4370 1443 4441 positi
1471 4370 1525 4426 bac
1545 4368 1668 4439 illacque
1690 4368 1827 4425 distrahi·

73 4460 99 4509 ct
114 4458 342 4511 manusomnium
361 4461 455 4511 contre
475 4473 549 4523 eum;
565 4462 590 4511 et
611 4473 625 4512 e
646 4460 754 4526 regione
768 4463 924 4514 cunctorum
977 4474 1054 4527 mur,
1081 4466 1109 4517 et
1131 4468 1265 4516 neutrum
1290 4460 1385 4516 adbuc
1412 4458 1534 4529 perlecte
1562 4457 1825 4527 apprehendimus:

72 4545 195 4610 tretium
223 4559 333 4599 suornm
362 4548 425 4612 liqut
449 4545 634 4601 tabenaculo.
659 4547 686 4603 Si
720 4561 867 4615 aerumnae,
896 4555 924 4604 et
976 4562 1013 4605 ex
1029 4549 1081 4605 troc
1094 4555 1285 4617 autcmputeo
1300 4548 1375 4604 vires
1394 4546 1545 4614 sumimus,
1563 4545 1640 4602 unde
1659 4546 1696 4601 ad
1712 4552 1826 4602 utrum·

73 4638 230 4703 conceptus
242 4632 328 4703 juxta
346 4634 423 4704 quod
440 4635 508 4690 Evae
533 4635 709 4702 dictumest,
734 4636 786 4692 tibi
801 4651 846 4693 mc
865 4652 925 4708 per·

75 4721 204 4777 mittente
230 4720 472 4791 multiplicantur,
495 4738 531 4779 ne
546 4724 726 4791 extimescas,
751 4725 821 4795 quia
840 4739 922 4782 acce·

73 4808 208 4865 dentibus
218 4808 253 4864 ad
271 4809 362 4865 Deum
379 4811 604 4868 innumerabiles
616 4813 805 4869 mutationum
816 4822 921 4881 motus,

73 4910 139 4968 quae
155 4905 224 4953 suut
246 4899 358 4954 semina
372 4899 477 4966 caruis,
494 4907 676 4971 exsurgunt:
693 4902 847 4971 concepisti
870 4917 923 4973 ego

73 4999 153 5055 spem
169 4985 366 5056 quarumlibet
392 4987 593 5057 cupiditatum,
610 4989 657 5045 sed
672 4989 724 5046 tibi
741 5003 791 5060 per
813 4989 923 5045 contes-

72 5075 181 5129 sionem
196 5081 238 5129 est
260 5074 442 5145 pariendum,
460 5090 624 5147 nomenque
648 5076 698 5133 lilii
714 5077 813 5147 buius,
836 5075 924 5133 idest

73 5162 207 5218 discretio
234 5163 301 5219 boni
329 5164 411 5234 primi
443 5164 542 5235 buius,
567 5167 645 5237 quod
671 5174 714 5222 est
743 5165 921 5234 paenitentia,

74 5250 187 5317 lsmael,
201 5250 229 5306 id
243 5259 284 5307 est
306 5252 417 5308 auditio
430 5253 480 5309 Dei
496 5262 624 5320 vocatur,
641 5267 675 5309 eo
688 5258 736 5308 ov
762 5253 839 5324 quod
867 5268 922 5311 au-

72 5339 172 5402 dierit,
189 5337 218 5393 id
233 5344 275 5394 est
289 5339 384 5395 audiri
397 5340 505 5409 lecerit,
521 5342 599 5411 quod
614 5354 671 5396 non
683 5347 724 5396 est
740 5340 819 5398 aliud
833 5356 921 5413 quam

73 5426 195 5496 intelligi
217 5426 400 5484 altlictionem
428 5436 528 5495 tuam,
552 5442 684 5498 superne
712 5429 818 5487 scilicet
845 5432 923 5487 indi-

978 4652 1035 4709 que
1051 4635 1224 4692 tendamus:
1246 4635 1352 4692 dicitur
1365 4635 1451 4691 etiarn
1477 4634 1570 4690 Barad
1585 4633 1680 4689 verius
1700 4634 1827 4689 transla-

978 4733 1050 4790 tum,
1077 4723 1211 4794 grando:
1237 4723 1315 4794 quod
1339 4723 1435 4779 innuit
1459 4722 1639 4779 conscientiae
1667 4721 1828 4778 concussio

978 4826 1052 4880 nem,
1074 4811 1144 4882 quia
1158 4825 1239 4867 mens
1253 4811 1320 4866 binc
1337 4811 1455 4881 quidem
1480 4809 1746 4881 permutationem,
1762 4823 1828 4865 san·

977 4901 1162 4971 critatemque
1181 4900 1265 4970 quasi
1294 4899 1468 4968 detenditur,
1494 4900 1542 4955 sed
1571 4913 1623 4969 per
1646 4898 1826 4970 trequentem

978 4996 1170 5060 peccatorum,
1199 4995 1227 5044 ει
1261 4988 1450 5045 humanitatis
1460 4988 1653 5045 incursionem
1679 4995 1826 5058 accusata,

977 5090 1011 5133 ac
1026 5077 1048 5133 si
1064 5075 1189 5148 quodam
1206 5076 1272 5132 binc
1287 5075 1352 5133 iude
1376 5076 1583 5148 cogitationum
1605 5075 1691 5146 juxta
1710 5075 1828 5146 aposto

977 5165 1038 5221 lum
1050 5166 1259 5233 accusantium,
1286 5164 1435 5221 autetiam
1457 5164 1671 5223 detendentium
1687 5166 1776 5230 (Rom.
1795 5181 1825 5233 n,

979 5253 1021 5323 15)
1037 5253 1177 5325 grandine
1192 5253 1368 5310 molestatur.

1013 5343 1099 5400 Vsus.
1117 5345 1160 5397 lb.
1177 5373 1209 5383 -
1228 5343 1370 5411 Octoginta
1384 5345 1410 5397 et
1424 5357 1472 5396 scu
1491 5357 1623 5396 annonam
1643 5342 1823 5408 erutrlllrom,

978 5431 1087 5501 quondo
1112 5434 1218 5501 peperit
1242 5433 1267 5485 ei
1296 5431 1375 5499 Aper
1402 5430 1549 5485 ismaelem.
1579 5428 1751 5487 octonarius
1787 5445 1822 5487 ex
