3818 6008
74 111 128 163 aot
548 108 696 165 senaab.
719 111 765 165 ab
784 108 850 164 lta.
871 108 909 164 iti
928 108 1092 166 dbtnaflrt
1112 109 1158 165 ba
1177 110 1256 166 vira
1276 110 1358 167 SUA.
1781 113 1833 169 962

75 239 205 307 videbat,
225 253 291 310 qua
310 237 478 295 sacerdotali
507 252 584 297 more
620 239 813 297 exorcismum
844 252 928 311 aquae
946 239 1128 311 illapidibus
1144 241 1325 310 adopertum,
1349 239 1538 298 humanitatis
1564 253 1653 299 causa
1670 243 1834 315 congeriem

73 327 355 397 iaciebatdnmqne
376 326 452 383 abba
477 325 589 383 teminae
608 327 807 384 auctoritatem
838 327 928 384 mira·
980 330 1016 385 ab
1045 344 1078 386 eo
1106 329 1251 386 dimovere
1277 337 1436 400 coeperunt.
1466 330 1592 385 'landem
1605 330 1756 388 exhaustis
1776 346 1832 389 cae·

74 425 168 484 retur,
192 430 258 486 quae
284 415 398 472 insolita
427 416 539 483 iaceret,
569 417 834 487 contemplabatur3
850 416 928 489 quod
980 418 1068 474 menti
1083 425 1111 474 et
1134 431 1271 474 saxorum
1299 418 1454 484 montibus,
1484 419 1652 487 pervenitur
1670 419 1706 476 ad
1730 419 1829 490 illum3

77 512 141 574 post
163 517 246 574 aqum
262 503 487 560 benedictionem
503 519 566 560 eam
586 503 641 560 bae
668 505 790 575 illacque
819 505 928 575 disper·
980 521 1077 577 quem,
1106 507 1212 563 mirum
1246 508 1335 574 dictu,
1363 507 1507 577 sospitem,
1542 507 1725 578 alacremque
1755 522 1832 578 repe·

75 600 167 664 geret,
197 601 317 663 postque
344 592 636 664 dispersionemque
663 593 844 663 disperserat,
871 594 928 649 cir·
981 594 1060 650 riunt
1074 610 1108 651 ac
1122 597 1144 650 si
1159 596 1234 652 domi
1250 595 1411 652 desedisset.
1429 595 1535 661 Quadri
1546 610 1698 666 nemquee
1716 596 1833 668 regione

75 695 265 751 cumquaque
293 681 409 752 siguum
443 682 538 738 crucis
565 682 749 753 exprimeret.
769 681 827 739 llec
848 695 928 738 mora
980 670 1148 741 alteralteri
1171 698 1232 740 sese
1255 687 1498 755 compaginantes,
1516 684 1569 755 ipsi
1597 685 1748 767 aediculam
1764 699 1832 741 cun·

77 769 214 838 temporis
237 770 323 826 turris
339 768 408 837 ruit,
438 770 486 826 sed
515 769 625 826 nullam
653 770 778 827 ecclesiae
805 778 926 842 partem,
980 772 1117 829 iecerunt.
1132 771 1195 828 Non
1210 773 1315 843 ergoei
1338 773 1393 828 sub
1419 772 1531 828 diutina
1558 774 1653 829 nescio
1676 780 1748 844 quot
1769 773 1832 830 die-

76 858 148 914 dum
162 866 269 921 rueret,
287 857 367 914 laesit.
383 858 435 914 illa
455 859 533 914 enim
561 859 714 916 Benedicta
729 859 803 916 inter
821 857 927 916 mulie·
980 874 1045 917 rum
1061 860 1130 916 inibi
1151 861 1345 928 moralemes,
1365 875 1423 917 non
1451 868 1554 927 metus,
1580 875 1637 918 non
1665 860 1833 919 insolentis·

77 960 134 1012 res,
151 947 236 1017 cujus
246 947 354 1003 ventris
369 946 537 1004 benedictus
551 955 593 1004 est
607 947 719 1005 tructus
738 948 818 1016 tace.
833 963 852 1009 1.
868 946 926 1018 li),
979 949 1070 1005 simus
1080 948 1200 1005 excluso
1215 949 1325 1005 bomini
1340 949 1426 1007 calcis
1440 950 1510 1006 odor
1521 949 1624 1007 ollecit.

77 1049 133 1092 sua
146 1048 209 1092 earn
235 1035 430 1093 benedictione
454 1037 542 1108 juxta
565 1037 677 1094 abbatis
694 1038 757 1094 visa
772 1037 925 1094 munierat.
1014 1036 1291 1094 Excellentissimam
1307 1037 1395 1109 igitur
1417 1039 1536 1095 llariam
1552 1039 1690 1095 coelorum
1718 1052 1752 1096 ac
1779 1046 1833 1095 ter·

78 1122 158 1179 Alias
170 1137 241 1195 ergo
259 1137 349 1180 ruens
372 1124 516 1181 nominem
531 1126 630 1182 subter
644 1125 839 1183 ambulantem
864 1140 929 1198 ope·
981 1139 1019 1182 ree
1034 1134 1276 1196 patremmeum
1303 1125 1438 1196 Dionysio
1463 1127 1549 1183 totius
1570 1128 1698 1184 Francire
1714 1116 1830 1184 domino

78 1212 148 1269 ruit
169 1213 241 1268 Cum
258 1211 356 1284 itaque
377 1221 555 1283 compertum
570 1221 644 1271 esset
671 1215 807 1272 omnibus
830 1216 928 1272 virum
979 1214 1028 1286 [f.,
1045 1215 1233 1285 invocantesl,
1248 1213 1314 1272 libri
1326 1227 1468 1285 ponamus
1482 1215 1653 1273 clausulam.

912 1395 1005 1440 mitis.

153 1725 470 1839 APPENDIX
508 1724 591 1839 Ab
631 1722 867 1838 LIBRUM
904 1722 976 1836 ΙΙΙ
1011 1719 1304 1840 tumultu
1339 1725 1419 1837 bii
1456 1724 1601 1838 itin
1641 1725 1760 1840 sill

615 2062 956 2148 annuatim
999 2061 1293 2146 ΠΟΗΔΕΕΙ

251 2257 343 2360 DE
379 2254 767 2360 MIRACULIS
800 2254 850 2359 S.
887 2254 1134 2359 MARIAE
1168 2254 1670 2360 LAUDUNENSIS

792 2462 864 2536 DE
905 2462 1114 2537 GESTIS

454 2641 682 2701 innumerus
700 2641 959 2701 sarracenum
978 2641 1136 2700 unrsconr
1157 2643 1201 2700 ar
1220 2645 1249 2700 s.
1270 2643 1466 2702 tournebu

701 2824 940 2954 LIBRI
991 2824 1212 2953 TRES

241 3215 413 3274 brtsrota
431 3213 614 3271 bennarim
632 3212 788 3270 nonnulli
807 3213 855 3267 ab
874 3210 1171 3271 Baflrflototrmttrt
1190 3211 1447 3269 mubbnrnsatt
1468 3212 1674 3270 episcopitii.

115 3380 192 3429 m
214 3370 376 3431 Venerabili
392 3371 467 3427 Patri
482 3378 510 3427 et
524 3368 641 3427 domino
656 3383 719 3436 suo,
735 3362 840 3425 domno
853 3367 930 3426 Bae·
950 3372 970 3426 ll
986 3369 1081 3436 Quare
1092 3385 1195 3426 nomen
1219 3385 1306 3426 raam
1321 3370 1401 3426 baed
1414 3371 1570 3443 proficerit
1590 3373 1702 3427 ouetor.
1713 3400 1748 3411 -
1763 3370 1838 3428 Bam

76 3460 423 3532 ruomuao,1)eigratia
449 3459 649 3515 laudunensis
679 3458 761 3515 urbis
787 3461 929 3529 episcopo,
984 3457 1126 3514 tholomai
1150 3474 1222 3514 eura
1245 3475 1298 3531 per
1317 3461 1380 3516 SS.
1403 3460 1577 3515 Norbcrtum
1599 3462 1627 3514 et
1654 3458 1837 3515 Beroardam

78 3552 170 3609 irater
192 3550 376 3616 Hennenses,
392 3547 523 3604 omnium
538 3547 744 3603 monachorum
760 3547 930 3616 peripsema,
982 3547 1081 3602 decem
1093 3547 1270 3603 monasterie
1283 3552 1449 3604 constructa
1462 3546 1494 3602 in
1507 3547 1623 3604 dirarari
1643 3547 1835 3605 accremari.

77 3639 203 3697 summis
216 3636 400 3710 pontificibus
415 3637 444 3693 in
459 3635 563 3693 coelesti
580 3635 681 3692 sociari
697 3635 788 3692 curia
984 3665 1018 3676 -
1030 3636 1136 3708 Scripsi
1164 3651 1232 3708 ergo
1263 3637 1356 3708 primo
1380 3638 1475 3695 Vitam
1502 3638 1632 3710 ejusdem
1661 3637 1835 3708 llildelousi3

117 3725 310 3794 anmacbili
327 3728 525 3798 qenereortar
548 3723 781 3779 amttommcuc.
802 3753 838 3767 -
859 3723 932 3781 Cum
984 3724 1087 3781 deinde
1102 3726 1235 3796 praelatos
1250 3726 1314 3797 ejus
1338 3726 1449 3783 libellos
1469 3727 1622 3798 subjunxi.
1638 3724 1751 3794 Quibus
1763 3724 1837 3782 scri·

77 3817 193 3874 dudum
210 3816 240 3872 in
253 3814 419 3887 Hispaniam
436 3813 473 3869 ad
487 3812 644 3870 videndum
662 3811 821 3884 gloriosum
835 3825 931 3884 regem
985 3813 1051 3884 ptis,
1069 3813 1166 3870 addidi
1181 3813 1332 3881 miracula,
1362 3813 1561 3884 quepratata
1589 3821 1696 3870 sauctae
1718 3813 1767 3870 Dei
1783 3811 1836 3869 lie·

79 3903 292 3973 llildeionsum,
309 3902 420 3960 Feliciae
435 3909 595 3959 matertere
609 3907 712 3957 vestra
739 3898 842 3969 lilium,
865 3913 930 3970 pro·
985 3901 1075 3958 ultrix
1099 3901 1128 3957 in
1157 3901 1289 3971 Francia,
1318 3909 1347 3959 et
1361 3902 1467 3974 anglia
1493 3902 1598 3959 lecerat
1625 3915 1676 3972 per
1700 3901 1839 3973 reliquias

79 3993 184 4064 iectus,
198 3993 395 4051 felicissimum
419 3990 455 4048 ab
473 4004 508 4047 eo
535 3987 705 4061 promissum
735 3986 932 4059 suscepissetis
985 4003 1063 4058 suas,
1079 4004 1146 4061 quea
1169 3991 1199 4047 in
1216 3990 1402 4048 laudunensi
1423 3998 1580 4048 servantur
1594 3990 1686 4062 ipsius
1707 3989 1836 4047 ecclesia.

79 4081 162 4153 quod
189 4080 213 4137 si
240 4079 367 4137 meando
391 4079 506 4136 adeum
521 4077 678 4134 videndum
704 4075 931 4144 reverteremini,
987 4079 1134 4150 decerpo
1151 4078 1291 4137 miracula
1302 4080 1387 4152 jussu
1402 4079 1518 4152 quidem
1539 4079 1718 4151 paternitatis
1735 4085 1838 4136 vesum

77 4169 162 4226 daret
176 4169 258 4226 robis
275 4181 381 4239 corpus
401 4167 432 4224 B.
463 4165 602 4225 vincentii
631 4164 725 4223 levita
740 4172 768 4223 et
786 4165 931 4236 martyris,
985 4167 1143 4237 composui,
1170 4167 1219 4225 sed
1244 4174 1277 4224 ut
1302 4168 1420 4241 majoris
1442 4168 1624 4225 auctoritatis
1652 4175 1746 4224 essent
1770 4174 1838 4222 eta

79 4271 135 4315 uec
158 4271 215 4314 non
242 4264 271 4315 et
296 4257 424 4314 casulam
449 4254 692 4326 pretiosissimam,
721 4267 810 4325 quam
849 4253 933 4310 beata
986 4255 1067 4313 nulio
1082 4265 1199 4326 propter
1214 4255 1379 4313 dictaminis
1397 4257 1586 4314 rusticitatem
1610 4255 1836 4326 despicerentur,
1899 4290 1904 4303 ,

78 4346 132 4403 Dei
157 4345 288 4403 Genitrix
317 4344 344 4401 S.
374 4344 537 4401 llildeinnso
569 4342 712 4400 Toletauae
738 4341 861 4400 civitatis
885 4356 933 4399 ar·
987 4341 1138 4412 parvitatis
1149 4357 1220 4399 meae
1235 4357 1339 4400 nomen
1364 4342 1421 4400 illis
1448 4343 1665 4414 pretermittere
1679 4339 1770 4405 nolui.
1788 4339 1838 4397 sed

79 4435 262 4506 cbiepiscopo
289 4433 416 4500 dederat,
431 4432 467 4489 ob
494 4431 755 4489 remunerationem
784 4430 873 4488 trium
896 4431 933 4487 li·
986 4430 1041 4487 sub
1054 4431 1169 4512 nomine
1188 4432 1394 4488 canonicorum
1417 4431 1482 4502 eius
1508 4430 1641 4487 Ecclesia
1655 4443 1690 4486 ea
1709 4428 1838 4499 pratita-

79 4524 222 4582 bellornm
247 4537 319 4594 qnos
345 4522 380 4578 de
394 4521 566 4593 virginitate
580 4534 634 4577 sna
648 4528 859 4590 composuerat,
873 4533 933 4576 roe·
986 4518 1052 4574 lavi.
1072 4520 1136 4575 Post
1149 4519 1211 4589 ipsa
1223 4534 1341 4591 queque
1355 4518 1494 4576 miracula
1513 4518 1665 4590 subjunxi,
1679 4531 1740 4589 quo
1754 4516 1838 4573 modo

80 4612 271 4684 pisticamea
286 4609 428 4681 parvitate
455 4621 586 4679 quarere
615 4616 713 4664 utrum
738 4621 786 4664 eos
806 4607 932 4678 denique
985 4606 1085 4663 divina
1112 4607 1307 4664 misericordia
1339 4607 1369 4664 in
1386 4607 1488 4664 diebus
1515 4606 1617 4664 vestris
1642 4619 1756 4672 novem,
1781 4604 1838 4662 imo

80 4700 193 4759 libellos
206 4698 313 4757 alicubi
328 4697 472 4766 vidissem,
493 4705 584 4769 utque
598 4710 646 4753 eos
661 4695 770 4766 ubique
785 4694 932 4767 perquire
951 4668 1083 4751 Cdecem
1116 4695 1290 4752 monasteria
1319 4702 1412 4751 vestro
1452 4694 1548 4751 labore
1577 4695 1706 4750 construi
1741 4691 1838 4749 iecerit

80 4803 142 4848 rem
154 4787 310 4846 studiosius
335 4784 518 4857 precepistis.
535 4785 607 4842 Cnm
633 4798 702 4841 vero
729 4798 777 4841 eos
801 4783 832 4839 in
861 4782 932 4840 urbe
986 4797 1037 4854 per
1058 4783 1197 4841 domnum
1223 4784 1406 4848 lietbertum,
1432 4783 1632 4853 domnumque
1659 4781 1838 4839 bernardum

79 4876 284 4936 catalaunensi
305 4875 376 4932 iorle
399 4874 566 4944 reperissem
593 4879 621 4930 et
654 4871 736 4929 vobis
764 4869 932 4928 renuntias-
987 4871 1119 4929 abbatem
1145 4871 1402 4939 claravallensem,
1436 4885 1563 4942 qnorum
1600 4870 1714 4927 nullum
1742 4870 1839 4926 inerat

80 4980 152 5036 sem,
168 4966 301 5036 protinus
315 4977 523 5036 pergamenum
551 4968 750 5032 comparatum
778 4959 849 5016 mibi
873 4966 932 5016 tra·
988 4970 1114 5032 tempore
1134 4961 1329 5033 quadraginta
1356 4959 1443 5017 trium
1468 4960 1664 5030 episcoporum
1679 4959 1839 5029 predeces-

80 5055 204 5123 didistia,
231 5068 335 5126 meque
374 5053 409 5110 ad
439 5051 586 5123 praelatam
618 5049 720 5107 urbem
746 5056 860 5119 propter
885 5060 934 5105 ens
988 5064 1086 5108 sorum
1113 5057 1290 5117 vestrorum
1306 5063 1357 5105 vos
1384 5056 1481 5105 autem
1517 5047 1641 5120 singulis
1668 5045 1840 5104 constructis

82 5143 315 5202 transcribendos
334 5141 489 5199 direxistis.
989 5139 1107 5196 abbates
1134 5138 1306 5210 praeiecistis,
1337 5151 1390 5194 uec
1405 5145 1500 5194 tamen
1522 5136 1689 5207 antiquiora
1716 5148 1783 5206 quat
1797 5134 1840 5191 iu-

119 5233 302 5289 iiermcnooa
316 5228 416 5286 Vitam
430 5232 458 5284 et
469 5226 558 5284 libros
581 5226 613 5283 8.
628 5225 799 5297 Hildesonai
821 5223 934 5285 desci-
989 5227 1108 5285 venistis
1125 5227 1268 5298 corrigere
1297 5224 1452 5282 destitistis.
1469 5227 1505 5283 Et
1518 5224 1541 5280 si
1555 5223 1616 5282 vita
1637 5223 1710 5282 mibi
1732 5235 1838 5292 comas,

80 5319 141 5396 psit
148 5340 159 5388 ,·
192 5319 294 5393 quibus
328 5316 475 5376 Mirceulc
501 5316 535 5371 Β.
566 5314 696 5389 Vtrpinir
716 5313 872 5386 maurit.
900 5344 936 5358 -
990 5316 1046 5373 beo
1060 5315 1172 5372 volente
1193 5312 1292 5382 luerit,
1317 5312 1405 5371 etiam
1419 5313 1477 5373 alia
1497 5328 1564 5385 qnae
1578 5309 1841 5372 indiebusrestrla
