3794 6008
109 221 162 274 mn
578 217 609 270 v.
630 190 793 273 cotenn'n
811 215 957 272 sensns
975 214 1005 270 s
1025 214 1146 270 santra
1166 215 1210 269 nn
1228 213 1427 272 novrcnnro
1810 217 1860 271 aas

110 353 266 403 crematur.
293 344 355 402 hdo
390 343 588 401 vicedominus
625 344 712 400 minis
751 359 829 412 acer,
862 344 960 401 animo
978 345 1167 416 aepiscopus
1178 359 1246 402 eum
1256 345 1439 418 lssngrinum
1454 344 1600 402 irridendo
1616 358 1729 415 vocare,
1744 353 1862 417 propter

110 435 198 492 nimis
218 434 321 501 acrior,
349 432 420 503 quia
438 432 562 489 solitudo
596 439 665 490 tunc
689 448 743 490 sua
767 435 866 491 minus
890 448 958 491 eum
1013 432 1145 504 lupinam
1170 433 1278 490 scilicet
1308 434 1451 506 speeiem;
1471 434 1513 491 sic
1546 434 1624 490 enlm
1653 432 1746 505 aliqui
1767 433 1859 490 solent

111 524 186 581 inter
200 529 240 579 tot
254 521 398 579 efficacem
423 521 540 589 lecerat,
556 535 622 578 oum
639 522 675 578 ad
689 522 816 593 episcopi
839 523 958 580 domum
1012 522 1155 592 appellare
1183 523 1277 594 lupos.
1305 524 1353 580 Ait
1371 538 1439 596 ergo
1468 523 1604 581 scelestus
1619 522 1655 579 ad
1683 521 1860 594 praesulem:

111 612 231 670 tendens
258 610 294 666 ab
323 609 461 669 universo
485 610 670 681 impeteretur
695 626 798 678 cuneo,
822 612 905 668 hasta
930 618 959 667 et
1013 611 1334 668 lliocineestdominus
1355 612 1523 683 Isengrinns
1541 610 1693 681 repositus.
1719 610 1863 668 Renullns

111 699 206 772 gladio
231 705 378 769 tantopere
404 698 517 765 restitit,
544 707 577 755 ut
603 707 661 755 tres
698 700 733 756 de
762 699 958 756 insistentibus
1011 700 1101 771 igitur
1120 701 1255 771 quamvis
1282 708 1422 772 peccator,
1448 701 1578 756 Christus
1601 707 1662 756 tum
1685 699 1733 774 [fe
1754 698 1860 775 tamen]

109 787 165 844 sibi
192 788 222 844 in
250 796 394 845 momento
430 794 632 858 prosterneret.
667 788 774 844 Deinde
808 789 958 859 pransoria
1011 788 1135 857 Domini,
1159 789 1195 845 de
1223 789 1340 846 vasculo
1370 787 1481 859 capillis
1506 788 1678 857 detrahitur,
1706 788 1864 860 multiplici

109 889 209 933 mensa
235 876 310 933 aulae
323 889 489 945 conscensa,
503 889 570 933 cum
594 883 698 947 prater
713 885 815 934 cetera
835 875 958 933 vulnera
1011 877 1071 933 ictu
1089 877 1285 948 pertunditur,
1312 885 1341 934 et
1354 877 1410 934 sub
1439 877 1506 934 divo
1519 877 1549 933 in
1573 877 1692 935 claustri
1719 877 1865 934 clericalis

109 965 247 1036 corporis,
275 966 375 1022 saucia
396 965 421 1022 ei
446 966 507 1037 jam
536 965 725 1022 reddidissent
753 978 859 1037 genua,
890 964 958 1035 ipsis
1010 965 1167 1037 angiportu
1177 973 1243 1022 anm
1253 966 1370 1023 domum
1385 965 1529 1023 Godelridi
1554 966 1694 1037 capellani
1709 967 1863 1024 statuitur.

109 1055 227 1111 demum
242 1054 365 1125 genibus
379 1053 552 1112 incumbens
576 1053 679 1111 tandiu
693 1054 760 1110 hinc
769 1062 797 1110 et
812 1053 879 1110 inde
893 1068 958 1110 con·
1010 1053 1142 1124 Cumque
1152 1053 1194 1110 eis
1207 1053 1451 1111 miserabilissime
1464 1054 1650 1125 supplicaret,
1666 1055 1864 1127 iureiurando

111 1141 222 1199 lodieus
247 1142 409 1200 obsidentes
433 1143 649 1215 propugnavit,
678 1142 769 1199 doneo
804 1141 957 1214 fatigatum
1011 1142 1066 1213 ipsi
1090 1148 1220 1199 astruere
1246 1143 1346 1199 volem
1371 1156 1401 1201 se
1427 1156 1579 1213 nunquam
1604 1143 1741 1214 deinceps
1758 1157 1863 1201 corum

112 1230 231 1302 quidam
259 1245 366 1301 corpus
389 1230 444 1288 telo
472 1231 593 1302 traiecit,
617 1244 702 1301 quem
720 1237 782 1300 post
804 1230 956 1301 paululum
1010 1229 1176 1300 episcopum
1191 1230 1335 1296 luturum,
1351 1229 1534 1286 indultaseis
1555 1229 1694 1300 pecunias
1720 1229 1889 1299 prabtruv

110 1320 279 1377 earumdem
302 1319 454 1377 domorum
482 1319 557 1394 ignis
584 1319 729 1390 usquead
756 1325 900 1376 extremos
915 1318 956 1376 ci·
1011 1333 1088 1388 rum,
1102 1319 1137 1376 de
1149 1319 1242 1390 patria
1257 1333 1460 1391 mcessurum3
1477 1333 1636 1391 omnesque
1656 1327 1761 1376 contra
1774 1318 1862 1377 obdr-

111 1421 195 1465 nsres
209 1407 327 1479 redegit.
1007 1408 1097 1465 matis
1123 1408 1228 1464 animis
1251 1408 1432 1476 insultarent,
1462 1421 1541 1464 unus
1553 1407 1669 1464 nomine
1683 1407 1860 1475 bernardus,

144 1496 409 1553 demerendorum
422 1495 547 1552 ecclesia
561 1496 655 1552 boum
669 1494 785 1568 aurumi
795 1494 955 1568 episcopm.
1011 1505 1199 1568 cognomento
1225 1496 1260 1553 de
1295 1495 1432 1563 brueriis,
1457 1495 1566 1552 elevato
1595 1495 1712 1565 bipenni
1731 1508 1861 1561 sacrum,

109 1609 146 1624 -
157 1583 245 1640 Porro
259 1585 425 1655 episcopum
438 1584 680 1656 insoleusvulgus
691 1584 873 1656 aggrediens,
888 1598 956 1641 cum
1011 1585 1146 1655 quamvis
1157 1584 1324 1656 peccatoris,
1341 1584 1474 1641 verticem
1490 1583 1669 1640 truculenter
1676 1584 1860 1651 excerebrac

110 1684 162 1741 pro
176 1673 320 1730 moenibus
333 1672 408 1730 aula
423 1680 621 1744 prostreperet,
633 1672 784 1744 episcopus
796 1688 863 1730 cum
886 1673 956 1744 qui·
974 1641 1061 1744 ¹³qui
1077 1688 1143 1730 cum
1157 1673 1303 1730 laboretur
1318 1673 1393 1730 inter
1406 1671 1564 1729 tenentium
1581 1685 1687 1729 manus
1701 1678 1860 1744 anmqnam

109 1759 232 1817 busdam
264 1761 316 1832 qui
343 1761 397 1819 sibi
414 1761 643 1833 opitulabantur,
660 1761 788 1832 jactibus
814 1761 954 1833 lapidum,
1009 1762 1161 1831 decideret,
1188 1762 1226 1819 ab
1254 1761 1344 1818 altero
1372 1759 1622 1818 subocularibus
1649 1773 1699 1829 per
1725 1760 1857 1816 medium

108 1848 341 1920 sagittarumque
369 1850 473 1907 ictibus
504 1850 601 1922 quoad
635 1850 737 1922 potuit,
770 1852 953 1922 repugnavit.
1009 1849 1071 1906 nasi
1086 1865 1123 1908 ex
1138 1849 1374 1921 transversol¹⁰⁸l
1389 1863 1544 1918 percussus
1563 1847 1709 1906 occubuit.
1738 1847 1783 1904 lbi
1798 1861 1860 1919 pes

108 1937 267 1995 Plurimum
283 1941 360 1995 enim
372 1953 456 1996 suam
468 1953 581 2010 semper
600 1939 733 1995 inarmis
756 1939 954 2008 acrimoniam,
1008 1938 1142 1997 sumdato
1155 1946 1185 1997 et
1200 1938 1284 1995 tibias
1304 1938 1502 2006 conciderunt,
1531 1944 1560 1994 et
1584 1936 1707 1993 vulnera
1732 1936 1859 2007 plurima

108 2024 152 2081 uti
164 2025 322 2097 quondam,
350 2033 377 2082 ot
397 2040 477 2083 nunc
490 2040 608 2098 quoque
627 2027 786 2097 promebat.
807 2026 861 2084 Sed
886 2027 957 2098 quia
1009 2027 1186 2085 indiderunt.
1195 2027 1451 2098 Atl'eudcgaudus
1461 2026 1563 2082 videns
1577 2025 1720 2083 annulum
1731 2024 1858 2097 indigito

108 2112 234 2170 indebite
248 2121 276 2171 et
290 2114 398 2172 trustra
411 2114 503 2172 alium
525 2122 675 2185 acceperat
698 2114 838 2186 gladium,
860 2115 956 2188 gladio
1009 2115 1155 2188 quondam
1166 2115 1318 2186 pontilicis,
1343 2129 1409 2172 cum
1439 2114 1522 2171 laoile
1549 2129 1607 2171 non
1636 2122 1731 2184 posset
1757 2122 1858 2171 entor-

107 2199 199 2270 periit.
215 2202 393 2259 Temerarius
406 2217 475 2274 ergo
502 2201 591 2272 plebis
611 2201 738 2258 assultus
755 2201 876 2260 tolerare
897 2217 955 2260 non
1009 2218 1108 2277 quere,
1124 2205 1161 2261 ab
1175 2217 1208 2260 eo
1222 2203 1345 2275 digitum
1365 2211 1488 2270 mortuo,
1513 2217 1581 2259 ense
1596 2202 1734 2273 precidit,
1766 2214 1858 2259 annu-

108 2289 278 2360 prevalens,
294 2299 410 2362 sumpta
421 2291 575 2362 cujusdam
591 2289 728 2360 mancipii
750 2291 796 2347 sui
813 2298 901 2360 reste,
926 2291 955 2348 in
1007 2294 1129 2364 tumque
1157 2292 1306 2363 corripuit.
1322 2293 1425 2362 ltaque
1438 2291 1615 2362 exspoliatus
1643 2290 1680 2347 ad
1696 2290 1812 2347 nudum
1828 2290 1857 2346 in

107 2377 257 2436 cellarium
271 2380 398 2437 ecclesiae
412 2378 591 2451 confugiens,
608 2379 685 2436 intra
698 2394 816 2450 parvam
834 2383 954 2452 apothe·
1008 2382 1151 2454 angulum
1161 2389 1229 2437 ante
1248 2379 1387 2450 capellani
1409 2381 1454 2437 sui
1471 2381 1588 2437 domum
1603 2379 1765 2451 projicitur.
1783 2380 1858 2436 lions

107 2479 170 2521 cam
185 2480 215 2523 se
229 2467 366 2536 condidit,
379 2474 407 2525 et
421 2481 439 2524 a
455 2466 533 2524 ddeli
558 2467 686 2538 quodam
713 2467 848 2525 clientulo
863 2468 955 2526 trente
1008 2484 1097 2536 meus,
1112 2470 1179 2540 quis
1195 2477 1306 2526 retexat
1320 2476 1391 2540 quot
1408 2469 1437 2524 in
1448 2468 1590 2539 laconum
1604 2483 1622 2524 a
1636 2468 1858 2526 transeuntibus

106 2555 242 2612 obstrusa
267 2555 451 2623 introclusus,
491 2570 521 2612 se
553 2555 640 2613 latere
664 2558 794 2627 putabat.
824 2557 955 2629 Cumque
1007 2557 1214 2616 suntludibria
1237 2559 1314 2630 jacta
1328 2558 1496 2626 verborum,
1511 2565 1582 2629 quot
1603 2556 1754 2630 glebarum
1771 2557 1857 2628 jacti-

107 2641 161 2699 bso
174 2642 297 2715 illacque
315 2644 510 2701 discurrentes
524 2644 575 2702 uhi
595 2653 677 2713 esset,
707 2659 767 2702 non
793 2645 953 2717 opiscopus,
1008 2648 1073 2714 bus,
1095 2654 1167 2719 quot
1199 2647 1288 2714 saxis,
1320 2655 1392 2719 quot
1417 2653 1460 2705 est
1486 2646 1657 2718 pulveribus
1680 2659 1788 2718 corpus
1805 2659 1857 2717 op-

106 2731 294 2800 mdlurciler,
319 2732 541 2800 conclamarent,
568 2748 659 2790 unuin
685 2734 721 2790 de
737 2733 868 2804 puerulis
890 2734 955 2805 eius
1007 2742 1158 2809 pressuml

106 2819 277 2889 corripiunt,
305 2821 354 2878 sed
380 2823 410 2878 in
440 2821 495 2877 lide
517 2821 581 2892 cius
609 2821 650 2877 nil
673 2822 751 2892 quod
775 2822 830 2879 sibi
855 2823 954 2881 liberet
1044 2826 1095 2884 Sed
1121 2832 1277 2895 numquam
1305 2824 1424 2881 adalia
1451 2824 1681 2896 progrediamur,
1697 2823 1857 2881 dicendum

104 2905 244 2965 eliciunt.
256 2907 386 2965 Alterum
401 2915 595 2978 attrectantes,
606 2917 680 2969 nutu
694 2910 795 2980 pertidi
807 2925 867 2983 quo
881 2919 954 2969 esset
971 2940 993 2998 c
1008 2915 1086 2987 quod
1101 2913 1240 2987 quiddam
1255 2926 1349 2984 nuper
1363 2913 1469 2970 lactum
1481 2913 1518 2970 ad
1530 2927 1617 2970 suum
1638 2912 1721 2969 valde
1735 2911 1858 2983 prclceit

106 2995 282 3067 quarendus
297 2997 455 3068 accipiunt.
482 2998 679 3069 ingredientes
698 2998 787 3070 igitur
805 2999 954 3057 cellarium
1008 3002 1167 3060 interitum.
1184 3003 1258 3058 Anto
1279 3001 1362 3069 duos,
1392 3001 1448 3057 nisi
1474 3001 1566 3069 tollor,
1581 3016 1642 3058 sua
1663 3001 1764 3057 mortis
1784 3000 1856 3067 dies,

105 3092 134 3141 et
147 3085 381 3158 circumquaque
394 3087 543 3155 rimantes,
560 3087 675 3144 tandem
700 3087 754 3143 hoo
776 3087 860 3144 modo
874 3102 953 3159 repe
1007 3099 1167 3149 conventus
1187 3097 1229 3147 est
1250 3091 1279 3145 in
1299 3090 1393 3146 media
1421 3089 1541 3146 basilica
1566 3088 1775 3160 aprimoribus
1788 3088 1856 3146 cleri

106 3172 197 3230 riunt.
1006 3181 1063 3247 sui,
1079 3178 1157 3250 quod
1171 3178 1231 3250 regi
1244 3178 1272 3233 ln
1286 3178 1358 3234 urbe
1370 3191 1464 3248 nuper
1478 3177 1631 3234 constituto
1640 3190 1688 3233 eos
1701 3177 1854 3242 detulerat,

141 3262 344 3335 Teudegaldus
357 3264 442 3321 homo
456 3271 518 3322 erat
546 3264 758 3322 lunestissimus
777 3265 856 3322 Beati
879 3265 953 3322 Vin·
1007 3269 1106 3326 dicans
1124 3266 1241 3323 clericos
1257 3281 1314 3322 non
1336 3279 1398 3324 esse
1419 3266 1602 3333 reverendos,
1623 3266 1692 3336 qnia
1707 3271 1781 3335 pene
1794 3278 1852 3322 om·

106 3349 192 3406 centii
222 3351 347 3409 ecclesia
372 3352 465 3424 capite
489 3366 601 3422 census,
631 3352 798 3424 ingelranni
823 3352 953 3409 codicia-
1007 3355 1198 3425 uesenregia
1218 3354 1311 3410 dorent
1339 3355 1479 3411 servitute
1504 3353 1657 3426 progeniti.
1679 3353 1763 3420 Quod
1790 3366 1857 3410 cnm

104 3438 197 3495 oensis
211 3439 262 3497 diu
276 3440 761 3513 olilcialisatqueprtepositus,qui
777 3442 954 3498 transitorias
1005 3443 1032 3501 ei
1046 3442 1188 3513 objectum
1220 3442 1327 3506 luisset,
1353 3442 1408 3499 hoc
1434 3443 1518 3499 modo
1537 3443 1668 3498 inlicians
1687 3445 1727 3498 ait
1744 3456 1752 3496 ε
1768 3443 1852 3500 com·

104 3527 310 3586 redhibitiones
323 3529 600 3601 apudpontem,qui
616 3530 715 3588 Scordi
729 3529 953 3598 dieitur,obsar-
1005 3530 1107 3588 munio
1128 3537 1238 3598 sancta,
1263 3544 1353 3602 quam
1367 3545 1404 3588 ex
1430 3530 1478 3588 illo
1492 3531 1603 3602 pridem
1630 3530 1715 3586 altari
1738 3529 1855 3601 suscepi

104 3630 187 3686 vans,
213 3620 437 3678 commeantium
451 3622 622 3691 paucitatem
649 3620 802 3693 aliquoties
822 3633 953 3689 aucupa·
1006 3617 1164 3690 (dexteram
1180 3617 1258 3675 enim
1269 3617 1317 3674 illo
1334 3619 1526 3690 protenderat)
1539 3618 1637 3675 veniat
1650 3618 1720 3674 mihi
1737 3618 1776 3676 ad
1789 3631 1856 3688 per-

104 3707 203 3776 batur,
214 3716 314 3765 etcum
328 3722 376 3767 ecs
388 3710 475 3767 robus
484 3710 619 3767 omnibus
630 3711 785 3780 spoliasset,
797 3709 952 3781 nequando
1007 3707 1119 3776 niciem‚
1135 3714 1163 3764 et
1174 3707 1267 3764 sancti
1277 3707 1401 3777 Spiritus
1415 3707 1544 3779 gladium
1565 3707 1666 3764 invoco
1680 3705 1710 3762 in
1726 3707 1857 3763 animam

104 3795 161 3852 illis
174 3805 274 3854 contra
284 3812 352 3855 eum
363 3797 546 3869 interpellare
557 3799 664 3864 liceret,
677 3799 780 3869 ejectos
790 3799 817 3854 in
832 3798 953 3855 llumine
1006 3809 1110 3863 meam,
1125 3796 1148 3852 si
1167 3795 1227 3852 hac
1243 3810 1375 3867 unquam
1391 3796 1479 3853 verba
1496 3797 1555 3868 regi
1567 3797 1602 3853 de
1616 3795 1780 3852 vobisdixi.
1794 3795 1857 3862 Quo

104 3885 331 3955 supplumbabat
345 3886 411 3958 (l'll.
431 3887 490 3944 lloc
518 3887 631 3959 quoties
650 3887 747 3945 lecerit
772 3887 851 3943 solus
876 3887 952 3943 Deus
1005 3883 1113 3953 audito,
1135 3884 1253 3955 quidam
1280 3885 1364 3941 valde
1391 3885 1486 3940 mirati
1514 3892 1593 3949 sunt,
1617 3893 1646 3940 et
1666 3883 1858 3940 sacramentis

104 3975 193 4030 novit.
223 3975 389 4044 Furtorum,
421 3976 701 4053 latrociniorumque
721 3988 856 4032 numeros
883 3988 950 4031 cum
1005 3979 1195 4029 astruxerunt
1213 3987 1243 4029 se
1261 3987 1298 4028 ex
1313 3986 1363 4029 ore
1389 3974 1463 4044 ejus,
1475 3987 1543 4030 curn
1557 3971 1626 4029 talia
1640 3972 1700 4043 regi
1719 3971 1856 4039 deterret,

104 4061 141 4117 sit
154 4060 260 4118 reterre
280 4061 403 4129 nullius,
425 4063 603 4131 incultibiles,
624 4070 657 4118 ut
677 4062 719 4119 sic
740 4062 845 4130 dicam,
864 4062 948 4119 corde
1004 4061 1128 4118 audisse.
1153 4060 1325 4119 volubilitas
1337 4062 1423 4132 plane
1440 4063 1504 4133 ejus
1520 4061 1659 4118 mentiost
1673 4060 1779 4132 lingua
1800 4060 1855 4130 ipsi

103 4145 251 4216 nequitias
264 4146 350 4203 vultu
360 4147 505 4204 teterrimo
520 4148 698 4219 proterebat.
714 4149 741 4205 ls
756 4148 785 4204 in
810 4147 948 4205 odonsam
1005 4149 1142 4222 parturiit
1152 4149 1322 4207 haeoexitia.

103 4233 232 4290 lucidens
248 4235 425 4304 ingelranni,
449 4239 540 4292 totum
564 4249 593 4292 se
609 4236 644 4291 ad
668 4237 862 4293 communiam
879 4235 992 4292 Lau-Il
1337 4238 1454 4297 CAPUT
1469 4239 1518 4294 lx.

102 4322 183 4379 duno
206 4323 376 4380 contulerat.
403 4325 428 4380 A
453 4338 512 4395 quo
543 4337 612 4397 ergo
640 4338 693 4382 nec
719 4325 868 4393 monacho,
898 4339 951 4382 nec
1039 4325 1216 4398 latmrficitur
1233 4327 1416 4400 liudulphus.
1441 4357 1475 4368 -
1489 4327 1601 4384 interea
1622 4340 1687 4398 pars
1714 4327 1854 4398 quasdam

102 4410 282 4475 clarisonae
296 4411 458 4484 peregrino,
484 4412 541 4469 imo
555 4413 631 4469 nulli
644 4413 728 4469 sexui
752 4426 871 4482 parsum
883 4412 949 4470 olim
1005 4414 1128 4473 lurentis
1152 4416 1233 4487 vulgi
1257 4416 1293 4473 ad
1317 4416 1436 4474 domum
1457 4416 1570 4473 lladulll
1597 4415 1780 4486 pertendunt,
1802 4416 1857 4486 qui

103 4499 260 4566 tueratsic
273 4499 398 4571 denique
417 4515 448 4558 se
473 4500 577 4558 habuit
595 4501 745 4558 occisurus
772 4500 949 4572 episcopum.
1004 4500 1127 4571 episcopi
1142 4500 1331 4572 discophorus
1352 4508 1423 4568 erat,
1450 4507 1479 4558 ct
1511 4500 1547 4557 de
1571 4497 1858 4558 summislamiliari·

103 4587 168 4658 lpse
196 4587 258 4645 dun
270 4596 298 4645 et
313 4588 443 4646 incentor
456 4597 605 4646 comesset
632 4589 721 4660 huius
734 4588 835 4645 nelarii
852 4589 949 4660 ooepti,
1005 4590 1060 4647 bus
1088 4588 1207 4646 Gerardi
1229 4589 1434 4647 carisiacensis
1457 4589 1616 4657 exstiterat,
1644 4589 1690 4645 vir
1704 4587 1774 4645 exili
1789 4589 1855 4659 qui-

103 4689 283 4747 summopere
305 4691 392 4748 quern
422 4680 531 4736 ceteris
545 4679 643 4735 acrius
660 4678 770 4748 oderat,
790 4678 952 4750 vestigabat
1004 4677 1068 4735 dem
1081 4676 1185 4746 forma,
1201 4678 1251 4734 sed
1265 4676 1413 4734 heroicum
1442 4677 1553 4735 habens
1567 4678 1708 4733 animum.
1731 4676 1761 4732 ls
1786 4675 1854 4732 lori-

103 4765 280 4836 episcopum.
1003 4772 1095 4830 catus.
1124 4764 1265 4836 galeatus,
1297 4780 1357 4822 non
1370 4766 1433 4822 sine
1446 4765 1502 4823 lavi
1525 4772 1676 4822 armatura
1689 4777 1758 4820 cum
1783 4764 1853 4821 resi·

140 4853 949 4929 liudduiurepiacopwetcorpasopprcbriisespenitur.
1004 4860 1079 4910 stere
1113 4853 1277 4923 destinaret,
1314 4853 1415 4911 videns
1443 4854 1502 4910 vim
1523 4853 1654 4921 niniism,
1681 4851 1852 4922 veritusque

103 4972 138 4984 -
154 4943 225 5000 curn
248 4944 346 5015 itaque
364 4959 414 5015 per
428 4945 545 5017 singula
568 4959 635 5001 eum
659 4957 729 5001 vasa
747 4944 949 5015 disquirerent,
1005 4940 1110 5012 subjici
1137 4941 1245 5013 ignem,
1273 4955 1356 4998 arma
1382 4940 1494 5013 proicit,
1526 4941 1854 5011 nudumquesooorum

104 5030 157 5088 iste
169 5046 222 5102 pro
236 5031 329 5089 lronte
343 5035 472 5089 tonnulae
501 5033 587 5100 illius,
618 5033 647 5088 in
663 5045 723 5103 qua
738 5032 843 5089 latebat
853 5033 949 5098 homo,
1003 5029 1206 5087 misericordiae
1230 5030 1259 5086 in
1277 5043 1303 5085 m
1314 5030 1394 5087 dunt
1407 5029 1503 5087 crucis
1517 5029 1661 5099 exposuit.
1678 5028 1746 5098 Qui,
1763 5029 1822 5085 lleo
1836 5042 1853 5084 a

104 5119 241 5183 substitit,
255 5126 283 5176 et
302 5127 398 5177 retuso
411 5121 492 5178 obice
505 5120 728 5178 sciscitabantur
744 5118 951 5190 ingeminando
1003 5133 1033 5176 se
1054 5126 1173 5184 remoto,
1201 5118 1283 5175 humi
1299 5126 1475 5189 prostratum
1500 5118 1699 5175 crudelissime
1725 5118 1854 5175 trucida·

105 5206 171 5275 quis
191 5214 274 5264 esset.
286 5208 480 5280 Cumquevix
494 5225 528 5266 eo
542 5210 697 5281 instigante
715 5208 809 5279 gelida
821 5207 881 5278 jam
899 5221 951 5262 ora
1005 5214 1084 5263 runt.
1099 5206 1164 5278 lpse
1176 5215 1333 5278 antequam
1353 5207 1532 5264 carnidcium
1549 5207 1620 5263 illud
1633 5207 1668 5263 de
1681 5205 1812 5263 dersruo
1826 5207 1855 5261 in

105 5295 262 5353 movisset:
287 5302 361 5356 w
390 5298 537 5370 captivus,
566 5297 672 5370 inquit.
708 5296 820 5354 Solebat
853 5303 950 5354 autem
1003 5295 1123 5352 ecclesia
1146 5295 1235 5365 lieret,
1250 5294 1417 5367 hujusmodi
1437 5293 1576 5352 visionem
1592 5294 1673 5351 vidit.
1694 5294 1857 5353 videbatur

142 5453 197 5525 (tt)
209 5455 427 5528 submergebat.
444 5458 638 5526 indeGalline,
651 5456 781 5530 ploraqer.
