3818 6008
70 236 101 291 el
528 235 557 289 V.
578 233 745 290 (inlustret
762 231 909 291 lastels
928 233 956 289 S.
977 232 1095 289 MARiAE
1114 230 1160 289 ult
1178 229 1374 289 noviomiso

71 377 143 429 trem
160 370 256 442 (apoc.
273 386 301 426 x.
330 371 385 440 tot,
409 377 437 426 et
461 367 589 425 accendit
615 382 648 424 eo
673 367 767 440 magis
796 366 955 424 bibentisll
979 369 1062 438 (Rem.
1078 385 1126 437 χιι,
1143 368 1181 439 6),
1195 367 1271 424 alius
1285 367 1335 436 sic,
1363 365 1437 423 alius
1451 378 1519 422 vero
1544 365 1597 431 sir,
1624 378 1699 436 quas
1723 378 1751 421 m

71 457 158 526 sitim,
174 472 233 529 quo
247 456 372 528 amplius
388 455 511 524 bibitur3
527 455 643 512 undeet
656 454 820 512 sitientibus
835 463 867 512 ut
883 456 919 511 ad
976 457 1026 513 ties
1040 462 1067 512 et
1080 457 1161 512 vario
1180 457 1264 512 modo
1287 454 1368 513 locis.
1381 453 1517 525 pluribus
1541 454 1644 510 retexit
1665 455 1754 523 apost

72 560 165 617 aquas
177 545 296 603 veniant
312 545 348 600 ab
363 545 437 601 Isaia
452 544 596 600 clamatur
618 545 696 614 (lsai.
720 559 763 612 nr,
786 546 821 612 ll.
837 542 920 599 Videt
975 544 1055 601 Unde
1069 552 1097 600 et
1111 544 1180 603 dicit
1203 545 1282 615 quia,
1306 543 1358 601 elsi
1373 543 1504 599 membra
1520 550 1618 598 nostra
1632 542 1752 598 diversu

72 635 157 690 eliam
174 635 249 689 Deus
270 633 348 704 quod
371 632 408 689 sit
430 632 549 700 bonum,
579 632 650 703 quia
675 646 712 688 ex
735 631 921 688 delectatione
975 647 1093 704 corpore
1111 634 1237 691 cilicium
1257 633 1363 689 babent
1391 630 1754 699 (leid.l.).tamenollicio

73 730 254 792 acceptorum
273 735 428 778 munerum
443 720 579 777 intuitum
596 727 726 776 nostrum
741 720 921 790 provocatad
975 722 1128 779 concordia
1151 731 1179 779 et
1204 723 1310 780 vicari-i
1346 719 1486 792 sultragio
1524 720 1664 776 unitatem
1697 732 1754 775 seri

73 812 230 880 appetitum
252 809 411 867 meliorum.
975 811 1056 878 Quod
1072 811 1110 866 ibi
1124 811 1192 868 dicit
1205 811 1344 875 membra,
1363 809 1408 865 bic
1423 807 1529 865 dIcitur
1543 822 1634 879 genus
1649 807 1694 863 vel
1710 822 1754 879 ger

108 899 192 957 Vens.
209 901 253 954 ta.
268 929 304 939 -
332 902 367 954 Et
389 900 493 966 tactum
518 904 557 953 est
583 913 691 967 vespere
714 901 739 952 el
763 913 841 953 meae
864 897 922 953 dies
976 898 1139 957 llinisteriis
1153 907 1248 958 autem
1271 907 1337 971 apta
1360 897 1497 954 animalia
1518 898 1649 967 itrmenta
1672 910 1754 953 vocar

74 990 193 1056 quietos.
224 988 260 1043 Et
281 987 387 1043 divinae
410 987 509 1058 gratiae
535 987 643 1057 gradus
669 987 802 1057 quintus,
825 986 922 1042 consi·
976 1004 1114 1060 quaenon
1139 989 1297 1061 incongrue
1319 986 1512 1058 quorumdam
1533 984 1754 1041 secularinmv

75 1074 155 1131 lium.
170 1074 205 1130 Et
227 1072 274 1130 cui
300 1074 414 1144 negotio
443 1074 535 1145 magis
562 1081 604 1129 est
627 1073 800 1129 conveniens
825 1072 923 1130 consi·
976 1076 1102 1148 signant,
1119 1077 1180 1149 qui,
1193 1077 1244 1133 etsi
1261 1076 1289 1133 in
1304 1075 1478 1147 quibusdam
1494 1073 1615 1130 terrenis
1633 1073 1754 1130 acclines

74 1163 353 1232 tiumqnamsacre
366 1162 477 1233 pagine
490 1162 923 1234 questionibusdisquirendisi
978 1166 1107 1237 negotiis,
1123 1179 1141 1222 a
1160 1165 1274 1236 propria
1293 1170 1388 1220 tamen
1414 1161 1497 1218 valde
1522 1161 1651 1237 libertate
1665 1161 1755 1217 lrenar

74 1250 226 1320 Nusquam
240 1250 316 1305 enirn
332 1249 521 1320 periculosius
548 1257 674 1315 erratur,
699 1264 788 1320 quam
804 1249 827 1306 si
842 1263 860 1306 a
875 1264 923 1306 re·
977 1261 1120 1325 qnantum
1145 1253 1268 1309 aliorum
1289 1250 1490 1307 misericordiis
1514 1249 1651 1306 inservire
1674 1263 1754 1305 conat

75 1336 152 1410 gulis
179 1344 206 1394 et
231 1336 363 1393 sensibus
386 1337 503 1394 Petrum
530 1346 659 1394 veterum
684 1338 842 1394 recedatur.
869 1339 924 1395 Te·
978 1342 1066 1410 Quem
1089 1354 1206 1398 sensnm
1230 1342 1325 1412 juvat,
1348 1339 1425 1410 quod
1446 1339 1545 1396 taliaa
1569 1347 1646 1395 terra
1668 1337 1755 1408 plurit

74 1433 262 1498 neaturergo
286 1440 388 1483 eorum
413 1440 626 1498 usquequaque
647 1427 798 1494 sententia,
814 1426 865 1498 qui
890 1427 925 1483 de
979 1429 1206 1501 suspenduntur.

76 1515 150 1571 sacri
177 1514 285 1586 eloquii
317 1515 451 1572 obscuris
475 1515 601 1586 qualiter
629 1522 723 1572 essent
751 1516 926 1587 inquirenda
1015 1518 1105 1575 liabet
1119 1518 1207 1575 etiam
1222 1515 1348 1575 Ecclesia
1361 1518 1483 1586 reptilia,
1504 1515 1574 1585 qnia
1595 1515 1754 1586 quosdam:

77 1602 263 1674 scripserunt,
290 1610 317 1660 et
345 1604 381 1659 ab
407 1604 448 1659 eis
474 1618 492 1660 a
518 1604 627 1675 quibus
658 1604 926 1675 quaeritur,eodem
980 1606 1105 1664 continet
1132 1604 1182 1676 qni
1208 1605 1246 1661 ita
1275 1603 1430 1660 mundanis
1458 1604 1536 1660 curis
1568 1617 1603 1659 ac
1633 1603 1753 1675 volupta

78 1692 200 1762 Spiritus
222 1691 334 1748 lervore
363 1700 523 1764 quaeratur,
553 1708 612 1763 quo
639 1693 676 1749 ab
702 1693 758 1750 illis
786 1693 839 1765 qul
862 1706 925 1750 eam
941 1669 962 1725 B
981 1693 1117 1765 inissent,
1132 1700 1165 1750 ut
1188 1692 1268 1750 nullo
1288 1691 1404 1748 virtutis
1418 1691 1568 1748 intervallo
1592 1699 1753 1762 atempora

79 1793 209 1851 reperere
227 1781 349 1851 quesita
371 1782 563 1852 cognoscitur.
586 1783 618 1838 In
634 1783 712 1839 omni
728 1790 927 1840 nostracausa
979 1782 1096 1839 distent.
1121 1783 1256 1839 Attamen
1277 1780 1391 1847 vivunt,
1417 1786 1444 1836 et
1459 1779 1512 1836 boc
1528 1778 1588 1836 sola
1611 1779 1675 1845 lide,
1692 1794 1752 1851 qua

79 1869 164 1939 quasi
188 1866 320 1925 laterales
347 1869 515 1938 babeamus,
544 1871 595 1941 qni
633 1886 685 1927 nos
705 1871 765 1928 suis
790 1877 927 1928 tueantur
982 1870 1091 1928 lulanta
1111 1885 1176 1926 cum
1206 1869 1306 1941 pedem
1322 1875 1372 1924 ω
1385 1884 1443 1925 non
1463 1868 1589 1925 babeant
1610 1869 1714 1940 operis,
1731 1868 1754 1926 la

81 1955 217 2026 consiliis,
234 1972 270 2013 ne
288 1966 395 2014 certam
411 1958 575 2029 jaculemur
603 1959 773 2016 sententiam
796 1960 826 2017 in
840 1960 928 2017 rebus
981 1966 1030 2016 tur
1056 1973 1143 2030 super
1169 1967 1274 2015 terram
1303 1957 1446 2014 industria
1479 1957 1675 2029 intelligentiae
1703 1958 1751 2014 viv

81 2045 188 2113 dubiis,
204 2060 250 2114 ne,
267 2060 333 2102 cum
354 2046 543 2118 intelligentia
567 2063 624 2104 non
647 2049 781 2120 suppetit,
798 2055 929 2106 auctores
981 2047 1076 2103 sciunt
1090 2061 1119 2103 se
1143 2060 1232 2116 prava
1256 2060 1351 2118 agere,
1378 2045 1549 2101 transitoriis
1574 2044 1696 2112 inhiare,
1721 2059 1753 2116 sp

83 2148 205 2205 arguere
218 2135 342 2192 velimus
356 2137 440 2206 quasi
455 2137 552 2194 nimiae
577 2137 760 2195 obscuritatis
783 2145 834 2196 aut
845 2137 930 2196 rusti·
983 2150 1048 2192 men
1086 2136 1115 2191 in
1143 2135 1243 2206 seipsis
1272 2133 1473 2190 misericordie
1512 2135 1721 2205 consequenda

83 2222 185 2290 citatis,
202 2224 279 2294 quod
293 2223 429 2280 horrendi
448 2232 490 2281 est
504 2224 641 2282 criminis.
658 2226 690 2282 ln
703 2226 811 2297 quibus
824 2225 931 2283 scilicet
983 2224 1143 2288 miscentes,
1168 2224 1259 2279 saltus
1273 2237 1360 2294 super
1374 2236 1408 2279 ea
1423 2222 1532 2293 quibus
1556 2222 1696 2278 inbaerent
1713 2236 1755 2277 cor

84 2311 253 2369 tractatibus
276 2312 329 2369 etsi
355 2326 458 2383 vesper
475 2313 632 2384 aliquando
649 2314 776 2385 patimur
799 2314 930 2372 delectio·
984 2320 1090 2369 verunt
1104 2313 1183 2369 dare.
1206 2312 1338 2369 Tradunt
1363 2318 1496 2367 auctores
1524 2311 1603 2383 quod
1631 2312 1752 2380 reptilia,

84 2403 139 2471 nis,
168 2410 219 2459 aut
244 2403 386 2474 caliginis,
413 2404 514 2461 crebra
543 2403 691 2463 instantia,
713 2403 879 2474 meditandi,
905 2412 933 2462 et
986 2402 1015 2456 in
1031 2401 1084 2456 boc
1103 2401 1164 2457 loco
1186 2407 1330 2471 serpentes
1356 2398 1552 2471 intelligimus,
1576 2399 1690 2455 vitalem
1707 2398 1754 2454 ani

85 2497 157 2547 aestu
171 2492 278 2548 ameris
295 2491 387 2548 divini
410 2493 573 2562 comitante,
596 2507 681 2549 mane
691 2492 858 2563 poterimus
872 2493 932 2549 adi·
988 2489 1183 2560 principaliter
1197 2488 1226 2544 in
1248 2489 1341 2560 capite
1363 2488 1498 2554 babeant,
1515 2489 1554 2545 ita
1573 2491 1605 2543 ul
1626 2487 1658 2553 si,
1684 2494 1741 2543 toto

88 2578 155 2648 pisci
180 2578 368 2650 intelligibilis
387 2578 469 2637 lucis.
493 2580 550 2636 Vix
571 2580 648 2637 enim
672 2580 701 2636 in
716 2579 821 2650 vapido
844 2579 934 2637 animi
988 2593 1046 2648 quo
1074 2577 1198 2634 abscisso
1236 2591 1362 2648 corpore,
1402 2576 1578 2648 quibusdam
1617 2575 1754 2645 saltem}

87 2673 164 2723 statu
174 2681 321 2723 summum
344 2667 455 2739 aliquid
479 2669 546 2739 quis
570 2668 694 2741 attingit,
710 2675 761 2724 aut
775 2682 932 2740 nusquam,
988 2681 1124 2723 mensura
1139 2666 1225 2738 juxta
1248 2673 1333 2737 caput
1356 2665 1391 2722 dc
1414 2677 1532 2735 corpore
1552 2664 1612 2734 ipso
1634 2664 1755 2719 resederi

87 2755 165 2826 quod
179 2763 316 2826 expertus
330 2770 395 2812 sum
425 2770 462 2813 ex
485 2757 604 2828 meipso,
632 2757 694 2828 qui,
724 2756 802 2828 qnod
823 2758 935 2828 tepidus
989 2757 1050 2827 ipsa
1065 2756 1229 2826 quaecapiti
1251 2762 1347 2812 manet
1365 2753 1517 2809 vivacitate
1538 2753 1610 2808 mori
1634 2767 1690 2807 non
1716 2766 1751 2823 po

88 2857 146 2899 non
165 2858 246 2914 posse
258 2845 294 2899 ab
317 2843 416 2915 aliquo
439 2844 558 2915 credidi,
578 2844 732 2902 animatior
757 2844 838 2902 solito
853 2845 935 2903 lecile
989 2844 1041 2901 Cui
1060 2843 1144 2898 valde
1162 2843 1340 2900 simillimum
1364 2848 1406 2898 est
1428 2841 1506 2912 quod
1530 2848 1635 2897 nostrae
1665 2840 1754 2896 bdeii

90 2932 192 3002 irrupi.
950 2940 1087 3030 Cmenta
1110 2939 1217 3000 tenent,
1244 2931 1314 3002 quia
1340 2938 1471 3001 peccator
1493 2929 1658 3000 cuicunque
1684 2943 1754 2985 error

125 3021 208 3076 Vnus.
224 3021 268 3075 al.
294 3051 328 3061 -
356 3024 434 3078 llicit
459 3038 563 3093 quoque
584 3023 674 3078 Deus:
703 3023 839 3079 Producat
863 3029 936 3080 terre
990 3021 1115 3092 plicitus,
1131 3019 1240 3078 etiamsi
1253 3021 1281 3076 iu
1297 3019 1357 3091 ipso
1374 3018 1475 3076 mortis
1490 3026 1633 3076 momento
1649 3018 1754 3090 ingemi

89 3111 210 3165 animem
223 3112 356 3166 visentem
369 3112 399 3165 ia
415 3126 509 3179 genere
520 3126 578 3178 suo,
591 3112 726 3180 iumento,
740 3116 765 3166 et
779 3114 901 3182 reptilia,
911 3119 937 3169 et
991 3108 1164 3180 penituerit,
1190 3107 1395 3164 salvandorum
1416 3106 1476 3177 iam
1492 3107 1618 3163 moriens
1629 3106 1703 3177 parti
1718 3120 1752 3177 pe

92 3199 189 3254 beslius
213 3203 291 3255 terrac
315 3199 462 3256 secundom
482 3201 582 3270 species
597 3214 671 3254 sees.
694 3202 778 3255 Terre
794 3200 893 3258 multis
908 3202 936 3258 in
991 3199 1046 3266 bit;
1061 3198 1101 3254 sic
1121 3197 1198 3254 enim
1227 3194 1385 3252 scribitur:
1410 3195 1545 3252 Peccator
1569 3209 1747 3266 quacunque

91 3287 168 3353 locis,
183 3295 211 3344 et
231 3288 393 3358 specialiter
417 3302 497 3345 mens
514 3287 658 3359 cujusque
682 3288 784 3356 tidelis,
808 3297 836 3345 et
851 3303 938 3361 gene·
992 3284 1173 3358 ingemuerit,
1194 3283 1594 3353 salvuserilidzecli.1rrin,
1613 3283 1675 3353 tel:
1693 3282 1747 3338 lide

93 3375 190 3432 raliter
216 3377 311 3432 omnis
335 3376 464 3434 Ecclesia
490 3375 604 3439 dicitur.
634 3376 670 3432 ob
695 3376 868 3436 lentilitatem
889 3378 939 3435 sci·
992 3375 1064 3432 salvi
1078 3374 1161 3439 liunt,
1182 3373 1256 3430 sicut
1270 3372 1426 3443 Apostolus
1441 3372 1498 3428 ait:
1515 3374 1550 3428 Ei
1568 3388 1630 3426 cero
1645 3374 1694 3440 qut
1706 3387 1754 3425 aen

91 3464 167 3533 licet,
187 3465 466 3536 cultibilitatemque,
492 3465 563 3537 quia
589 3464 680 3520 divini
710 3466 843 3537 precepti
867 3467 939 3538 ligo·
991 3462 1212 3532 retur,credeati
1225 3467 1315 3517 eutem
1335 3465 1364 3517 in
1388 3477 1457 3527 eum,
1485 3464 1533 3531 qui
1554 3462 1691 3530 justificet
1713 3461 1754 3528 im,

93 3551 180 3608 nibus
191 3551 305 3620 colitur,
315 3559 343 3608 et
360 3552 501 3610 bonorum
516 3557 634 3608 actuum
654 3551 735 3609 lerax
751 3553 937 3626 dignoscitur.
992 3556 1135 3622 emulatur
1147 3550 1214 3620 fides
1235 3550 1294 3621 ejus
1320 3550 1357 3605 ed
1382 3552 1523 3620 justitiam
1549 3549 1633 3621 (Rom.
1651 3565 1687 3616 iv,
1713 3548 1754 3620 45]

94 3639 220 3696 Ecclesia
258 3639 375 3711 quidem
403 3642 522 3696 animem
551 3642 693 3709 oioetlem,
725 3641 782 3698 Deo
808 3641 938 3713 jubente,
991 3652 1106 3709 corpuS,
1123 3639 1151 3696 id
1173 3646 1387 3710 estoperauon
1409 3639 1525 3705 babent,
1547 3645 1575 3694 at
1597 3651 1664 3693 vero
1688 3636 1750 3707 capi

95 3725 236 3795 producit,
252 3726 322 3796 quia
337 3727 469 3784 Salomon
487 3727 533 3783 ille
549 3742 637 3785 verus
650 3729 701 3785 etsi
717 3729 869 3801 sexaginta
883 3729 940 3786 siut
992 3732 1035 3783 est
1050 3726 1104 3783 lide
1119 3727 1259 3796 viventes,
1278 3741 1314 3782 ex
1330 3726 1392 3797 ipsa
1407 3725 1502 3793 unica,
1517 3725 1593 3782 unde
1604 3738 1715 3795 semper
1729 3725 1754 3780 vi

96 3814 212 3886 regine,
230 3821 325 3871 tamen
346 3815 490 3888 octoginta
512 3816 597 3874 babet
611 3818 797 3887 concubinas,
822 3824 850 3875 et
868 3818 940 3874 ado·
993 3823 1152 3886 operantur
1163 3814 1228 3872 sibi.
1254 3815 1306 3872 Cui
1331 3814 1507 3886 astipulatur
1528 3814 1605 3884 quod
1632 3820 1754 3885 serpent<

96 3903 317 3960 lescentularum
346 3918 405 3960 non
431 3910 472 3961 est
500 3909 815 3979 numerositatem,
845 3908 881 3976 7).
908 3907 940 3962 ln
996 3905 1101 3961 tuendo
1123 3904 1181 3961 solo
1208 3903 1299 3975 capite
1319 3911 1409 3960 totum
1437 3918 1541 3974 corpus
1566 3904 1701 3974 periculis
1721 3903 1754 3960 ob

97 3991 201 4062 populo
215 3992 290 4048 enim
306 3991 365 4060 Dei,
386 3993 437 4049 etsi
453 4007 510 4049 non
535 4008 634 4051 omnes
662 4011 716 4052 sua
743 3996 902 4061 dimittunt,
918 3994 943 4050 si
995 3992 1095 4049 solent.
1122 3992 1166 4049 Sic
1184 3991 1229 4048 isti
1248 3991 1419 4062 contemptis
1434 3993 1640 4063 temporalibus
1663 4007 1729 4063 quae

96 4080 224 4152 virgines
237 4093 299 4136 esse
322 4093 380 4136 non
408 4089 537 4150 possunt,
563 4083 734 4140 mediocrem
754 4091 851 4142 umen
866 4084 942 4139 ileus
996 4081 1064 4138 dent
1085 4080 1257 4151 plerumque
1284 4080 1385 4136 timore
1418 4080 1478 4148 Dei,
1516 4081 1672 4152 aliquando
1708 4095 1754 4137 mo

97 4169 157 4226 suis
170 4168 269 4226 statuit
284 4167 388 4237 locum,
418 4184 454 4226 ex
484 4185 541 4240 quo
554 4171 578 4226 si
605 4180 680 4229 recle
708 4172 836 4240 vivatur,
863 4171 942 4228 salus
996 4183 1115 4225 suarum
1132 4167 1270 4236 articulis,
1287 4183 1337 4224 seu
1353 4169 1528 4240 quibuslibet
1549 4169 1684 4240 periculis
1702 4182 1754 4240 cap

97 4265 195 4329 optata
221 4257 395 4314 obtineatur.
427 4257 493 4315 ideo
520 4262 550 4315 ia
572 4261 648 4317 domo
680 4264 770 4318 Patris
792 4262 978 4339 mensiones„
996 4264 1039 4314 est
1053 4256 1209 4326 Christum,
1231 4257 1276 4313 vel
1293 4256 1398 4314 Christi
1420 4258 1505 4314 fidem
1521 4259 1574 4315 sibi
1594 4259 1716 4326 salvant,
1743 4271 1754 4314 r

98 4346 189 4402 molta
210 4348 274 4400 sont
298 4345 386 4416 (loen.
404 4363 461 4413 xrs,
478 4347 515 4418 a).
541 4348 602 4406 ideo
622 4351 734 4406 stellae
751 4350 831 4405 stella
851 4348 946 4419 differt
1000 4346 1087 4403 cbum
1104 4345 1244 4411 iaciendo,
1257 4360 1308 4403 seu
1323 4346 1394 4402 alias
1410 4347 1481 4402 bene
1497 4347 1631 4403 vivendo.

99 4437 129 4490 in
143 4434 268 4490 claritate
293 4433 322 4505 (I
344 4434 404 4491 Cor.
421 4451 466 4504 xv,
493 4437 550 4507 tl),
567 4437 636 4509 quia
661 4437 690 4493 in
715 4437 769 4494 bac
784 4436 947 4508 peregrina·
1035 4437 1088 4491 Per
1103 4436 1201 4491 bestias
1213 4440 1291 4490 terra
1306 4435 1425 4506 quidam
1443 4436 1518 4491 intra
1541 4436 1696 4492 Ecclesiam
1716 4435 1754 4507 llg

101 4522 185 4580 tionis
203 4521 279 4578 valle
299 4522 404 4580 diversi
436 4524 520 4582 valde
550 4526 623 4583 inter
650 4538 704 4582 uos
736 4531 805 4582 sunt
832 4525 947 4581 ordines
1001 4523 1143 4581 turlerali
1160 4524 1299 4580 animost
1314 4524 1482 4581 crudelitate
1497 4525 1705 4597 insignesqui,
1722 4524 1754 4581 lic

99 4607 469 4669 vitae.Suntenimanimae
494 4611 808 4684 quaedam,scintillam
829 4613 947 4684 quidem
1001 4619 1179 4684 potentatum
1200 4612 1367 4669 secularem
1394 4626 1481 4683 quem
1513 4620 1618 4684 gerunt
1650 4611 1742 4668 mulla

100 4696 152 4754 etsi
166 4710 225 4752 non
239 4698 351 4755 ardoris
375 4701 411 4757 ad
434 4700 548 4773 agiliter
568 4700 757 4773 operandum.
785 4699 886 4757 saltem
910 4701 947 4758 ad
1001 4708 1174 4773 perpetrent,
1191 4708 1288 4757 tamen
1312 4700 1347 4757 ad
1370 4715 1419 4758 cor
1443 4701 1594 4758 redeuntes
1618 4701 1724 4770 sapius
1748 4715 1754 4755 t

101 4788 172 4842 bene
196 4785 354 4843 volendum
378 4788 518 4846 babentes
538 4789 732 4860 eleemosynas
755 4788 877 4846 libenter
891 4790 947 4845 im·
998 4789 1108 4860 judicio
1122 4789 1206 4846 valde
1220 4789 1421 4857 extimescunt,
1438 4797 1465 4846 et
1487 4790 1613 4861 plurima
1627 4787 1754 4844 beneficit

102 4873 241 4945 pendunt,
257 4876 455 4935 ecclesiasticis
474 4876 575 4934 ollieiis
594 4877 640 4947 pie
662 4877 814 4946 intersunt,
840 4884 868 4936 et
891 4879 948 4934 alia
1001 4880 1067 4936 inde
1091 4878 1271 4949 impendunt.
1297 4876 1365 4945 Quae
1389 4879 1413 4934 si
1446 4878 1593 4934 bumiliter
1617 4883 1718 4948 agunt,
1743 4891 1754 4931 t

101 4961 254 5020 mediocria
278 4963 364 5052 bonav
380 4967 482 5024 devote
517 4965 662 5032 iacientes,
690 4966 896 5037 acapitalium
919 4982 948 5024 se
1002 4970 1076 5027 bono
1099 4982 1184 5039 opere
1206 4967 1388 5024 securitatem
1414 4967 1549 5038 peccandi
1584 4966 1738 5037 accipiunt,

101 5051 244 5109 malorum
258 5055 340 5111 sorde
366 5056 451 5128 juxta
467 5066 547 5125 posse
572 5055 728 5111 continent.
745 5056 855 5114 vivunt
880 5070 949 5130 ergo
1002 5057 1144 5116 mundiali
1165 5068 1236 5112 cura
1269 5070 1386 5127 prorsus
1407 5056 1534 5128 expediri
1562 5070 1619 5111 non
1644 5068 1752 5126 possun

103 5142 357 5212 quantumadltei
380 5154 506 5200 amorem
529 5141 575 5198 vel
591 5142 675 5198 iidem
699 5145 808 5202 attinet.
824 5147 949 5201 lomento
1002 5152 1145 5206 metuunt,
1161 5143 1254 5202 dicere
1268 5160 1327 5202 non
1350 5145 1441 5202 audeo
1466 5144 1542 5216 quod
1559 5142 1725 5215 huiusmodi
1748 5159 1754 5198 t

102 5235 280 5289 autemsunt
299 5232 329 5288 in
352 5237 496 5302 quantum
518 5230 600 5288 bone
617 5232 817 5291 consolationis
831 5241 882 5292 aut
898 5234 950 5292 bu·
1003 5233 1085 5290 randi
1117 5232 1182 5289 sint.
1215 5234 1283 5298 Quis
1316 5233 1581 5290 Nabuchodonosor
1604 5232 1737 5303 nequior,

103 5320 249 5377 manitatis
264 5319 380 5378 cuilibet
391 5334 474 5390 opem
487 5320 593 5377 lerunt.
1003 5321 1141 5392 propbeta
1176 5321 1299 5379 dicitur:
1333 5323 1444 5379 Redime
1476 5321 1669 5376 misericordiis
1698 5336 1754 5391 pao

139 5409 192 5467 Sed
217 5409 374 5467 notandum
397 5411 477 5482 quod
499 5410 606 5468 dicitur
628 5412 658 5464 ia
682 5425 777 5479 genere
796 5426 854 5478 sue,
880 5409 951 5482 quia
1000 5416 1113 5481 peccate
1128 5411 1200 5468 tuat
1214 5411 1301 5481 (Dea.
1320 5427 1358 5480 iv,
1373 5410 1428 5480 tt.)
1452 5411 1488 5466 Et
1511 5410 1534 5466 si
1555 5410 1712 5467 idololatra
1734 5424 1750 5466 e

104 5498 245 5557 babemus
275 5497 432 5556 emimus
465 5498 611 5556 secundom
646 5502 766 5570 errem
795 5498 950 5569 differentes
1003 5497 1044 5555 tili
1061 5499 1216 5571 predicare
1239 5499 1436 5571 penitentiam
1458 5488 1558 5555 Daniel
1581 5513 1639 5555 non
1662 5499 1754 5571 negle:
