3818 6008
84 254 136 308 609
529 257 576 313 DE
595 257 805 317 etcrtcltletls
823 259 1044 320 sanctonus.
1060 294 1095 304 —
1112 265 1220 323 uclsr.
1244 267 1393 327 NUNCUP.
1784 280 1837 333 otc

84 382 213 451 aliased
234 398 291 440 non
310 385 413 451 aliena,
435 385 471 442 ab
492 386 547 442 bac
564 387 712 444 occasione
731 402 929 461 prosequerer,
948 395 1025 463 Aa),
1053 401 1119 461 etc,
1141 396 1191 452 tali
1217 398 1355 466 oratioue,
1395 400 1426 455 ui
1452 400 1546 470 fallor,
1572 401 1733 462 occludam.
1755 405 1838 474 Quod

84 471 190 528 excudi
214 472 352 542 primum,
377 472 542 543 imperfecta
565 489 654 545 quam
679 477 801 534 adorsus
821 478 933 537 fueram
988 483 1064 539 enim
1079 498 1179 540 eorum
1201 499 1282 541 mens
1303 485 1332 541 in
1354 487 1528 545 diabolicum
1544 490 1682 561 furorem,
1704 495 1837 553 obstina-

84 557 214 614 oratione
235 559 374 617 libellum.
400 560 435 615 ln
451 561 583 631 sequenti
602 561 644 633 (re
661 576 750 633 quam
770 563 864 621 dicere
883 565 932 621 dc
988 570 1153 641 tionemquc
1168 572 1313 640 deciderit,
1337 574 1407 630 satis
1429 575 1458 630 in
1476 577 1574 633 eodem
1595 593 1681 649 quem
1702 581 1737 640 de
1759 583 1837 641 inte·

83 658 221 702 voveram
234 645 295 715 jam
313 646 413 719 libata)
439 647 490 705 ubi
510 649 545 705 de
566 650 680 707 Domini
701 665 819 722 corpore
841 667 934 710 sermo
987 658 1056 713 riori
1073 659 1181 716 mundo
1205 662 1367 719 vocaverim
1386 663 1469 730 libro,
1493 665 1627 734 probasse
1643 682 1688 725 me
1704 671 1835 741 memini,

84 733 195 803 incidit,
221 742 313 793 totum
336 737 422 792 etiam
448 744 516 795 tunc
536 740 614 810 quod
638 739 717 812 loqui
742 755 830 812 super
850 742 934 798 dente
987 744 1031 800 sin
1054 745 1135 813 alias,
1160 761 1194 803 ea
1214 749 1274 805 sola
1298 751 1381 819 quasi
1406 750 1542 806 contrarii
1563 754 1742 822 oppositione
1763 772 1836 815 con-

84 836 267 893 ceperamus
285 824 402 882 excidit.
431 825 511 882 Unde
535 826 570 883 iis
591 841 657 898 qua
677 829 824 886 irruerant
842 829 934 886 disse-
988 832 1070 902 clusi,
1086 836 1165 905 quod
1178 849 1238 906 qua
1260 837 1459 913 benevolentia
1475 837 1606 896 Christus
1629 840 1656 897 in
1679 843 1750 900 coelo
1765 858 1834 904 suos

84 909 175 965 rende
196 909 362 982 profligatis,
387 911 503 968 tandem
528 912 556 968 in
582 913 663 970 tertio
683 922 820 972 conatum
836 929 933 972 meum
988 922 1041 978 sibi
1067 923 1274 981 commembres
1290 925 1353 982 unit
1378 933 1465 996 atque
1482 937 1679 999 concorporat,
1696 945 1731 988 ea
1744 933 1836 992 rabiei

84 998 214 1055 exercui.
232 998 284 1055 Sed
300 1000 395 1056 nemis
409 1007 507 1058 utrum
524 1002 684 1073 quidpiam,
701 1004 780 1073 quod
799 1003 935 1075 prudenti
987 1010 1174 1068 similitudine
1186 1010 1319 1070 diabolus
1334 1026 1393 1082 eos,
1411 1014 1615 1086 quibuscapnt
1629 1017 1763 1089 eflicitur,
1779 1020 1836 1079 sibi

84 1086 213 1157 cuipiam
227 1088 264 1144 sit
277 1088 355 1155 satis,
369 1089 506 1160 explicui.
987 1096 1147 1156 conformes
1161 1100 1249 1157 laotos
1264 1101 1427 1158 inviscerat.

121 1191 243 1248 mum·
254 1193 404 1263 objectum.
424 1197 449 1248 q,
470 1195 550 1260 Quod
567 1211 671 1267 corpu,
692 1194 807 1252 omme
825 1195 857 1249 a,
871 1196 933 1249 Eg.
1023 1187 1194 1245 assvaldc
1209 1188 1286 1244 enim
1300 1188 1509 1257 absurdum,et
1523 1191 1600 1247 omni
1615 1193 1720 1250 rationi
1734 1194 1834 1254 incon·

82 1277 228 1335 euastata
239 1278 382 1336 suarium
396 1280 503 1337 curisti
517 1281 685 1354 appellarit,
706 1313 739 1325 -.
756 1284 897 1338 caeterum
908 1283 934 1337 st
987 1276 1106 1332 cinnum
1118 1290 1201 1333 nemo
1215 1276 1327 1334 dubitat
1341 1278 1419 1349 quod
1430 1279 1482 1349 qui
1496 1280 1655 1339 mdevolus
1668 1296 1686 1339 a
1699 1285 1833 1355 presenti

83 1364 157 1434 quid
184 1366 332 1434 senserim,
358 1381 395 1424 εχ
422 1369 477 1425 fide
498 1383 581 1426 sensa
602 1376 660 1426 tota
686 1369 751 1426 ppei
780 1371 934 1426 securitate
988 1361 1102 1434 migrat,
1126 1363 1183 1420 illic
1199 1372 1347 1435 recuperet
1370 1365 1448 1436 quod
1474 1367 1529 1434 bic,
1550 1367 1620 1425 dnm
1640 1370 1761 1441 advivit,
1781 1374 1835 1430 ba-

79 1451 266 1523 prctulerim,
289 1454 394 1526 siquis
417 1455 520 1514 melius
541 1457 656 1525 sentiat,
679 1457 777 1514 velim.
801 1460 933 1513 Attamen
987 1451 1054 1508 berc
1069 1466 1126 1507 uon
1140 1458 1240 1522 curnt;
1255 1452 1384 1523 alioquin
1409 1452 1566 1511 Salomonis
1580 1457 1721 1515 sententia
1740 1468 1832 1530 vacat,

83 1554 119 1597 ex
134 1542 206 1598 meis
219 1542 364 1599 benevolis
384 1544 538 1602 lectoribus
560 1546 631 1602 illud
651 1544 681 1601 in
699 1545 825 1602 secundo
839 1544 933 1600 libello
988 1540 1038 1609 qui
1068 1539 1180 1611 lignum
1204 1542 1366 1610 precisum,
1391 1541 1451 1597 sive
1475 1542 1511 1597 ad
1535 1551 1679 1614 austrum,
1707 1547 1769 1604 sive
1796 1549 1833 1607 ad

84 1629 252 1687 subnotavit
270 1632 348 1701 quod
368 1633 451 1703 panis
473 1647 508 1690 ac
523 1633 584 1690 vini
605 1634 774 1705 mysterium
790 1634 932 1690 vicarium
987 1624 1151 1698 aquilonem
1164 1627 1307 1696 00οἰ0000,
1325 1643 1502 1701 quocunque
1529 1630 1590 1688 Ι000
1611 1633 1754 1699 ceciderit,
1776 1633 1834 1689 im·

83 1718 191 1775 Cbristi
211 1719 390 1788 appellarim.
416 1721 494 1792 quud
516 1722 552 1778 ob
574 1724 627 1779 boc
648 1723 701 1779 sibi
723 1723 819 1778 miuus
834 1722 933 1796 idonee
953 1694 1130 1772 Bmobtltter
1158 1730 1274 1773 manere
1303 1717 1472 1786 pronuntiat
1501 1719 1608 1788 (Eccla.
1634 1736 1672 1789 vt,
1700 1721 1737 1791 3).
1770 1721 1834 1779 Non

84 1807 196 1864 dictum
210 1808 304 1864 visum
332 1814 384 1875 est,
401 1808 478 1878 quod
504 1809 532 1865 id
551 1809 629 1881 quod
653 1809 795 1867 vicarium
816 1810 932 1876 dicitnr,
987 1805 1065 1861 enim
1079 1813 1217 1874 maneret,
1233 1806 1256 1861 si
1271 1806 1403 1876 acapitis
1418 1808 1462 1864 sui
1478 1809 1625 1877 alteruter,
1641 1810 1702 1867 sive
1724 1810 1831 1879 benus,

84 1897 184 1952 minus
195 1911 240 1965 eo,
255 1897 340 1969 cujus
358 1897 501 1953 vicarium
521 1906 572 1968 est,
589 1898 787 1968 aliquomodo
805 1898 933 1954 estima-
987 1894 1046 1950 sive
1060 1892 1164 1961 maius,
1181 1892 1378 1951 conformitate
1394 1902 1530 1967 statuque
1549 1896 1677 1954 desciret.
1702 1898 1832 1971 Atquia

83 1991 143 2040 tur.
157 1983 211 2041 Sed
226 1985 251 2041 si
264 1986 341 2042 dicta
359 1999 423 2041 mea
441 1987 607 2043 attendisset
625 1987 733 2058 quibus
735 2025 838 2042 .........
855 1985 932 2057 quod
987 1994 1005 2037 a
1025 1981 1097 2038 tanti
1121 1981 1187 2037 iibri
1210 1995 1297 2038 sensu
1315 1996 1376 2040 sese
1400 1984 1550 2041 absentare
1576 1986 1754 2057 dignoscitur
1768 2001 1834 2045 om·-

83 2079 126 2128 est
139 2073 317 2145 eringius,
335 2081 364 2131 et
377 2075 531 2146 significati
553 2075 631 2146 quod
652 2075 682 2131 in
686 2113 787 2131 .........
810 2080 932 2140 constat,
987 2068 1223 2138 ninonelarium,
1249 2070 1289 2127 ita
1310 2084 1411 2127 eorum
1435 2073 1831 2145 poeniteutiamdisseramus,

83 2173 377 2232 amesaepenumero
395 2162 530 2219 identitas
550 2162 846 2232 enuntiatur,}omnis
869 2160 933 2232 eius
987 2163 1020 2213 ut
1043 2156 1170 2226 ipsorum
1193 2156 1440 2226 impoenitudinem
1467 2167 1636 2230 perpetuam
1659 2175 1717 2218 non
1742 2177 1833 2234 nege·

82 2248 160 2305 illico
175 2249 351 2321 ambiguitas
374 2250 489 2321 sopiret,
509 2265 576 2307 cum
601 2251 665 2321 ipsa
680 2251 769 2308 verba
783 2249 933 2306 Dominica
987 2257 1062 2300 mus.

82 2350 152 2393 mox
167 2336 238 2394 inibi
255 2337 385 2410 subjecta
400 2346 501 2395 met...
527 2339 563 2395 ad
578 2341 623 2396 sui
637 2339 804 2396 memoriam
819 2337 848 2393 id
871 2337 933 2394 neri
1022 2333 1054 2388 ln
1078 2333 1225 2390 boc-sane
1245 2335 1305 2391 solo
1327 2335 1368 2391 eis
1393 2334 1529 2406 prenitere
1552 2350 1633 2408 posse
1650 2337 1832 2409 ascribimus,

82 2415 237 2495 imperant,
260 2440 413 2498 nunquam
435 2426 470 2482 de
490 2426 689 2484 vicissitudine
702 2426 823 2498 questio
838 2433 933 2482 mota·
985 2419 1051 2477 licet
1065 2421 1219 2490 iifflssiidssffl
1243 2425 1283 2479 0ῑο
1305 2437 1517 2495 usquequaque
1532 2425 1631 2481 nullus
1652 2425 1689 2482 Sit
1710 2426 1834 2495 sinciub

81 2520 175 2569 retur.
191 2511 261 2580 Quis
279 2514 358 2571 enim
384 2514 497 2571 vicar...
525 2515 572 2585 [f.,
598 2513 752 2586 vicariurn]
778 2514 933 2586 cujuslibet
987 2509 1065 2580 quod
1095 2509 1170 2567 inter
1194 2510 1363 2567 acerbitates
1391 2511 1600 2582 suppliciorum
1632 2514 1673 2570 sic
1705 2523 1832 2586 peccata,

81 2601 306 2670 representandi
331 2602 455 2671 dubitat,
483 2603 561 2673 quod
596 2616 683 2673 super
723 2609 930 2672 representa...
986 2611 1038 2667 pro
1054 2598 1169 2669 quibus
1194 2606 1263 2655 sunt
1285 2599 1389 2670 puniti,
1416 2599 1577 2669 fastidiunt,
1604 2610 1635 2659 ut
1656 2617 1762 2661 rursus
1784 2618 1833 2662 ex·

83 2687 128 2759 [!.,
143 2687 376 2763 representatum]
392 2689 558 2746 memoriam
579 2689 717 2746 innovat?
741 2690 832 2761 Magis
848 2690 933 2761 plane
985 2685 1090 2754 templo
1116 2699 1183 2742 cum
1209 2686 1424 2744 infructuositas
1447 2686 1544 2744 animo
1568 2690 1640 2746 tanti
1659 2691 1704 2747 sui
1728 2691 1835 2749 doloris

81 2778 114 2832 in
129 2789 217 2834 causa
229 2791 289 2834 esse
304 2777 419 2835 videtur
436 2777 514 2848 quod
538 2777 663 2848 Spiritus
682 2784 800 2833 sanctus
820 2775 932 2848 Pignus
985 2774 1152 2841 occurrerit,
1177 2775 1254 2845 qnod
1275 2775 1357 2831 nulla
1380 2776 1491 2832 ratione
1510 2777 1615 2834 motari
1632 2778 1729 2849 possit,
1752 2778 1835 2838 furor

82 2862 192 2920 dicitur
211 2863 331 2935 (prcc.
356 2877 375 2932 r,
404 2862 458 2934 ll),
486 2863 563 2934 quod
591 2862 680 2919 Filius
704 2863 763 2932 ipse
789 2862 933 2934 Splendor
986 2859 1192 2930 desperationis
1210 2862 1297 2919 corda
1318 2863 1480 2933 subvertet,
1501 2871 1528 2921 ct
1543 2863 1573 2922 in
1594 2871 1709 2923 tantum
1721 2867 1834 2925 oderint

78 2950 190 3024 glorie,
202 2949 494 3024 Figurombstuntia
509 2949 612 3021 (neor.
628 2965 647 3018 t,
666 2950 706 3018 3),
722 2958 749 3006 et
765 2951 838 3006 alias
850 2951 931 3006 lmo·
950 2949 1064 3045 Cq⁰⁰d
1085 2956 1153 3006 sunt
1176 2957 1209 3006 ut
1230 2964 1277 3007 eos
1301 2951 1436 3021 poeuiteat
1460 2952 1652 3022 quodminus
1673 2963 1835 3023 peccatores

80 3036 188 3106 gouer·
209 3039 371 3109 appellatur
395 3038 441 3109 (ll
456 3039 524 3092 Gor.
541 3051 581 3106 tv,
595 3038 635 3109 2).
649 3038 686 3094 Et
698 3045 775 3094 certe
789 3038 931 3095 vicarium
986 3036 1141 3108 minusque
1169 3038 1199 3094 iu
1231 3039 1291 3096 suis
1316 3040 1522 3111 voluptatibus,
1555 3041 1627 3099 dum
1652 3043 1833 3115 adviverent,

80 3125 155 3195 quid
176 3125 296 3183 obsistat
320 3127 418 3183 vocari
439 3140 497 3183 non
512 3126 605 3194 video,
629 3125 707 3197 quod
726 3133 753 3182 et
769 3127 829 3197 ipse
842 3128 933 3197 quoti·
984 3124 1093 3183 ederati
1108 3126 1237 3184 luerunt.

79 3216 202 3272 dianum
228 3215 362 3286 appellat,
386 3215 458 3272 acsi
483 3221 660 3286 suggereret,
680 3213 721 3270 sic
740 3229 773 3271 eo
799 3215 827 3269 in
855 3229 931 3285 pre·
1020 3215 1070 3272 etti
1101 3215 1226 3272 concinit
1252 3216 1334 3273 Isaiae
1357 3216 1448 3274 iliud:
1478 3217 1556 3286 Solu,
1584 3217 1691 3290 inquit,
1719 3220 1832 3278 maccio

79 3304 165 3371 senti,
195 3304 264 3360 dum
292 3304 398 3359 dicitur
425 3303 517 3370 bodie,
548 3302 698 3371 utendum,
731 3310 763 3359 ut
794 3302 830 3358 ad
860 3303 931 3360 illud
983 3303 1161 3359 intellectum
1186 3303 1266 3359 dubit
1289 3305 1403 3360 auditui
1427 3305 1510 3379 (foci.
1539 3322 1638 3376 xxvttt,
1669 3309 1725 3380 l9).
1752 3308 1833 3377 Quod

79 3399 188 3447 aeteme
211 3390 378 3460 fruendum,
402 3391 481 3462 quod
501 3390 630 3446 considet
651 3389 929 3461 dexteraepaternae,
984 3391 1014 3448 in
1043 3391 1115 3449 libro
1143 3391 1294 3462 sapientie
1327 3394 1494 3462 punitentia
1524 3393 1639 3464 dicitur,
1671 3394 1725 3451 boc
1755 3398 1835 3467 apud

79 3492 135 3535 nos
149 3478 247 3534 ducat.
271 3476 351 3544 Quod
375 3478 461 3549 plane
481 3477 523 3532 sic
546 3476 576 3532 in
599 3477 655 3533 boc
677 3476 782 3533 saeculo
801 3477 930 3534 bendum
984 3481 1089 3536 isaiam
1114 3480 1275 3537 intellectus
1298 3480 1471 3551 appellator.
1499 3482 1535 3537 Et
1557 3482 1623 3539 licet
1646 3483 1724 3553 apud
1751 3482 1833 3542 Salo-

79 3568 201 3624 mandat
218 3575 250 3625 ut
262 3567 292 3624 in
318 3567 431 3624 saeculis
454 3566 638 3634 saeculorum,
663 3580 729 3622 cnm
750 3567 785 3621 ad
806 3567 930 3636 speciem
986 3583 1098 3625 utonem
1114 3582 1167 3623 nec
1181 3568 1265 3636 ratio,
1292 3582 1344 3624 uec
1368 3569 1489 3624 scientia
1513 3569 1589 3638 apud
1612 3569 1717 3625 inferus
1731 3568 1832 3627 futura

77 3657 170 3728 hujus
183 3656 302 3728 originis
321 3655 533 3728 pertigerimus,
555 3652 617 3710 lieri
636 3667 697 3708 non
711 3663 803 3724 egeat,
814 3653 929 3709 sentire
984 3656 1189 3727 pronuntietur
1212 3655 1320 3727 (Eccle.
1345 3670 1386 3724 rx,
1412 3657 1463 3728 lti),
1487 3664 1582 3713 tamen
1606 3657 1667 3712 sine
1688 3656 1834 3716 intellectu

78 3760 139 3802 non
160 3758 276 3816 possum
290 3745 362 3815 quin
376 3751 536 3815 opportune
548 3742 620 3798 vicis
639 3741 792 3811 cujusdam
806 3741 929 3812 speciem
983 3744 1013 3799 in
1041 3744 1094 3800 boc
1121 3742 1181 3801 solo
1216 3758 1272 3800 nou
1300 3757 1361 3800 esse
1402 3750 1573 3812 noscuntur,
1611 3743 1690 3814 quod
1722 3758 1833 3817 semper

79 3835 143 3906 ipsa
160 3834 226 3891 licet
236 3834 410 3900 omnimoda,
427 3834 533 3891 veritas
549 3838 639 3904 gerat.
983 3833 1150 3890 discernunt
1165 3847 1216 3902 pro
1231 3846 1289 3902 quo
1312 3833 1475 3902 patiuntur,
1491 3832 1540 3889 sed
1560 3833 1635 3888 iuter
1652 3831 1830 3906 patiendum,

117 3921 212 3992 liujus
226 3923 323 3992 itaque
337 3922 469 3992 opusculi
484 3921 655 3992 tejudicem,
667 3920 712 3977 vir
722 3919 928 3989 amantissime,
983 3918 1054 3990 quia
1069 3918 1167 3975 nuilus
1186 3920 1363 3976 discretionis
1380 3927 1423 3976 est
1442 3919 1564 3987 fructus,
1579 3920 1615 3976 ad
1633 3918 1833 3982 obdurationis

77 4011 321 4082 crearedisposui,
333 4026 419 4082 quem
429 4019 457 4068 et
467 4011 781 4080 acrimonianusquam
791 4011 929 4081 torpentis
982 4015 1010 4064 et
1024 4015 1204 4078 contemptos
1219 4008 1362 4064 insaniam
1377 4009 1560 4066 relabuntur.

79 4098 201 4169 ingenii,
217 4113 275 4155 non
290 4099 374 4155 modo
389 4098 489 4155 littere
511 4104 619 4155 statum
636 4095 804 4153 examinare
823 4097 929 4167 perdo·
1018 4097 1100 4153 Unde
1113 4104 1155 4153 est
1170 4095 1243 4153 illud
1255 4097 1319 4165 Jub,
1342 4111 1409 4153 cum
1429 4104 1536 4154 terram
1555 4099 1678 4160 miseric
1698 4116 1733 4159 sc
1749 4110 1832 4161 tene-

78 4185 150 4252 cuit,
164 4185 214 4243 sed
227 4185 265 4242 ad
288 4186 379 4256 ipsius
397 4185 508 4252 littere,
533 4191 566 4241 ut
588 4184 629 4240 sic
643 4183 778 4252 dixerim,
793 4184 927 4255 spiritum
983 4184 1103 4241 brarum
1118 4183 1313 4242 describeret:
1342 4184 1406 4253 vti,
1420 4186 1525 4257 inquit,
1546 4189 1649 4245 umbro
1675 4191 1789 4260 mortu,
1803 4192 1834 4247 et

78 4276 302 4346 disquirendum
325 4275 535 4345 mutemplandi
550 4272 704 4330 assiduitas
727 4272 863 4330 assuevit.
888 4276 927 4333 'le
946 4271 1079 4339 paullus
1093 4272 1174 4342 crdo,
1192 4271 1243 4326 ced
1261 4272 1453 4344 sempiternes
1472 4273 1574 4331 bcrrcr
1598 4276 1743 4338 inhabitat
1767 4278 1833 4352 (Job

77 4381 148 4438 ergo
169 4378 290 4422 securus
311 4365 457 4436 elegerim,
478 4377 564 4435 quem
589 4362 625 4419 ad
648 4362 819 4432 corrigenda
841 4363 928 4420 etiam
983 4376 1010 4429 x,
1034 4360 1088 4432 ai).
1115 4361 1190 4417 Ordo
1216 4362 1300 4432 plane
1325 4371 1408 4429 esset,
1433 4364 1456 4420 si
1480 4363 1513 4431 is,
1542 4367 1593 4437 qui
1617 4370 1779 4437 poeniteret,
1795 4368 1832 4424 ab

77 4453 193 4510 bestilia
209 4452 342 4524 progredi
356 4466 414 4509 non
429 4453 535 4509 nisiex
552 4450 680 4523 ingenita
699 4448 751 4506 tibi
766 4449 928 4508 bumilitate
981 4449 1045 4520 cius
1057 4449 1098 4505 rei
1118 4448 1231 4517 effectu,
1253 4450 1309 4506 imo
1322 4457 1351 4506 et
1364 4449 1478 4519 affectu,
1495 4452 1529 4509 de
1543 4468 1604 4524 qua
1619 4456 1829 4525 poenitudinem

80 4541 240 4598 didicerim.
982 4538 1065 4609 gerit,
1089 4538 1248 4594 absisteret.
1272 4538 1376 4596 Nullos
1388 4553 1456 4611 ergo
1471 4541 1509 4596 ibi
1530 4542 1600 4599 ordo
1619 4551 1671 4611 est,
1692 4543 1763 4601 dum
1777 4557 1830 4615 pro

114 4632 142 4685 2.
158 4628 233 4695 Quia
246 4629 323 4685 mute
339 4630 426 4686 uerbo
444 4620 660 4702 ‘intepretatus
674 4627 751 4685 iilud
772 4630 841 4700 sup.
857 4643 925 4700 cup.
981 4625 1057 4682 maio
1077 4626 1223 4684 cruciatus
1241 4626 1309 4682 binc
1323 4629 1450 4698 poenitet,
1472 4628 1552 4684 illinc
1571 4629 1739 4700 desperatur
1760 4632 1830 4690 mali

75 4730 105 4782 v,
123 4718 149 4771 3.
168 4715 250 4781 Quod
268 4715 452 4787 potissimam
474 4715 506 4771 iu
525 4715 574 4771 tto.
601 4716 645 4770 De
664 4714 799 4773 interiori
823 4715 928 4772 muodo
981 4713 1111 4783 appetitu
1135 4714 1235 4771 furens
1253 4714 1351 4771 fervet.
1373 4714 1464 4781 Quem
1488 4716 1615 4773 furorem
1635 4719 1830 4790 sempiternus

76 4803 198 4873 resotut.
213 4804 351 4861 -Porro
366 4804 445 4877 quod
459 4813 487 4861 te
500 4805 635 4862 audiente
646 4804 765 4874 qnidam
769 4843 870 4861 .........
892 4819 927 4862 us
981 4800 1029 4857 illo
1040 4802 1143 4858 borror
1155 4803 1308 4874 siguificat,
1323 4804 1375 4875 qui
1394 4804 1423 4859 in
1449 4804 1553 4861 animis
1572 4807 1632 4877 spei
1647 4808 1742 4865 omnis
1755 4809 1828 4866 alie·

79 4889 127 4963 if,
150 4890 284 4962 remulus]
308 4892 378 4949 mibi
401 4891 513 4963 objecit,
537 4892 606 4947 satis
622 4891 724 4962 utique
743 4891 927 4962 promptulus
980 4889 1096 4945 natione
1119 4890 1285 4948 crudelibus
1306 4893 1461 4949 enormiter
1484 4892 1597 4964 flagrat.
1623 4895 1706 4960 Quod
1735 4905 1828 4955 totum

76 4979 319 5051 adloquendum,
340 4979 389 5036 sed
403 4981 502 5038 minus
518 4980 656 5051 providus
676 4981 713 5036 ad
738 4981 766 5038 id
781 4981 859 5052 quod
874 4981 926 5037 de·
979 4976 1169 5048 liquidissime
1184 4979 1214 5035 in
1242 4981 1333 5038 Judaei
1357 4981 1510 5051 proditoris
1529 4983 1603 5040 iacto
1627 4986 1828 5057 perpenditur,

74 5066 234 5124 latraverat
257 5066 408 5123 tuendum.
434 5066 545 5124 Scilicet
565 5068 644 5139 quod
663 5076 763 5125 contra
778 5069 926 5140 sapientia
980 5080 1067 5137 quem
1094 5068 1163 5124 dum
1187 5068 1269 5126 lacte
1301 5068 1469 5140 proditionis
1484 5072 1611 5142 penitet,
1641 5087 1827 5146 nequaquam

74 5154 185 5213 librum
200 5168 249 5212 cos
262 5154 314 5226 qui
333 5153 363 5211 in
376 5154 488 5212 inferno
501 5163 578 5223 sunt,
596 5162 646 5212 aut
667 5155 758 5212 futuri
780 5163 860 5224 sunt,
875 5170 926 5213 cor
980 5161 1076 5211 tamen
1099 5165 1247 5227 resumpto
1274 5157 1389 5229 culpam
1415 5158 1578 5230 corrigendi
1600 5160 1706 5229 studio,
1730 5175 1749 5219 a
1770 5177 1827 5223 sna

75 5245 215 5314 impotens
245 5248 275 5299 et
298 5242 414 5310 babere,
452 5249 480 5298 et
517 5241 668 5299 babituros
704 5242 839 5313 dixerim,
874 5244 924 5302 ubi
979 5242 1320 5312 pernicicmanusarcet.

74 5318 346 5402 videlicet’legitur:
365 5330 509 5396 Dbentea
525 5329 629 5401 inquit,
642 5328 721 5385 intra
732 5347 773 5400 se,
786 5329 925 5404 puniten-
1014 5331 1095 5389 Certe
1117 5333 1140 5389 si
1165 5334 1234 5404 ipse,
1256 5334 1308 5405 qui
1327 5333 1376 5390 tali
1402 5336 1616 5407 questiuncula
1633 5337 1763 5411 obligare
1781 5353 1829 5400 me

74 5417 148 5475 tiam
159 5421 288 5492 ugentes,
302 5421 402 5492 θέρη
415 5417 551 5492 arguerit
560 5415 864 5491 spiritusgemeutes:
880 5421 926 5477 Η)
978 5419 1080 5488 voluit,
1106 5435 1233 5493 presens
1258 5430 1342 5488 esset,
1363 5424 1400 5481 sb
1421 5438 1454 5482 eo
1479 5440 1652 5497 quererere,
1680 5436 1710 5485 et
1734 5428 1830 5487 multo

71 5509 150 5577 neat,
166 5504 406 5579 quorbcbmmue
422 5504 581 5578 mquam
603 5504 778 5562 tnderuom
796 5505 878 5578 (sup.
894 5521 922 5576 v,
978 5507 1085 5566 rectius
1113 5523 1203 5580 quam
1232 5510 1375 5581 quesivit,
1402 5513 1474 5583 quid
1505 5526 1592 5584 super
1617 5515 1764 5573 fatuarum
1796 5514 1834 5574 in
