3818 6008
117 234 166 287 lae
539 233 570 288 V.
594 232 759 291 pulsanti
788 236 935 293 auaarls
963 237 992 293 S.
1031 236 1155 294 naula
1185 238 1229 294 DE
1254 236 1451 295 polluente
1818 246 1868 299 llo

115 373 183 422 tur:
200 380 287 438 quem
309 365 378 422 Sara
400 372 525 437 tempore
540 367 594 423 isto
609 368 639 423 in
663 383 739 425 anno
762 369 852 428 altero
874 371 959 442 parit,
978 373 1159 443 Aspicituali
1175 373 1330 430 intellectu.
1349 373 1449 430 Elevat
1473 374 1580 443 oculos,
1605 390 1671 433 cum
1695 378 1732 434 ad
1754 379 1865 437 intelle-

114 454 185 511 dum
199 454 333 511 voluntas
348 454 475 526 bacipsa
497 455 586 511 animi
602 457 746 526 temperie,
764 473 831 515 cum
856 459 963 518 scilicet
1016 462 1124 518 ctualia
1154 462 1214 518 sola
1246 463 1408 518 contuenda
1434 463 1519 534 erigit
1554 465 1648 520 cordis
1683 467 1802 525 obtutus
1830 469 1867 526 ab

115 553 190 608 Deus
216 566 312 608 secum
349 552 468 607 rationis
495 551 683 610 illustratione
712 553 851 625 loquitur,
879 563 907 613 et
934 557 962 612 in
1016 551 1093 606 omni
1109 550 1224 607 infirma
1247 551 1453 620 imaginatione
1473 552 1608 608 seclusos.
1638 554 1705 610 dces
1726 557 1783 612 viri
1811 559 1865 614 sibi

115 654 200 706 anno,
223 655 280 696 non
307 640 390 695 modo
421 640 482 707 isto,
507 641 555 697 ubi
580 642 676 698 adbuc
701 642 865 700 decertatur
897 659 962 701 curn
1016 646 1156 708 appareill
1183 645 1299 706 stantes,
1321 653 1387 695 cum
1414 639 1597 707 sensualitas,
1631 641 1800 714 imaginatio
1832 659 1866 702 tle

114 727 191 784 vitiis
208 742 258 799 per
279 728 485 797 plenitudinem
515 729 665 785 luminosae
696 731 827 799 actionis,
855 732 904 789 sed
932 733 962 789 in
1016 726 1244 783 intellectualitas
1271 727 1306 782 ad
1335 734 1511 784 momentum
1536 727 1605 785 dum
1633 745 1714 788 meus
1739 733 1866 792 tenditur

114 816 212 882 altero,
236 816 286 871 ubi
315 830 409 886 neque
438 818 606 887 strepitibus
633 819 788 889 consopitis
816 820 964 890 perficitur
1015 815 1045 870 in
1058 815 1156 871 divina
1170 815 1341 882 subsistunt,
1355 823 1383 872 θῑ
1398 824 1513 887 propter
1527 832 1589 886 ¹¹⁰⁵,
1608 817 1635 874 ld
1651 819 1790 890 esliuxlll
1803 837 1864 888 nos,

113 903 249 960 annualis
277 903 440 961 solemnitas
465 906 674 975 sperandarum
694 915 808 964 aetcrna
837 909 962 965 beatitu-
1015 905 1051 960 ab
1066 911 1185 960 externa
1204 904 1373 975 evagatione
1389 912 1528 970 cessante,
1547 907 1617 963 dum
1644 907 1720 964 Deus
1744 910 1781 966 ab
1806 911 1865 968 hu-

114 992 214 1047 dinuur
229 991 485 1062 contemplationis,
510 1008 588 1063 spem
614 996 797 1066 prosequitur
818 1011 910 1067 usque
925 998 961 1053 ad
1015 993 1074 1048 mili
1089 992 1378 1062 mentemmentdm,
1392 992 1610 1063 sedebrlfflllnl·

113 1080 317 1137 exhibitionem
331 1087 359 1135 et
372 1080 555 1137 efficientiam
580 1082 661 1152 digni
684 1090 711 1138 et
731 1083 825 1139 idonei
852 1086 959 1155 operis;
1050 1081 1135 1138 Vens.
1148 1085 1173 1148 3,
1191 1083 1217 1135 ι.
1239 1112 1272 1120 -
1291 1082 1364 1146 Quos
1385 1097 1445 1136 eum
1466 1083 1589 1147 eleuat,
1618 1088 1739 1140 cucurrit
1764 1090 1795 1141 ia
1820 1103 1864 1143 oc-

113 1183 171 1225 non
185 1169 262 1224 euim
276 1178 318 1224 est
333 1167 455 1223 dicenda
476 1183 550 1238 spos,
576 1170 599 1224 si
623 1170 698 1226 banc
723 1169 782 1227 ulla
799 1187 857 1228 non
883 1188 958 1230 corn-
1014 1185 1121 1224 cursum
1136 1185 1227 1223 eoram
1242 1170 1277 1225 de
1290 1172 1357 1224 ostio
1379 1169 1549 1225 trabernacub'
1561 1175 1616 1238 sui,
1638 1179 1664 1227 et
1684 1175 1811 1230 adorauit
1835 1181 1864 1232 ia

114 1257 229 1314 mendat
242 1257 316 1312 vivae
332 1257 524 1312 exsecutionis
541 1272 595 1313 res.
1013 1262 1098 1312 terra.
1110 1260 1145 1313 Ει
1161 1258 1257 1312 alate:
1280 1259 1400 1324 Domine,
1424 1261 1450 1312 si
1471 1260 1564 1314 iuueni
1583 1263 1704 1328 gratiam
1727 1266 1756 1317 iu
1780 1266 1864 1319 oculis

148 1346 233 1402 Vens.
259 1347 303 1399 ιι.
328 1375 360 1384 -
392 1345 484 1400 Finito
507 1360 637 1402 sermone
671 1348 797 1404 ascendit
825 1350 900 1406 Deus
923 1352 959 1408 ad
1014 1348 1267 1415 remeatremeat
1294 1361 1400 1401 seruum
1417 1351 1511 1402 tuum:
1538 1349 1584 1403 aed
1608 1349 1725 1419 afferam
1745 1355 1864 1421 paucil-

112 1432 268 1499 Abrabam,
283 1445 349 1487 cum
372 1432 516 1488 interdum
538 1447 598 1489 sese
621 1434 825 1503 dispensatorie
845 1438 958 1494 subtra-
1013 1435 1067 1488 lum
1082 1450 1171 1503 aqua,
1186 1439 1211 1488 et
1230 1437 1353 1489 taceatur
1371 1434 1450 1503 pedes
1469 1437 1564 1502 uestri,
1590 1441 1616 1490 et
1634 1442 1791 1507 requiescite
1814 1442 1864 1496 sub

113 1520 206 1576 hendo
235 1520 357 1576 ostendit
388 1521 518 1576 bumana
546 1521 659 1590 spiritui
695 1537 880 1595 nequaquam
906 1541 959 1581 suo
1013 1524 1118 1577 arbore.
1136 1523 1209 1579 Cum
1224 1523 1363 1579 animales
1378 1523 1495 1579 habitus
1515 1533 1626 1582 nostros
1647 1528 1862 1597 supervenienti

111 1610 227 1665 subesse
241 1609 359 1664 arbitrio
373 1607 478 1663 divinae
497 1609 680 1679 aspirationis
699 1612 832 1682 gratiam,
855 1613 904 1668 sed
924 1614 958 1671 de
1014 1611 1114 1682 gratiae
1135 1613 1266 1668 substare
1294 1612 1496 1682 conspicimus,
1526 1612 1554 1668 in
1581 1629 1735 1671 occursum
1760 1631 1861 1674 eorum

112 1696 289 1766 supernisa
327 1697 410 1753 Patre
451 1695 594 1753 luminum
623 1697 698 1754 hanc
734 1701 896 1769 petendam.
924 1733 959 1743 -
1014 1701 1167 1767 currimus,
1185 1700 1255 1755 dnm
1269 1700 1398 1756 studium
1415 1701 1504 1757 nostri
1525 1700 1608 1758 liberi
1629 1703 1742 1759 arbitrii
1757 1705 1792 1760 ad
1807 1718 1862 1760 ex-

111 1785 209 1850 (Vens.
232 1785 276 1852 ιι,
292 1784 349 1855 25.)
378 1785 541 1856 Nonaginta
562 1801 631 1858 ergo
657 1795 802 1844 annorum
815 1797 843 1845 et
856 1805 959 1847 novem
1013 1787 1178 1857 cipieudurn
1194 1787 1271 1858 quod
1285 1787 1380 1843 influit
1393 1801 1599 1858 praeparamus,
1614 1796 1641 1845 et
1655 1790 1708 1846 boc
1724 1792 1759 1846 de
1776 1792 1859 1858 ostiu,

111 1872 259 1929 Abrabam
275 1873 509 1941 circumciditur,
526 1874 594 1931 dunt
619 1875 654 1930 ad
682 1876 829 1932 dexteram
854 1878 959 1934 divinae
1013 1876 1048 1932 de
1066 1889 1116 1945 spe
1135 1875 1249 1942 scilicet,
1275 1890 1334 1946 qua
1351 1875 1379 1931 in
1395 1889 1521 1946 superna
1544 1892 1625 1934 mens
1644 1878 1736 1934 inbiat
1763 1878 1862 1935 taber-

110 1960 238 2029 visionis,
254 1971 282 2018 et
297 1962 394 2033 gloriae
407 1964 493 2018 etiam
519 1963 549 2017 in
574 1965 706 2033 prasenti
726 1966 959 2037 praegustandam
1012 1963 1119 2034 nacull,
1135 1963 1161 2018 id
1179 1972 1220 2020 est
1237 1962 1344 2019 militia
1367 1973 1471 2019 nostra
1495 1964 1654 2021 habemus:
1672 1966 1772 2023 adorat
1793 1981 1862 2038 ergo

111 2064 177 2120 quae
201 2050 359 2120 praelibatio
376 2052 508 2121 quadam
541 2052 630 2107 lutari
653 2052 762 2109 denarii
784 2062 835 2123 est,
858 2055 960 2111 oculus
1012 2050 1041 2106 in
1057 2058 1143 2118 terra,
1160 2051 1331 2107 humiliatur
1344 2051 1514 2108 conditionis
1536 2053 1644 2111 vilitate
1668 2057 1792 2126 cognita.
1819 2055 1859 2123 Si,

110 2137 229 2207 spiritus
242 2147 434 2210 expurgatur.
453 2139 640 2197 centenarius
656 2156 793 2213 namque,
809 2143 959 2199 utdictum
1011 2139 1116 2210 lnquit,
1132 2139 1282 2195 oculorum
1296 2139 1491 2208 spiritualium
1510 2141 1617 2198 scilicet
1637 2143 1779 2199 donorum
1800 2152 1862 2201 tuo

108 2233 160 2293 est,
190 2229 344 2283 transitio
371 2227 531 2295 dexteram,
570 2244 660 2300 quam
694 2230 741 2286 hic
775 2232 960 2302 assequimur
1012 2240 1079 2282 rum
1097 2226 1190 2298 gratia
1205 2224 1403 2297 medignaris,
1421 2240 1457 2282 ne
1476 2234 1676 2284 momentanee
1698 2237 1730 2285 ut
1748 2228 1863 2300 aliquos

109 2315 265 2386 aliquando
300 2317 467 2387 speculante
504 2318 689 2375 beatitudinis
724 2332 829 2380 nostra
867 2324 957 2379 Deum
1011 2317 1083 2370 soles
1098 2328 1142 2370 me
1154 2314 1288 2384 attingas,
1303 2313 1351 2369 ild
1367 2313 1407 2369 ³10
1427 2313 1523 2370 adesto
1545 2323 1576 2371 ut
1601 2316 1774 2385 mimmii,
1801 2332 1860 2373 rue·

109 2418 262 2461 summam.
283 2405 385 2461 ismael
402 2408 622 2476 (quatuordecim
646 2423 790 2466 annorum
803 2411 956 2468 circumci·
1011 2418 1068 2474 que
1083 2401 1419 2473 aliquandiuconsoleris
1432 2400 1550 2459 allcram
1571 2405 1736 2474 pauxillum
1764 2419 1860 2476 aquae,

109 2493 285 2560 susdicitur,
303 2494 373 2562 quia
396 2494 521 2551 carnalis
540 2494 659 2553 allectus
679 2511 730 2567 per
751 2498 878 2571 decalogi
904 2501 957 2556 ob·
1011 2492 1097 2548 illesi
1116 2491 1269 2547 ⁰l³b0l³b0
1293 2489 1443 2561 quippiam
1466 2492 1681 2561 compunctioni
1701 2501 1811 2564 aptum,
1833 2500 1861 2549 iil

108 2585 295 2649 servantiam,
311 2592 338 2640 et
352 2583 576 2655 Evangeliorum
595 2586 754 2642 custodiam
771 2588 807 2644 ad
823 2588 957 2657 puritatis
1010 2581 1119 2652 gratiae,
1138 2587 1168 2635 ul
1183 2579 1273 2645 vobis,
1294 2593 1310 2634 ⁰
1325 2579 1507 2645 sensualitas,
1532 2579 1700 2652 imaginatio
1723 2595 1758 2637 ae
1776 2581 1860 2638 inlel-

108 2671 245 2727 virtutem
261 2671 424 2728 adducitur.
1010 2669 1181 2737 lectualitas,
1222 2668 1307 2738 pedes
1339 2668 1484 2736 laventur,
1518 2669 1685 2726 mobilitatis
1727 2669 1860 2727 videlicet

144 2758 233 2815 vals.
254 2760 298 2826 ae,
315 2762 358 2814 ar.
392 2760 423 2815 tn
449 2761 508 2830 apso
534 2761 579 2817 ute
606 2776 700 2819 mares
727 2778 826 2820 omnes
853 2766 957 2822 comus
1010 2765 1121 2823 vestre.
1139 2770 1199 2826 qua
1213 2763 1389 2839 perterada
1410 2755 1541 2812 labimini
1564 2765 1688 2827 peccate,
1712 2759 1859 2814 munden·

106 2844 171 2915 ejus
204 2845 463 2914 circumciduntur,
500 2850 570 2919 quia
600 2850 628 2905 in
656 2851 756 2908 eadem
784 2867 849 2923 quae
895 2853 956 2909 baee
1009 2844 1315 2916 tur,aquodiscursu
1338 2843 1519 2899 saltemdum
1542 2845 1626 2900 modo
1647 2845 1775 2915 suppetit
1798 2846 1853 2903 sub

107 2933 184 2990 Deus
229 2935 315 2990 menti
357 2935 555 2992 ratiocinando
599 2938 728 3008 loquitur
771 2941 953 3012 aspiratione,
973 2934 1112 3016 cerbere
1126 2931 1273 3003 quiescite,
1292 2932 1319 2988 id
1334 2939 1376 2988 est
1390 2932 1444 2987 sub
1467 2930 1590 3001 Spiritus
1609 2934 1711 3002 sancti,
1726 2948 1792 3005 quae
1817 2935 1855 2991 ab

108 3022 252 3092 quidquid
293 3023 410 3078 virtutis
455 3024 576 3081 interius
617 3033 668 3094 est,
714 3043 789 3098 quas
834 3030 952 3100 palmes,
1007 3032 1079 3080 aestu
1095 3023 1230 3079 vitiorum
1252 3036 1303 3077 vos
1327 3027 1465 3092 protegat,
1493 3034 1600 3092 vosque
1621 3021 1690 3091 alat,
1713 3024 1854 3093 respirate

107 3111 157 3181 qui
186 3110 391 3177 lertlructum,
423 3120 455 3167 ut
484 3112 576 3184 magis
612 3112 723 3181 aderat,
757 3117 857 3173 sedula
890 3126 955 3190 eget
1008 3114 1124 3167 villule·

105 3197 323 3266 emundatione3
347 3197 523 3269 alienigena,
550 3207 577 3255 et
600 3199 630 3255 hi
652 3198 703 3269 qui
738 3214 795 3255 non
825 3210 892 3259 sunt
919 3205 955 3260 de
1044 3200 1130 3257 Vens.
1159 3202 1183 3252 5.
1199 3228 1234 3238 -
1258 3199 1358 3252 Portam
1383 3197 1527 3252 buccellam
1547 3202 1640 3268 panis,
1656 3203 1682 3253 et
1704 3204 1857 3268 corifortate

106 3292 203 3340 nostra
229 3286 326 3356 stirpe,
356 3287 453 3342 eadent
490 3294 678 3356 exponuntur
701 3291 853 3358 sententia,
875 3294 953 3363 quod
1008 3304 1052 3345 cor
1067 3294 1196 3354 uestrum,
1210 3287 1490 3357 posteatrausibilis3
1515 3287 1616 3342 idcirco
1639 3288 1710 3341 mim
1734 3288 1856 3344 declina·

106 3373 297 3444 premisimus
324 3388 423 3446 supra,
451 3376 486 3431 de
510 3376 629 3445 reliquis
653 3377 841 3434 tractabimus
867 3380 951 3437 inira.
1007 3377 1104 3434 stisad
1118 3378 1354 3442 sacam-cestrum
1371 3391 1377 3429 :
1397 3376 1461 3440 Fac,
1477 3373 1626 3445 inquiunt,
1646 3380 1677 3429 ut
1693 3377 1797 3432 loculus
1816 3393 1855 3432 es.

411 3463 528 3520 CAPUT
547 3463 650 3520 xvllt.
1007 3464 1169 3522 Buccellam
1184 3462 1267 3533 panis
1281 3463 1425 3533 ponimus,
1441 3477 1509 3519 cum
1523 3476 1612 3519 sacrae
1626 3462 1781 3533 scripturae
1804 3464 1858 3521 ali·

140 3551 226 3609 Vsus.
251 3555 275 3620 l,
290 3554 315 3605 2.
332 3554 522 3622 -Apparuit
550 3558 639 3607 autem
662 3556 797 3631 nominas,
811 3556 953 3612 Abrabam

104 3642 134 3694 ia
148 3640 267 3695 convalle
286 3639 407 3695 diambae
427 3639 532 3694 sedenti
558 3642 587 3694 a'a
610 3643 678 3695 ostio
704 3642 874 3698 tabernaculi
896 3647 950 3713 sui,

103 3730 134 3783 ιιι
154 3732 214 3800 ipso
238 3730 344 3796 [auore
367 3728 431 3784 diei.
449 3731 572 3799 Cumque
591 3731 717 3786 elevasset
740 3733 838 3799 ocula,
863 3749 950 3804 appa·

103 3822 217 3872 ramum
241 3820 266 3871 ei
296 3823 349 3872 tres
371 3819 426 3871 uiri
455 3822 558 3872 stantes
579 3833 665 3888 prope
694 3835 763 3874 eum.
796 3822 950 3891 Postquam

102 3905 261 3971 Abrabam,
276 3905 304 3961 id
325 3913 367 3961 est
391 3913 471 3975 pater
497 3905 596 3962 videns
614 3907 764 3977 populum,
787 3908 951 3966 discernens

102 3994 318 4050 scilicetturbas
333 3993 551 4064 cogitationum,
576 3994 688 4062 lsmacl,
705 3995 734 4051 id
755 4002 798 4052 est
814 3997 869 4052 sibi
892 4013 949 4055 non

101 4082 159 4139 Deo
173 4082 361 4148 obedientem,
386 4082 566 4138 circumcidit
585 4082 730 4139 allectum.
746 4083 858 4153 lsmael,
873 4086 950 4144 enim

1007 3552 1088 3623 quid,
1102 3551 1177 3608 unde
1195 3550 1333 3607 reddatur
1356 3550 1501 3618 fervidior,
1522 3551 1620 3607 animo
1646 3551 1857 3610 ruminandum

1005 3639 1163 3708 oderimus,
1188 3647 1220 3696 ut
1248 3639 1313 3694 inde
1340 3637 1472 3695 vivacius
1505 3638 1615 3695 lortiori
1640 3637 1716 3696 lacta
1745 3642 1856 3698 ratione

1006 3729 1062 3785 Deo
1081 3742 1226 3785 vacemus.
1246 3727 1347 3783 Postea
1362 3725 1529 3792 transibitis,
1551 3727 1646 3794 idest,
1670 3741 1738 3783 cum
1761 3728 1856 3784 cordis

1004 3822 1070 3872 voto
1085 3814 1287 3879 satisfeceritis,
1306 3814 1342 3870 ad
1370 3821 1485 3885 tempus
1501 3823 1532 3871 ut
1557 3814 1661 3872 assolet
1682 3815 1855 3873 subtrahere

1005 3903 1100 3961 oblata
1113 3903 1248 3975 poteritis,
1263 3903 1333 3970 tideo
1358 3917 1484 3973 natuque
1506 3902 1543 3958 ad
1572 3917 1690 3959 servum
1714 3911 1853 3973 vestrum,

1004 3993 1061 4049 Deo
1083 3993 1206 4064 rigorem
1228 3997 1357 4047 vestrum
1378 3990 1548 4059 inflectente,
1565 3991 1752 4048 declinastis:
1776 3993 1853 4048 servi

1004 4088 1100 4137 auam
1116 4079 1423 4137 nostrorumomnium
1449 4086 1582 4136 metuunt
1607 4094 1720 4149 sumus,
1744 4081 1854 4152 quibus

99 4170 206 4228 dicitur
221 4171 345 4226 obediens
355 4171 420 4235 sibi,
440 4178 468 4226 et
483 4170 655 4226 vernaculos
667 4171 796 4243 ingenita
812 4172 866 4230 sibi
893 4189 949 4231 na·
1004 4175 1062 4225 tam
1075 4168 1174 4226 sedulo
1188 4166 1374 4224 observandis
1387 4165 1560 4224 inservimus
1571 4181 1577 4222 :
1588 4167 1749 4225 assentiunt
1763 4168 1854 4241 igitur

99 4259 233 4316 turaliter
247 4258 332 4325 bona,
348 4265 376 4313 et
390 4257 544 4328 emptitios,
570 4258 667 4315 labore
691 4260 819 4329 quolibet
842 4262 944 4334 acqui-
966 4255 1107 4314 [ldivinae
1120 4255 1234 4313 rationi.

100 4345 217 4418 quisita,
236 4352 264 4402 et
278 4345 467 4417 alienigenas,
489 4347 549 4402 vita
564 4351 615 4401 aa
639 4347 834 4418 undecunque
858 4351 945 4407 conti·
1035 4346 1120 4402 Vsus.
1143 4347 1170 4411 6,
1192 4349 1218 4399 7.
1247 4373 1282 4384 —
1306 4344 1455 4399 Festinavit
1478 4343 1620 4398 Abrabam
1635 4345 1665 4397 ia
1684 4343 1851 4401 tabernacu-

97 4449 165 4506 gua,
183 4434 233 4490 illa
243 4435 424 4502 examinans,
437 4434 491 4491 ista
508 4448 626 4505 prorsus
647 4434 806 4504 abscidens,
826 4446 945 4508 apparet
999 4434 1055 4489 lum
1068 4434 1218 4490 adseram
1236 4433 1380 4502 :dicitque
1395 4434 1420 4486 ei
1435 4448 1442 4485 ε
1456 4431 1592 4500 decedere,
1610 4433 1665 4486 tria
1679 4437 1744 4489 sata
1753 4435 1851 4488 simila

96 4521 121 4578 ei
133 4521 273 4578 Dominus
288 4521 317 4577 in
333 4522 457 4578 convalli
472 4521 600 4579 Manbre.
628 4520 774 4580 Convallis
797 4525 945 4584 humilitas
997 4525 1146 4586 commisce,
1175 4526 1201 4576 et
1229 4521 1272 4591 [aa
1304 4521 1495 4576 subcinericios
1519 4535 1613 4590 peaes.
1642 4521 1707 4590 lpse
1722 4536 1785 4576 cero
1813 4522 1850 4576 ad

95 4617 160 4667 est:
184 4609 302 4666 Manbre
331 4610 496 4679 divisiones,
528 4611 571 4667 vel
599 4611 751 4682 perspicua
783 4622 881 4685 sonat;
914 4616 941 4671 in
997 4616 1148 4666 armentum
1162 4612 1293 4675 cucurrit,
1312 4614 1338 4662 et
1357 4608 1421 4663 tulit
1446 4608 1513 4664 iade
1532 4609 1648 4663 uitulum
1672 4612 1848 4664 tenerrimum

96 4697 257 4754 bumilitate
284 4699 361 4754 enim
384 4699 529 4756 constituti
553 4701 754 4771 perspicaciter
775 4702 941 4772 dividimus,
996 4702 1176 4768 apprimum,
1204 4698 1333 4767 deditque
1355 4712 1447 4767 puero.
1472 4697 1525 4764 Qua·
1548 4698 1700 4763 festinarit,
1726 4703 1751 4753 et
1773 4702 1847 4754 coeit

95 4785 185 4842 idest
208 4786 409 4855 discernimus,
437 4794 465 4843 et
489 4787 559 4858 quid
582 4797 735 4847 sumuset
760 4791 830 4861 quid
858 4805 943 4863 agere
994 4787 1084 4841 illum.
1109 4787 1181 4843 llum
1206 4800 1275 4856 ergo
1302 4783 1512 4854 opportunitas,
1535 4792 1564 4840 et
1588 4783 1726 4840 habitudo
1756 4786 1845 4843 animi
1897 4813 1899 4837 ι

94 4874 259 4931 debeamus.
271 4874 502 4932 Taberuaculum
519 4884 614 4933 autern
629 4887 672 4935 est
684 4879 867 4949 obsequium,
883 4894 942 4950 quo
995 4874 1032 4931 ad
1058 4875 1115 4931 Deo
1137 4873 1361 4945 supplicandum
1387 4873 1526 4938 arrident,
1549 4872 1661 4929 lestinet
1684 4872 1844 4943 Abrabam,

93 4963 150 5019 Deo
165 4962 323 5020 militamus
339 4979 345 5018 :
361 4965 389 5020 ln
407 4979 466 5036 quo
481 4965 587 5022 ostium
603 4974 654 5035 est,
670 4967 741 5038 quia
765 4966 803 5023 ibi
824 4980 889 5037 spes
904 4981 941 5023 ex
995 4977 1081 5035 quem
1103 4967 1181 5033 pater
1215 4962 1311 5017 uideas
1333 4962 1463 5032 populum
1494 4960 1676 5032 interpretari
1703 4961 1842 5032 diximus,

93 5052 147 5108 boc
168 5053 333 5124 egrediendi
362 5052 397 5109 ad
424 5053 552 5124 requiem
578 5061 629 5125 est,
660 5055 690 5110 in
717 5055 771 5110 hoc
797 5054 938 5123 sedemus,
993 5052 1063 5123 quia
1090 5059 1210 5122 paterna
1233 5050 1335 5121 pietate
1360 5065 1393 5107 ac
1417 5051 1545 5121 legitima
1577 5056 1713 5120 potestate
1738 5051 1843 5123 populo

91 5140 161 5212 quia
176 5140 206 5196 iu
223 5139 277 5195 lrac
292 5155 340 5210 spe
355 5149 572 5211 perseveranter
586 5141 772 5213 quiescimus,
789 5155 856 5196 nam
870 5140 939 5198 dor·
992 5141 1080 5208 videt,
1097 5141 1125 5196 id
1146 5147 1190 5196 est
1213 5140 1357 5210 providet;
1380 5137 1503 5206 festinet,
1524 5138 1656 5209 inquam,
1684 5138 1843 5209 spiritualis

90 5227 180 5285 mitur
194 5228 270 5284 inter
282 5228 389 5286 medios
401 5229 490 5287 cleros
510 5230 595 5300 (Psal.
612 5243 698 5294 cxvvt,
721 5231 775 5295 ll),
791 5236 818 5285 et
841 5228 939 5285 sedere
993 5228 1244 5285 istellbrabamin
1263 5228 1484 5285 tabernaculum
1502 5227 1665 5295 adseram,
1695 5242 1763 5297 quae
1781 5229 1841 5300 jam

90 5329 274 5386 perseverare
296 5324 348 5384 est,
376 5325 409 5375 ut
432 5318 503 5376 illud
525 5333 532 5373 ε
559 5318 595 5372 la
621 5316 752 5371 cattedra
779 5318 939 5387 pestilentiae
992 5318 1039 5374 hic
1053 5317 1259 5389 iuterpretatur
1272 5321 1370 5384 uirtus,
1392 5316 1481 5372 ascita
1499 5316 1601 5387 utique
1619 5314 1672 5371 sibi
1692 5315 1840 5373 voluntate

88 5421 142 5462 aaa
154 5405 225 5461 sedit
244 5405 327 5476 (Psoi.
343 5423 352 5459 ι
376 5408 417 5476 lt:
441 5406 471 5461 in
495 5406 557 5476 ipso
590 5404 700 5461 lervore
723 5405 790 5472 diei,
818 5406 871 5462 boc
897 5413 939 5464 est
992 5407 1067 5464 bona
1079 5407 1141 5464 sine
1154 5420 1213 5478 qua
1227 5406 1371 5477 quidquid
1386 5404 1499 5476 agimus
1519 5410 1631 5461 nonest
1645 5404 1751 5471 virtus,
1767 5403 1839 5460 divi·

87 5496 117 5551 in
131 5495 231 5552 eodem
245 5508 304 5566 quo
319 5493 500 5550 circumcisio
523 5492 659 5565 predicta
681 5503 746 5550 acta
767 5503 809 5552 est
834 5495 938 5552 mentis
991 5509 1059 5552 nam
1087 5493 1275 5566 aggrediatur
1302 5493 1444 5560 militiam,
1468 5491 1604 5564 dicatque
1626 5491 1652 5546 ei
1678 5492 1837 5549 secundum
