3818 6008
105 220 157 275 475
547 218 579 274 V.
599 218 763 277 ebibebat
781 220 927 278 acbatis
945 223 973 278 S.
995 222 1115 278 MARIAE
1134 223 1179 277 uit
1199 220 1402 281 bovlcebro
1800 218 1855 274 ite

105 350 191 408 sticas
215 352 406 422 aucupatur?
426 350 477 406 Sed
501 350 555 406 hoc
575 365 633 406 non
656 351 687 406 lit
710 351 764 407 nisi
785 355 815 407 ia
836 353 948 415 filiabus
966 361 990 414 Α
1005 353 1110 410 tionem
1125 354 1198 411 redit
1214 353 1317 410 rationi
1329 353 1375 410 sui
1390 352 1469 423 quod
1483 354 1620 409 amburat
1644 350 1757 408 arbitrii
1781 349 1860 420 prin-

105 439 193 509 erbis,
209 454 278 508 sum,
297 440 326 495 iu
351 438 468 495 mollitie
484 438 615 496 videlicet
636 439 789 497 habituum
811 442 956 498 conscien-
1011 441 1133 511 cipatus.
1149 442 1262 498 iudicat
1276 456 1387 497 coccam
1405 443 1503 496 noima
1513 445 1612 495 eostre
1624 437 1775 504 Dominus,
1791 452 1858 494 cum

106 527 153 585 tiae
171 537 285 585 nostrae.
1010 529 1145 587 discernit
1160 531 1375 587 commissiones
1397 530 1493 586 carnis
1512 536 1539 585 et
1562 528 1691 598 spiritus.
1717 527 1800 583 Unde
1814 541 1859 579 re-

492 631 572 672 saos.
1009 617 1206 688 demptoroita
1229 625 1333 675 nostrae
1364 617 1479 685 dicitur,
1510 617 1581 687 quia
1611 624 1706 672 motus
1727 614 1859 680 rationis,

144 704 228 760 Vsus.
246 706 288 757 δι.
318 727 387 753 -ι
419 705 577 762 venatione
609 716 748 777 ceperunt
786 722 832 763 me
871 707 956 778 quasi
1009 704 1593 776 sinequibusnonvivitur,aveteribus
1611 704 1736 760 eximere
1754 716 1860 759 aerum·

110 806 218 848 »avem
236 793 343 849 inimici
361 794 415 850 mei
439 796 564 866 gratis·
594 794 676 860 sade,
703 796 808 852 dicitur
830 795 955 867 justitio,
1009 794 1054 851 nis
1068 795 1291 850 misericorditer
1304 795 1452 865 dignatur.

107 887 279 950 quaetamen
289 881 404 952 justitio
419 897 476 938 non
494 883 551 938 alia
565 884 636 940 mihi
652 884 765 941 videtur
777 898 865 956 quam
877 886 955 956 quod
1044 885 1128 939 Vnus.
1147 885 1189 939 59.
1213 912 1250 925 —
1273 904 1287 933 «
1308 883 1421 948 Vidisti,
1448 881 1576 947 Domine,
1601 880 1783 950 iniquitatem
1805 879 1857 934 ad·

102 970 241 1040 justoDel
255 971 364 1040 judicio
379 972 584 1041 cuiqueetiam
600 973 629 1028 in
654 977 787 1044 praesenti
812 977 847 1032 ad
872 977 956 1032 meri·
1012 984 1157 1027 »versum
1173 985 1237 1027 me:
1253 970 1505 1041 judieajudicium
1530 983 1666 1025 meum.»
1692 967 1777 1023 Videt
1801 968 1859 1022 Do·

106 1064 168 1112 tum
193 1059 374 1115 retribuitur.
405 1060 483 1116 Unde
510 1062 591 1131 quasi
607 1077 690 1117 avem
716 1063 752 1119 ab
775 1063 898 1119 inimicis
925 1078 955 1120 se
1009 1058 1106 1115 minus
1127 1050 1308 1129 'iniquitatem
1337 1059 1562 1124 adversitatum,
1586 1070 1652 1113 ssssffl
1679 1055 1777 1110 Videre
1805 1067 1859 1108 ¹¹⁰⁵

104 1150 246 1202 veneticae
259 1155 374 1217 captum
401 1149 543 1218 queritur,
565 1150 635 1220 quia
650 1165 700 1220 per
719 1150 871 1219 levitatem,
888 1167 954 1223 quoa
1008 1147 1076 1204 lacit
1091 1147 1223 1203 stimulos
1246 1147 1386 1202 adversus
1402 1146 1535 1215 spiritum
1555 1142 1774 1213 superequitare
1793 1154 1857 1197 cor·

106 1233 192 1290 inavi
209 1233 363 1305 liguratur,
389 1239 477 1304 protis
499 1245 527 1293 et
546 1237 607 1292 sine
629 1239 707 1295 omni
728 1239 824 1295 iructu
848 1241 883 1296 ab
906 1241 952 1297 his
1008 1249 1119 1304 porcos·
1132 1234 1277 1289 dedicicm
1296 1241 1427 1291 nostrum
1448 1233 1570 1304 judicat,
1590 1246 1656 1287 cum
1673 1230 1858 1287 intellectua-

105 1321 227 1390 quinon
244 1324 297 1379 nisi
319 1325 447 1380 carnalia
469 1334 615 1396 quaeruot,
632 1327 714 1383 vanis
729 1327 875 1384 latioribus
890 1328 955 1384 irre
1009 1321 1115 1378 litatem
1135 1323 1170 1377 ad
1195 1322 1331 1377 universa
1354 1321 1575 1378 discernendum
1595 1334 1647 1376 suo
1667 1319 1773 1389 illapsu
1788 1317 1859 1373 illu-

106 1410 186 1466 titur.
205 1413 239 1467 Et
255 1420 329 1469 recte
342 1413 472 1469 inimicos
491 1415 630 1482 nominat,
653 1430 726 1486 quos
743 1417 771 1471 in
787 1417 832 1472 sui
848 1417 954 1472 beatili·
1007 1410 1108 1465 minti·

105 1497 224 1564 catione,
243 1499 329 1570 juxta
352 1501 532 1570 prophetam,
558 1502 731 1572 deceptiores
755 1504 857 1574 probat
878 1505 950 1572 (Iso.
1045 1498 1189 1554 Vrrns.60.
1213 1528 1248 1538 -
1264 1520 1278 1548 ιι
1303 1497 1406 1556 Vidisti
1429 1511 1542 1553 omnem
1574 1495 1710 1558 furorem,
1739 1493 1859 1550 uuiver-

105 1600 145 1653 ιιι,
163 1587 227 1657 la).
1010 1600 1088 1644 nsas
1112 1586 1298 1658 cogitationes
1329 1600 1428 1643 eorum
1455 1586 1610 1641 adversum
1635 1597 1690 1639 me.
1719 1602 1733 1631 o
1765 1582 1858 1638 Furor

141 1674 226 1731 Vnus.
245 1679 286 1730 53.
301 1706 336 1716 -
362 1697 373 1725 ι
399 1679 489 1746 Lapsa
503 1685 545 1734 εει
571 1679 600 1735 in
626 1679 720 1734 lacum
748 1679 805 1735 vita
827 1693 901 1748 mea,
924 1688 953 1737 et
972 1650 1144 1732 1³vitiorum
1168 1683 1219 1743 εει,
1245 1675 1333 1745 quod,
1357 1675 1433 1744 apud
1455 1674 1516 1742 tob,
1542 1673 1650 1729 clamor
1670 1671 1777 1728 dicitur
1791 1683 1859 1726 exa-

106 1785 119 1809 »
136 1772 297 1831 posuerunt
311 1764 435 1834 lapidem
450 1780 538 1836 super
555 1782 611 1823 me.
628 1790 639 1816 ι
657 1768 689 1822 ln
710 1770 797 1822 locem
809 1771 868 1823 cite
881 1768 952 1824 labi·
1006 1762 1094 1819 cteris
1116 1762 1185 1832 (lob.
1217 1776 1323 1828 xxxix,
1348 1762 1386 1832 7).
1413 1762 1598 1830 Cogitationes
1617 1775 1709 1815 eorum
1733 1773 1767 1814 ea
1787 1765 1859 1814 sunt

105 1854 163 1914 tur,
188 1861 254 1903 cum
280 1849 308 1903 in
335 1849 531 1918 labyrinthum
553 1851 771 1921 inexpedibilem
791 1860 883 1908 status
904 1867 953 1909 no
1006 1865 1073 1921 qute
1087 1850 1191 1907 mentis
1204 1849 1354 1906 obtutibus
1368 1848 1532 1906 omnimoda
1554 1846 1760 1918 imaginatione
1774 1860 1858 1918 eoag-

104 1941 162 1990 ster
186 1936 353 1993 inclinatur.
377 1937 459 2007 Lapis
473 1939 687 2009 superponitur,
703 1954 768 1996 cum
786 1941 953 1997 mentisob·
1007 1946 1117 2010 gerant.
1148 1941 1246 2007 Cogito
1267 1938 1344 1994 enim
1370 1937 1647 2008 irequerttativuma
1671 1951 1745 2005 cogo,
1771 1938 1854 2003 cogis,

104 2023 218 2079 duratio
231 2024 395 2095 cogitationi
409 2025 438 2079 in
455 2025 554 2082 intima
575 2040 675 2083 mersae
694 2028 857 2084 adducitur.
872 2029 952 2086 Unde
1006 2028 1046 2083 nil
1062 2027 1142 2084 aliud
1165 2041 1253 2099 quam
1278 2028 1442 2085 coadunare
1463 2033 1515 2083 est.
1541 2026 1622 2082 Unde
1645 2024 1728 2093 illud,
1746 2046 1757 2074 ι
1775 2039 1855 2096 coge,

106 2110 249 2180 psalmus:
264 2132 278 2164 ι
295 2111 359 2169 Non
383 2114 545 2182 absorbeat,
569 2114 675 2186 inquit,
697 2130 742 2173 mc
763 2116 951 2187 protundum,
1006 2116 1112 2188 inquit,
1130 2116 1284 2173 concilium
1310 2117 1377 2185 (leo.
1399 2130 1459 2185 xvr,
1477 2114 1546 2185 3·)’
1570 2114 1637 2182 Has,
1665 2114 1797 2184 inquam,
1812 2128 1856 2170 oo

103 2204 951 2273 nequeurgeatsupermeputeusossuumlPscl.uxv1u,
1006 2204 1158 2277 gitationes
1184 2204 1261 2260 Deus
1286 2203 1373 2271 videt,
1399 2217 1467 2260 cum
1490 2201 1573 2259 uobis
1596 2200 1746 2258 acuminat
1764 2200 1802 2257 ad
1826 2199 1856 2256 id

105 2288 189 2356 lbi»
222 2287 303 2355 Quod
327 2288 385 2346 illic
410 2303 525 2362 urgere,
552 2291 606 2348 boc
633 2291 680 2348 hic
709 2291 830 2362 lapidem
856 2307 953 2363 super·
1006 2292 1217 2363 providendum
1232 2291 1424 2349 discretiones.

104 2389 218 2447 ponere.
1404 2394 1455 2436 sm.

138 2465 221 2522 viras.
237 2467 281 2521 st.
296 2496 331 2506 -
346 2487 360 2515 «
391 2467 613 2523 inundaverunt
641 2480 725 2538 aquae
749 2483 836 2539 super
865 2477 953 2539 caput
1041 2468 1183 2526 vpasch
1204 2499 1238 2507 -
1258 2490 1268 2518 ‹
1285 2466 1563 2538 audistiopprobrta
1584 2480 1695 2534 eorum,
1724 2465 1852 2529 Domine,

105 2566 238 2609 »meum
256 2553 340 2609 Dixi:
358 2553 440 2611 Perii.
459 2575 470 2603 ι
488 2557 576 2624 aqua
597 2571 678 2626 super
692 2563 775 2627 caput
795 2558 950 2626 inundant,
1007 2571 1137 2613 »omnes
1160 2558 1346 2628 cogitationes
1372 2572 1473 2614 corum
1496 2556 1649 2612 adversum
1677 2568 1763 2610 me.»
1793 2553 1852 2620 Sin,

105 2654 171 2697 eum
206 2641 305 2698 buxus
332 2642 494 2699 carnalium
529 2643 712 2714 voluptatum
749 2644 827 2702 ultra
862 2660 950 2716 quam
1005 2645 1206 2716 dicitureuper
1231 2648 1339 2701 octoas.
1369 2647 1403 2701 Et
1426 2646 1544 2713 morale,
1564 2651 1654 2701 estut
1678 2644 1855 2715 cataplasma

103 2742 184 2785 mens
210 2743 312 2799 capere
335 2731 431 2799 possit,
466 2745 527 2786 sese
547 2731 571 2788 ei
599 2735 795 2790 accumulant.
822 2735 901 2792 Unde
924 2743 952 2791 et
1005 2735 1121 2790 vulneri
1139 2734 1314 2804 imponatur.
1332 2733 1413 2801 Quod
1436 2748 1494 2790 non
1508 2733 1586 2789 aliud
1609 2739 1652 2789 est
1670 2745 1759 2803 quarn
1776 2731 1853 2801 quod

103 2816 219 2886 periisse
248 2817 382 2886 sedicit,
427 2819 498 2889 quia
533 2834 672 2890 quorsum
709 2823 830 2878 evadere
858 2823 952 2879 valeat
1006 2823 1146 2893 sequitur.
1178 2823 1294 2892 Semper
1317 2831 1433 2879 amatur
1456 2823 1485 2878 in
1510 2837 1568 2893 quo
1591 2835 1628 2878 ex
1649 2820 1853 2877 deliberatione

104 2904 203 2960 nescit.
971 2918 1151 3004 Cpeccatur,
1167 2918 1195 2966 et
1213 2910 1277 2966 ideo
1300 2911 1406 2981 probro
1428 2913 1525 2966 miuus
1547 2910 1722 2980 imputatur.
1746 2908 1852 2962 Eorum

493 3009 575 3052 coru.
1004 3012 1074 3069 ergo
1088 2999 1164 3054 Deus
1183 2998 1330 3069 opprobria
1350 2997 1442 3064 audit,
1460 3010 1526 3054 cum
1540 3010 1629 3067 quam
1642 2995 1702 3052 sint
1713 2994 1852 3064 probrosa

138 3080 224 3137 Vsus.
248 3083 290 3135 55.
317 3112 351 3122 -
377 3104 387 3131 ι
413 3084 548 3139 invocavi
573 3099 676 3140 nomen
702 3094 795 3153 tuum,
820 3086 947 3155 Domine,
1004 3095 1030 3142 et
1043 3086 1178 3157 pudenda
1192 3100 1229 3142 ex
1244 3085 1421 3155 plenitudine
1437 3085 1624 3155 poenitudinis
1638 3083 1759 3154 intelligi
1774 3083 1850 3139 lacit.

104 3168 163 3224 »de
176 3169 241 3226 lacu
257 3170 426 3228 novissimo.
447 3190 461 3223 i
483 3173 570 3242 Ceph,
593 3177 720 3252 vocatio.
736 3175 882 3232 vocamur
896 3188 949 3231 au·
1002 3174 1168 3231 Notandum
1187 3174 1289 3244 repetit
1313 3174 1391 3244 quod
1417 3173 1446 3228 in
1468 3171 1610 3243 superiori
1628 3170 1738 3227 dictum
1759 3170 1853 3227 luerat

103 3262 169 3324 tem,
185 3271 252 3313 cum
268 3255 341 3314 inter
360 3259 504 3316 molestias
526 3260 673 3317 interiores
698 3262 731 3316 ad
757 3262 889 3319 divinum
905 3277 948 3319 re·
1004 3277 1099 3327 versu,
1126 3270 1153 3318 et
1179 3261 1297 3318 iorsltau
1320 3276 1378 3318 uon
1406 3262 1458 3318 abs
1490 3260 1642 3317 radices
1676 3261 1852 3326 cogitationes

101 3358 219 3401 currere
233 3346 383 3403 oraculum
408 3348 587 3405 rationaliter
608 3350 806 3406 admonemur.
823 3353 951 3406 laoocori
1002 3351 1252 3406 eorcmoduerscm
1282 3365 1343 3417 nos,
1372 3351 1442 3420 quia
1468 3364 1526 3419 quo
1554 3348 1648 3419 magis
1673 3361 1726 3404 nos
1751 3360 1852 3403 eorum

100 3440 296 3503 concentuum,
320 3435 449 3503 Domim,
467 3451 524 3492 non
549 3446 592 3493 εει
617 3437 695 3493 aliud
721 3452 808 3508 quam
826 3439 866 3495 Dc
881 3453 951 3509 pro·
1004 3440 1150 3509 puduerit,
1164 3447 1262 3509 etque
1278 3440 1370 3510 major
1391 3445 1491 3494 contra
1512 3437 1574 3493 haec
1595 3437 1696 3492 eadem
1720 3435 1776 3492 erit
1798 3449 1853 3490 no·
1888 3446 1896 3467 ’

101 3522 199 3580 tundis
222 3524 344 3581 clamavi
369 3525 406 3580 ad
431 3531 457 3580 te
474 3525 559 3596 (Pscl.
579 3539 680 3593 cxxiv,
707 3526 744 3595 l).
770 3525 851 3593 Quod
871 3528 948 3583 enim
1002 3534 1062 3583 stra
1085 3526 1211 3594 rebellio,
1242 3533 1321 3582 tanto
1359 3526 1483 3582 acriores
1512 3524 1639 3581 assultus
1669 3522 1854 3594 experiemur

101 3613 135 3667 de
148 3613 306 3681 profundis,
323 3613 376 3668 boc
386 3614 421 3669 de
436 3614 495 3668 locu
507 3615 662 3668 novissimo.
1006 3615 1142 3671 internos.

138 3700 276 3758 Vensbd.
293 3731 328 3740 ·-
355 3723 365 3750 ι
392 3701 497 3759 Vocem
521 3715 616 3757 meam
640 3702 813 3769 audistine
836 3711 950 3760 avertas
1038 3704 1124 3761 Vens.
1139 3705 1183 3758 bt.
1205 3734 1240 3743 -
1263 3725 1274 3752 «
1302 3702 1389 3759 habia
1412 3702 1626 3773 insurgentium
1646 3700 1728 3768 mihi,
1744 3708 1772 3756 ει
1795 3713 1852 3755 ιιιε-

101 3808 117 3838 »
133 3802 233 3845 aurem
250 3797 329 3846 tuam
344 3803 362 3845 a
376 3789 506 3860 singultu
523 3804 585 3846 meo
608 3798 636 3847 et
655 3791 838 3848 clamoribus.
860 3791 949 3849 vvox
1006 3791 1186 3847 »ditationes
1200 3805 1300 3847 eorum
1323 3791 1477 3847 adversum
1501 3805 1545 3846 me
1565 3798 1623 3846 tota
1646 3789 1730 3846 die.»
1756 3791 1853 3845 laser-

101 3876 135 3931 (ιε
160 3878 222 3933 lecu
245 3880 392 3932 nouissimo
419 3878 572 3934 clamantis
595 3879 723 3947 auditur,
752 3895 819 3936 eum
835 3881 951 3952 rugitus
1002 3884 1123 3947 centium
1144 3880 1227 3947 labie,
1262 3880 1301 3935 nil
1328 3879 1407 3935 aliud
1435 3886 1503 3935 sunt
1527 3892 1616 3949 quam
1643 3877 1852 3949 emergentium

100 3964 220 4020 interior
230 3965 264 4020 de
276 3969 352 4020 statu
380 3979 451 4034 pene
476 3965 646 4036 desperabili
674 3967 702 4022 in
729 3967 843 4024 divinas
865 3982 949 4025 aures
1002 3968 1221 4039 suggestionum
1246 3981 1378 4023 susurra.
1408 3967 1494 4024 biutae
1512 3967 1588 4023 enim
1610 3965 1782 4023 tentationes
1812 3963 1852 4020 nil

100 4052 272 4108 admittitur.
289 4053 396 4109 Audire
414 4061 511 4110 autem
539 4055 595 4116 Dei,
621 4063 663 4111 est
687 4056 948 4125 concupiscentiam
1003 4055 1082 4111 aliud
1101 4070 1190 4126 quam
1204 4056 1292 4112 verba
1305 4063 1374 4111 suot
1387 4071 1395 4122 3
1407 4069 1483 4126 quae,
1496 4055 1573 4126 quod
1597 4054 1645 4111 alii
1661 4054 1768 4115 verbis,
1787 4054 1852 4123 ipsae

101 4141 221 4211 spiritus
244 4141 383 4198 adversus
407 4157 522 4199 carnem
555 4143 599 4198 vel
623 4143 657 4199 ad
685 4145 827 4201 modicum
852 4146 947 4203 suble·
1003 4143 1161 4214 specierum
1188 4143 1328 4200 lenocinio
1363 4152 1514 4215 peragunt.
1544 4143 1732 4198 meditationes
1762 4157 1852 4197 corum

101 4243 181 4285 vare.
198 4228 347 4300 Singultus
375 4238 427 4298 est,
451 4246 517 4287 com
553 4246 632 4287 mens
660 4232 740 4302 prius
763 4233 873 4289 timoris
894 4250 950 4290 an·
970 4232 1228 4297 bretractationes,
1245 4231 1289 4288 vel
1313 4234 1409 4302 potius
1432 4232 1632 4288 delectationes
1650 4245 1712 4287 esse
1731 4244 1852 4286 noscun-

101 4317 208 4373 xietate
238 4319 389 4388 qtmtitur3
424 4319 535 4376 clamor
570 4334 649 4389 vero,
672 4333 738 4376 cum
769 4320 949 4376 vehementia
1002 4326 1050 4377 tur
1066 4320 1234 4391 imaginum.
1250 4321 1309 4377 Hac
1332 4321 1408 4377 flunt
1428 4327 1485 4376 tota
1507 4321 1561 4388 die,
1585 4318 1790 4390 proculdubio
1809 4332 1852 4374 as

100 4405 219 4463 fervidae
243 4407 472 4477 compunctionis
493 4407 643 4463 attollitur.
663 4408 705 4463 hb
730 4407 775 4463 bis
797 4408 845 4464 Dei
869 4408 950 4465 auris
1002 4409 1093 4464 sidue.
1291 4474 1299 4486 ,

103 4509 161 4551 non
188 4495 338 4562 avertitur,
362 4510 428 4551 cum
463 4495 527 4566 eJus
563 4495 746 4565 aspirationis
773 4496 949 4554 nutrimento
1039 4497 1128 4553 Vnus.
1146 4501 1265 4552 ζει-ι
1291 4497 1448 4554 sessionem
1472 4512 1583 4564 eorum,
1608 4505 1636 4554 et
1662 4495 1852 4553 resurrectio·

102 4591 261 4654 utrumque
274 4583 403 4641 luicitur.
1004 4605 1016 4635 ι
1034 4599 1099 4641 nem
1112 4599 1213 4642 eorum
1224 4586 1299 4653 vide,
1316 4595 1369 4657 ego
1384 4601 1449 4642 sum
1463 4588 1591 4657 psalmus
1601 4599 1713 4641 eorum.
1729 4604 1744 4636 ι
1762 4581 1852 4640 Sessio

138 4670 359 4727 Vnus.57.-·
387 4671 635 4742 appropinquasti
663 4671 690 4726 in
710 4671 949 4743 diequandoiu-
1001 4688 1093 4728 eorum
1114 4681 1156 4729 est
1179 4688 1216 4729 ex
1236 4673 1375 4731 diabolica
1410 4673 1565 4730 calliditate
1586 4673 1723 4729 vitiorum
1756 4673 1852 4729 iueata

105 4781 115 4808 ι
134 4760 287 4816 vocavite.
313 4759 435 4816 Dixisti:
456 4760 497 4817 Ne
513 4761 654 4816 timeas.»
679 4761 759 4825 Quod
778 4768 821 4816 est
835 4762 946 4819 dicere:
1002 4761 1120 4832 quietio.
1146 4763 1189 4817 hd
1214 4770 1327 4833 tempus
1344 4763 1421 4818 enim
1446 4776 1464 4818 a
1485 4762 1640 4819 tentatione
1661 4761 1793 4832 quiescit,
1822 4767 1853 4816 ιιι

102 4848 174 4906 Cum
194 4847 275 4905 lacus
296 4848 366 4904 mibi
393 4850 612 4916 tenebrasceret,
638 4856 670 4904 tu
692 4849 766 4906 diem
788 4849 892 4906 interni
908 4849 951 4906 lu·
1002 4863 1039 4905 ex
1057 4850 1200 4920 insperato
1237 4858 1397 4921 prosternat
1424 4851 1501 4921 quod
1536 4863 1637 4906 secure
1679 4849 1852 4920 aliquandiu

102 4936 190 4993 minis
214 4944 263 4993 tua
295 4936 511 5007 propinquitate
533 4937 655 5005 donasti,
682 4952 734 4994 nec
766 4938 882 4995 dixisti:
908 4937 950 4996 Ne
1003 4939 1134 4997 victitare
1165 4939 1302 5010 permisit.
1343 4940 1430 4996 Porro
1463 4945 1537 4994 m
1571 4937 1713 4995 surrectio
1741 4952 1852 5002 eorum,

103 5024 218 5092 clames,
235 5024 284 5082 sed
309 5025 421 5095 potius:
438 5025 478 5082 Ne
498 5028 603 5092 timeas,
619 5034 651 5083 ut
667 5026 744 5097 quod
763 5027 863 5083 timore
885 5041 951 5083 con·
1002 5028 1142 5084 mentium
1159 5028 1310 5097 repentina
1326 5027 1464 5099 pervasio.
1481 5028 1563 5084 lianc
1587 5027 1712 5097 petimus
1730 5033 1763 5082 ut
1778 5026 1854 5083 Deus

103 5112 222 5181 ceperis,
236 5127 333 5169 amore
346 5112 494 5169 exhibeas.
1003 5116 1107 5183 videat,
1129 5117 1290 5173 discernere
1320 5116 1450 5173 videlicet
1465 5130 1517 5172 uos
1546 5116 1642 5185 iaciat,
1671 5123 1704 5173 ut
1732 5115 1803 5173 dum
1825 5115 1853 5171 in

497 5216 558 5259 nes.
1002 5202 1102 5274 aliqua
1131 5204 1328 5275 perlunctoria
1357 5219 1426 5275 pace
1460 5205 1600 5275 sopimur,
1636 5217 1791 5275 nunquam
1818 5202 1853 5259 ad

140 5288 362 5347 vaisse-1
380 5290 529 5359 iudicasti,
554 5291 683 5359 Domine,
703 5304 821 5347 causam
846 5291 949 5348 animae
1002 5293 1133 5350 subitum
1160 5293 1221 5349 elisi
1260 5293 1432 5364 praecipitari
1475 5294 1627 5364 possimus.
1663 5293 1794 5363 Denique
1823 5291 1854 5347 llt

87 5390 215 5445 ¹·meae,
243 5377 415 5449 Redemptor
435 5378 501 5436 vitae
533 5394 643 5436 mese.»
668 5379 732 5447 Res,
758 5379 864 5435 dicitur
884 5382 949 5449 ρει·-
1000 5382 1125 5452 psalmes
1154 5396 1256 5450 eorum,
1280 5396 1347 5438 cum
1370 5382 1489 5439 intentio
1510 5380 1704 5454 suggestionis
1726 5380 1854 5451 pascitur

104 5464 274 5522 motasNec
298 5465 327 5522 id
341 5465 459 5540 injuria.
477 5468 541 5525 Post
568 5468 698 5524 divinam
725 5467 801 5524 enim
827 5468 949 5526 exaudi·
1001 5483 1040 5527 ex
1053 5469 1153 5540 inepta
1175 5469 1376 5526 retractatione
1400 5469 1532 5527 cordium
1555 5476 1743 5529 tentatorum.
1772 5468 1853 5524 Psot-
