3818 6008
81 270 134 322 769
632 267 740 325 desta
761 268 817 357 llEl
837 267 906 325 vell
927 268 1216 327 redditos-tlh.
1237 270 1280 326 Vl.
1778 282 1830 334 tid

79 399 263 464 conveniant,
288 396 592 454 utaChristianorum
623 397 724 454 linium
741 399 927 469 occupatione
945 398 1076 455 hlentiae
1109 407 1136 455 et
1170 399 1370 470 amplitudinis
1405 400 1539 458 dabimus
1578 411 1695 468 terram,
1723 406 1830 478 hisque

80 485 229 555 desistant,
254 499 307 542 nec
334 485 440 541 Christi
469 485 563 542 lacere
591 500 689 542 servos
709 493 850 555 extorres,
877 494 929 543 aut
981 488 1104 544 castellis
1127 501 1161 543 ac
1184 488 1305 545 urbibus
1328 490 1454 559 gratuito
1468 490 1618 562 dilargitis,
1636 494 1732 550 nullos
1754 495 1829 566 ipso·

79 573 223 631 mortibus
251 574 383 631 addicere
397 573 496 641 velint,
522 575 570 630 sed
594 589 632 643 se,
661 574 853 631 suocontenti
870 584 929 631 ter·
982 587 1049 631 rum
1077 576 1219 645 patiemur
1238 576 1354 647 pedites,
1380 579 1428 634 sed
1454 580 1627 650 generaliter
1648 592 1768 640 cunctos
1788 584 1829 640 in·

79 664 168 730 mino,
184 662 238 719 sub
257 662 373 732 propria
388 662 504 733 regione
528 664 704 718 contineant.
722 662 819 718 hccito
839 663 929 733 igitur
983 665 1135 721 stituemus
1163 666 1286 735 equites,
1314 673 1341 721 et
1358 665 1407 722 uhi
1423 666 1497 723 ritus
1517 669 1624 738 pariter
1639 669 1831 729 indifferentes

79 751 128 807 illo
150 751 243 818 Petro,
266 751 356 820 hujus
377 752 472 820 operis
499 749 589 806 initiis
611 764 669 807 non
690 750 836 822 incognito
864 764 929 807 cre·
983 751 1164 819 habebimus,
1184 754 1219 809 de
1241 761 1343 811 mutua
1360 755 1467 823 pariter
1491 757 1668 822 amicitiast
1683 757 1830 830 contigui-

79 839 159 906 mita,
184 847 212 895 et
236 838 365 895 adhibito
393 838 432 893 illi
452 839 578 908 quodam
604 838 753 906 llerluino,
776 839 930 909 utriusque
982 847 1040 895 tate
1054 841 1255 911 gaudebimus.
1276 841 1357 909 Quod
1370 843 1394 898 si
1416 845 1591 915 aproposita
1607 845 1831 904 deliberaverint

79 925 189 997 linguae
204 927 295 997 perito
315 927 479 996 interprete,
491 926 599 996 pariter
610 927 710 983 ambos
722 927 760 983 ad
775 926 929 996 prolanum
982 927 1144 984 exorbitare
1167 929 1319 996 sententia,
1351 930 1488 998 incident,
1511 932 1573 988 sinc
1602 933 1702 1001 dubio,
1730 933 1830 991 inviam

78 1015 240 1085 principem
259 1015 399 1086 dirigunt,
420 1016 520 1084 eisque
544 1015 694 1071 materiam
718 1015 858 1071 sermonis
880 1016 929 1070 im·
982 1015 1068 1072 citius
1082 1014 1181 1072 mortis
1191 1016 1291 1084 exitia,
1306 1025 1357 1074 aut
1367 1027 1481 1075 aeternae
1495 1020 1637 1077 subibunt
1656 1021 1831 1092 captivitatis

79 1109 202 1172 ponunt.
224 1102 278 1170 Qui
313 1117 381 1159 cunr
406 1103 442 1159 ad
463 1103 578 1174 gentilis
602 1103 679 1160 illius
707 1104 929 1161 tabernaculum
981 1103 1093 1171 exsilia,
1116 1105 1253 1160 servituri
1273 1106 1374 1175 utique
1393 1114 1452 1162 tam
1474 1107 1660 1179 nobisquam
1673 1109 1830 1179 posteritati

77 1190 272 1259 devenissent,
302 1199 330 1248 ct
360 1192 477 1248 admissi
510 1192 653 1248 horrendo
677 1193 810 1249 diabolici
837 1193 929 1249 homi·
982 1198 1088 1247 nostrae
1103 1205 1152 1261 per
1165 1193 1279 1249 saecula.
1308 1193 1465 1261 «Dixerat,
1485 1209 1517 1250 ac
1547 1195 1676 1253 celeriter
1688 1196 1831 1270 legatione

79 1279 126 1335 nis
140 1280 306 1351 conspectui
327 1279 492 1348 astitissent,
514 1280 604 1351 hujus
626 1280 701 1337 modi
728 1281 801 1338 serie
814 1294 929 1352 perora·
983 1292 1106 1346 reversa,
1131 1279 1240 1336 militia
1259 1279 1428 1337 Christianae
1449 1282 1573 1340 ducibus
1592 1284 1739 1341 notificata
1761 1292 1831 1342 sunt

81 1374 161 1423 runt.
982 1380 1089 1423 omma.

116 1453 175 1528 [ll]
207 1474 221 1506 a
248 1455 408 1512 Plurimum
442 1455 606 1526 principum
637 1465 801 1513 nostmrum
824 1459 930 1515 animis
1320 1456 1436 1512 CAPUT
1456 1457 1491 1513 11.

77 1543 254 1600 miraculum
264 1543 394 1600 intulisse
404 1543 541 1600 noveritis
556 1546 632 1614 quod
644 1552 750 1600 terram
761 1545 871 1602 nomini
881 1560 931 1603 an·
1022 1540 1089 1615 [tvl
1103 1543 1150 1598 ‚ad
1164 1547 1251 1599 deum
1260 1543 1321 1616 piis
1332 1545 1477 1602 exercitiis
1485 1547 1654 1620 confugiunt
1661 1547 1828 1605 christiani.

78 1632 204 1702 tiqnitus
216 1631 388 1699 Christiano,
405 1632 497 1688 solida
516 1632 655 1700 libertate,
669 1647 836 1703 possessam,
858 1635 928 1692 adeo
983 1659 1017 1669 -
1033 1630 1183 1686 1111111118
1199 1631 1306 1701 itaque,
1323 1632 1352 1686 111
1372 1642 1451 1688 arcto
1469 1634 1624 1690 ³d¹¹¹0d11¹11
1646 1637 1828 1704 110111ῑί11111,

78 1719 272 1777 irreverenter
292 1729 320 1777 et
334 1720 464 1790 improbe
481 1721 599 1777 introire
622 1736 656 1776 ac
673 1735 815 1792 usurpare
832 1737 928 1793 coepo-
948 1692 1053 1774 Bdum
1080 1718 1163 1775 istinc
1198 1719 1309 1775 crudeli
1336 1730 1493 1777 vexaretur
1528 1723 1632 1791 inedia,
1661 1724 1741 1780 illinc
1766 1724 1830 1781 dira

75 1807 150 1862 ritis.
164 1807 237 1865 cum
262 1807 340 1864 enim
369 1808 488 1865 indubie
513 1808 664 1874 sciveritis,
688 1823 725 1866 ex
750 1818 927 1880 nostrarum,
983 1806 1145 1878 gentilium,
1163 1807 1215 1878 qui
1235 1822 1266 1863 se
1288 1822 1407 1878 prorsus
1422 1809 1595 1875 ambierant,
1614 1811 1764 1868 tormidine
1783 1812 1830 1869 ro·

77 1908 155 1965 quas
177 1895 309 1963 audistis,
343 1895 511 1952 assiduitate
531 1904 631 1952 contra
647 1910 699 1952 vos
726 1897 926 1961 victoriarum,
981 1896 1108 1962 deretur,
1120 1895 1234 1951 tandem
1250 1896 1286 1951 ad
1301 1895 1401 1952 divina
1415 1912 1474 1953 sese
1488 1898 1619 1954 subsidia
1633 1899 1827 1969 retundentes,

77 1982 184 2040 Christi
200 1982 367 2040 nullatenus
381 1984 534 2040 descivisse
555 1985 721 2054 potentiam,
745 1993 929 2055 vestramque
978 1983 1091 2053 Jejnnia
1106 1983 1243 2039 triduana
1253 1983 1382 2040 Podiensi
1403 1986 1556 2055 magnifico
1578 1988 1741 2045 institutore
1755 2002 1828 2045 con-

77 2071 222 2128 adversus
235 2073 329 2142 ipsum
344 2073 456 2142 experti
470 2073 531 2129 sitis
546 2087 650 2143 parum
662 2087 743 2143 posse
758 2073 926 2138 valentiam,
982 2070 1136 2127 celebrant.
1163 2070 1292 2127 litanias
1318 2073 1463 2141 supplices
1487 2073 1524 2129 ab
1545 2073 1663 2130 ecclesia
1687 2075 1716 2131 in
1736 2076 1828 2132 eccle-

75 2158 160 2216 nullo
180 2161 262 2216 modo
279 2161 515 2231 aestimantquod
542 2161 624 2217 toties
642 2161 715 2217 bello
741 2160 825 2230 pulsi,
852 2174 927 2230 prae·
981 2159 1052 2214 siam
1077 2159 1232 2229 explicant,
1265 2160 1441 2216 conlessione
1461 2169 1641 2230 peccatorum
1667 2163 1781 2219 sincera
1797 2176 1827 2220 se

76 2248 170 2304 liandi
186 2257 286 2305 contra
301 2250 391 2306 Deum
408 2249 538 2305 audeatis
556 2248 675 2305 ulterius
691 2251 794 2305 iterare
809 2249 928 2305 demen—
981 2246 1134 2314 mundant,
1151 2254 1178 2303 et
1199 2247 1353 2317 episcopali
1376 2249 1421 2303 vel
1438 2249 1604 2305 sacerdotali
1620 2258 1829 2321 consequenter

78 2337 159 2393 tiam.
182 2337 263 2394 Unde
284 2336 344 2408 jam
363 2338 541 2394 unanimiter
562 2337 741 2393 arbitramur
762 2337 839 2407 quod
855 2350 928 2407 pru·
981 2334 1161 2391 absolutione
1190 2345 1355 2405 promerita,
1386 2337 1513 2406 corporis
1533 2351 1567 2392 ac
1591 2339 1744 2408 sanguinis
1771 2340 1826 2396 Do-

77 2424 176 2480 dentia
198 2432 294 2481 vestra
319 2439 377 2480 non
402 2425 439 2481 oh
462 2425 541 2481 aliud
571 2425 723 2495 hucusque
749 2423 927 2489 convenerit,
982 2422 1053 2478 mini
1078 2430 1256 2478 sacramento
1273 2423 1359 2492 plena
1378 2422 1433 2479 lide
1455 2425 1681 2492 communicant,
1704 2426 1828 2483 eleemo-

77 2511 136 2568 nisi
163 2519 196 2568 nt
221 2525 273 2582 per
299 2511 488 2579 Christianos,
518 2511 570 2581 qui
591 2511 742 2567 nobiscum
773 2519 928 2567 versantur
981 2522 1077 2578 synas,
1113 2517 1198 2579 prout
1233 2518 1332 2581 potest,
1362 2511 1487 2581 quisque
1525 2512 1657 2583 largitur,
1686 2513 1827 2571 sacrificia

78 2599 238 2669 pontilices,
260 2599 325 2655 fidei
343 2607 449 2655 nostre
470 2598 603 2670 dogmate
626 2598 716 2654 imbui
736 2598 833 2668 possit.
855 2598 927 2655 Pro-
982 2595 1090 2666 ubique
1109 2596 1208 2652 divina
1223 2611 1274 2668 pro
1288 2612 1318 2654 se
1338 2597 1432 2655 ollerri
1450 2606 1582 2655 exorant.
1600 2600 1730 2671 Denique
1744 2615 1828 2658 snm-

77 2687 126 2743 cul
141 2687 229 2742 dubio
243 2700 371 2757 uanique
392 2687 509 2754 scimus,
532 2688 603 2757 quia
623 2699 811 2756 nequaquam
828 2686 863 2742 de
876 2702 926 2743 ve·
981 2691 1030 2753 pta
1050 2685 1111 2754 jam
1132 2698 1168 2740 cx
1193 2685 1238 2742 his
1252 2690 1416 2753 securitate,
1440 2686 1474 2743 de
1498 2687 1572 2744 hello
1598 2689 1779 2759 proponitur,
1792 2703 1827 2746 ac

79 2781 139 2829 stra
158 2773 250 2830 salute
272 2774 392 2841 curatis,
416 2773 465 2830 sed
489 2771 549 2846 lul..
574 2774 612 2841 si}
632 2780 732 2830 contra
753 2773 924 2831 catholicam
981 2771 1056 2827 intra
1070 2773 1216 2829 civitatem
1230 2788 1299 2830 sena
1315 2774 1388 2831 illico
1400 2777 1475 2831 acies
1488 2775 1648 2834 ordinatur.

77 2860 276 2917 credulitatem
304 2860 379 2917 bella
402 2859 525 2918 tentatis.
559 2860 685 2916 Petimus
708 2875 777 2932 ergo
809 2863 925 2930 pariter,
1016 2857 1073 2932 [1.]
1102 2860 1280 2916 Ordinantar
1295 2862 1372 2917 acies
1396 2862 1435 2917 od
1460 2880 1598 2936 pugnem.
1616 2896 1650 2905 -
1674 2866 1706 2920 ln
1735 2866 1829 2936 prima

76 2956 181 3005 vestrae
207 2949 389 3005 consulentes
413 2949 578 3016 inscientia,
606 2949 691 3005 utab
715 2949 925 3020 hacpraesum-
945 2979 965 3036 C
982 2951 1042 3005 acie
1076 2949 1106 3006 in
1135 2950 1180 3006 his
1199 2951 1341 3021 videlicet,
1378 2952 1429 3022 qui
1460 2954 1566 3022 primas
1593 2954 1670 3010 vires
1694 2955 1828 3026 ictusque

77 3036 176 3107 ptione
198 3035 313 3091 cessetis
335 3037 457 3093 scientes
481 3040 551 3107 quia
570 3036 672 3093 heatus
694 3036 795 3093 Petrus
810 3047 926 3107 aposto-
980 3037 1140 3093 Turcorum
1154 3039 1329 3108 exciperent,
1354 3040 1462 3097 exstitit
1485 3042 1579 3113 llugo,
1598 3042 1685 3113 juxta
1711 3043 1756 3098 sui
1773 3057 1828 3099 no-

77 3124 373 3195 lusDeopraebcntc,
388 3139 452 3181 eam
475 3125 529 3181 sibi
543 3133 669 3198 arrogat,
692 3127 776 3196 cuins
800 3127 926 3197 primum
980 3123 1064 3180 minis
1089 3124 1256 3194 qualitatem
1290 3139 1356 3181 vere
1389 3141 1523 3198 magnus,
1554 3128 1693 3199 adjuncto
1726 3129 1827 3186 manui

78 3213 197 3269 minime
219 3214 375 3269 antistitem
395 3227 424 3269 se
445 3215 568 3284 ignorat,
586 3222 615 3270 et
634 3229 722 3285 quam
738 3223 845 3283 nostro,
863 3215 927 3273 licet
979 3212 1042 3282 ejus
1065 3213 1199 3269 universo
1226 3214 1400 3270 Francorum
1415 3216 1541 3286 agmine,
1553 3225 1581 3272 et
1594 3226 1697 3286 praeter
1710 3221 1828 3275 ceteros

77 3308 272 3373 peccatorum,
295 3302 398 3369 cilicio,
428 3303 576 3359 restituere
593 3304 629 3359 ad
652 3303 699 3359 Dei
721 3303 843 3371 cultum,
867 3318 927 3375 qua
980 3301 1150 3357 Flandrensi
1165 3302 1277 3358 comite.
1293 3303 1399 3358 hudivi
1414 3304 1448 3359 de
1461 3305 1516 3360 hoc
1531 3306 1591 3375 ipso
1607 3306 1685 3376 regio
1700 3306 1827 3374 homine,

78 3388 159 3444 illam
189 3388 303 3456 imbuit,
340 3392 503 3461 cogitath
534 3391 713 3460 principibus
731 3392 816 3446 ctiam
845 3392 928 3447 vohis
980 3389 1059 3458 quia,
1092 3397 1248 3459 antequam
1275 3390 1310 3445 de
1340 3392 1437 3461 praelio
1463 3400 1607 3464 ageretur,
1637 3408 1709 3451 suus
1735 3395 1828 3451 eidem

76 3476 280 3544 substantiam,
310 3492 399 3548 quam
428 3478 580 3542 detulistis,
613 3479 779 3534 universam
809 3478 925 3547 referre,
980 3474 1169 3544 dispensator,
1192 3491 1251 3531 ¹1⁰ss
1274 3490 1363 3546 111110
1389 3481 1479 3548 1111111)
1506 3481 1605 3550 pedem
1623 3483 1724 3538 11111111
1751 3495 1828 3539 eme·

75 3577 193 3621 summa
216 3565 386 3622 liberalitate
409 3566 591 3635 conceditur3
616 3580 669 3622 nec
689 3567 714 3621 si
738 3565 855 3637 pacidce
879 3581 927 3624 re·
980 3570 1035 3629 rat,
1061 3562 1233 3633 1111111111
1258 3565 1829 3640 111111118θὶ11118111111111111111111111

75 3653 195 3716 cedatis,
216 3652 323 3724 aliquis
343 3663 508 3712 nostrorum
534 3655 616 3711 vobis
640 3655 785 3712 lesionem
799 3655 927 3725 quamli-
980 3663 1037 3704 non
1067 3658 1207 3720 potuerat.
1231 3651 1320 3719 Quem
1340 3653 1516 3710 dominicum
1546 3655 1691 3712 hominem
1717 3657 1828 3714 victua·

75 3741 125 3796 bet
137 3740 279 3797 molietur.
298 3763 309 3790 ι
979 3736 1051 3793 lium
1074 3737 1225 3795 insolentia
1244 3739 1316 3796 adeo
1335 3748 1544 3799 extenuaverat
1571 3751 1603 3799 ut
1627 3745 1678 3802 vix
1697 3745 1828 3814 equitare

110 3831 147 3884 At
179 3827 330 3885 curbaran
355 3829 500 3886 dictorum
518 3830 595 3887 Petri
620 3829 834 3903 magnificentia
849 3844 927 3901 prae-
980 3825 1132 3894 1111111111,
1160 3831 1762 3902 (1111111111111111111111111111111111111111
1787 3832 1825 3890 111

75 3915 241 3973 cordialiter
268 3916 363 3985 laesus,
390 3918 452 3987 jam
481 3919 654 3986 Turdorum,
689 3918 741 3990 qui
764 3919 925 3987 astiterant,
981 3912 1055 3970 bella
1078 3915 1251 3984 procederet,
1272 3916 1321 3972 sed
1343 3917 1387 3973 vel
1414 3931 1479 3973 cum
1504 3918 1612 3975 castelli
1628 3919 1827 3977 obsessoribus
1894 3951 1899 3959 ·

74 4003 123 4060 bis
138 4004 255 4072 auditis,
271 4005 436 4063 immaniter
449 4006 600 4062 ferociente
615 4006 761 4076 snperbia,
778 4006 839 4063 ait:
980 4002 1009 4058 in
1032 4002 1105 4058 urhe
1123 4012 1275 4060 maneret:
1302 4025 1317 4053 κ
1335 4003 1429 4071 Absit,
1454 4006 1549 4077 inquit
1577 4007 1721 4074 alacriter,
1741 4007 1826 4079 plane

112 4089 186 4164 [111]
209 4113 221 4142 ι
245 4094 372 4160 Terram,
398 4106 487 4164 quam
509 4093 603 4150 dicitis
623 4101 725 4150 restrae
751 4093 927 4165 abantiquo
980 4090 1095 4159 radam,
1120 4099 1148 4148 et
1163 4092 1276 4148 utinam
1296 4107 1364 4150 cum
1377 4094 1526 4152 morituris
1552 4095 1655 4152 lunera
1670 4096 1728 4153 illic
1744 4096 1828 4155 beata

76 4180 286 4237 Christianitati
313 4182 454 4237 exstitisse
469 4181 641 4251 subjectam,
664 4190 803 4250 nostram,
829 4182 927 4239 nobis·
980 4180 1160 4250 contingam!
1182 4202 1196 4230 »

75 4283 135 4339 que
149 4269 313 4326 omnimodo
331 4271 396 4340 jure
411 4269 536 4326 debitam
553 4270 749 4341 prohabimus,
767 4269 965 4342 praesertimll
1014 4268 1091 4338 [vt]
1116 4267 1203 4324 Porro
1226 4268 1257 4324 in
1280 4270 1406 4327 secunda
1430 4269 1501 4337 acie,
1517 4272 1578 4329 dux
1599 4274 1725 4331 eximius
1738 4274 1828 4332 Goda-

75 4370 144 4413 cum
159 4370 221 4413 eam
236 4357 355 4426 nationi,
372 4361 422 4414 vix
444 4358 564 4414 laminas
578 4359 778 4428 aequiparanti,
804 4359 926 4414 mirifica
978 4354 1071 4412 iridus
1106 4360 1182 4411 m
1208 4370 1275 4413 cum
1304 4371 1357 4413 suo
1383 4357 1494 4415 locatur
1530 4362 1668 4418 exercitu.
1702 4362 1826 4419 Tertiam

74 4444 184 4501 virtute
209 4444 369 4501 tulerimus.
398 4446 486 4502 Porro
511 4447 619 4516 ingenti
639 4447 813 4516 desipientia
832 4447 925 4517 depu-
978 4442 1243 4500 Northmannorum
1271 4460 1366 4502 comes
1389 4446 1531 4505 llohertus
1558 4462 1624 4505 cum
1652 4463 1705 4506 suo
1733 4463 1826 4507 cunco

75 4540 175 4589 tantm
188 4533 335 4603 quodvos,
350 4535 530 4590 venientesa
559 4534 665 4592 linibus
679 4544 762 4592 terrae
781 4537 925 4606 supremis
978 4530 1051 4587 tecit.
1074 4531 1190 4599 Quartae
1214 4533 1329 4603 praefuit
1355 4535 1400 4592 vir
1413 4536 1577 4606 spectabilis
1598 4536 1744 4592 Podiensis
1769 4538 1828 4608 epi-

75 4620 112 4677 de
138 4621 245 4676 nostris
278 4635 331 4678 nos
355 4622 515 4686 minamini,
541 4623 598 4679 imo
627 4631 686 4679 tota
710 4624 818 4680 virium
842 4624 925 4681 colla-
978 4633 1075 4689 ccpus,
1104 4620 1198 4676 ierens
1224 4635 1322 4678 mum
1344 4621 1472 4680 lanceam
1497 4638 1563 4694 qua
1590 4637 1690 4680 recens
1709 4624 1828 4684 inventa

76 4714 156 4765 tione
181 4709 324 4765 conamini
341 4709 509 4779 propulsare
524 4710 650 4780 sedibus,
667 4725 732 4768 cum
748 4712 829 4768 vohis
842 4712 878 4768 ad
895 4712 924 4770 id
977 4704 1072 4763 iuerat
1095 4705 1260 4763 salvatoris.
1287 4709 1353 4766 Haec
1375 4710 1501 4767 constitit
1530 4724 1568 4766 0¹
1600 4724 1653 4768 suo
1677 4713 1768 4782 ipsius
1798 4720 1828 4771 et

73 4795 250 4867 explendum
273 4805 429 4868 suppetant
451 4813 507 4854 non
524 4813 601 4868 opes,
617 4814 675 4855 non
689 4814 780 4868 arma,
792 4815 851 4856 non
867 4815 924 4858 nu·
977 4795 1132 4850 hermundi
1156 4794 1250 4852 Sancti
1279 4797 1381 4868 digidii
1410 4798 1521 4854 comitis
1545 4799 1694 4856 comitatu.
1730 4801 1828 4872 lpsius

75 4897 185 4941 meros.
201 4883 401 4943 Christianum
424 4900 492 4942 vero
519 4900 636 4953 nomen,
665 4902 723 4943 non
749 4889 834 4945 modo
866 4902 924 4945 non
977 4891 1074 4939 antem
1092 4883 1128 4938 ad
1151 4885 1382 4956 expugnandum
1400 4893 1537 4953 castrum,
1569 4900 1604 4943 ne
1628 4887 1658 4943 in
1679 4888 1825 4946 civitatem

73 4971 247 5042 excipimus,
285 4973 332 5029 sed
362 4973 568 5044 abruptissima
603 4975 781 5045 despectione
814 4977 923 5046 respui·
977 4972 1112 5042 oppidani
1155 4972 1314 5041 desilirent,
1343 4976 1494 5044 praesentia
1531 4975 1639 5032 desedit
1679 4977 1708 5033 in
1743 4978 1823 5034 urhe.

73 5059 258 5126 mus.Et,ut
281 5074 395 5133 eaquae
415 5061 552 5117 intulistis
577 5062 656 5118 brevi
682 5062 814 5120 clausula
837 5064 923 5120 linia-
979 5060 1010 5115 ln
1034 5061 1138 5131 quinta
1171 5062 1232 5117 acie
1254 5061 1308 5117 luit
1340 5061 1505 5118 Tancredus
1533 5077 1600 5118 cum
1626 5078 1679 5120 suo
1699 5064 1824 5135 agmine.

73 5161 152 5212 mus,
167 5149 283 5219 vosqui
306 5149 448 5221 legatione
471 5149 639 5221 lungimini,
664 5151 700 5206 ad
718 5159 828 5208 vestros
842 5154 923 5222 prin·
978 5149 1010 5205 ln
1034 5156 1126 5217 sexta,
1156 5151 1340 5207 boemundus
1361 5164 1428 5206 cum
1455 5159 1684 5221 suapostremns
1708 5152 1826 5209 incessit

73 5235 153 5305 cipes
181 5237 262 5293 ocius
294 5237 489 5309 revertimini;
529 5238 630 5309 eisquc
658 5239 764 5295 dicite:
802 5239 876 5306 Quia
899 5240 923 5297 si
977 5237 1088 5294 militia.

74 5330 183 5380 nostrae
210 5325 367 5382 conditioni
395 5326 455 5383 lieri
491 5326 655 5383 desiderant
691 5327 865 5395 consimiles,
896 5334 923 5384 et
1015 5329 1096 5404 11111]
1113 5331 1282 5388 Precedant
1301 5332 1358 5388 ciri
1376 5329 1563 5388 ecclesiastici
1588 5332 1681 5390 sacris
1703 5333 1826 5391 vestilia

73 5411 224 5469 Christum
246 5413 436 5480 didicerimus
463 5414 599 5471 videntur
621 5414 755 5482 acclines,
783 5429 837 5473 nos
864 5430 923 5474 non
976 5417 1080 5475 induli.
1104 5423 1199 5477 -111
1227 5421 1362 5493 episcopi,
1388 5421 1555 5492 presbyteri,
1581 5421 1687 5492 clerici,
1712 5435 1747 5479 ac
1765 5438 1825 5481 mo·

74 5499 153 5556 hanc
165 5500 207 5556 eis
224 5508 340 5558 tantum
366 5501 557 5572 provinciam,
581 5503 630 5560 scd
658 5512 687 5561 et
713 5504 832 5578 majoris
852 5518 923 5575 opu·
978 5507 1073 5575 nachi,
1089 5508 1288 5567 ecclesiasticis
1302 5510 1399 5566 ornati
1419 5508 1558 5579 induviis,
1578 5510 1733 5582 praemissis
1748 5511 1825 5582 pari·
