3818 6008
65 247 128 299 litat

685 247 795 303 bottul
815 247 844 302 L.
863 245 1033 302 D’ACHERY
1055 247 1165 302 durh).

1739 255 1807 312 1038

60 373 204 430 Paschalis
227 374 420 430 Romanorum
448 375 625 443 pontificum,
647 377 700 432 sub
731 377 762 433 B.
788 376 859 432 Petri
883 383 949 432 eth
998 374 1042 447 (ΙΙ)
1072 376 1138 432 Car.
1173 377 1221 443 ΙΙΙ,
1250 376 1264 448 5
1291 392 1329 433 ιιι.
1353 406 1389 419 -
1416 379 1491 433 Dum
1514 395 1580 435 ossa
1599 381 1733 454 vulgario
1753 400 1808 456 pro

60 470 157 517 nostra
184 462 356 531 protectione
384 463 568 531 suscipimus,
596 471 623 519 et
647 473 798 533 praesentes
823 464 908 533 privi-

59 551 132 623 legio
152 553 373 607 communimus.
396 551 550 620 imprimis,
574 572 584 599 ·
605 559 658 608 etc.
681 553 787 608 Deinde
808 553 906 608 multis

60 640 238 710 interjectis:
259 639 432 694 «Sententia
448 654 566 710 quoque
586 640 660 696 inter
679 655 728 696 vos
746 649 773 697 et
790 640 906 696 hmhia-

60 742 178 784 nensem
212 728 369 783 Ecclesiam
409 742 496 797 snper
527 727 709 798 impositione
733 729 845 785 abbatis
877 730 906 784 in

59 817 226 873 cathedram
258 816 402 872 electionis
432 824 569 886 tempore,
598 825 625 873 et
648 817 683 872 de
705 831 777 873 cura
799 816 907 872 anima-

60 921 137 974 rum,
160 919 271 961 necnon
296 913 324 960 et
342 904 377 960 de
401 905 480 961 omni
503 906 570 975 jure
590 906 747 975 parochiali
771 907 857 962 castri
878 905 905 962 S.

58 995 193 1057 valerici,
219 993 337 1049 anobis
364 993 469 1049 auditis
495 994 562 1049 hinc
590 994 655 1049 inde
679 995 839 1051 rationibus
862 994 907 1050 al-

58 1082 309 1153 legationibusque
334 1090 361 1138 et
388 1082 552 1152 iuratorum
577 1082 690 1139 testium
716 1082 907 1153 dispositioni-

57 1171 308 1227 busdecommuni
318 1172 441 1227 tratrum
453 1178 614 1232 nostrorum
626 1171 817 1237 consiliolata‚
830 1171 906 1227 unde

57 1274 111 1316 vos
125 1259 310 1324 absolvimus,
339 1266 366 1315 et
386 1259 570 1316 ambianensi
587 1259 720 1315 Ecclesiae
735 1267 906 1330 perpetuum

56 1347 203 1404 silentium
235 1347 433 1417 imposuimus.
464 1347 551 1404 Vobis
580 1355 605 1404 et
634 1347 766 1403 Ecclesiae
792 1356 904 1411 vestrae,

57 1437 135 1491 siout
154 1437 183 1490 in
205 1435 427 1504 scripto'nostro
450 1435 554 1491 exinde
577 1437 649 1490 lacto
672 1435 800 1491 noscitur
820 1434 907 1490 conti-

960 467 1127 519 sanclorum
1141 465 1309 535 pignoribus
1324 466 1514 522 oenttndorrdo
1525 468 1706 540 dispertiunt.
1723 472 1808 529 Noles

961 554 1045 608 velim
1072 554 1243 624 sacrilegum
1270 555 1321 610 hoc
1343 569 1404 611 aevo
1428 556 1462 612 de
1487 557 1577 612 sacris
1600 557 1646 613 SS.
1677 560 1808 632 reliquiis

961 641 1124 697 venditione
1146 656 1240 697 usum.
1266 642 1345 698 Unde
1369 657 1421 699 nec
1446 643 1552 700 mirum
1575 647 1599 700 si
1621 657 1723 704 auctor
1749 649 1808 718 ipse

962 735 1018 783 tam
1039 729 1142 784 acriter
1168 730 1288 799 eosqui
1315 729 1456 799 ejusmodi
1482 732 1613 800 pestifero
1636 735 1806 792 commercio

961 815 1167 872 incumbebant
1194 817 1388 887 insequatur:
1422 820 1539 888 proinde
1574 823 1673 878 merito
1703 823 1804 880 concil.

962 903 1128 960 pictavense
1143 919 1172 971 ιι,
1188 918 1222 959 ea
1239 913 1404 975 tempestato
1420 914 1528 973 actum,
1545 922 1620 964 anno
1642 911 1719 978 ΙΙΟΙ,
1740 924 1804 982 cap.

962 994 994 1045 la
1015 992 1143 1047 statuit«
1169 993 1203 1048 Ut
1223 1002 1388 1050 sanctorum
1410 995 1548 1066 reliquias
1568 1011 1656 1053 causa
1676 999 1805 1068 pecunia

959 1086 987 1134 et
1008 1087 1137 1149 quaestus
1164 1079 1405 1150 circumferentes,
1432 1084 1467 1139 ad
1490 1084 1721 1154 predicationem
1746 1101 1804 1142 non

960 1167 1189 1224 admittantur.»
1217 1169 1252 1224 Et
1280 1184 1342 1240 cap.
1376 1174 1444 1227 Cum
1473 1188 1507 1226 ec
1534 1188 1577 1241 eo,
1609 1175 1648 1229 De
1669 1174 1751 1246 reliq.
1777 1181 1805 1230 et

960 1263 1087 1310 venerat.
1113 1264 1301 1313 sanctorum:
1329 1279 1343 1306 «
1368 1260 1440 1314 Cum
1461 1274 1498 1315 err
1526 1262 1658 1331 eoquod
1686 1261 1805 1332 quidam

960 1350 1126 1398 sanctorum
1151 1340 1289 1414 reliquias
1309 1356 1459 1415 exponunt
1479 1347 1603 1415 venales,
1624 1357 1651 1404 et
1671 1363 1718 1404 eas
1743 1362 1806 1419 pas

959 1432 1012 1486 sim
1035 1431 1199 1500 ostendunt,
1224 1433 1393 1488 Christianae
1420 1434 1551 1506 religioni
1579 1437 1738 1493 detractum
1769 1439 1805 1494 sit

57 1535 137 1588 nere,
152 1520 321 1576 auctoritate
335 1519 488 1589 apostolica
503 1520 718 1584 contirmamus,
736 1527 815 1576 sete.
960 1518 1081 1588 saepius;
1109 1534 1144 1576 ne
1175 1520 1363 1590 imposterum
1389 1522 1568 1591 detrahatur,
1597 1527 1729 1594 praesenti
1756 1525 1804 1582 de·

96 1608 248 1679 Privilegia
261 1615 289 1663 et
309 1608 503 1664 immunitates
524 1607 812 1667 Sanvaliericensium
833 1624 906 1665 com·
960 1614 1037 1661 creto
1060 1609 1215 1664 statuimus
1236 1616 1268 1665 ut
1294 1609 1422 1678 antiquae
1446 1609 1575 1681 reliquia
1601 1612 1702 1668 amodo
1723 1621 1806 1668 extra

58 1698 220 1767 probarunt
247 1696 352 1752 summi
381 1696 478 1766 pontit.
505 1696 688 1752 innocentius
720 1697 768 1762 ΙΙΙ,
796 1695 904 1767 Grego·
925 1670 1075 1764 Bcapsam
1095 1696 1261 1752 nullatenus
1284 1696 1482 1765 ostendantur,
1502 1704 1530 1753 et
1551 1707 1735 1768 exponantur
1756 1714 1806 1757 ve-

57 1786 122 1841 rius
136 1785 186 1851 IX,
204 1784 304 1850 etalii,
322 1799 395 1854 quos
416 1798 562 1839 recensere
585 1799 642 1839 non
664 1785 747 1840 modo
767 1785 906 1854 prolixior
960 1782 1049 1850 nates,
1065 1801 1079 1834 ι
1095 1792 1149 1839 etc.

57 1874 220 1944 descriptio,
249 1875 295 1928 sed
324 1880 352 1928 et
386 1872 482 1928 lectori
514 1873 660 1928 onerosior
687 1873 829 1940 evaderet,
859 1872 906 1928 tle-
996 1873 1041 1940 (¹⁸)
1058 1872 1124 1927 Car.
1140 1871 1188 1939 ΙΙΙ,
1203 1873 1217 1939 §
1235 1886 1253 1926 ι.
1271 1874 1482 1945 -Ncoquom
1503 1873 1606 1946 deplere
1628 1891 1673 1929 me
1687 1875 1807 1930 memini

58 1969 162 2032 rotque
188 1961 311 2016 fastidio.
340 1960 440 2029 ltaque
465 1961 499 2015 de
525 1960 569 2016 his
596 1961 645 2028 ita,
679 1968 709 2017 ut
736 1961 787 2031 qui
814 1960 905 2017 sancti
959 1959 1038 2030 qood
1063 1958 1165 2014 localis
1189 1959 1286 2014 aureis
1311 1977 1362 2014 seo
1388 1965 1533 2033 argenteis
1559 1977 1708 2018 marmora
1731 1980 1807 2035 pura

57 2050 179 2106 valerici
206 2048 362 2119 privilegiis
386 2049 524 2118 derogare
551 2048 671 2116 (Nicolai
701 2056 813 2104 tantum
842 2047 905 2104 tulli
959 2049 1115 2101 mutarent.
1132 2046 1200 2113 Quae
1220 2048 1274 2103 hac
1290 2048 1318 2103 in
1340 2062 1370 2103 re
1389 2049 1515 2106 Guiberti
1541 2064 1622 2105 mens
1642 2051 1727 2107 tuerit
1747 2065 1806 2107 non

57 2137 235 2207 narratione)
264 2145 291 2192 et
321 2136 401 2193 toties
432 2136 575 2192 oblatrare
604 2150 638 2192 ac
665 2136 717 2191 sibi
747 2143 906 2206 temperare
960 2134 1051 2190 haheo
1075 2143 1265 2204 perspectum,
1291 2150 1390 2191 vorum
1409 2135 1433 2191 si
1460 2137 1640 2208 conjecturas
1663 2151 1806 2208 exponere

57 2234 218 2296 nequeunt.
241 2224 345 2280 Saltem
367 2239 397 2280 se
425 2225 452 2278 in
477 2224 586 2285 lumino
611 2225 715 2293 positos
738 2238 795 2281 non
824 2238 906 2294 posse
959 2219 1051 2287 liceat,
1082 2221 1189 2291 duplici
1219 2222 1253 2278 de
1279 2237 1367 2278 causa
1399 2224 1532 2293 capsulas
1569 2239 1673 2281 aureas
1701 2239 1805 2297 argen-

57 2315 157 2370 videre
181 2313 360 2380 erubescant,
375 2313 412 2382 let
435 2312 477 2367 vel
504 2312 605 2367 amodo
625 2313 762 2368 claudant
785 2326 845 2379 ora,
871 2325 907 2367 no
962 2315 1053 2364 teasve
1080 2309 1242 2379 improbare
1271 2311 1404 2367 videtur:
1435 2312 1480 2367 vel
1512 2312 1589 2369 euim
1613 2314 1684 2384 quia
1709 2316 1805 2370 statim

58 2411 170 2459 rectum
186 2415 346 2471 verumque
359 2400 525 2458 amantibus
538 2401 691 2470 opprobrio
708 2401 786 2456 hant.
961 2405 1049 2466 atque
1064 2412 1100 2452 er
1118 2398 1171 2453 hac
1190 2399 1349 2454 colluvione
1373 2401 1400 2455 in
1425 2400 1528 2457 coelum
1548 2401 1736 2458 discesserant
1753 2416 1807 2458 suo

97 2487 145 2558 (¹³)
167 2487 232 2545 Car.
260 2488 305 2552 lli,
326 2488 339 2553 ἓ
363 2501 453 2541 m.-
479 2489 571 2540 Tanta
591 2484 807 2542 indissimiliter
826 2486 907 2549 secla
962 2492 1087 2555 tempore
1124 2487 1162 2556 pii
1192 2487 1259 2553 viri,
1296 2487 1424 2557 ipsorum
1455 2502 1575 2558 corpora
1610 2489 1639 2544 in
1668 2489 1807 2561 sepulcris

57 2576 164 2647 ubique
183 2574 239 2631 toci
257 2573 399 2629 memorie
417 2590 486 2629 mea
508 2573 675 2643 subjiciunt.
697 2574 838 2630 Fraudem
853 2574 906 2628 im·
962 2575 1058 2629 aureis
1073 2581 1110 2630 et.
1125 2576 1267 2644 argenteis
1287 2576 1534 2645 recondebantur;
1560 2577 1636 2647 quod
1658 2591 1805 2648 nusquam

59 2666 137 2735 piam
167 2664 311 2724 Adelberti
338 2662 422 2718 dellct
454 2670 572 2718 sanctus
599 2660 762 2717 bonifacius
791 2661 909 2732 llognn·
962 2661 992 2715 in
1012 2660 1138 2716 Ecclesia
1160 2670 1316 2731 receptum,
1336 2683 1345 2711 ι
1363 2662 1434 2718 Cum
1454 2663 1502 2717 [tei
1528 2663 1616 2720 liilius
1639 2678 1708 2720 saxo
1731 2663 1808 2720 vilis·

59 2754 187 2810 tinorum
208 2750 389 2822 archiepisc,
420 2750 501 2820 epist.
526 2749 587 2817 135,
611 2751 646 2805 ad
669 2749 836 2805 Zachariam
864 2763 909 2817 pa.
962 2749 1033 2804 simo
1058 2749 1234 2817 obstruatur,
1265 2750 1317 2806 tert
1340 2759 1450 2807 auctor.
1474 2750 1526 2818 Qui
1550 2758 1577 2807 et
1601 2752 1726 2822 idipsum
1748 2765 1807 2807 uon

59 2858 148 2913 pam:
182 2844 241 2897 «ln
272 2842 408 2912 primaeva
434 2847 517 2895 aetate
543 2837 693 2909 hypocrita
720 2838 783 2905 luit,
812 2839 908 2894 dicens
963 2837 1001 2893 ita
1014 2837 1135 2893 obscure
1150 2838 1256 2893 indicat
1276 2838 1320 2893 his
1339 2838 1573 2905 verbis:‹Qnae
1596 2840 1645 2895 liei
1659 2839 1805 2896 aemulatio

58 2929 138 2999 quod
174 2929 228 2985 sibi
264 2928 385 2999 angelus
415 2926 537 2990 Domini,
583 2927 612 2981 in
651 2926 744 2996 specie
772 2925 906 2992 hominis,
926 2934 1013 3017 cest,
1033 2935 1099 2994 etc,
1126 2935 1221 2981 nostro
1244 2935 1367 2996 tempore
1390 2935 1608 2990 commentetur,
1631 2927 1708 2998 quod
1733 2926 1805 2984 nulli

58 3018 182 3087 reliquia
205 3016 353 3082 attulisset,
378 3022 406 3070 et
427 3014 530 3071 exinde
555 3013 691 3085 potuisset
709 3014 806 3069 omnia
828 3027 909 3084 quae-
960 3028 1112 3084 nunquam
1128 3013 1269 3085 religioni,
1287 3014 1373 3071 nullis
1385 3028 1509 3086 usquam
1525 3016 1632 3071 divitiis
1645 3015 1808 3072 exhibitum

58 3120 176 3178 cunque
199 3112 323 3177 posceret
348 3118 365 3160 a
386 3105 443 3159 Deo
467 3104 630 3173 impetrare.
648 3104 682 3158 Et
700 3111 769 3158 tunc
790 3102 907 3158 demum
962 3114 979 3155 a
1006 3100 1110 3156 saeculo
1137 3102 1337 3171 comperimus.
1368 3124 1379 3150 ι
1412 3103 1457 3158 Vel
1485 3103 1522 3158 ob
1548 3117 1715 3172 perversum
1745 3110 1805 3159 tum

58 3207 111 3262 per
149 3193 225 3249 illam
256 3190 479 3257 simulationem,
511 3192 585 3247 sicut
622 3190 767 3260 apostolus
801 3189 908 3245 Paulus
960 3189 1112 3258 probatum
1132 3189 1276 3260 plerisque
1299 3205 1417 3258 morem,
1439 3199 1467 3246 et
1486 3198 1640 3262 quaestum.
1661 3190 1806 3259 Quosltei

59 3281 203 3351 praedixit,
228 3279 387 3350 penetravit
412 3279 572 3335 multorum
597 3278 706 3344 domos,
729 3285 756 3333 et
781 3276 909 3346 captivas
960 3278 1018 3333 nelo
1034 3291 1171 3334 accensus
1189 3293 1313 3349 magnus
1332 3278 1496 3335 Bernardns
1515 3293 1603 3350 quam
1625 3280 1807 3336 vehementer

61 3371 146 3426 duxit
177 3376 237 3440 post
270 3381 301 3424 se
334 3366 528 3435 mulierculas,
561 3373 694 3422 oneratas
718 3367 847 3435 peccatis,
881 3372 909 3421 et
961 3365 1106 3436 obiurgat,
1137 3365 1268 3437 apologia
1294 3367 1330 3422 ad
1359 3366 1543 3422 Guilielmum
1573 3365 1715 3434 abbatem,
1752 3364 1806 3423 sub

22 3454 31 3464 '
61 3458 274 3515 multitudinem
291 3457 474 3524 rusticorum,
495 3455 651 3511 dicentium
671 3453 748 3524 qnod
766 3454 826 3522 lpse
837 3457 910 3508 esset
963 3453 1048 3509 finem
1066 3468 1072 3506 :
1090 3473 1104 3501 α
1121 3454 1156 3509 ΙΙΙ
1178 3462 1209 3509 ut
1232 3461 1328 3523 aperte
1343 3453 1455 3524 loquar,
1481 3467 1518 3508 an
1541 3454 1594 3509 hoc
1624 3461 1716 3509 totum
1742 3453 1809 3513 tacit

62 3547 109 3601 vir
119 3543 279 3614 apostolica
298 3542 467 3605 sanctitatis,
483 3550 510 3597 et
525 3543 608 3613 signa
628 3549 656 3597 et
675 3540 803 3611 prodigia
818 3539 910 3595 multa
963 3540 1095 3607 avaritia,
1113 3547 1235 3610 quaeest
1251 3540 1392 3596 idolorum
1413 3542 1546 3607 servitus,
1566 3548 1593 3597 et
1615 3555 1672 3597 non
1689 3543 1809 3612 requiri-

63 3632 184 3689 tecisset.
207 3653 218 3679 ι
242 3632 276 3686 Et
294 3631 379 3700 paulo
399 3636 460 3699 post
478 3644 483 3683 :
503 3649 514 3677 «
540 3626 668 3699 lingulas
690 3640 768 3693 suas,
784 3634 811 3682 et
826 3625 910 3696 capii·
964 3643 1030 3684 mus
1045 3629 1180 3695 tractum,
1197 3629 1244 3684 sed
1260 3629 1381 3684 datum?
1396 3627 1423 3683 Si
1436 3627 1543 3698 quaeris
1554 3629 1709 3701 quomodo,
1724 3630 1807 3699 miro,

63 3722 105 3778 los
128 3734 196 3778 suos
216 3719 292 3776 dedit
313 3718 348 3774 ad
375 3717 585 3782 honorandum,
602 3722 629 3771 et
649 3715 822 3785 portandum
836 3714 908 3783 tcum
963 3716 1094 3787 inquam,
1121 3716 1213 3771 modo.
1238 3715 1298 3770 Tali
1315 3716 1442 3785 quadam
1461 3723 1521 3772 arte
1544 3717 1690 3787 spargitur
1714 3733 1753 3774 aes
1775 3726 1809 3777 ut

63 3810 194 3881 reliquiis
223 3809 249 3864 S.
288 3807 361 3864 Petri
399 3805 537 3877 principis
574 3803 778 3873 apostolorum,
810 3823 820 3851 ι
854 3808 907 3857 etc.
963 3804 1178 3875 multiplicetur,
1205 3803 1378 3873 expenditur
1403 3811 1434 3860 ut
1470 3812 1622 3875 augeatur,
1652 3812 1679 3861 et
1706 3805 1808 3863 effusio

63 3899 178 3969 Legeris
202 3905 231 3953 et
255 3897 316 3952 bac
339 3896 412 3950 inter
432 3892 551 3950 concilia
576 3891 630 3947 sub
652 3891 750 3947 eodem
771 3890 910 3946 Zacharia
962 3892 1074 3963 copiam
1089 3892 1171 3962 parit.
1193 3892 1258 3962 lpso
1278 3892 1386 3962 quippe
1401 3892 1467 3947 visu
1486 3899 1733 3962 sumptuosarum,
1759 3894 1808 3951 sed

63 3986 216 4043 celebrata.
237 3983 359 4054 Magnus
375 3983 460 4037 etiam
483 3980 638 4052 Gregorius
651 3978 794 4035 Bonilacio
815 3978 911 4034 senior
964 3980 1164 4037 mirandarum
1182 3981 1344 4036 vanitatum
1359 3980 1558 4036 accenduntur
1574 3980 1704 4037 homines
1718 3983 1810 4054 magis

63 4075 115 4132 lib.
142 4088 182 4138 m,
211 4073 293 4143 epist.
321 4074 365 4130 30,
395 4069 429 4125 de
456 4068 561 4126 Graecis
587 4081 684 4138 agens,
714 4067 766 4138 qui
791 4080 911 4136 corpora
964 4068 999 4123 ad
1018 4066 1196 4124 offerendum
1222 4080 1310 4135 quam
1335 4066 1370 4120 ad
1403 4066 1594 4122 adorandum.
1624 4067 1704 4123 Auro
1730 4069 1810 4127 tectis

64 4169 246 4220 mortuorum
275 4159 304 4214 in
332 4171 433 4227 campo
453 4155 579 4226 jacentia
601 4153 783 4218 effodiebant,
808 4168 910 4209 recon·
966 4155 1096 4226 reliquiis
1127 4155 1299 4226 saginantur
1324 4153 1409 4221 oculi,
1447 4162 1473 4210 et
1510 4153 1595 4210 loculi
1626 4154 1808 4225 aperiuntur.

63 4251 284 4321 debentquez·
318 4247 452 4314 Quicum
478 4244 659 4314 deprehensi,
691 4250 823 4299 »narrat
852 4242 908 4308 ille,
928 4231 1133 4301 Dostenditur
1147 4243 1342 4313 pulcherrima
1362 4242 1455 4298 torma
1474 4242 1564 4298 sancti
1589 4242 1633 4299 vel
1653 4251 1810 4311 sanctae,et

66 4362 80 4390 «
97 4347 125 4397 ot
150 4353 204 4395 cur
223 4338 276 4393 hoc
303 4336 438 4402 iacerent,
462 4333 614 4403 diligenter
637 4332 757 4389 luissent
778 4331 909 4398 discussi,
964 4347 999 4389 eo
1022 4333 1149 4389 creditur
1172 4331 1308 4399 sanctior,
1337 4345 1397 4402 quo
1419 4329 1578 4386 coloratior.
1606 4331 1734 4387 Currant
1756 4331 1811 4388 ho-

64 4427 186 4485 contessi
214 4432 283 4483 suut
311 4425 388 4495 quod
419 4423 467 4479 iila
495 4435 560 4478 ossa
588 4421 624 4476 ad
651 4420 791 4479 Graeciam
817 4422 912 4475 essent
966 4420 1105 4477 minesae
1123 4419 1324 4487 osculandum,
1342 4419 1504 4475 invitantur
1527 4418 1562 4473 ad
1578 4418 1767 4486 adorandum,
1784 4426 1812 4475 et

64 4525 206 4585 tanquam
226 4520 390 4570 sanctorum
413 4510 550 4581 reliquias
566 4508 723 4579 portaturil
741 4528 756 4559 s
772 4507 912 4562 Praetereo
965 4509 1058 4579 magis
1085 4507 1228 4563 mirantur
1240 4507 1361 4576 pulchra
1379 4520 1466 4577 quarn
1488 4513 1665 4561 venerantur
1686 4518 1777 4562 sacra.
1796 4527 1811 4554 ι»

64 4604 208 4661 netarium
233 4601 385 4673 quemdam
404 4599 598 4669 impostorem,
617 4597 703 4667 cujus
719 4595 912 4650 exsecrandas
966 4595 1010 4650 Ab
1053 4595 1107 4650 hoc
1149 4594 1262 4650 doctore
1294 4593 1485 4658 sanctissimo,
1514 4592 1649 4661 Alvarus,
1683 4607 1716 4648 eo
1746 4592 1812 4650 licet

64 4689 310 4764 pseudomartyris
336 4689 407 4744 lusti
436 4686 626 4757 reliquiarum
654 4684 809 4750 nundinas,
835 4681 913 4738 testis
966 4680 1083 4737 interior
1105 4681 1205 4747 multo,
1223 4681 1339 4737 minime
1367 4682 1507 4751 discrepat
1529 4679 1578 4735 lib.
1595 4693 1614 4733 ιι
1637 4680 1677 4735 De
1695 4679 1812 4750 planctu

65 4781 209 4848 oculatus,
253 4776 392 4849 graphica
430 4772 618 4842 descriptione
659 4769 776 4842 sugillat
810 4770 914 4827 Glaber
966 4768 1098 4825 Ecclesiae
1124 4782 1187 4839 cap.
1216 4771 1249 4823 76
1277 4791 1288 4817 ·
1320 4768 1400 4826 blulti
1428 4773 1503 4823 528
1534 4767 1663 4823 homines
1690 4769 1813 4826 veniunt

65 4867 238 4937 hadulphus
260 4865 309 4922 lib.
335 4879 371 4933 rr,
396 4877 457 4933 cap.
476 4865 491 4917 3
513 4875 548 4915 ει
570 4858 650 4927 Quod
674 4859 796 4929 peccatis
820 4858 912 4915 homi·
966 4857 1001 4914 ad
1023 4856 1170 4913 ecclesiam
1199 4858 1290 4928 magis
1319 4864 1351 4914 ut
1377 4855 1554 4913 delectentur
1578 4863 1605 4911 et
1630 4856 1813 4913 admirentur

65 4971 137 5014 num
165 4954 357 5027 exigentibus,
388 4953 507 5008 Domino
533 4949 757 5020 permittente,a
786 4960 913 5018 nequam
965 4945 1088 5016 pulchra
1112 4944 1233 5001 adiuoia
1258 4952 1285 5000 et
1313 4943 1461 5016 imagines,
1489 4957 1577 5014 quarn
1608 4950 1640 5000 ut
1665 4944 1813 5014 corrigant

65 5043 216 5115 spiritibus
243 5041 399 5113 aliquando
424 5039 494 5094 hant
518 5036 667 5092 miracula.
690 5056 704 5085 a
730 5034 851 5091 Abunde
878 5033 912 5090 ad
967 5032 1045 5088 vitia.
1071 5033 1182 5089 Aurum
1208 5032 1294 5089 trahit
1318 5046 1433 5099 aurum,
1460 5031 1566 5102 politus
1590 5031 1677 5101 lapsis
1704 5031 1813 5101 lapides

67 5136 148 5191 hunc
169 5133 285 5188 modum
304 5129 438 5199 exempla
455 5125 619 5196 suppeditat
642 5122 796 5181 bichardus
818 5128 915 5177 noster
968 5121 1104 5192 pretiosos
1128 5121 1224 5177 trahit.
1255 5120 1345 5191 blagis
1367 5118 1486 5176 oilertur
1513 5119 1644 5190 reliquiis
1666 5120 1814 5178 deauratis

69 5223 101 5278 in
128 5236 191 5292 cap.
223 5217 401 5277 aconoord.
426 5229 486 5285 reg.
512 5227 577 5284 pag.
608 5215 668 5279 tab,
697 5223 784 5281 quem
811 5209 868 5277 adi,
890 5209 914 5266 si
968 5209 1316 5281 qnampannosis,·etc.

10 5362 12 5380 2
68 5310 158 5377 lubet,
182 5323 234 5365 nec
256 5321 315 5364 non
334 5302 486 5364 amulonis
512 5299 603 5371 Lugd.
622 5298 748 5368 archiep.
772 5295 853 5368 epist.
878 5296 915 5353 ad
1005 5298 1057 5353 llic
1077 5297 1258 5367 perversitas,
1284 5310 1342 5352 non
1366 5294 1465 5365 pietas,
1490 5295 1655 5352 damnatur.
1677 5295 1815 5368 Alioquin

68 5397 223 5455 Theobaid.
248 5397 369 5467 lingon,
398 5391 521 5461 episcop.
547 5402 564 5444 a
592 5385 756 5445 cameratio
783 5382 915 5442 trecensi
968 5384 1090 5442 inliciari
1119 5391 1210 5455 potest
1238 5398 1330 5452 nemo,
1360 5382 1442 5441 cultu
1466 5383 1563 5440 divino
1595 5384 1734 5456 impulsos
1764 5386 1819 5459 qui

10 5478 14 5557 j
69 5487 209 5547 canonico
218 5486 325 5543 editam
341 5483 420 5537 4633.
969 5475 1087 5545 primas,
1118 5481 1177 5530 turn
1205 5473 1453 5541 sanctiticatam
1480 5472 1620 5544 dignitato
1648 5481 1819 5549 tenuerunt,
