3818 6008
109 223 178 280 1143
621 225 669 279 ΑΙ)
689 227 766 282 ΟΡΡ.
786 226 867 282 vett.
887 225 1051 282 detestati
1071 228 1116 284 bc
1135 229 1335 286 notificato
1801 231 1862 286 titt

107 357 293 417 Nicasianum
318 359 438 430 septimo
462 358 645 430 Septembris,
668 359 719 430 qui
732 358 957 416 ¹anniversarius
975 361 998 415 1
1047 359 1195 430 «Signum
1211 359 1332 440 Pbilippi
1347 360 1424 432 regis
1441 361 1628 418 Francorum.
1652 360 1783 433 Signum
1797 361 1860 418 Ger-

104 448 169 505 dies
183 448 247 519 ejus
261 448 355 505 obitus
369 448 533 504 solemniter
548 448 719 504 celebratur.
1009 447 1081 501 vasii
1103 447 1319 519 archiepiscopi.
1351 447 1378 504 S.
1412 448 1546 505 adelardi
1578 448 1777 505 Suessionum
1808 449 1860 519 epi·

144 537 256 603 Quanta
279 551 344 592 vero
364 535 554 607 praecelluerit
576 535 715 606 dignitate
736 544 817 592 vetus
839 535 956 592 basilica
1009 535 1095 605 scopi.
1123 536 1141 591 S
1172 536 1309 592 Ermendi
1340 536 1548 593 laudunensis.
1578 536 1606 593 S.
1633 537 1745 608 Rogeri
1782 535 1861 592 Cata-

107 624 268 692 loviniana,
285 639 393 694 enque
412 632 577 681 sanctorum
600 632 762 694 martyrum
788 625 957 695 pignoribus
1009 623 1089 680 laun.
1113 623 1140 680 S.
1157 623 1290 680 Balduiui
1314 624 1480 682 Noviomen.
1498 625 1525 682 S.
1549 626 1685 682 widonis
1712 623 1860 680 Belvacen.

108 713 281 783 locupletata
312 719 376 781 est,
410 713 482 770 satis
507 727 653 784 superque
676 713 783 769 indicat
805 713 955 778 Flodoard,
1009 713 1036 770 S.
1052 713 1174 769 Leiberti
1189 713 1368 769 Comenses
1396 714 1508 770 walteri
1522 714 1644 773 1111111.

107 814 170 870 cap.
197 804 240 869 17,
256 801 305 857 111.
327 815 345 870 r,
372 801 428 856 imo
462 803 624 871 promiscue
650 801 732 857 titulo
772 801 908 872 Agricolae
929 809 957 858 et
1046 800 1862 859 «Actumliemisanuola.·arnalionismillesimosexa·

106 888 211 946 Nicasii
238 888 430 946 colebatura
466 889 606 956 iidelibus,
641 896 669 945 et
693 889 816 946 abbatim
841 890 957 946 nomine
1009 893 1116 964 gesimo
1131 899 1221 959 sexto,
1247 891 1372 961 Philippi
1398 891 1474 962 regis
1496 892 1628 961 septimo,
1653 890 1794 947 Gervasii
1816 903 1863 945 ar-

108 976 253 1048 gaudebat
268 978 369 1048 primis
385 978 429 1033 liis
444 976 566 1042 saeculis,
585 978 718 1047 quamvis
732 978 759 1033 in
772 991 807 1033 ea
820 992 876 1034 non
893 993 955 1034 mo·
1009 980 1181 1050 cbiepiscopi
1204 993 1291 1048 nono,
1326 980 1355 1035 in
1377 979 1494 1036 ecclesia
1525 989 1699 1036 sauctorum
1726 978 1864 1050 Agricola

107 1064 205 1132 naebi,
222 1065 271 1121 sed
288 1065 388 1122 iratres
403 1065 496 1122 clerici
514 1065 613 1122 divina
637 1065 731 1121 cilicia
755 1066 955 1135 persolverent,
1008 1074 1036 1124 et
1049 1068 1154 1125 Nicasii
1170 1076 1341 1138 martyrum,
1358 1084 1386 1124 rv
1402 1069 1464 1124 lial.
1480 1067 1620 1126 Octobris.

108 1161 142 1209 ut
164 1168 199 1210 ex
219 1153 341 1223 Philippi
361 1153 446 1224 primi
468 1154 643 1210 Francorum
662 1154 739 1224 regis
752 1154 914 1223 diplomate,
929 1163 956 1211 et
1045 1178 1060 1204 «
1074 1156 1234 1213 Balduinus
1247 1155 1437 1212 cancellarius
1451 1157 1485 1212 11
1502 1155 1593 1212 vicem
1614 1154 1754 1213 Gervasii
1772 1154 1866 1210 arebl-

107 1255 145 1297 ex
157 1255 218 1311 cap.
237 1245 253 1296 8
275 1241 426 1298 Flodoardi
444 1242 560 1298 abunde
580 1241 752 1311 colligimus.
774 1241 826 1297 Sed
849 1256 956 1313 qoam·
1009 1245 1133 1316 episcopi
1148 1245 1326 1313 subscripsit.
1345 1266 1360 1294 »

109 1328 153 1385 111
176 1331 292 1397 111111,
320 1337 352 1385 11
378 1344 440 1386 sors
464 1337 506 1386 est
530 1343 626 1385 rerum
655 1330 861 1395 humanarum,
886 1330 957 1386 lorte
1045 1335 1088 1390 Ex
1104 1334 1193 1389 veteri
1215 1333 1302 1389 etiam
1318 1331 1516 1402 manuscripto
1537 1330 1684 1387 discimus
1711 1331 1866 1387 1111111111-

108 1416 277 1473 1111111111
312 1417 433 1479 incuria,
479 1417 646 1482 decreverit,
681 1431 732 1487 per
763 1418 957 1489 septingentos
1009 1436 1089 1477 mum
1118 1420 1286 1477 Gcrvasium
1315 1414 1572 1490 archiepiscopum,
1604 1427 1759 1476 recentem
1798 1433 1816 1475 a
1843 1435 1867 1476 se

109 1512 311 1562 tamenannos
331 1520 422 1574 usque
443 1504 479 1559 ad
500 1505 794 1574 1111111111111111
814 1513 956 1574 superstes
1009 1509 1178 1565 aeditlcatam
1204 1507 1364 1571 ecelesiam,
1397 1520 1484 1577 qnam
1517 1507 1773 1578 nuperreliquiis
1799 1507 1865 1563 beati

108 1595 222 1650 mansit.
247 1595 284 1650 At
298 1593 353 1649 sub
369 1593 491 1649 ilenrico
507 1593 678 1663 primosum
699 1594 956 1650 reverendissimus
1009 1597 1115 1654 Nicasii
1138 1597 1175 1652 ab
1202 1596 1274 1652 1111
1297 1596 1468 1651 lomacensi
1494 1595 1671 1665 postliminio
1708 1597 1864 1666 reportatis

109 1683 226 1738 antistes
247 1682 409 1745 Gcrvasius,
435 1695 472 1736 ex
494 1681 658 1752 episcopatu
690 1682 897 1738 cenomanensi
918 1683 954 1738 ad
975 1655 1161 1751 Bditaverat,
1187 1696 1369 1740 consecrasse
1392 1683 1494 1754 quinto
1518 1683 1581 1740 Kal.
1606 1685 1758 1752 Octobris,
1783 1684 1864 1739 acin
1903 1714 1905 1719 -

110 1770 204 1825 sedem
231 1771 399 1826 Remensem
424 1770 539 1839 speciali
564 1770 744 1840 providentia
763 1771 812 1826 Dei
840 1777 957 1827 evectus
1009 1788 1043 1831 ea
1066 1785 1171 1829 novam
1197 1772 1342 1829 abbatiam
1377 1773 1582 1829 monachorum
1607 1773 1863 1829 benedictinorum
1903 1754 1905 1813 !

108 1864 158 1926 est·
183 1858 253 1913 adeo
279 1865 341 1913 erat
364 1864 505 1913 vetustate
525 1857 622 1913 attrita
645 1866 673 1913 et
697 1858 835 1914 imbribus
859 1858 957 1915 delor—
1010 1862 1176 1928 instituisse,
1196 1875 1286 1932 quam
1305 1861 1409 1931 amplis
1431 1859 1672 1930 possessionibus,
1689 1866 1720 1916 et
1738 1861 1861 1916 innume

109 1953 197 2011 mata,
215 1953 247 2001 ut
267 1954 339 2002 tecta
362 1960 396 2001 ac
417 1946 538 2016 parietes
557 1946 687 2016 undique
706 1955 883 2013 corruerent,
904 1963 954 2003 ve·
1011 1950 1150 2008 rabilibus
1172 1949 1288 2017 divitiis,
1314 1948 1445 2021 quandiu
1460 1949 1543 2016 vixit,
1563 1948 1681 2005 studuit
1716 1961 1860 2011 exornare,

110 2033 161 2090 teri
176 2033 323 2103 maiestate
339 2047 456 2104 prorsus
469 2033 620 2101 exstincta,
637 2048 696 2102 quo
711 2033 741 2089 11
757 2041 788 2089 11
804 2034 958 2104 praedictus
1011 2040 1060 2096 sed
1081 2039 1153 2094 illios
1177 2038 1306 2108 proprios
1328 2051 1386 2092 nou
1407 2036 1560 2093 habentem
1585 2035 1744 2092 extraneis
1768 2048 1859 2105 procu·

108 2121 611 2179 111111111116111111111111111
629 2121 774 2193 magnifici
799 2124 893 2193 operis
915 2121 956 2178 la·
1011 2127 1157 2184 ratoribus
1179 2126 1332 2197 utriusque
1362 2124 1536 2181 conditionis
1559 2124 1718 2180 monacbis
1745 2122 1860 2192 compul

108 2207 956 2280 11111,11111111111111111111111,111111111111
1011 2230 1075 2271 sum
1102 2213 1189 2271 luisse
1214 2213 1401 2280 committere,
1431 2209 1755 2275 111011111111111
1781 2209 1859 2278 liquet

108 2296 221 2352 111111
247 2296 480 2354 alundamentis
501 2297 674 2364 instaurare,
694 2298 770 2368 quod
795 2306 822 2353 et
843 2298 958 2370 egregie
1011 2301 1191 2371 Gervasium,
1209 2301 1322 2357 nullum
1345 2299 1477 2355 abbatem
1493 2312 1604 2355 creasse
1619 2298 1780 2368 (quamvis
1793 2297 1859 2367 regio

108 2385 240 2455 praestitit
260 2398 380 2442 assensu
405 2385 594 2456 potentissimi
620 2387 694 2457 regis
718 2385 834 2441 ilenrici
861 2387 957 2456 primi,
1012 2391 1164 2460 diplomate
1188 2390 1258 2460 quid
1284 2388 1413 2445 tacturus
1436 2394 1519 2454 esset,
1544 2387 1566 2442 si
1590 2386 1643 2442 diu
1661 2385 1819 2443 mansisset
1838 2386 1859 2439 in

107 2481 289 2531 aecouatum
316 2475 379 2544 ejus
403 2473 491 2545 regali
522 2473 738 2545 magnificentia
773 2482 958 2545 promovente
1011 2478 1095 2545 vivis,
1122 2477 1275 2547 releratur)
1298 2474 1347 2531 sed
1371 2488 1474 2530 nomen
1506 2474 1621 2530 abbatis
1641 2473 1702 2530 sibi
1729 2482 1862 2544 tanquam

109 2561 240 2632 Philippo
260 2561 363 2631 primo,
384 2563 559 2618 Francorum
584 2575 660 2632 rege,
684 2561 773 2633 buius
797 2561 960 2632 diplomatis
1012 2566 1159 2624 11111111
1184 2578 1341 2621 reservasse
1361 2563 1505 2634 (externos
1529 2570 1739 2633 procuratores
1763 2562 1819 2619 sub
1840 2575 1864 2616 sc

110 2649 257 2720 praecipua
272 2649 362 2705 verba
376 2649 421 2706 bic
434 2649 609 2721 praefigenda
623 2657 700 2705 sunt.
1012 2653 1219 2716 constituendo,
1241 2659 1274 2708 ut
1294 2650 1391 2709 tenelli
1413 2649 1491 2707 illius
1514 2651 1621 2722 gregis,
1653 2664 1691 2707 ac
1725 2651 1778 2707 vix
1805 2650 1866 2706 adu·

143 2741 217 2793 tm
234 2759 248 2787 «
272 2738 303 2793 ln
327 2738 442 2794 nomine
461 2738 510 2794 liei
526 2737 632 2793 summi
647 2737 960 2796 etSalvatorismuudi
1013 2742 1084 2810 nati,
1118 2749 1266 2812 paternam
1303 2753 1404 2796 curam
1434 2738 1565 2811 gereret),
1596 2738 1646 2795 scd
1680 2753 1717 2796 eo
1745 2739 1866 2795 obeunte

108 2827 175 2882 lesu
190 2824 306 2893 Christi,
323 2825 473 2897 Philippus
488 2825 587 2881 divina
607 2824 790 2895 dispensante
808 2827 960 2884 clementia
1012 2845 1096 2898 onus,
1123 2829 1283 2901 legitimum
1305 2828 1453 2886 ductorem
1477 2841 1534 2884 nou
1557 2827 1712 2896 babentes,
1737 2828 1776 2884 11
1804 2842 1867 2898 pro·

111 2913 290 2971 Francorum
306 2927 368 2969 111.
978 2920 1077 3002 cpria
1099 2918 1160 2973 loca
1184 2915 1315 2981 redeunt,
1340 2914 1532 2986 possessiones
1555 2927 1572 2970 a
1595 2913 1739 2970 Gervasio
1764 2915 1867 2970 relicta

148 3001 315 3069 «Quoniam
335 2999 464 3057 fovendis
495 3000 629 3057 Ecclesiis
650 3002 699 3058 bei
733 3002 896 3059 exaltandis
931 3010 960 3060 et
1013 3003 1195 3074 aperversis
1214 3002 1380 3058 bominibus
1402 3000 1617 3069 distrahuntur,
1641 3008 1673 3058 et
1698 3001 1865 3058 recenseb-

110 3089 292 3161 protcgendis
315 3102 431 3158 operam
465 3089 543 3157 dare,
579 3089 682 3160 regalis
707 3098 749 3146 est
772 3091 957 3160 excellentiae,
1013 3093 1091 3150 batia
1113 3092 1141 3147 in
1160 3100 1218 3147 tam
1238 3090 1378 3147 inielicem
1396 3097 1503 3146 statum
1526 3089 1644 3145 redacta
1669 3096 1724 3157 est,
1755 3097 1790 3146 ut
1811 3091 1865 3159 ipsa

110 3192 221 3248 nosque
236 3177 272 3232 ad
294 3177 369 3234 banc
384 3177 552 3248 dignitatern
576 3178 675 3234 divina
694 3178 845 3235 clementia
865 3179 959 3236 subli—
1014 3183 1166 3239 missarum
1187 3179 1336 3243 solemnia.
1369 3179 1483 3236 nemine
1514 3178 1544 3234 in
1571 3177 1697 3234 ecclesia
1727 3179 1865 3235 existente

107 3279 190 3321 mare
213 3264 332 3336 dignata
354 3272 407 3330 est,
432 3265 453 3320 si
478 3265 528 3335 qui
551 3280 603 3336 pro
636 3280 738 3322 earum
764 3266 959 3323 incolumitate
1014 3270 1064 3341 qui
1087 3270 1140 3326 boc
1160 3270 1254 3339 ipsum
1276 3268 1414 3338 expleret,
1440 3281 1458 3322 a
1480 3266 1643 3322 lorensibus
1666 3267 1864 3323 sacerdotibus

111 3352 249 3424 patimur,
266 3353 361 3419 ideis,
388 3360 472 3423 prout
493 3361 604 3423 tempus
626 3354 725 3426 exigit,
749 3355 838 3425 regali
862 3363 959 3410 nostra
1013 3357 1237 3424 celebrarentur,
1272 3354 1349 3412 bora
1381 3355 1466 3412 etiam
1499 3354 1649 3426 regulares
1689 3368 1707 3410 a
1741 3355 1863 3426 quodam

110 3440 279 3499 liberalitate
296 3441 425 3498 debetur.
450 3441 567 3498 Noverit
589 3442 677 3514 igitur
701 3442 829 3499 bdelium
854 3451 961 3499 nostro
1011 3448 1119 3518 juvene
1140 3445 1256 3502 nomine
1287 3444 1424 3510 loranno,
1458 3443 1488 3498 in
1521 3442 1620 3499 eodem
1655 3442 1723 3501 loco
1748 3444 1863 3508 nutrito,

110 3543 178 3587 rum
192 3537 251 3585 tam
268 3541 392 3599 praesens
406 3541 495 3599 quam
505 3526 606 3585 lutura
620 3530 780 3600 posteritas,
791 3530 959 3587 Gervasium
1013 3534 1212 3592 recitabantur
1226 3533 1421 3603 potiusquam
1437 3530 1653 3602 cantabantur3
1671 3531 1758 3588 bunc
1778 3532 1864 3589 statim

111 3617 305 3675 venerabilem
331 3618 497 3673 lismensem
520 3617 777 3688 archiepiscopum,
802 3618 960 3689 quamdam
1013 3622 1150 3680 abbatiali
1175 3621 1323 3694 dignitate,
1354 3627 1383 3677 et
1405 3621 1534 3677 Romana
1567 3633 1705 3691 purpura
1735 3628 1866 3676 ornatum

111 3707 258 3763 abbatiam
282 3705 311 3760 in
337 3704 585 3775 archiepiscopatu
610 3719 663 3762 suo
694 3706 898 3774 construxisse,
932 3713 961 3762 et
1013 3710 1186 3769 videbimus.

112 3809 178 3867 quae
194 3808 247 3850 suo
267 3792 805 3864 111111111111111111111111111111,
823 3794 958 3850 uteidem
1050 3797 1102 3856 sed
1122 3796 1261 3854 Rainaido
1284 3796 1376 3867 primo
1400 3794 1642 3865 archiepiscopale
1665 3796 1789 3855 culmen
1812 3797 1870 3853 ade

112 3890 219 3940 nostrae
239 3881 465 3937 confirmationis
494 3880 601 3951 scripto
647 3884 874 3950 corroboremus,
908 3897 960 3937 no·
1015 3894 1137 3957 proposi
1152 3886 1322 3951 Manassem,
1339 3883 1390 3954 qui
1414 3896 1496 3939 sacra
1512 3882 1697 3954 profanaque
1718 3886 1869 3943 conculea-

112 3980 202 4031 stram
237 3972 345 4043 regiam
377 3972 558 4029 serenitatem
593 3972 691 4030 sedulo
721 3973 874 4043 postutare.
912 3974 961 4030 Est
1016 3983 1106 4041 verat,
1131 3987 1208 4030 nova
1232 3972 1284 4045 lux
1308 3971 1419 4043 regioni
1433 3969 1618 4029 ilemensium
1645 3973 1870 4030 1111111111-

112 4062 189 4119 1111
211 4060 330 4117 ecclesia
363 4061 391 4115 iu
426 4060 566 4117 suburbio
599 4061 731 4117 Remensi
758 4061 858 4130 posita,
890 4062 961 4119 miro
1014 4063 1074 4120 riri.
1100 4063 1172 4119 Nam
1193 4061 1239 4118 bic
1260 4061 1387 4131 dispersa
1409 4067 1436 4116 et
1459 4059 1654 4116 exterminata
1678 4076 1869 4134 congregans,

113 4163 199 4219 opere
222 4147 367 4218 quondam
392 4162 410 4203 a
437 4148 538 4203 iovrno
564 4148 695 4218 praelecto
721 4149 870 4217 aedificata,
895 4164 961 4219 quae
1015 4156 1043 4204 et
1068 4146 1204 4217 dissipata
1224 4151 1398 4212 restaurans,
1425 4143 1598 4201 venerabilis
1616 4144 1757 4202 Gervasii
1776 4161 1871 4204 erem-

113 4236 143 4292 11
164 4234 319 4306 primordio
349 4234 610 4305 archiepiscopatus
633 4236 689 4303 sui,
723 4236 759 4292 ab
782 4250 816 4291 eo
844 4237 961 4294 iuventa
979 4238 1001 4292 D
1017 4234 1098 4307 plum
1116 4241 1242 4299 secutus,
1268 4233 1343 4287 iuter
1365 4229 1422 4286 alia
1442 4230 1591 4300 praelatam
1613 4231 1775 4290 eeclesiam
1799 4234 1869 4291 tovi-

112 4332 155 4382 est
169 4331 309 4380 vetustate
323 4330 351 4380 et
367 4323 488 4391 incuria,
503 4337 610 4395 magna
623 4338 659 4379 err
683 4331 763 4393 parte
777 4333 957 4395 consumpta.
1014 4324 1130 4381 nianarn
1146 4321 1182 4378 ad
1198 4320 1352 4392 pristinum
1376 4326 1483 4375 statum
1505 4331 1642 4375 revocare
1665 4328 1797 4379 conatus
1817 4323 1870 4379 esti

116 4414 149 4469 Et
173 4412 243 4482 quia
263 4411 298 4466 11
323 4412 438 4467 nomine
469 4413 559 4467 sancti
591 4414 725 4481 martyris
748 4412 959 4483 appellabatur,

113 4513 284 4573 quanquam
307 4500 358 4570 qui
382 4499 474 4570 primo
502 4498 683 4566 fundaverat,
707 4500 762 4556 sub
790 4500 872 4558 titulo
897 4516 959 4558 eam

115 4588 210 4647 Sancti
244 4588 384 4659 agricolae
419 4588 600 4655 condidisset,
634 4586 671 4644 ob
694 4601 818 4645 amorem
853 4590 901 4646 Dei
934 4598 964 4647 et

114 4676 205 4733 sancti
222 4676 437 4746 praedecessoris
456 4677 512 4740 sui,
532 4676 644 4732 studuit
665 4691 731 4746 quae
746 4679 774 4734 in
791 4692 824 4734 eo
844 4680 962 4736 omnino

114 4769 286 4818 corruerant
310 4775 327 4817 a
354 4761 550 4818 1111111111
582 4772 754 4831 restaurare,
787 4765 961 4835 11111111-

115 4857 201 4920 rupta
216 4849 376 4920 pendebant
398 4848 519 4905 artificio
542 4850 669 4920 quodam
692 4851 878 4922 reintegrare,
899 4865 962 4906 eam

113 4937 237 5009 speciem
261 4937 328 4994 novi
351 4937 442 5007 operis
465 4937 612 4994 ruinosam
645 4938 793 4995 eeclesiam
828 4939 964 4995 decentis

115 5028 186 5083 sime
213 5025 432 5081 1111111111
458 5025 518 5081 111
541 5027 732 5095 relectorium,
751 5026 962 5088 dormitorium,

114 5123 143 5170 11
167 5123 271 5170 caetcra
294 5113 459 5170 habitacula
483 5129 634 5171 servorum
660 5115 708 5171 Dei
738 5115 841 5171 usibus
871 5130 963 5172 neces

115 5202 200 5270 saria,
218 5216 284 5272 quae
304 5210 388 5258 autea
397 5202 436 5258 ibi
450 5217 603 5273 nunquam
618 5203 742 5270 fuerant,
756 5202 861 5274 insigni
877 5217 963 5273 opere

115 5290 323 5358 superaddidit,
340 5291 498 5362 fratresque
513 5292 567 5347 sub
583 5291 687 5348 abbate
709 5300 736 5347 et
752 5292 852 5362 regula
867 5290 962 5348 Sancti

117 5377 268 5443 Benedicti,
295 5379 414 5435 Domino
437 5379 593 5436 militantes
629 5380 733 5437 ibidem
765 5381 961 5452 congregavit,

116 5467 144 5516 11
168 5461 277 5519 reditus
292 5465 368 5521 unde
381 5467 512 5523 viverent
534 5466 711 5524 sufficienter
733 5465 885 5537 delegavit,
907 5472 961 5522 etc.

1014 4418 1042 4469 et
1066 4411 1210 4483 proiectus
1225 4407 1260 4464 ad
1281 4407 1375 4464 solum
1394 4411 1557 4464 arvenense
1576 4407 1606 4463 in
1628 4410 1782 4468 comitatu
1806 4412 1873 4484 regis

1015 4498 1220 4557 monasterium
1252 4495 1397 4552 casae-uei
1428 4494 1509 4561 adiit,
1536 4508 1631 4565 nuper
1663 4496 1872 4557 institutuma

1015 4596 1113 4644 sancto
1137 4586 1268 4653 lieberto,
1295 4597 1328 4639 ac
1354 4583 1476 4654 insignis
1496 4590 1567 4639 tunc
1599 4583 1805 4645 observantiae
1825 4588 1873 4645 sub

1016 4673 1175 4733 venerabili
1199 4672 1333 4743 seguino,
1359 4670 1434 4727 beati
1456 4671 1570 4728 liuberti
1593 4670 1773 4731 lundatoris
1793 4674 1872 4732 disci·

1017 4763 1095 4835 pulo,
1120 4771 1147 4817 ct
1171 4767 1255 4817 nacta
1279 4760 1436 4827 occasione,
1463 4758 1632 4829 pradictum
1660 4760 1803 4820 abbatem
1832 4764 1872 4819 Se-

1017 4851 1140 4923 guinum
1153 4848 1274 4905 summis
1289 4848 1421 4918 precibus
1435 4847 1606 4919 elilagitavit
1622 4856 1658 4903 ut
1672 4849 1805 4909 delectos
1826 4852 1871 4907 sibi

1017 4938 1172 4995 monachos
1195 4937 1371 5003 concederet,
1395 4949 1463 4991 cum
1482 4943 1601 5005 experto
1626 4946 1757 5007 rectore,
1781 4942 1817 4996 11
1831 4953 1871 4996 re

1016 5029 1147 5100 gularern
1162 5025 1343 5096 disciplinam
1360 5026 1388 5081 in
1412 5024 1584 5081 monasterio
1608 5024 1777 5085 Nicasiano
1793 5030 1869 5086 resti-

1017 5116 1163 5172 tuendam.
1189 5113 1269 5181 Quod
1290 5120 1318 5170 et
1340 5112 1474 5179 obtinuit,
1500 5119 1533 5168 ut
1556 5125 1593 5167 ex
1614 5113 1725 5170 charta
1748 5118 1869 5188 ejusdem

1017 5202 1149 5260 liainaldi
1175 5200 1308 5272 colligere
1328 5199 1402 5256 licet.
1431 5222 1443 5246 1
1467 5198 1565 5255 Visum
1586 5206 1631 5256 est
1668 5203 1771 5273 nobis,
1795 5214 1822 5262 et
1843 5211 1869 5261 ut

1017 5292 1171 5358 credimus,
1203 5289 1343 5345 divinitus
1371 5287 1555 5358 inspiratum,
1586 5293 1798 5349 venerandum
1826 5293 1868 5348 Se

1018 5380 1141 5452 guinum
1157 5378 1289 5434 abbatem
1305 5375 1480 5443 monasterii,
1496 5376 1574 5446 quod
1601 5376 1717 5437 dicitur
1730 5381 1865 5438 casa-bei

1017 5465 1199 5536 compellare,
1221 5470 1253 5520 ut
1268 5477 1320 5534 pro
1343 5462 1399 5519 Deo
1420 5461 1548 5518 laborem
1574 5463 1771 5524 restituendae
1791 5468 1867 5539 ipsius
