3818 6008
118 261 168 314 527
562 259 595 313 V.
617 256 781 316 colebari
797 258 943 314 nuperis
961 260 990 315 S.
1011 259 1131 316 ttnatAE
1151 258 1197 316 DE
1217 254 1416 314 bovtuurtro

118 384 238 443 licebit?
253 385 282 441 in
305 398 370 440 eum
386 382 462 440 enim
485 382 646 439 desiderant
674 381 769 453 augeli
794 384 963 453 prospicere.
982 384 1006 437 a

118 474 297 531 Desiderinm
325 478 421 528 autem
447 470 629 527 efficientiam
659 469 771 540 quaerit.
795 464 964 535 Quomodo
1350 430 1466 489 CAPUT
1486 429 1535 485 xl·

118 577 186 635 ergo
199 559 328 617 videbit?
353 559 385 615 ln
411 572 498 615 carne
525 558 626 629 utique
641 559 773 626 existens,
802 559 904 628 poterit
923 558 965 613 in·
1053 560 1105 616 Sed
1122 567 1184 630 post
1214 559 1288 614 banc
1317 553 1801 629 qualemcunquedisputationem,
1817 566 1866 607 cu·

117 649 192 704 tueri
208 646 363 712 carnalem,
388 645 694 716 Deiquippel'ilium
721 645 964 716 ineoJamquod
1015 649 1132 721 jusdam
1158 648 1226 703 mibi
1258 646 1348 703 todaet
1378 643 1477 700 relatio
1506 658 1562 698 non
1591 643 1713 698 tacenda
1737 641 1863 702 videtur,

118 733 373 805 incorruptibiliter
406 735 606 802 resurrexerit,
643 735 842 791 immortalem.
877 735 964 791 Utro·
1018 752 1084 809 quaa
1112 736 1189 793 omni
1219 736 1430 792 conflictatione
1453 737 1520 787 ‘est
1547 731 1701 787 verborum
1726 729 1869 800 potentior

118 833 175 889 que
189 821 305 890 etenim,
321 822 442 903 ethome
459 836 550 892 perse
569 829 596 878 et
611 822 758 889 Deus'Dei
780 829 848 879 sunt
863 823 962 879 Filius.
1016 827 1182 883 aestimetur.
1200 826 1279 889 Erat,
1292 832 1323 880 ut
1336 831 1465 888 testatur,
1484 819 1628 886 baudoni,
1644 826 1671 874 et
1691 819 1721 874 iu
1736 818 1864 889 quadam

118 906 190 964 Cum
214 909 268 967 hoc
294 920 389 968 careat
415 911 540 977 nomine,
572 925 625 968 nec
666 919 799 968 mortuus
837 926 889 968 uec
917 926 964 968 se-
1018 915 1112 981 domo,
1146 913 1299 984 quemdam
1337 925 1402 967 cum
1448 909 1547 965 tudano
1589 908 1687 979 aliquo
1730 906 1867 963 clericum

116 997 225 1068 uultus.
1018 1003 1223 1073 disceptantem
1235 1000 1330 1056 adbuc
1342 999 1483 1070 puerulus
1498 996 1643 1053 audiebat.
1660 995 1794 1065 Cumque
1813 994 1867 1050 cle·

152 1085 300 1145 Perlucide
314 1088 399 1146 etiam
416 1089 492 1146 valet
518 1088 640 1160 intelligi
657 1090 734 1160 quod
750 1089 780 1145 in
799 1103 886 1146 carne
900 1102 963 1157 sua,
1018 1092 1096 1147 ricus
1111 1089 1212 1161 perfidi
1237 1088 1313 1145 illius
1340 1089 1470 1144 resistere
1497 1084 1659 1141 ventositati
1672 1098 1729 1139 non
1746 1089 1841 1168 posset
1859 1097 1865 1137 :

117 1176 171 1231 boc
196 1183 238 1232 est
266 1178 296 1233 iu
322 1178 432 1244 eadem,
461 1193 520 1249 qua
550 1186 591 1234 est
606 1179 666 1249 ipse
691 1179 822 1235 bumana
848 1186 963 1247 natura,
1020 1203 1034 1231 ι(
1057 1181 1089 1235 lo
1116 1178 1241 1245 nomine,
1269 1177 1374 1248 iuquit,
1402 1177 1468 1232 iesu
1495 1172 1609 1229 Domini
1637 1172 1766 1228 titionem
1783 1169 1867 1226 ilam-

118 1264 305 1322 constitutum
320 1267 372 1324 tob
387 1281 473 1322 suum
490 1265 664 1322 salvatorem
686 1280 715 1322 se
729 1266 862 1322 visurum
876 1280 965 1335 spon·
1019 1273 1144 1323 mantem
1170 1279 1204 1321 ea
1228 1272 1308 1334 parte
1339 1277 1398 1334 qua
1421 1262 1502 1319 ardet
1534 1259 1749 1330 apprehendam
1788 1258 1867 1314 nuda

117 1352 191 1407 deat.
208 1352 335 1409 Mortalis
357 1367 474 1423 quoque
498 1366 531 1408 ac
559 1351 706 1408 rationalis
730 1359 841 1408 naturae
863 1350 967 1406 indivi·
1019 1368 1120 1421 manu,
1143 1361 1171 1410 et
1194 1361 1277 1409 extra
1301 1353 1406 1408 ostium
1437 1351 1540 1407 domus
1565 1347 1692 1404 efferam.
1718 1368 1733 1393 ε
1765 1346 1868 1416 (Focus

117 1439 209 1495 duum
233 1441 362 1511 signans,
384 1440 461 1510 quod
485 1441 558 1496 dixit
575 1440 720 1496 inculcat:
749 1441 830 1506 Quem
856 1442 965 1494 uisurus
1020 1451 1115 1499 autem
1132 1449 1246 1513 propter
1261 1439 1310 1514 [(.,
1334 1439 1431 1510 prope]
1460 1437 1544 1504 erat.)
1565 1437 1621 1494 Nnc
1646 1437 1766 1492 Judaeus
1789 1433 1868 1491 ohne.

117 1542 187 1594 ΝΜ,
216 1527 319 1598 inquil,
341 1544 387 1596 29⁰
416 1531 483 1598 ipsc,
516 1534 542 1582 θί
568 1545 620 1583 ”⁰²²
642 1530 714 1583 aliut
736 1528 804 1596 (iob
832 1530 962 1596 x1¹1227l
1020 1533 1101 1601 titur,
1118 1532 1147 1587 in
1172 1532 1225 1585 lide
1240 1532 1308 1586 lesu
1334 1531 1379 1585 sui
1396 1536 1493 1585 utrum
1510 1537 1644 1585 ureretur
1658 1525 1819 1595 opperiens.
1833 1527 1868 1578 tlt

118 1611 171 1675 Qui
190 1612 264 1668 alius
290 1612 389 1682 procul
414 1612 501 1668 dubio
527 1614 654 1682 quodam
669 1613 752 1668 modo
767 1620 849 1680 esset,
865 1615 887 1668 si
914 1612 964 1668 lro·
1021 1617 1142 1674 clericus
1164 1616 1288 1673 mirabili
1317 1616 1485 1671 crudelitate
1514 1616 1675 1672 fervescens
1698 1612 1867 1668 candentem

118 1701 223 1756 minem
244 1714 363 1767 exuens,
384 1700 502 1771 spiritus
528 1709 697 1756 remaneret.
718 1701 812 1757 Tertio
839 1701 964 1771 demque
984 1680 1124 1775 Baccipit
1148 1707 1250 1761 dextra
1277 1712 1416 1766 reustum,
1432 1713 1459 1760 et
1487 1704 1609 1774 longius,
1624 1716 1683 1773 qua
1699 1699 1791 1757 voluit
1807 1713 1865 1754 mo

118 1787 147 1843 id
174 1787 315 1859 replicat:
347 1790 384 1844 Et
412 1792 484 1844 ocuti
510 1793 562 1843 anci
590 1792 759 1859 conspecturi
785 1790 879 1860 (ibid).
912 1789 963 1845 Ubi
1020 1792 1144 1854 rositate.
1174 1791 1314 1860 deportat,
1343 1798 1370 1846 et
1396 1789 1650 1860 projectoiliaesam
1677 1793 1817 1840 monstrat
1831 1784 1865 1839 ab

117 1875 214 1932 oculos
241 1876 312 1933 adeo
333 1876 487 1948 vigilanter
507 1878 657 1947 expressit,
688 1891 794 1947 corpus
815 1877 899 1947 plane
914 1877 964 1933 Dei
1020 1878 1086 1950 igne
1110 1892 1238 1933 manum.
1265 1877 1388 1933 Miratur
1411 1877 1464 1932 ille
1493 1889 1629 1946 nequam,
1657 1873 1707 1929 sed
1722 1872 1758 1928 nd
1782 1871 1864 1927 sidem

118 1963 260 2032 futurum,
283 1965 358 2035 qnod
384 1967 502 2022 visurus
524 1974 605 2030 esset,
631 1965 768 2021 innotuit.
795 1968 817 2021 Α
846 1980 964 2037 corpore
1018 1966 1159 2024 miraculo
1187 1980 1244 2021 non
1275 1965 1415 2034 pulsatur.
1446 1963 1475 2019 ld
1495 1963 1586 2033 ipsum
1601 1963 1686 2017 etiam
1704 1960 1741 2016 ab
1763 1973 1796 2015 eo
1815 1957 1863 2029 qui

117 2059 213 2108 autem
226 2052 406 2108 divinitatem
421 2053 510 2108 videri
525 2053 566 2109 ias
580 2060 700 2108 nonest.
1018 2057 1089 2112 mibi
1107 2055 1204 2111 retulit
1220 2054 1345 2110 nonnisi
1361 2052 1513 2123 prestigiis
1523 2059 1718 2122 comparatur.

153 2140 225 2195 Ecce
243 2148 343 2196 contra
364 2141 415 2196 Dei
437 2141 541 2207 hostes,
571 2149 672 2197 contra
698 2141 848 2198 inimicum
875 2142 965 2198 etde
1054 2143 1153 2210 Dicito,
1170 2142 1333 2208 miserrimi,
1356 2155 1451 2196 norme
1471 2154 1573 2195 nomen
1603 2137 1716 2194 deitatis
1734 2143 1789 2203 est,
1818 2133 1863 2191 cui

118 2227 258 2284 tensorem
277 2243 359 2285 arma
369 2229 621 2299 praesumpsimus;
636 2230 744 2300 quibus
760 2230 872 2301 egimus
886 2230 964 2301 quod
1017 2231 1385 2300 elementaobtemperant‘t
1398 2230 1449 2285 Sed
1477 2244 1527 2285 vos
1542 2228 1635 2284 dicitis
1648 2227 1719 2297 quia
1734 2225 1764 2280 in
1790 2232 1863 2281 terra

118 2318 272 2387 potuimus,
290 2333 346 2374 nou
362 2318 440 2389 quod
453 2319 615 2375 debuimus.
634 2318 722 2374 liulta
738 2320 962 2389 suppressimus
1018 2322 1128 2391 positus
1153 2334 1182 2375 se
1209 2332 1361 2388 nunquam
1385 2317 1490 2374 dixerit
1514 2317 1615 2372 Deum.
1642 2314 1714 2370 Cum
1730 2313 1808 2369 enim
1827 2326 1862 2367 an

116 2405 186 2475 quia
209 2407 346 2478 ambigua
366 2408 400 2464 de
422 2421 523 2464 eorum
538 2406 744 2476 {voluminibus
770 2422 874 2477 ponere
890 2407 964 2464 testi·
1017 2410 1094 2466 Deus
1107 2416 1179 2464 esset
1193 2407 1359 2474 sciscitanti,
1376 2406 1488 2463 intulit:
1507 2410 1548 2460 lte
1563 2405 1632 2459 dicis
1646 2404 1757 2473 (biottb.
1774 2415 1863 2465 xxvii,

116 2495 213 2549 monia
227 2496 451 2565 supersedimus.
467 2495 511 2552 Nil
525 2496 603 2551 enim
620 2497 680 2565 agit
692 2496 867 2566 exemplum,
885 2495 963 2566 quod
1016 2498 1072 2568 tt).
1091 2498 1139 2553 Est
1156 2505 1187 2552 ut
1202 2496 1302 2564 dicitu,
1335 2496 1406 2551 acsi
1433 2496 1557 2550 diceret:
1574 2493 1617 2549 Tu
1644 2491 1763 2562 quidem
1783 2488 1862 2554 dicis,

116 2580 192 2638 litem
208 2583 255 2639 lite
279 2583 402 2639 resolvit.
432 2584 459 2639 Si
474 2584 590 2654 perfidis
609 2598 642 2639 ac
657 2584 833 2641 derisoribus
848 2585 964 2641 videtur
1017 2585 1066 2642 sed
1092 2600 1144 2656 ego
1172 2600 1228 2640 non
1256 2585 1328 2640 dico.
1345 2583 1535 2640 Ovecordcs!
1552 2580 1689 2637 attendite
1717 2578 1795 2649 quod
1820 2591 1862 2633 se

117 2668 202 2727 inane
220 2671 297 2741 quod
323 2671 447 2740 fecerim,
476 2672 618 2740 tldelibus,
652 2673 703 2742 qm
728 2673 797 2728 talia
825 2672 963 2729 ventilare
1017 2676 1147 2746 quitur:
1176 2674 1280 2729 duodo
1306 2674 1433 2728 uidebitis
1460 2674 1559 2727 ditium
1585 2671 1701 2725 tcomtnts
1730 2668 1864 2723 sedentem

115 2770 174 2812 non
199 2757 316 2826 audent,
346 2766 397 2814 aut
423 2759 564 2822 nesciunt,
586 2774 643 2815 non
672 2761 813 2816 immerito
835 2760 963 2817 tortassis
1017 2764 1220 2818 cdectrisbet
1246 2766 1271 2816 et
1299 2766 1445 2817 uenientem
1470 2765 1500 2814 in
1525 2760 1643 2814 nubibus
1671 2759 1730 2813 coett
1754 2757 1861 2829 (bicttb.

115 2845 367 2916 placuerim,quia
388 2848 411 2902 si
437 2848 593 2903 nonvalde
617 2848 736 2914 utiliter,
763 2849 846 2905 valde
865 2857 962 2906 tamen
1016 2866 1100 2918 xxm,
1125 2850 1180 2917 64).
1211 2849 1318 2921 Nempe
1346 2859 1372 2906 et
1396 2849 1533 2920 proditori
1558 2846 1749 2918 significando
1790 2844 1863 2900 idem

114 2932 235 2989 fideliter
249 2948 315 3004 quae
340 2935 470 3006 injuncta
496 2934 575 2991 luere
599 2936 813 3007 compleverim.
844 2936 871 2993 st
889 2938 960 3008 quid
980 2938 1107 3013 edixit:
1125 2940 1234 2996 Dicenti
1252 2953 1387 3010 namque,
1409 2937 1536 3007 auriquid
1559 2941 1631 3005 eqo?
1660 2935 1702 2991 ait
1731 2935 1772 2988 Tu
1795 2933 1863 2987 dicta

113 3021 239 3078 iniamiae
253 3035 303 3092 pro
318 3023 370 3078 boc
385 3024 453 3093 ipso,
478 3023 537 3079 sive
552 3024 645 3079 laudis
667 3024 837 3094 acquiritur,
861 3026 960 3082 merito
1015 3030 1123 3098 (ticttb.
1140 3043 1223 3095 xxvi,
1241 3027 1294 3098 25).
1312 3027 1457 3084 Subaudis
1482 3040 1541 3082 rem
1558 3039 1624 3095 quae
1648 3030 1698 3079 est.
1713 3023 1806 3078 ‘laceo
1830 3019 1864 3076 de

114 3109 177 3176 tibi,
208 3113 298 3176 l‘ater,
326 3111 376 3181 qui
406 3111 435 3167 id
463 3111 619 3181 imperasti,
637 3112 800 3168 ascribitur.
830 3111 858 3167 Si
882 3113 960 3168 enim
1014 3116 1132 3181 caeteris,
1150 3117 1200 3185 qui
1224 3116 1409 3186 corporaliter
1437 3115 1524 3185 gestis
1539 3112 1702 3169 intendunt.
1725 3109 1863 3166 loannem

115 3198 194 3265 bene,
212 3197 276 3254 tidei
292 3205 320 3254 et
345 3213 462 3268 precum
479 3206 596 3256 tuarum
610 3200 723 3256 tructus
742 3206 797 3268 est;
814 3200 857 3255 sin
874 3200 958 3267 male,
1014 3205 1098 3276 legite
1124 3204 1153 3260 in
1181 3217 1238 3273 quo
1269 3203 1340 3258 nibil
1366 3217 1437 3273 pene
1458 3201 1538 3258 aliud
1565 3214 1654 3272 quam
1671 3199 1705 3255 de
1720 3212 1774 3254 sua
1797 3211 1862 3254 uum

114 3285 341 3343 inconsideratus
369 3287 525 3358 utrobique
552 3302 643 3344 ausus
660 3296 712 3343 est.
737 3290 822 3345 Nemo
850 3303 959 3345 mear·
1014 3293 1097 3350 Patre
1112 3291 1409 3348 consubstantialitate
1433 3288 1625 3360 proloquitur.
1657 3286 1787 3353 creditis,
1819 3287 1860 3341 in·

114 3380 193 3446 quat,
221 3388 332 3431 errores
355 3375 590 3446 improbissimos,
627 3390 693 3432 cum
727 3376 779 3432 sim
809 3379 905 3433 tenuis
931 3384 959 3434 et
1014 3383 1395 3453 quinamentorum
1425 3378 1526 3432 credite
1546 3378 1641 3444 (doun.
1662 3389 1721 3444 xiv,
1741 3377 1776 3444 t).
1808 3377 1862 3440 Epo

113 3461 243 3530 stolidus,
259 3462 470 3535 obiurgantem.
499 3464 658 3520 Meminerit
685 3464 795 3520 asinam
814 3465 958 3537 prophetae
1013 3474 1043 3526 tn
1064 3471 1155 3537 Putre,
1171 3475 1195 3523 et
1215 3470 1295 3523 Pctcr
1313 3471 1343 3522 in
1369 3472 1472 3521 meost.
1495 3467 1547 3532 Qut
1562 3465 1649 3520 credit
1674 3467 1705 3519 tn
1719 3479 1772 3531 me,
1792 3463 1863 3517 uidet

114 3550 304 3620 insipientiam
332 3552 528 3623 castigantem.
555 3552 653 3609 Melior
678 3553 754 3609 euim
787 3569 862 3623 sum,
894 3555 959 3613 licet
1013 3559 1326 3626 etrctrcnmocnrrr,
1345 3552 1798 3624 tol,etmilliaborumsimilia.

113 3638 207 3696 malus
221 3640 317 3708 bomo,
332 3654 422 3712 quam
438 3641 514 3698 bona
528 3641 619 3698 asina.

938 3792 1032 3839 riuis.

595 4112 739 4196 verr.
770 4112 1067 4196 curatam
1101 4110 1379 4195 anseris

786 4304 1198 4432 EPISTOLA

955 4527 1009 4593 bu

168 4716 426 4811 adduxtin
456 4718 478 4809 J
481 4719 595 4809 UDAE
629 4716 762 4808 blut
795 4719 860 4807 ΕΤ
900 4719 966 4807 bb
999 4716 1252 4807 VERITATE
1287 4717 1508 4808 DOMINICI
1545 4717 1797 4810 CORPORIS.

145 5061 219 5110 asa
230 5053 307 5110 Patri
317 5060 344 5111 et
356 5052 472 5111 domino
481 5051 576 5110 Sancti
589 5053 697 5110 Nicoiai
710 5053 797 5124 priori
810 5052 958 5110 Siceramo
977 5057 1000 5111 Ι)
1014 5052 1108 5108 Primo
1122 5052 1208 5110 etiam
1230 5052 1342 5110 horrori
1371 5055 1442 5111 mibi
1470 5063 1522 5123 cst,
1537 5056 1560 5112 si
1586 5055 1687 5127 aliqua
1713 5057 1819 5126 dicam,
1831 5058 1860 5115 in

109 5141 169 5212 [ct.,
186 5142 317 5199 Vincenti
337 5140 435 5198 abbati
463 5141 621 5208 Srcnrmuo,
637 5140 814 5211 irater,etc.]
836 5141 958 5199 Gmenn-
1012 5141 1121 5211 quibus
1146 5141 1246 5198 videar
1277 5143 1395 5199 Petrum
1425 5145 1573 5200 sententiae
1599 5146 1751 5216 refragari.
1781 5148 1860 5204 Unde

106 5244 158 5285 rus
172 5230 222 5284 Dei
238 5229 363 5296 iamiliae,
380 5243 445 5300 quae
461 5237 503 5285 est
518 5230 596 5299 apud
609 5228 804 5299 Novigcntum
816 5229 955 5298 minister,
1012 5237 1086 5300 peto,
1103 5237 1136 5286 ut
1150 5231 1172 5287 si
1199 5245 1264 5301 quae
1280 5245 1338 5286 non
1354 5238 1448 5289 tamen
1477 5239 1580 5302 prater
1595 5233 1726 5304 reguiam
1748 5235 1858 5302 dinem,

107 5331 174 5388 quae
188 5316 238 5372 Dei
257 5325 324 5374 sunt
334 5317 504 5387 simpliciter
518 5331 647 5387 quaerere
662 5329 695 5372 ac
710 5314 851 5386 amplecti.
1009 5331 1045 5375 ea
1059 5318 1161 5375 audias
1189 5317 1344 5376 intentione
1360 5333 1420 5390 qua
1445 5321 1550 5376 dicam.
1567 5321 1665 5378 Dicam
1693 5322 1774 5379 enim
1799 5323 1859 5380 siue

143 5401 334 5468 Quaestionem
361 5417 451 5474 quam
484 5403 554 5459 mihi
585 5410 635 5460 tua
667 5402 785 5473 ingessit
819 5404 954 5460 sanctitas
1009 5405 1178 5477 praejudicio
1205 5408 1330 5464 melioris
1355 5409 1503 5465 sententiae
1528 5410 1670 5481 palpantis
1683 5413 1782 5482 potius
1796 5409 1857 5468 ani-

107 5499 209 5549 utrum
237 5489 361 5559 videam,
387 5490 495 5547 nedum
523 5490 675 5548 enucleare
703 5491 826 5560 valeam,
848 5492 953 5550 nescio.
1010 5508 1057 5550 mo
1071 5507 1160 5565 quam
1181 5494 1306 5553 nitentis.
