3818 6008
119 270 170 323 523

568 263 599 316 V.
620 262 786 318 cntuunvt
806 262 949 317 uentris
968 262 997 317 S.
1021 263 1140 319 utute
1161 263 1207 317 bt:
1227 261 1427 319 NOVlGENTO
1820 265 1867 317 aas

118 414 177 456 non
207 398 319 463 abierit,
352 410 410 452 non
439 393 557 461 steterit,
580 406 637 448 non
671 392 794 449 sederit?
826 393 906 459 Quod
940 407 964 448 st
983 392 1292 463 susceptationem,
1307 391 1366 462 ipse
1387 391 1461 446 idem
1486 391 1563 448 Dens
1589 391 1738 448 mandavit
1762 400 1791 447 et
1813 392 1869 447 stm-

118 487 200 544 tertio
216 484 423 555 hocqnispiam
441 496 530 551 purus
549 482 634 537 bomo
655 479 773 537 tortasse
793 495 889 536 carere
911 494 964 550 po-

119 576 193 642 terit,
205 575 295 629 duum
320 570 532 641 praemissorum
556 569 693 625 alterutro
709 570 865 639 quisquam
880 570 963 625 bomo

118 665 219 719 vivens
232 658 368 716 immunis
390 672 449 713 esse
466 671 523 711 nou
541 655 641 712 valuit.
658 655 727 723 Quis
745 656 852 726 estqui
872 656 917 712 die
930 670 965 711 ac

118 758 210 817 nocte,
227 748 312 804 idest
330 747 530 812 indesinenter,
548 744 577 799 iu
593 745 642 799 llei
662 746 723 815 lege
738 745 892 799 meditatus
912 744 961 800 sit!

119 852 213 894 noune
240 836 363 892 iditbnm
383 843 489 891 cantat.
508 835 579 898 Quia
599 835 727 887 uniuersa
749 835 859 886 nouitas
877 834 964 887 omnis

116 929 223 990 niueum
245 933 284 994 et,
312 926 346 980 Iu
362 926 481 992 imagine
500 924 698 992 pertransiens,
725 924 834 988 frustra
858 927 965 976 coutur-

118 1015 219 1069 butur?
232 1013 315 1083 (Psut.
328 1026 448 1076 xxxvnt,
465 1014 489 1074 d,
500 1012 536 1078 7).

152 1104 250 1174 lpsum
272 1102 428 1167 Christum,
453 1100 523 1154 velis
546 1099 629 1164 nolis,
654 1099 790 1168 accipies;
820 1097 964 1170 quidquid

116 1191 282 1260 isticsnpra
312 1189 457 1245 bominem
483 1187 580 1243 babes.
612 1188 672 1256 lpse
699 1202 756 1243 uon
783 1187 813 1242 in
839 1187 964 1243 decursu

116 1291 270 1349 aquarum,
297 1276 344 1332 sed
370 1289 451 1331 secus
477 1274 705 1344 nascitnr3quia
728 1288 786 1329 non
815 1274 965 1329 intratura

116 1374 326 1438 perpeccatnm
346 1364 437 1419 tlnida
458 1368 644 1433 propagatur,
670 1361 763 1417 sedin
787 1361 847 1417 sola
869 1363 965 1418 carnis

1018 481 1097 536 brias
1116 480 1182 536 terri
1210 482 1301 545 (Num.
1325 495 1373 547 xv,
1396 483 1452 546 38.)
1478 480 1650 551 iungentia
1672 481 1868 551 rationepor·

1019 582 1084 624 cnm
1100 567 1287 633 comedimus,
1313 583 1400 637 quam
1417 583 1466 623 vos
1484 569 1612 625 timbrias
1632 569 1800 638 abrupistis.

1054 656 1291 712 prevaricatores
1327 671 1396 727 crgo
1424 657 1500 722 estis,
1528 658 1579 727 qni
1607 659 1690 713 vobis
1722 658 1870 713 evidenter

1015 745 1098 815 jussa
1113 745 1266 816 negligitis.
1288 744 1345 801 llos
1358 744 1398 800 nil
1419 746 1608 814 praeteriturus,
1631 747 1682 816 qui
1699 744 1783 801 nulla
1807 745 1870 800 inde

1018 832 1155 887 mandata
1176 831 1364 901 suscepimus.
1388 833 1484 888 Fortis
1509 832 1666 900 intenditis,
1690 834 1801 888 toeuora
1818 846 1870 888 cu-

1018 918 1162 975 mulantes
1192 919 1355 975 cervicibus
1388 933 1556 989 egenorum.
1594 920 1684 976 Deum
1715 934 1753 976 ex
1787 921 1870 975 corde

1017 1007 1145 1076 diligere,
1175 1015 1202 1062 et
1218 1008 1383 1075 proximum
1406 1015 1437 1062 ut
1459 1007 1593 1077 seipsum,
1619 1016 1647 1063 ct
1670 1016 1776 1063 caetcra
1789 1006 1870 1063 utilia

1017 1103 1194 1164 seponentes
1206 1095 1282 1149 circa
1292 1108 1387 1165 nugas
1397 1095 1541 1150 rotamini.
1556 1094 1696 1166 Nnnquid
1708 1096 1780 1151 illud
1794 1095 1870 1166 quod

1018 1184 1142 1238 dicitur:
1158 1184 1188 1238 Si
1202 1183 1344 1236 umbuluus
1356 1199 1407 1252 per
1420 1185 1502 1248 cium,
1518 1186 1546 1236 iu
1559 1183 1665 1250 urbere,
1681 1185 1724 1237 uel
1741 1186 1771 1236 iu
1798 1189 1870 1235 ternu

1017 1273 1113 1326 nidum
1133 1274 1192 1326 uois
1211 1274 1356 1336 inueneris,
1383 1277 1409 1325 et
1425 1278 1539 1326 matrem
1559 1273 1644 1341 pullis
1659 1274 1701 1326 uel
1715 1275 1774 1327 ouis
1793 1274 1869 1325 iucu-

1019 1361 1134 1422 bontem‚
1152 1377 1205 1414 arou
1216 1361 1315 1414 terrebis
1329 1377 1388 1414 eum
1406 1377 1466 1415 cum
1480 1362 1559 1428 siliis,
1579 1362 1627 1416 sed
1642 1362 1719 1415 ubire
1741 1363 1869 1431 petieris,

116 1454 223 1524 peccati
244 1450 430 1507 similitudine
453 1449 638 1518 conspicitur.
663 1449 698 1504 Et
725 1456 799 1504 recte
828 1464 886 1505 uon
910 1458 965 1504 sta·
1017 1455 1109 1518 coptos
1127 1456 1216 1503 teneris
1230 1449 1313 1518 filios,
1323 1456 1352 1503 ut
1363 1450 1426 1503 berte
1440 1453 1476 1503 sil
1492 1450 1551 1517 tibi,
1563 1455 1587 1504 et
1603 1451 1680 1516 louge
1696 1452 1776 1504 uiuus
1802 1456 1870 1504 tem-

115 1556 218 1613 gnnm,
232 1541 280 1596 scd
293 1540 431 1595 decursus
452 1539 534 1608 virgo
550 1551 690 1607 generans
715 1545 804 1607 potest
832 1537 962 1609 intelligi,
1015 1554 1080 1607 pore
1091 1537 1178 1608 (deut.
1192 1551 1262 1598 xxn,
1279 1539 1355 1607 3-7);
1370 1552 1405 1593 co
1421 1553 1478 1606 qno
1489 1538 1618 1594 exterius
1634 1551 1738 1594 sonare
1757 1538 1871 1594 videtur

116 1630 165 1686 ubi
189 1628 318 1685 videlicet
337 1627 418 1683 nulla
444 1625 574 1682 subsistit
600 1626 723 1694 illuvies,
745 1626 823 1696 qnod
851 1625 964 1681 benedi·
1019 1626 1102 1682 modo
1117 1626 1265 1695 accipitis?
1280 1626 1418 1696 Nunquid
1432 1627 1505 1681 bens
1517 1627 1594 1682 illins
1609 1628 1645 1682 ad
1660 1626 1719 1682 Noe
1740 1626 1869 1681 mandati

115 1718 217 1774 ctionis
231 1717 407 1788 plantarium
421 1715 498 1771 dedit
513 1714 650 1782 tructnm,
665 1715 713 1769 sed
729 1728 827 1781 suum,
847 1714 876 1769 in
891 1722 961 1770 tem·
982 1692 1123 1770 Boblitus
1135 1722 1199 1770 est:
1222 1720 1297 1768 aaa
1316 1715 1399 1768 Oratae
1417 1715 1490 1783 quod
1513 1721 1643 1783 mouetur,
1668 1720 1694 1769 et
1720 1717 1802 1781 uiuit,
1822 1717 1871 1768 erit

115 1820 192 1877 pore,
207 1806 330 1862 sedsno.
352 1804 480 1873 Quisque
503 1803 596 1858 bouus
611 1802 660 1858 dat
683 1802 820 1868 tructum,
841 1803 962 1858 sednon

114 1909 212 1959 suurn,
228 1893 289 1949 sino
304 1893 362 1948 Deo
388 1891 464 1947 enim
476 1890 516 1946 nil
532 1899 621 1960 potest
636 1891 793 1960 quisquam
810 1890 912 1945 tacere.
938 1892 963 1945 ls

114 1997 182 2039 vero
198 1979 320 2051 praebuit
332 1980 443 2049 proprie
458 1993 555 2045 suunt,
575 1977 646 2047 qnia
668 1978 745 2048 quud
771 1977 845 2045 tecit,
871 1978 963 2034 iacere

114 2084 172 2126 non
186 2077 295 2140 poterat
318 2068 372 2123 nisi
388 2069 477 2137 tlens;
491 2072 519 2122 et
538 2080 573 2122 ex
600 2080 630 2122 se
655 2065 757 2123 babuit
781 2068 859 2137 quod
886 2067 960 2122 tecit.

113 2158 238 2228 Tempus
252 2171 368 2227 quoqne
383 2170 469 2211 suurn
486 2154 550 2222 init,
567 2154 636 2225 quia
662 2155 713 2224 qni
734 2156 851 2225 qnando
871 2155 963 2211 voluit

112 2255 200 2302 natus
218 2253 275 2314 est;
292 2244 409 2316 qnando
425 2243 514 2299 voluit
539 2257 655 2313 quoqne
670 2243 815 2299 occubuit.
839 2243 964 2313 Tempus

113 2348 201 2391 sunm
224 2334 286 2401 tuit,
313 2348 379 2389 cum
406 2331 592 2401 plenitudinis
606 2331 734 2387 adventu
758 2345 832 2388 caeco
856 2331 963 2387 ruurrdo

113 2437 174 2480 suae
189 2421 409 2478 notitiaelumen
424 2420 535 2476 tribuit.
554 2419 665 2475 Folium
688 2420 752 2490 ejus
773 2434 830 2475 non
847 2419 962 2488 detinet,

114 2511 185 2584 qnia
200 2511 265 2567 licet
277 2511 380 2566 cnutum
394 2517 422 2564 et
439 2516 515 2572 terra
537 2516 695 2575 transeant,
722 2508 844 2564 verbum
869 2516 963 2564 tamen

113 2600 176 2671 ejus
204 2613 262 2655 non
294 2597 426 2654 transibit
454 2597 564 2665 inutili.
590 2611 668 2665 xxiv,
702 2598 755 2665 35).
788 2598 873 2653 Facta
901 2597 964 2667 ejus

1015 1803 1090 1858 uobis
1101 1806 1129 1856 iu
1145 1803 1242 1870 cibum,
1258 1807 1339 1873 quusi
1348 1805 1421 1858 olera
1435 1806 1552 1858 uirentia
1567 1804 1674 1859 tradidi
1685 1807 1762 1859 uobis
1781 1807 1870 1858 omitia

1017 1892 1093 1961 (Gen.
1113 1906 1150 1959 rx,
1170 1890 1209 1961 3).
1227 1893 1262 1949 Ut
1282 1892 1366 1948 modo
1382 1893 1455 1948 bene
1477 1891 1559 1948 nobis
1582 1901 1610 1948 et
1636 1892 1753 1963 longam
1782 1893 1869 1948 vitam

1016 1980 1162 2050 spondeat,
1185 1981 1209 2034 si
1238 1996 1341 2036 nraiuus
1358 1990 1455 2037 nostra
1476 1981 1620 2051 pullorum
1644 1982 1789 2037 matribus
1809 1995 1869 2049 par·

1017 2066 1081 2122 cati
1107 2067 1179 2133 Quid
1216 2069 1335 2123 rationis
1365 2069 1450 2124 babet
1478 2069 1555 2138 qnod
1587 2069 1686 2138 palum
1719 2070 1750 2124 in
1778 2068 1867 2125 balteo

1017 2163 1129 2225 gestare
1140 2155 1282 2226 jubemini
1301 2157 1389 2227 (beat.
1412 2172 1490 2222 xxiii,
1514 2158 1566 2227 13),
1588 2158 1663 2227 quod
1684 2164 1783 2228 egesta
1806 2171 1867 2212 con·

1017 2250 1122 2313 tegere,
1139 2257 1174 2299 ne
1196 2245 1267 2314 qnid
1284 2245 1411 2300 sordium
1437 2246 1486 2301 Dei
1509 2245 1603 2301 valeat
1631 2245 1723 2301 ocutis
1746 2258 1867 2315 ¹appare

1017 2331 1069 2386 re‘l
1084 2330 1112 2386 Si
1126 2347 1180 2402 ego
1194 2332 1345 2387 bominum
1361 2333 1499 2388 minimus
1515 2335 1544 2388 in
1556 2333 1672 2403 publico
1687 2332 1745 2389 tate
1760 2332 1866 2403 aliquid

1018 2419 1185 2488 proferrem,
1209 2420 1354 2476 auditores
1374 2420 1492 2477 forsitan
1518 2421 1572 2476 mei
1593 2436 1651 2476 non
1667 2420 1750 2477 tacite
1771 2421 1865 2477 crede·

1018 2515 1082 2563 rent
1105 2509 1184 2579 quod
1213 2509 1348 2578 inaniter,
1377 2518 1428 2566 ant
1453 2511 1513 2566 sine
1544 2510 1735 2580 intelligentia
1770 2509 1867 2566 latenti

1018 2596 1072 2650 ista
1087 2605 1282 2653 contexerem.
1296 2598 1354 2653 Etsi
1375 2612 1429 2669 ego
1444 2599 1554 2654 nullius
1576 2606 1626 2654 ant
1648 2598 1801 2670 gravitatis
1820 2604 1868 2654 ant

114 2685 480 2758 prosperabunturomnia,
505 2685 626 2741 deducet
645 2685 722 2740 euim
746 2700 814 2741 enm
844 2685 964 2741 mirabi-
1018 2684 1153 2739 momenti
1171 2684 1207 2740 ab
1230 2685 1377 2756 aliquibus
1400 2687 1469 2741 tanti
1494 2687 1613 2756 pendor,
1633 2693 1664 2742 nt
1690 2687 1781 2743 verba
1808 2701 1867 2742 mea

113 2775 178 2833 liter
191 2776 310 2832 dextera
325 2789 388 2830 sua.
410 2774 459 2828 His
480 2773 643 2829 excurrisse
668 2787 719 2842 per
741 2788 890 2830 excessum
907 2774 965 2830 snt·
1017 2773 1146 2840 expertia
1157 2773 1290 2843 ponderis
1306 2789 1363 2829 non
1382 2789 1443 2830 esse
1472 2783 1619 2844 putentur,
1646 2776 1737 2831 Deum
1762 2775 1868 2845 poteri-

1017 2857 1209 2917 tisaestimare
1228 2863 1406 2930 choraulam,
1438 2871 1470 2918 nt
1497 2864 1573 2919 dicta
1595 2864 1673 2919 illins
1696 2864 1867 2934 garrulitate

983 2956 1181 3039 Gvanescant.
1209 2951 1320 3014 Quanto
1350 2949 1440 3022 igitur
1466 2951 1601 3007 bumanae
1633 2951 1732 3008 miuus
1765 2952 1866 3009 rationi

114 2863 203 2920 tlciat.

433 2932 549 2989 CAPUT
569 2932 645 2989 Vlll.

149 3039 221 3094 Ecce
248 3036 345 3103 habes,
388 3035 589 3105 impurissime,
613 3036 765 3106 propbetas
800 3044 875 3104 tuos,
907 3037 962 3092 imo
1017 3035 1133 3106 eloquia
1159 3037 1257 3093 divina
1277 3038 1462 3107 concordant,
1488 3048 1566 3096 tauto
1590 3039 1682 3111 magis
1709 3040 1866 3111 subtilitate

114 3141 165 3198 per
180 3126 272 3181 Deum
291 3125 349 3181 tuis
367 3124 557 3180 observantiis
576 3123 726 3181 obviantes
739 3125 767 3179 in
788 3132 916 3194 tanturn,
931 3132 962 3181 nt
1017 3121 1272 3182 intellectualitatis
1285 3127 1457 3184 exuberant.

113 3213 287 3279 sacrificans,
312 3220 340 3268 ct
359 3226 459 3268 canem
483 3212 674 3268 excerebrans
690 3213 796 3282 pariter
816 3212 962 3268 conteran·
1053 3213 1226 3283 Resipiscite,
1246 3215 1315 3271 victi
1336 3223 1413 3271 tanto
1436 3217 1666 3273 testimoniorum
1685 3231 1721 3273 ac
1751 3218 1863 3275 testium

114 3310 172 3359 tur.
188 3300 260 3367 Quid
277 3299 346 3355 mibi
366 3314 431 3355 sues
447 3299 588 3370 grunnire
613 3308 688 3370 tuas,
710 3304 737 3355 et
761 3299 872 3370 lepores
891 3301 961 3355 stri·
1017 3317 1122 3373 aggere
1137 3304 1266 3372 tandem;
1278 3312 1305 3359 et
1324 3318 1411 3360 carne
1430 3305 1559 3361 discussa
1583 3314 1690 3362 sanotae
1720 3306 1865 3363 interturi-

114 3391 181 3447 dere
201 3387 289 3444 tacis?
312 3386 384 3454 Quid
408 3401 459 3442 ora
478 3387 665 3455 ruminantia,
691 3396 718 3443 et
741 3389 892 3456 divisiones
916 3402 961 3444 re·
1017 3393 1084 3446 tatis
1106 3399 1195 3446 estote
1219 3406 1345 3461 capaces.
1374 3395 1468 3448 Venite
1490 3408 1556 3450 cum
1571 3394 1641 3450 Osee
1664 3396 1820 3465 propbeta,
1843 3399 1865 3448 et

114 3476 204 3547 plicas
218 3474 407 3547 ungularum,
433 3474 483 3545 qui
508 3476 685 3545 ponttuetum
703 3484 730 3532 et
756 3476 904 3546 ternplum,
928 3476 962 3532 dc
1015 3481 1230 3535 reuertamurad
1254 3496 1331 3548 eunt,
1348 3496 1434 3552 quem
1449 3496 1501 3539 vos
1513 3483 1595 3553 sequi
1625 3492 1762 3552 putantes
1782 3483 1866 3539 druu-

113 3564 221 3634 qnibns
235 3571 299 3620 totae
316 3571 372 3619 tnae
389 3563 459 3633 legis
479 3563 553 3618 vires
577 3566 738 3633 eritergnnt,
760 3571 787 3618 et
804 3564 831 3617 in
855 3563 962 3633 qnibns
1018 3568 1084 3639 gitis
1098 3571 1250 3636 bornicum,
1265 3573 1331 3639 quia
1354 3573 1440 3640 ipsea
1458 3571 1556 3628 seculi
1577 3573 1697 3642 origine,
1721 3572 1865 3642 pradesti-

112 3652 176 3724 ejus
198 3658 329 3707 versatur
359 3650 487 3717 intentio,
520 3650 591 3706 adeo
619 3651 829 3707 evidentissime
864 3651 962 3706 videas
1017 3658 1142 3725 natione,
1159 3659 1438 3727 etprornissionibns
1452 3663 1521 3729 cepit
1536 3666 1564 3716 et
1580 3661 1609 3716 iu
1629 3660 1686 3716 bne
1706 3668 1865 3730 uittpornm

113 3737 380 3805 adnullaritQuam
400 3737 457 3792 vim
472 3745 567 3807 putas,
596 3738 797 3808 intelicissime,
827 3740 962 3795 babitnra
1017 3745 1158 3817 passionis
1178 3760 1238 3801 sutae
1258 3746 1409 3803 etdcientia
1431 3763 1482 3804 nos
1510 3749 1641 3817 salvabit,
1670 3753 1815 3820 percutiet,
1840 3748 1865 3804 id

112 3833 180 3883 sunt
208 3825 308 3881 intima
338 3825 476 3887 membra,
512 3826 562 3881 ubi
589 3834 675 3895 eaput
713 3826 865 3896 precisum
900 3826 961 3883 est‘l

113 3914 238 3979 Exaudi,
255 3913 278 3967 si
295 3913 392 3968 miuus
406 3913 501 3968 adbuc
521 3914 626 3970 babeas
645 3916 712 3970 binc
731 3915 856 3983 testium,
883 3915 961 3985 quod

113 4002 247 4071 superius
267 4001 352 4070 paulo
367 4000 470 4056 libasse
496 4001 639 4058 videmur.
664 4003 806 4073 Loquitur
826 4005 901 4059 Deus
931 4005 960 4059 in

113 4090 188 4144 lsaia
215 4102 280 4144 cnm
311 4087 462 4157 rejectione
497 4091 658 4146 carnalium
700 4091 862 4160 spiritualia
886 4092 961 4148 bona

113 4176 308 4232 consciscens:
340 4177 385 4230 Aut
412 4193 500 4246 quem,
528 4179 632 4250 inquit,
661 4182 814 4248 respiciam,
843 4182 900 4234 uisi
924 4181 961 4234 ud

1016 3842 1058 3892 est
1073 3835 1237 3890 animarum
1254 3843 1418 3891 nostrarum
1435 3836 1572 3892 doctrinis
1597 3837 1679 3893 nobis
1704 3838 1867 3908 potentibus

1015 3923 1138 3979 vulnera
1152 3923 1266 3992 pandet.
1283 3924 1434 3979 Percussus
1452 3924 1577 3995 deniqne
1596 3940 1708 3994 cruore,
1734 3935 1762 3982 et
1788 3926 1867 3982 latire

1016 4025 1118 4068 curare
1133 4025 1191 4066 non
1212 4010 1331 4068 dilieret.
1361 4014 1516 4081 Viuificuutt
1536 4029 1584 4068 rios
1605 4019 1668 4083 post
1691 4015 1760 4070 duos
1788 4016 1864 4069 dies:

1015 4104 1044 4154 iu
1056 4101 1113 4154 dies
1133 4103 1214 4154 tertia
1232 4101 1373 4155 suscitabit
1387 4117 1454 4156 uos:
1475 4108 1500 4155 ct
1521 4104 1640 4156 sinemus
1669 4106 1698 4157 iu
1725 4109 1865 4174 corispectu

1016 4190 1092 4258 ejus:
1112 4191 1236 4256 sciemus,
1265 4203 1459 4259 sequemurque
1485 4196 1515 4244 ut
1542 4207 1733 4263 cognoscemus
1772 4195 1866 4248 Domi·

113 4267 240 4320 humilem
263 4268 288 4319 et
305 4268 450 4320 contritum
468 4269 607 4335 spiritum,
630 4274 655 4322 et
682 4274 835 4323 trementem
863 4284 960 4324 sumu
979 4257 1086 4330 Dvarim.
1116 4275 1201 4341 Quasi
1228 4277 1376 4331 diluculum
1395 4285 1568 4348 preparatus
1589 4287 1630 4335 est
1652 4297 1777 4349 egressus
1809 4282 1865 4352 ejus

113 4369 159 4408 ucs
180 4353 273 4409 meos?
298 4354 351 4419 Qui
374 4356 496 4409 immolet
518 4357 617 4423 bouem,
636 4359 716 4425 quusi
743 4359 792 4427 qui
812 4358 960 4424 interficiet

112 4445 203 4498 uirum
209 4457 218 4512 3
232 4444 280 4512 qui
294 4448 395 4496 muclat
404 4458 494 4512 pecus,
511 4446 593 4512 quusi
614 4448 663 4511 qui
677 4444 826 4498 eucerebret
850 4460 958 4512 curiem3

113 4534 162 4601 qui
184 4531 263 4600 offert
288 4532 457 4597 ablutionem,
483 4534 564 4600 quusi
590 4534 639 4602 qui
668 4535 826 4599 surtpuiuem
848 4536 960 4589 suillum

112 4621 224 4690 ufferut3
250 4622 299 4690 qui
321 4620 481 4674 recordatur
505 4622 603 4687 tlturis,
635 4624 717 4690 quusi
745 4626 793 4691 qui
823 4625 960 4677 bettcdieut

112 4709 184 4765 idolo
199 4708 279 4780 (lsai.
297 4723 372 4775 cxvi,
386 4711 412 4774 2,
433 4712 469 4775 3).
492 4707 545 4764 Sed
570 4709 663 4765 dicis:
684 4711 764 4766 Certe
787 4713 885 4782 negari
902 4726 959 4768 non

112 4805 204 4867 potest
225 4797 297 4867 quin
319 4799 394 4852 bens
417 4810 536 4866 porcum
570 4798 667 4852 mandi
702 4802 838 4870 vetuerit3
864 4800 958 4870 plano,

113 4887 242 4956 inquam,
261 4899 318 4941 non
343 4885 439 4941 minus
458 4893 569 4941 constat
593 4888 663 4957 quia
688 4895 787 4944 tauros
805 4896 832 4945 et
857 4888 960 4945 arietes

112 4982 140 5031 ot
162 4981 279 5029 ceteros
302 4972 456 5029 sacrificari
485 4975 658 5044 preceperit.
686 4976 804 5046 baecque
832 4989 960 5046 postmo-

111 5060 183 5116 dnm
196 5060 383 5130 oreproprio,
414 5068 444 5117 nt
470 5075 507 5116 ex
523 5063 667 5132 prophetis
687 5064 780 5131 audis,
801 5065 882 5119 irrita
902 5065 959 5119 dn-

111 5149 197 5204 xerit.
227 5148 280 5204 Sed
311 5149 429 5205 torsitan
461 5151 599 5206 sacrificio
629 5153 793 5222 teniploqne
827 5152 958 5221 repulsis,

111 5248 265 5306 porcorum
275 5237 414 5293 carnibus
427 5237 570 5294 abstinere
585 5240 793 5309 praeponderat.
813 5239 840 5295 Si
865 5242 960 5310 poroi-

112 5335 219 5379 narum
233 5325 364 5379 carnium
381 5338 462 5380 esum
478 5326 569 5393 nobis,
584 5326 692 5396 quibus
708 5328 747 5383 nil
768 5327 883 5397 jussum
907 5337 958 5397 est,

111 5408 291 5480 improbatis,
308 5410 435 5467 timbrias
447 5413 649 5482 hyacinthinas
664 5415 693 5470 in
716 5424 843 5485 tqttatuor
856 5417 959 5487 pallio-

110 5512 178 5557 rum
192 5504 355 5571 vestrorum
371 5500 488 5569 angulis
507 5514 599 5571 quare
621 5517 678 5559 non
699 5504 797 5561 tertis?
810 5506 863 5571 Qui
878 5520 958 5563 suem

1013 4365 1086 4434 (ose.
1096 4379 1135 4431 vr,
1154 4365 1224 4433 1-3),
1242 4374 1295 4420 etc.
1316 4365 1368 4420 Sed
1395 4367 1438 4422 bis
1458 4366 1643 4436 sntticientcr,
1666 4377 1697 4425 ut
1717 4377 1862 4441 putamus,

1014 4452 1125 4522 edictis,
1140 4452 1197 4508 alia
1208 4467 1427 4524 prosequamur.

1345 4544 1460 4600 CAPUT
1481 4545 1530 4599 tx.

1049 4633 1232 4698 Constitutttur
1266 4633 1355 4687 iudei
1389 4636 1578 4689 insimulantes
1613 4635 1783 4692 Christianos
1810 4636 1865 4690 ido

1013 4721 1188 4774 101111νὶ3».-
1215 4721 1354 4790 impetitis
1371 4736 1422 4778 nos
1443 4724 1528 4778 etiam
1555 4724 1631 4790 qum
1652 4724 1786 4780 crncitlxi
1808 4725 1864 4780 lio-

1014 4808 1083 4863 mini
1100 4808 1166 4863 lesu
1181 4808 1331 4879 imagines,
1346 4810 1390 4865 vel
1403 4811 1456 4881 ipsi
1462 4826 1494 4866 ns
1508 4812 1602 4867 crucis
1627 4812 1739 4883 liguum
1763 4815 1864 4869 adorc-

1015 4910 1090 4962 tnns,
1115 4903 1148 4952 ut
1177 4897 1265 4953 veluti
1297 4898 1448 4969 cuiusdam
1473 4900 1641 4956 idololatriae
1680 4901 1862 4970 insimulatis,

1014 4981 1097 5052 qnasi
1122 4983 1232 5052 quoda
1257 4993 1353 5039 vestra
1376 4993 1484 5041 constet
1512 4985 1573 5056 lege
1596 4987 1786 5056 prohibitum.
1810 4988 1864 5045 Nus

1013 5076 1129 5126 econtra
1161 5070 1270 5126 nilnisi
1288 5073 1376 5141 ipsam
1396 5074 1444 5128 bei
1466 5074 1657 5130 substantiam
1687 5076 1864 5131 adorandam

1013 5157 1148 5213 ducimus
1166 5160 1241 5215 :etsi
1267 5159 1366 5232 aliqua
1388 5161 1550 5219 extrinseca
1572 5165 1704 5219 venerari
1731 5164 1864 5235 perspici·

1015 5259 1090 5313 mur,
1109 5260 1165 5302 non
1182 5247 1210 5302 id
1223 5248 1302 5318 quod
1317 5248 1432 5305 videtur
1446 5250 1575 5317 colimus,
1594 5253 1642 5308 sed
1658 5268 1724 5323 quu-
1738 5268 1776 5309 ex
1798 5255 1864 5309 visis

1014 5333 1186 5405 colligimus.
1218 5335 1299 5392 Certe
1328 5336 1442 5393 Natban
1473 5341 1610 5408 propbeta
1643 5341 1732 5398 liavid
1769 5357 1862 5414 regern

1014 5436 1066 5492 pro
1093 5422 1244 5480 Salomone
1275 5433 1374 5495 petens
1405 5427 1481 5497 apud
1508 5442 1558 5484 vos
1592 5429 1728 5486 adorasse
1761 5432 1864 5503 legitur

1015 5510 1074 5580 (111
1084 5512 1149 5578 lieu.
1165 5526 1184 5580 r,
1200 5511 1257 5582 23),
1276 5513 1378 5584 inquo
1393 5515 1503 5585 aliquid
1524 5531 1591 5572 enm
1616 5517 1779 5577 divinitatis
1799 5534 1863 5577 seu·
