3818 6008
506 271 552 327 DE
573 271 654 327 vira
673 271 741 326 SUA
760 269 853 328 hictu
875 273 1099 328 runs-hill.
1119 275 1155 330 lt.
1653 281 1704 333 ete

78 408 121 457 est
148 407 257 467 secuta,
274 400 330 455 lieo
352 414 464 469 pieriam
481 399 638 469 dillerente,
655 401 800 471 prosperi·
818 406 841 457 Α
855 403 916 474 regi
929 403 1065 459 universa
1080 403 1198 470 remisit,
1214 403 1323 474 quibus
1337 404 1425 461 trium
1447 406 1506 478 jam
1524 420 1575 477 per
1588 420 1703 464 succes-

858 490 966 548 sionem
1000 492 1199 571 episcoporum
1238 491 1357 549 eeclesia
1389 498 1476 563 earet,
1507 503 1703 567 perpetuoque

295 578 410 636 CAPUT
429 579 466 635 il.
858 578 977 636 tortasse
991 578 1110 636 carebit.
1126 580 1208 638 Unde
1232 580 1338 637 iactum
1364 589 1407 639 est
1425 587 1457 639 ul
1476 585 1641 656 omnesqui
1656 598 1703 641 se-

56 665 219 722 Helinondo
240 664 341 720 itidem
365 666 509 739 episcopo.
534 697 564 708 -
596 665 640 739 (ι’)
664 667 804 724 Praeterea
857 667 953 724 euturi
967 675 1036 724 sunt
1049 667 1195 739 episcopos
1210 669 1300 740 hujus
1319 670 1452 727 Simooiie
1473 671 1634 742 participes,
1650 674 1703 730 sie·

56 755 135 812 ,ndus
144 756 190 810 vir
198 753 356 811 admodum
366 754 500 825 pauperis
512 755 627 824 domus,
642 761 670 812 et
682 755 804 813 obscure
857 762 890 812 ut
906 755 976 812 mihi
993 756 1116 821 videtur,
1143 756 1251 827 iecerit,
1265 758 1316 828 qui
1332 758 1519 829 praesulatum
1536 766 1617 817 ιιιιιι
1631 762 1703 833 regii

56 843 134 912 titus,
161 843 323 901 litteratura
351 844 506 914 pertenuis,
531 851 559 901 et
583 858 706 916 persona
735 846 803 900 satis
857 842 1143 901 metusadectatione
1172 844 1336 916 suscipiunt
1366 856 1398 904 ut
1426 856 1553 918 repetere
1575 863 1703 907 nonau-

76 946 143 990 cum
167 947 217 1004 per
236 932 367 989 notitiam
397 931 525 989 Gualteri
543 931 655 989 comitis
681 932 803 990 senioris
856 929 953 999 deant,
980 945 1046 1002 quae
1067 929 1114 987 ille
1148 939 1180 987 nt
1204 933 1355 1004 episcopus
1390 934 1469 992 lieret
1499 935 1703 992 damnabiliter

56 1023 172 1089 arensis,
197 1021 232 1077 de
256 1020 341 1092 eujus
362 1021 499 1077 comitatu
514 1021 631 1091 gerebat
648 1019 800 1092 originem,
857 1019 1019 1075 indulsit.ls
1032 1030 1284 1078 cumexsorsesset
1298 1022 1584 1082 totiusalieotionisin
1600 1025 1701 1093 Deum

56 1110 129 1167 ‚liant
145 1109 293 1167 haduardi
313 1107 380 1182 [cl.,
398 1108 536 1180 Eduardi]
554 1109 712 1181 anglorum
726 1110 803 1180 regis
855 1115 883 1164 et
896 1107 990 1164 omnis
1003 1107 1029 1163 ei
1044 1107 1196 1182 frugalitas
1211 1124 1245 1166 ac
1262 1111 1361 1183 religio
1379 1121 1451 1169 esset
1471 1112 1604 1181 ludibrio,
1619 1121 1651 1170 ut
1673 1114 1701 1170 iu

56 1199 117 1257 isset
132 1203 218 1269 (uxor
239 1199 315 1254 enim
332 1212 387 1254 sua
400 1211 466 1254 cum
485 1197 734 1268 predictoconiite
747 1197 802 1255 sibi
857 1196 1077 1267 garrulitatibus
1106 1205 1134 1254 et
1169 1197 1284 1255 lascivis
1302 1199 1482 1257 sermonibus
1510 1199 1605 1270 palam
1633 1199 1703 1256 toret

56 1286 196 1344 itudinem
223 1285 320 1342 neseio
355 1299 444 1356 quam
476 1285 606 1357 crearat),
636 1284 803 1357 capellanus
855 1283 934 1340 omui
952 1298 1055 1342 scurra
1069 1288 1098 1342 et
1113 1286 1251 1343 choraula
1266 1286 1398 1354 deterior,
1424 1295 1575 1358 empcrnnt
1599 1286 1703 1345 diebus

56 1375 99 1443 rit,
111 1383 139 1432 et
160 1375 230 1446 quia
259 1374 426 1431 Francieaot
441 1373 611 1446 elegantiam
629 1382 720 1432 norat.
747 1376 804 1431 An·
855 1371 919 1442 cius
937 1372 1140 1430 destructionis
1159 1373 1240 1431 urbis
1262 1374 1341 1430 illius
1354 1383 1383 1430 et
1404 1374 1587 1432 ecclesiarum
1617 1384 1704 1447 atque

75 1463 173 1521 illaad
190 1464 367 1520 Francorum
383 1478 479 1535 regem
490 1463 645 1519 Henrioum
671 1477 804 1520 eumsee·
857 1461 943 1518 totius
974 1463 1129 1532 provinciae
1158 1463 1320 1519 occasiones
1347 1477 1502 1534 emergere,
1538 1461 1647 1535 quibus
1676 1469 1704 1520 et

56 1551 222 1609 destinabat.
252 1551 324 1609 Cum
349 1565 407 1622 quo
423 1565 499 1622 rege,
527 1550 576 1621 qui
592 1550 716 1607 mullum
741 1557 803 1607 erat
856 1549 976 1621 contigit
994 1564 1063 1606 eum
1081 1551 1178 1607 exitus
1197 1565 1254 1606 nen
1268 1551 1398 1607 salubres
1413 1550 1529 1607 hahere.

56 1654 89 1709 ts,
109 1647 138 1696 et
165 1640 382 1710 episcopatuum
419 1639 631 1697 venditionibus
659 1647 800 1709 assuetus,
891 1637 1088 1711 [algelrannus
1116 1637 1252 1696 &clanis
1275 1638 1369 1694 melta
1392 1638 1519 1703 confert,
1542 1653 1642 1695 oerum
1653 1655 1705 1695 ne-

56 1728 108 1786 imi
122 1728 352 1786 lenocinantibus
361 1729 456 1785 xeniis
469 1727 538 1800 egit,
561 1736 592 1786 ut
616 1729 640 1785 si
656 1728 800 1800 quispiam
820 1702 1003 1798 Bpotissimis
1018 1726 1183 1782 libidinibus
1197 1726 1360 1782 immersus.
1381 1728 1477 1782 chre
1488 1726 1639 1788 Godetridi
1651 1743 1701 1782 co·

56 1829 155 1887 porum
170 1816 297 1873 Francia}
312 1816 468 1884 decederet,
487 1816 700 1887 pontificalibus
722 1815 802 1873 iulu—
854 1813 935 1871 milia
946 1815 1289 1884 Nemorensisabuliier,
1300 1815 1445 1872 simulans
1458 1815 1555 1888 ipsum
1564 1815 1595 1871 ia
1604 1815 1705 1872 mutri-

56 1918 76 1961 tc
97 1905 271 1963 succederet.
296 1906 323 1961 ls
344 1905 468 1961 enimin
493 1905 650 1975 capellania
672 1906 749 1976 regis
769 1919 803 1962 ae
856 1903 985 1960 moniam
1008 1903 1131 1960 amare.
1156 1935 1191 1944 —
1213 1903 1286 1961 Nam
1306 1905 1425 1977 quidam
1439 1905 1503 1974 ejus
1517 1904 1706 1976 cognominus

56 2006 65 2049 ι
87 1991 207 2063 positus,
221 1991 360 2063 qnoniam
376 1990 478 2062 anglia
492 1990 612 2047 infinitis
625 2005 658 2048 ee
676 1998 803 2061 tempore
858 1989 903 2063 (ι’)
932 1992 1124 2065 ingelrannus
1149 1993 1256 2050 scilieet
1286 1993 1436 2051 Botnensis
1460 1991 1563 2065 [vulgo
1589 1992 1701 2064 Boeeel,

56 2086 77 2137 tt
93 2080 207 2151 opibus,
223 2079 330 2136 multos
344 2079 533 2150 pecuniarum
547 2083 657 2136 montes
670 2093 802 2150 aggesse·
858 2080 984 2151 plurima
996 2081 1049 2139 sihi
1063 2082 1313 2154 consanguinitate
1327 2081 1433 2151 ailinis,
1449 2082 1493 2138 vir
1503 2080 1558 2139 luit
1568 2082 1702 2153 equidem

56 2183 87 2226 co
101 2168 245 2225 arridente
255 2168 280 2224 ei
295 2168 414 2237 pratata
430 2167 616 2239 largitionum
631 2181 730 2236 causa,
746 2181 804 2223 t'ox
857 2169 1014 2227 admodum
1041 2170 1177 2236 liberalis,
1204 2170 1304 2241 largus
1322 2178 1350 2227 et
1364 2170 1491 2241 dapsilis,
1516 2170 1704 2228 reverentiam

56 2255 105 2313 tud
120 2255 276 2312 Henricum
292 2269 387 2326 regem
406 2255 582 2312 exaudibilis
595 2263 666 2312 erat.
680 2254 761 2323 Quod
775 2263 803 2313 et
857 2259 1064 2328 permaximam
1089 2258 1378 2330 ntunilloentiamque
1406 2267 1546 2329 praestans
1567 2259 1704 2327 eeclesiis,

56 2353 143 2402 test:
165 2344 305 2401 Lauduuo
319 2345 396 2400 enim
410 2345 551 2411 invectus,
569 2346 639 2416 quia
652 2359 710 2402 non
724 2344 802 2402 aesti-
857 2346 1021 2419 inquibus
1051 2347 1195 2404 duntaxat
1230 2347 1399 2419 religionem
1424 2347 1524 2404 haberi
1556 2347 1706 2415 didicerat,

56 2448 81 2492 se
96 2441 258 2505 parentum,
275 2447 334 2489 non
352 2432 477 2490 scientia
501 2432 662 2490 litterarum
679 2447 710 2490 se
730 2432 802 2490 vali·
858 2431 930 2489 alias
942 2440 1036 2490 autem
1048 2434 1140 2489 amori
1154 2433 1277 2490 femineo
1290 2434 1362 2490 adeo
1376 2434 1491 2491 deditus
1508 2442 1538 2491 ut
1554 2449 1704 2507 quascun-

69 2521 198 2594 putabat,
219 2520 418 2591 inopulentia,
435 2536 501 2591 quae
520 2521 647 2591 plurima
667 2528 803 2592 suppeto·
859 2535 916 2592 que
941 2520 1017 2577 eirea
1044 2535 1075 2578 se
1100 2530 1151 2578 aut
1177 2522 1287 2579 debitas
1318 2529 1370 2579 aut
1398 2524 1549 2579 usurarias
1572 2522 1708 2580 mulieres

56 2617 176 2681 tquam
212 2608 376 2666 cautissime
405 2609 570 2680 dispensare
597 2609 744 2680 didicerat,
776 2617 804 2667 et
856 2611 1066 2680 haberet,nihil
1082 2626 1154 2683 pene
1168 2612 1373 2683 laceret,quod
1387 2612 1412 2668 ei
1427 2613 1594 2670 earumdem
1622 2621 1708 2683 petu-

56 2700 118 2755 ltate
133 2712 197 2769 spes
212 2697 315 2754 luerat.
859 2699 948 2755 lautia
968 2698 1120 2756 dictitaret.
1139 2700 1165 2755 ls
1185 2699 1276 2770 igitur
1294 2714 1361 2758 cum
1376 2701 1406 2756 in
1422 2701 1573 2758 sortiendis
1601 2701 1705 2758 matri-

56 2787 197 2845 trnandas
213 2786 302 2857 igitur
316 2794 344 2844 et
358 2787 534 2844 extruendas
562 2801 592 2844 sc
606 2785 706 2845 vertit*
717 2786 805 2845 eccle
858 2785 961 2843 moniis
973 2785 1182 2845 infortuniosus
1199 2796 1284 2857 esset,
1299 2802 1350 2858 per
1370 2796 1486 2846 exteras
1509 2789 1608 2862 vagari
1633 2790 1708 2847 inei-

56 2881 147 2935 teum
164 2877 315 2946 multapro
329 2876 385 2932 lieo
399 2876 547 2933 videretur
568 2875 671 2947 lacere,
686 2876 804 2934 eviden-
859 2875 948 2946 piens,
972 2874 1126 2946 eujusdam
1157 2875 1271 2947 cognati
1297 2875 1343 2932 sui
1376 2875 1488 2933 comitis
1521 2878 1708 2934 Nemorensis

56 2977 67 3020 ι
87 2969 184 3022 umen
208 2963 294 3020 dabat
316 2963 424 3021 indicia
444 2978 474 3020 se
500 2963 574 3020 solos
597 2963 663 3021 inde
682 2964 802 3034 favores,
823 2963 957 3057 Cfurtim
976 2962 1031 3020 sibi
1055 2963 1192 3020 conscivit
1227 2977 1366 3034 uxorem3
1394 2965 1481 3034 clam,
1506 2979 1605 3036 quam,
1635 2966 1709 3022 solli·

58 3049 183 3109 nominis
199 3049 394 3107 dilatationem
421 3049 535 3106 inbene
550 3050 637 3121 gestis
658 3064 801 3122 quaerere.
857 3050 974 3108 citatam
1011 3051 1040 3106 iu
1077 3050 1229 3121 propatulo
1265 3050 1319 3107 sibi
1349 3052 1518 3122 nuptialiter
1544 3053 1706 3124 conjunxit.

56 3137 109 3195 lam
130 3138 191 3210 ipse
204 3138 316 3195 artibus
334 3138 502 3194 Remenscm
527 3138 804 3209 archiepiscopatum
857 3139 949 3208 Quam
963 3139 1195 3210 conjunctionem
1212 3139 1363 3210 multipiici
1376 3141 1559 3198 anathemate
1585 3141 1703 3199 addem-

56 3235 70 3295 ι,
96 3241 183 3299 quem
207 3240 273 3284 eum
289 3226 456 3297 dilapidatis
482 3241 679 3299 penesregem
696 3227 803 3298 Philip·
858 3236 966 3296 natam,
1008 3227 1196 3285 conciliorum
1237 3228 1475 3286 detestationibus
1514 3229 1708 3294 maledictam,

56 3315 201 3372 hominem
217 3315 248 3371 in
269 3313 318 3371 lici
338 3314 425 3372 rebus
449 3315 674 3384 venalissimum,
692 3315 806 3387 magnis
858 3316 934 3374 laeili
950 3323 1073 3387 uterque
1086 3315 1205 3372 instanti
1216 3316 1327 3388 llagitio
1344 3316 1536 3387 abjurassent,
1560 3318 1614 3375 nisi
1636 3333 1709 3390 pree·

56 3418 91 3462 ns
122 3403 238 3461 biennio
256 3402 437 3471 obtinuisset,
472 3403 628 3460 abomino
647 3417 720 3475 papa
757 3404 803 3473 ιι)
857 3404 948 3461 latum
963 3404 1141 3475 episcopum,
1158 3413 1185 3460 et
1197 3404 1293 3460 mariti
1308 3405 1556 3477 consanguinitas,
1573 3413 1600 3462 et
1625 3405 1710 3462 lemi-

59 3498 80 3561 ι,
95 3491 166 3564 quia
185 3505 306 3548 uxorem
323 3491 390 3562 quis
414 3490 533 3560 habens,
557 3491 677 3547 alteram
700 3504 804 3561 snper·
858 3506 903 3548 nte
926 3491 1072 3549 adulantis
1097 3491 1234 3548 dolositas
1261 3491 1459 3549 mollivissent.
1479 3491 1548 3559 Quae
1577 3493 1710 3550 mollities

56 3594 290 3652 trenequaquam
302 3579 399 3651 possit.
416 3579 581 3636 Consulenti
597 3580 680 3650 plane
689 3578 805 3636 cuidam
857 3586 1005 3650 tantopore
1019 3578 1197 3635 adulterinos
1221 3577 1293 3635 levit
1308 3579 1460 3650 amplexus
1480 3587 1512 3636 nt
1528 3581 1605 3651 quod
1621 3595 1707 3652 gene·

56 3683 60 3699 t
84 3683 117 3727 eo
131 3669 268 3736 tenderet,
299 3667 381 3736 dixit,
402 3667 473 3738 quia
487 3668 510 3722 si
532 3666 619 3723 etiam
644 3681 719 3738 papa
744 3666 805 3723 lieri
858 3666 1063 3725 raliterluerat
1086 3666 1219 3738 ligatum,
1244 3667 1399 3738 palamque
1413 3670 1707 3738 excommunicatum,

73 3756 316 3827 haudquaquam
330 3753 534 3811 dissimularet.
858 3755 964 3812 iurtive
988 3753 1157 3810 absolveret.
1192 3754 1267 3812 Proh
1301 3755 1410 3825 pudori
1441 3764 1517 3813 certe
1551 3757 1569 3812 ii
1601 3758 1710 3828 quibus

56 3844 125 3917 gitur
136 3843 350 3915 qualiscunque
364 3850 415 3899 aut
429 3841 593 3904 ambitione,
605 3848 657 3898 aut
669 3854 805 3912 quacun·
858 3841 1068 3901 absolutionem
1082 3841 1185 3899 iactam
1207 3844 1383 3901 mendaciter
1398 3853 1539 3914 suaserat,
1556 3859 1709 3918 nunquam

56 3934 89 3990 lia
115 3932 306 4000 humanitate,
332 3930 409 4002 apud
428 3944 457 3987 se
483 3929 633 3997 exstiterit,
650 3930 680 3986 in
703 3929 757 3986 hoe
779 3929 804 3986 ei
859 3931 1004 3989 absolutos
1017 3945 1047 3987 se
1062 3931 1168 3989 ducere
1184 3940 1441 4003 praesumpserunt.

73 4021 192 4079 omnino
216 4021 411 4077 asservandus
432 4027 484 4086 est,
501 4018 579 4091 quod
594 4026 622 4075 et
644 4018 805 4076 libertatem
893 4019 1000 4092 Roget-i
1013 4019 1125 4076 comitia
1140 4021 1291 4076 Porcensie
1307 4021 1532 4094 filiolnuprerct
1555 4020 1711 4090 Godetrido

57 4109 91 4166 ie
118 4108 272 4181 magnifice
296 4108 386 4165 tuitus
403 4109 449 4170 sit,
476 4114 576 4164 ettam
592 4107 682 4177 ipsam
698 4108 804 4176 sedem,
858 4107 957 4165 comiti
968 4108 1157 4164 Nemorensi.
1175 4140 1208 4149 -
1236 4110 1345 4167 interea
1359 4110 1527 4182 quoniame
1543 4111 1640 4168 radice
1657 4124 1710 4168 co-

71 4197 243 4269 appeudlees
266 4197 329 4268 eius
342 4196 476 4253 ecelesias
491 4195 638 4253 uberrima
656 4195 806 4268 largitione
859 4197 936 4256 lubri
950 4197 1099 4270 egreditur
1117 4198 1238 4270 regulus
1254 4198 1338 4266 (lsai.
1352 4213 1412 4268 xrv,
1428 4199 1487 4270 ιθ),
1503 4199 1579 4255 mala
1604 4200 1712 4257 seilicet

56 4287 102 4344 xit.
127 4287 163 4342 lit
184 4285 304 4358 dignum
330 4292 392 4342 erat
415 4292 447 4342 ut
473 4291 594 4341 externa
607 4284 633 4341 ei
648 4285 723 4342 bona
735 4300 804 4356 sup·
824 4287 919 4352 plote
932 4293 1089 4356 erumpunt
1104 4285 1133 4341 in
1149 4286 1241 4358 pejus,
1267 4288 1385 4358 quantis
1406 4287 1561 4359 quisdicat
1579 4288 1635 4357 ille,
1660 4289 1712 4359 qui

57 4381 99 4442 nt,
116 4388 181 4446 quae
197 4373 225 4430 in
241 4373 607 4431 homiuicarumdomnum
622 4373 723 4431 decore
740 4386 805 4443 pro·
860 4388 984 4432 uxorem
997 4373 1147 4445 amiserat,
1169 4374 1328 4432 desaevierit
1350 4376 1478 4433 cedibus
1500 4376 1528 4431 in
1544 4378 1712 4432 Poreensem

56 4470 127 4520 rtur.
862 4462 1029 4521 comitatum
1040 4462 1054 4518 i
1067 4462 1140 4518 Filia
1156 4462 1239 4533 plane
1253 4461 1301 4535 (ιι)
1315 4464 1418 4537 Rogeri
1439 4464 1552 4521 comitis
1568 4462 1714 4520 Porcensis

294 4550 410 4608 CAPUT
425 4550 477 4606 lli.
865 4551 926 4608 haec
942 4550 1036 4608 iuerat
1063 4549 1237 4621 (extremum
1255 4551 1386 4609 videlicet
1417 4552 1523 4624 pignus
1548 4551 1634 4623 ejus),
1661 4551 1713 4623 qui

58 4637 235 4711 ingelranno
260 4637 402 4709 episcopo.
433 4639 640 4696 immanitates
673 4636 811 4694 Ecclesia
863 4639 1006 4697 abdicatis
1021 4638 1087 4695 liliis
1114 4652 1148 4695 ae
1163 4639 1287 4710 liliabus,
1301 4654 1374 4711 quos
1388 4654 1424 4696 ex
1448 4639 1620 4710 generosiori
1638 4638 1713 4696 mul·

56 4725 143 4783 ndcri
164 4724 243 4781 aicit.
274 4725 360 4781 Urbis
375 4725 576 4783 destructionis
588 4725 760 4797 coacescit.
777 4757 809 4768 -
864 4736 928 4785 tom
955 4741 1046 4784 uxore
1065 4727 1233 4796 sustulerat,
1261 4728 1338 4784 hanc
1363 4742 1399 4784 ex
1428 4727 1578 4787 mediocris
1601 4727 1715 4798 generis

56 4821 147 4883 xacto,
156 4815 293 4871 suecessit
307 4814 502 4886 ingelrannus
511 4815 556 4871 vir
570 4814 644 4872 siout
652 4814 809 4883 nobilitate,
866 4822 957 4872 matre
969 4820 1078 4883 natam,
1093 4814 1195 4886 primis
1210 4815 1385 4881 haeredibus,
1410 4830 1533 4873 noverea
1557 4815 1713 4884 insistente,

56 4902 154 4961 litteris
178 4908 253 4959 am
276 4903 312 4959 ad
334 4902 445 4973 praeiati
470 4903 595 4973 episcopi
619 4902 812 4974 comparatio-
864 4902 1001 4973 exclusis,
1017 4902 1195 4976 liotharingo
1211 4903 1251 4959 illi
1265 4902 1448 4972 Nemorensi,
1464 4902 1570 4959 scilieet
1585 4901 1636 4974 (ι’)
1658 4900 1716 4958 Go-

56 4991 156 5059 elarus,
171 4991 210 5049 ita
223 4991 258 5048 ad
271 4992 378 5048 tuenda
398 4991 467 5062 jura
482 4991 614 5048 Ecclesia
629 4990 658 5046 in
674 4991 739 5063 eius
752 4991 812 5049 eol-
865 4991 974 5050 delrido
1006 4991 1102 5049 comiti
1127 5007 1194 5048 eum
1215 5005 1268 5049 suo
1295 4991 1435 5048 comitatu
1461 4991 1589 5048 tradidit.
1614 4990 1716 5047 Marito

56 5079 258 5136 etelerrimus.
274 5078 347 5135 Nam
360 5079 484 5150 episcopi
506 5077 636 5136 redditus
660 5078 812 5149 quosdam,
866 5077 956 5150 igitur
971 5079 1047 5136 intra
1059 5079 1275 5152 Lotharingiam
1295 5078 1469 5151 quibusdam
1495 5079 1558 5137 suis
1587 5079 1717 5136 hostibus

61 5165 102 5222 illi
117 5165 177 5222 sedi
192 5165 328 5222 violentia
357 5165 436 5238 regia
450 5165 609 5238 aliquando
624 5165 812 5233 subduxerat,
867 5166 987 5236 intento,
1016 5181 1091 5224 uxor
1117 5175 1256 5238 praecepto
1287 5166 1377 5238 ipsius
1402 5168 1479 5237 apud
1501 5168 1631 5224 romum
1653 5166 1718 5223 Por-

57 5266 139 5323 prece
162 5252 495 5325 aomuneribusarege
515 5250 646 5323 Philippo
664 5252 813 5324 exegisset,
869 5269 951 5312 oense
976 5264 1104 5313 castrum
1139 5256 1239 5327 (vulgo
1276 5256 1421 5322 Peraean)
1447 5256 1626 5313 morabatur.
1653 5255 1718 5327 Cui,

56 5339 142 5399 aesia
157 5339 268 5398 reddita
284 5339 384 5396 litteris
406 5339 493 5411 regiis
515 5347 543 5396 et
558 5339 653 5411 sigillo
676 5339 814 5397 llelinan·
869 5357 936 5401 cum
952 5345 1050 5402 minus
1065 5357 1154 5416 quam
1178 5342 1294 5401 volebat
1322 5343 1417 5401 mariti
1434 5344 1562 5402 debitum
1586 5343 1717 5401 reddere-

56 5444 97 5488 ase
111 5429 262 5498 firmasset,
279 5425 654 5486 hicadsuilunestationem
670 5427 814 5493 introitus,
870 5437 929 5499 tur,
947 5438 1046 5488 utrum
1067 5430 1123 5487 alia
1143 5428 1188 5503 if,
1203 5428 1287 5504 alias]
1302 5447 1362 5489 sese
1389 5430 1573 5501 cohibuisset,
1595 5431 1647 5488 hoc
1662 5447 1721 5488 nno

56 5568 189 5636 tllrbauo
208 5570 245 5625 ll.
