3794 6008
113 213 180 268 tuti
635 207 690 261 ab.
711 207 787 262 ΟΡΡ.
809 206 885 260 VEN.
908 205 1075 263 ddlttttttrl
1096 208 1140 263 bu
1161 207 1356 264 solidando

109 345 332 410 verticularum,
355 347 387 396 ut
409 338 520 405 assolet,
545 345 608 408 post
624 351 720 393 rerum
746 335 912 393 discruuina
927 336 956 391 in
976 342 999 394 Δ
1050 342 1101 396 l‘er
1114 339 1188 397 idem
1204 348 1318 410 tempus
1331 340 1508 397 Francorum
1529 349 1639 412 sceptra
1654 345 1802 416 regnique
1811 362 1860 417 gn-

1802 217 1858 268 lata

18 420 21 425 ’
63 441 73 485 ’.
109 431 253 504 prosperis
279 428 459 485 successibus
485 426 601 482 animus
625 432 766 495 tepescere
784 425 954 486 milliorum,
1012 428 1168 485 bernacula
1196 429 1376 499 bagobertus
1399 429 1539 500 gestabat,
1567 431 1611 486 vir
1630 431 1781 502 imprimis
1805 448 1862 490 acer

110 524 144 578 de
174 521 327 576 liberorum
355 514 533 573 successione
564 514 730 585 cogitantes,
759 522 859 569 contra
886 519 953 567 aar
1011 515 1182 586 ingenio,et
1199 515 1392 585 principatum
1417 522 1516 572 tenens
1540 514 1599 589 lul,
1624 519 1798 590 principatu
1810 521 1862 576 cla-

111 608 414 680 puellaevoluntatem,
442 619 505 661 eam
534 603 648 660 cuidam
676 603 739 658 viro
767 603 956 672 generositate
1011 603 1124 673 rus],et
1139 616 1195 656 non
1220 600 1313 657 solum
1337 601 1403 658 lidei
1425 602 1492 672 jure
1510 603 1565 659 sibi
1586 605 1740 676 sublectis,
1767 622 1861 664 vernn

23 748 28 755 .
111 697 236 767 pediculi,
256 693 565 758 Ricbramnnnominc,
584 692 613 747 in
631 691 815 746 matrimonio
830 690 957 746 tradide-
1010 690 1096 745 etiam
1120 697 1286 746 exterarum
1305 689 1526 760 vicinarumque
1547 694 1677 762 gentium
1703 695 1788 750 larua
1810 711 1862 751 rne-

110 794 179 863 ruut
195 785 266 856 ;qui
288 784 334 840 vir
355 784 414 855 [ol.,
435 781 496 851 vix]
511 795 573 836 eam
590 780 703 836 dnobus
725 778 872 835 mensibus
891 778 957 848 jnrc
1012 779 1146 834 tuendus.
1171 779 1299 835 bletuens
1322 785 1419 834 autem
1447 780 1583 850 praeiatus
1606 782 1793 840 Gunduinus
1812 783 1862 857 [cl.,

109 873 283 930 matrimonii
295 868 957 940 liabens,humanisrebusexemptus,vitaqne
1012 867 1201 933 Rundoinusl,
1226 881 1260 922 ne
1281 867 1317 923 ob
1342 867 1430 924 liliam
1460 868 1533 926 iram
1556 871 1631 941 regis
1663 872 1864 942 saevitiamque

111 963 241 1034 privatus
256 967 306 1016 est.
1012 955 1182 1021 incurreret,
1203 969 1265 1010 eam
1282 955 1394 1022 acnlle,
1416 971 1475 1027 quo
1500 958 1540 1014 ire
1563 966 1665 1029 sponte
1687 959 1863 1024 decreverat,

55 1076 61 1094 ·
148 1051 197 1105 llis
209 1051 246 1105 ita
263 1048 422 1116 transactis,
436 1046 588 1102 Eustasius
609 1045 645 1101 ad
663 1043 826 1101 Luxovium
842 1056 958 1114 regres·
1012 1044 1184 1115 pedetentim
1202 1045 1331 1101 retraxit.
1357 1046 1420 1101 lam
1434 1047 1510 1102 euim
1525 1047 1627 1118 opinor
1641 1049 1709 1120 ejus
1732 1048 1773 1105 ad
1787 1063 1865 1106 aures

113 1154 162 1195 sus
177 1145 228 1211 est.
246 1136 352 1192 Deinde
379 1135 414 1191 ad
429 1135 590 1201 warascos,
614 1132 663 1204 qui
678 1140 788 1202 partem
810 1130 957 1202 Sequano·
1012 1132 1088 1204 regis
1101 1140 1281 1203 pervenerat.

110 1223 491 1297 rumprnvlnciae,etbuni
519 1225 577 1292 iol,
606 1220 717 1293 Duviil,
741 1220 958 1277 amnisduenta
1048 1221 1216 1279 Morabatur
1241 1221 1366 1292 denique
1394 1221 1492 1277 iisdem
1526 1224 1707 1293 temporibus
1741 1226 1774 1281 in
1806 1226 1865 1282 aula

108 1330 145 1371 ex
161 1323 284 1385 utraque
308 1313 371 1383 ripa
387 1311 526 1380 incolunt,
543 1310 653 1382 pergit;
671 1310 763 1380 quiet
787 1308 838 1379 ipsi
859 1309 958 1364 eodem
1013 1309 1140 1381 predicti
1165 1310 1304 1381 principis
1333 1310 1378 1366 vir
1409 1311 1528 1382 quidam
1557 1319 1708 1378 strenuus
1744 1314 1865 1370 consiliis

110 1403 235 1470 Bonosii,
256 1402 428 1472 Fontinique
450 1400 586 1457 maculati
605 1413 701 1455 errore
714 1413 824 1460 everso,
838 1397 897 1468 iam
912 1411 958 1453 se·
1013 1400 1098 1470 regiis
1117 1408 1227 1471 gratus,
1244 1408 1271 1456 et
1296 1401 1370 1456 inter
1391 1414 1458 1457 suns
1482 1400 1558 1456 lama
1571 1401 1800 1470 celeberrimus,
1825 1420 1864 1460 nn

110 1493 157 1548 nio
185 1494 243 1560 lul,
270 1505 330 1546 ntro
348 1490 408 1561 jaru
431 1488 521 1559 senesl
546 1488 738 1549 tabescebant.
761 1487 804 1542 Ad
826 1501 898 1557 quos
913 1486 959 1541 vir
1014 1488 1089 1544 mine
1104 1488 1263 1544 Blandiens
1288 1487 1345 1561 lul,
1371 1488 1552 1560 Rlaudinusl,
1570 1490 1620 1559 qui
1636 1501 1862 1561 cognomentum

109 1581 159 1636 Dei
186 1580 304 1635 veniens
329 1577 495 1649 evangelico
526 1590 651 1642 vomere,
682 1575 957 1645 scripturarumque
1013 1578 1084 1633 Raso
1099 1585 1256 1649 acceperat,
1275 1578 1325 1649 qul
1346 1585 1443 1647 utpote
1465 1585 1493 1634 et
1514 1579 1574 1648 ipse
1593 1592 1629 1634 ex
1646 1579 1862 1638 sicambrorum

109 1682 259 1725 sacrarum
273 1666 410 1730 cauterio,
425 1665 489 1721 licet
503 1679 559 1720 nou
576 1665 685 1735 absque
697 1663 793 1719 labore
807 1677 955 1727 exercens.
976 1639 997 1694 Β
1011 1667 1145 1736 prosapia
1159 1674 1239 1722 ortus
1260 1667 1455 1736 exspectabili,
1473 1667 1636 1737 praedictam
1664 1668 1860 1742 salabergam

109 1772 145 1812 ne
172 1770 252 1828 seges
282 1754 439 1820 nomiman,
468 1755 651 1810 crudescente
678 1753 771 1823 gleba,
798 1751 957 1808 sullocante
1010 1769 1068 1810 nou
1088 1755 1152 1826 ejus
1170 1762 1280 1824 sponte,
1303 1755 1374 1826 qnia
1392 1755 1565 1826 jamdudum
1587 1755 1700 1812 divinis
1716 1763 1861 1828 praecptis

108 1846 226 1911 zizania,
252 1844 281 1899 in
306 1856 413 1899 strenas
427 1842 585 1912 loliumque
600 1847 783 1904 accresceret,
801 1839 835 1894 ad
852 1845 957 1894 sanctae
1010 1853 1039 1894 se
1064 1839 1210 1909 implicare
1229 1846 1350 1895 noverat
1369 1840 1426 1910 lut,
1451 1837 1593 1913 voveratl,
1613 1840 1681 1897 licet
1699 1842 1804 1899 invitis
1821 1858 1860 1914 pa·

108 1931 242 1987 Ecclesiae
265 1931 407 2002 gremium
430 1929 585 1986 revocavit.
611 1929 663 1994 Oui
686 1930 836 1992 hactenus,
864 1927 956 1999 gralia
1010 1927 1150 1994 rentibus,
1167 1928 1246 1997 regio
1271 1936 1365 1984 tamen
1379 1928 1473 1998 jussu,
1488 1935 1517 1985 et
1534 1928 1571 1984 ob
1586 1929 1750 1986 liberorum
1770 1945 1860 2002 procu

108 2021 214 2076 divinae
230 2020 413 2090 aspirationis
427 2018 457 2074 in
479 2019 591 2087 eadem,
612 2032 700 2089 quam
718 2018 754 2074 ab
769 2031 802 2073 cn
821 2030 956 2087 percepe-
1010 2016 1169 2071 raudorum
1188 2029 1315 2084 cansam,
1334 2017 1461 2072 insnum
1477 2017 1597 2073 adscivit
1612 2019 1804 2090 conjugium.
1819 2020 1859 2076 So·

109 2116 188 2170 runt,
203 2098 304 2162 uornra
317 2112 512 2177 perseverant.
1009 2104 1084 2160 ciata
1099 2104 1195 2174 itaque
1210 2104 1272 2160 viro
1296 2111 1461 2171 memorato,
1487 2105 1550 2160 licet
1570 2105 1625 2161 sub
1637 2107 1710 2176 jure
1724 2109 1858 2179 conjugii,

145 2196 190 2251 Sic
203 2196 232 2251 tt.
248 2194 399 2251 Eustasius
414 2201 476 2264 post
487 2192 577 2249 multa
592 2207 688 2249 rerum
701 2192 877 2257 discrimina,
895 2197 957 2261 post
1009 2192 1172 2249 Christiana
1187 2199 1282 2248 lamen
1299 2193 1415 2263 utrique
1430 2194 1603 2250 exercebant
1618 2208 1721 2264 opera,
1738 2205 1770 2252 et
1783 2197 1859 2267 bapti

109 2285 221 2342 labores
248 2284 412 2350 immensos,
438 2288 499 2352 post
528 2281 727 2337 haereticorum
754 2281 831 2336 diras
846 2281 956 2350 procel·
1009 2281 1062 2336 smi
1077 2280 1263 2336 candidatum
1288 2280 1469 2337 devotissime
1493 2282 1659 2338 servabant.
1679 2284 1777 2345 Erant
1791 2287 1858 2341 enim

110 2373 160 2442 las,
191 2372 408 2443 agrestiumque
443 2370 690 2425 schismaticorum
728 2369 853 2434 fraudes,
890 2384 956 2438 qum
1010 2368 1163 2439 hospitales
1178 2376 1205 2424 et
1227 2370 1415 2440 eleemosynis
1436 2369 1534 2436 dediti,
1558 2371 1763 2443 maximeque,
1782 2375 1859 2445 juxta

110 2461 222 2531 plenius
238 2461 265 2516 in
282 2461 342 2515 suis
358 2459 443 2530 gestis
465 2459 659 2526 continentur,
685 2463 716 2513 ut
730 2457 824 2514 bonus
837 2457 954 2522 atbleta,
1010 2458 1040 2513 Β.
1058 2458 1179 2514 Paulum
1193 2459 1344 2529 egregium
1365 2459 1590 2528 praedicatorem,
1615 2460 1789 2518 domesticis
1805 2461 1853 2517 lide

108 2549 229 2605 summis
245 2546 517 2620 pollensmiraculis
532 2547 591 2602 vita
610 2546 692 2603 beata
716 2545 833 2602 iunctus
848 2544 956 2616 migra·
1009 2547 1084 2616 (Gal.
1113 2560 1151 2611 vr,
1179 2547 1233 2615 llll,
1259 2554 1286 2602 et
1318 2546 1486 2617 peregrinis,
1518 2547 1609 2603 servis
1632 2555 1734 2604 autem
1760 2550 1859 2605 Christi

107 2638 149 2695 vit
165 2637 201 2694 ad
225 2637 325 2701 Deum
352 2650 418 2692 cum
442 2649 542 2692 curam
566 2635 688 2690 fratrum
715 2640 777 2704 post
800 2634 953 2690 discessum
1008 2648 1126 2690 summa.
1143 2637 1325 2691 veneratione
1345 2635 1579 2704 obtemperantes,
1606 2634 1685 2692 illins
1708 2637 1859 2694 salvatoris

108 2725 237 2796 magistri
254 2724 345 2780 tribus
356 2738 412 2779 non
424 2737 525 2793 parum
537 2722 633 2778 minus
644 2722 762 2779 rexisset
772 2721 870 2778 lustris
884 2720 953 2792 (δι).
1009 2737 1148 2780 memores
1162 2724 1295 2793 precepti
1312 2740 1319 2779 ε
1338 2745 1348 2772 ‹
1374 2723 1508 2791 Quandiu
1526 2723 1630 2780 lecistis
1654 2726 1709 2781 rani
1724 2740 1764 2783 ex
1781 2727 1858 2783 mini·

108 2815 141 2870 ln
156 2813 241 2882 cujus
257 2811 351 2868 locum
369 2812 429 2881 jam
453 2811 562 2881 pridem
587 2810 788 2866 convenientia
807 2811 895 2867 beatae
910 2825 954 2867 rc·
1009 2812 1062 2868 mis
1079 2811 1149 2878 istis,
1162 2811 1231 2867 milri
1256 2810 1361 2868 lecistis
1384 2812 1493 2882 (blatta
1520 2827 1586 2881 xxv,
1613 2814 1681 2884 lo);
1702 2836 1713 2862 ι
1737 2822 1768 2871 et
1795 2815 1856 2871 illud

108 2900 281 2958 cordationis
303 2899 469 2956 Walbertus
484 2900 514 2954 in
538 2898 677 2970 regimine
703 2899 825 2955 tratrem
850 2899 954 2954 subve-
973 2901 1039 2992 CR.
1056 2899 1130 2955 Petri
1145 2899 1284 2970 apostoli:
1303 2921 1314 2947 ι
1336 2899 1495 2970 ilospitales
1509 2899 1713 2959 invicemsine
1728 2917 1856 2960 murmu-

107 2998 171 3046 ctns
189 2996 240 3055 est,
268 2988 314 3045 vir
333 2987 462 3044 omnium
492 2987 569 3042 ianae
594 2986 757 3054 laudabilis,
782 2987 956 3058 eximiaeque
1009 2987 1118 3045 ratione
1134 2990 1154 3052 tl
1171 2990 1241 3043 Patr.
1258 3003 1296 3054 tv,
1313 2991 1348 3057 9).
1368 3010 1378 3037 s

108 3076 275 3143 sanctitatis,
291 3084 319 3132 et
338 3077 367 3132 in
381 3074 578 3132 ecclesiasticis
600 3074 758 3144 disciplinis
772 3089 830 3130 non
848 3075 954 3130 medio·
1043 3077 1096 3133 Sed
1112 3078 1246 3144 cumbis,
1264 3077 1376 3135 iavente
1391 3078 1520 3146 Domino,
1536 3077 1619 3135 bonis
1640 3079 1786 3150 pollerent
1801 3095 1857 3138 me

107 3167 194 3222 criter
217 3165 348 3222 eruditus
370 3181 378 3231 3
404 3163 530 3220 bonitate
558 3177 592 3220 ac
620 3164 733 3232 pietate,
758 3162 954 3234 charitateque

107 3254 285 3326 perspicuus,
308 3260 336 3309 et
358 3251 488 3308 doctrina
513 3253 693 3320 exuberans3
715 3251 804 3322 hujus
828 3259 954 3322 ternpore

106 3357 158 3414 per
177 3341 333 3398 Galliarum
360 3339 522 3411 provincias
546 3339 662 3410 agmina
684 3339 901 3408 monachorum,
927 3347 954 3397 et

106 3445 255 3488 sacrarum
269 3428 431 3500 puellarum
447 3428 592 3494 examina,
609 3443 666 3484 nnn
680 3427 773 3484 solum
793 3443 843 3499 per
857 3443 952 3501 agros,

106 3519 200 3586 villas,
224 3519 372 3589 vicosque,
395 3525 483 3589 atque
508 3516 634 3582 castella,
664 3531 765 3573 verum
794 3517 879 3573 etiam
904 3533 954 3588 per

106 3608 193 3664 eremi
206 3607 377 3672 vastitatem,
390 3620 426 3662 ex
450 3605 551 3675 regula
563 3605 706 3661 duntaxat
728 3603 878 3661 beatorum
900 3605 952 3660 Pa-

106 3705 182 3753 trum
209 3693 353 3752 Benedicti
379 3692 551 3751 columbani
581 3692 775 3762 pullulabant,
800 3706 868 3748 curu
887 3699 954 3749 ante

105 3784 176 3842 illud
192 3791 305 3855 tempus
328 3782 501 3839 monasteria
524 3781 574 3838 vix
591 3781 691 3852 paucis
713 3780 769 3837 illis
788 3781 952 3851 reperiren-

103 3881 153 3931 tur
179 3873 209 3929 in
238 3871 317 3929 locis.
343 3871 395 3927 Sed
422 3885 500 3928 nunc
527 3869 563 3927 ad
592 3869 750 3927 articulum
772 3879 953 3927 revertamur

104 3961 240 4018 bistorire.

440 4048 557 4105 CAPUT
576 4048 611 4104 V.

140 4135 365 4193 prudentissima
394 4136 500 4192 lemiua
528 4135 683 4206 Salaberga
708 4150 774 4191 cum
803 4150 853 4204 per
869 4136 952 4191 bien-

1008 3165 1097 3233 ribus,
1113 3174 1141 3222 et
1155 3165 1317 3222 Christiano
1340 3181 1418 3223 more
1445 3166 1578 3237 degerent
1603 3165 1664 3241 lul,
1691 3168 1796 3241 vigore
1819 3170 1857 3226 vi·

1007 3253 1116 3325 temlet
1137 3254 1244 3324 prolem
1266 3253 1376 3311 nullam
1400 3268 1501 3325 capere
1527 3262 1653 3326 possent,
1670 3255 1858 3314 Christianis-

1007 3341 1079 3398 sima
1094 3341 1199 3398 lomina
1215 3343 1312 3405 anxia.
1330 3349 1357 3399 et
1372 3350 1412 3398 tol
1427 3343 1541 3412 privata
1556 3343 1731 3416 privilegiis,
1750 3355 1857 3403 sancta·

1008 3445 1072 3487 rum
1098 3430 1251 3487 mulierum
1276 3431 1366 3487 Annae
1387 3438 1415 3487 et
1438 3430 1584 3488 Elizabetb
1611 3431 1639 3486 in
1664 3447 1696 3490 se
1720 3434 1858 3491 adhibens

1008 3517 1103 3584 lldem,
1120 3534 1186 3590 quae
1201 3519 1229 3574 in
1244 3519 1347 3590 templo
1371 3519 1483 3575 Domini
1505 3519 1609 3592 vigillis
1625 3528 1654 3578 et
1679 3525 1857 3580 orationibus

1006 3608 1183 3663 excubantes
1207 3607 1282 3677 (dec.
1307 3622 1336 3674 u,
1362 3610 1414 3671 θῖε,
1437 3624 1457 3672 ι,
1482 3609 1518 3677 d),
1537 3608 1856 3679 postdintnrnamste-

1006 3696 1139 3753 rilitatem
1157 3705 1257 3767 partus
1284 3705 1397 3752 sanctos
1421 3705 1600 3766 meruerunt,
1616 3705 1644 3754 et
1669 3708 1857 3769 procrearunt

1006 3784 1119 3851 liberos,
1140 3785 1176 3841 ad
1192 3785 1338 3841 basilicam
1358 3785 1389 3841 B.
1412 3785 1533 3856 Remigii
1558 3786 1714 3856 pontilicis,
1740 3789 1795 3860 qni
1809 3805 1855 3846 nr·

1005 3873 1068 3929 bern
1094 3875 1247 3930 Remorum
1278 3873 1501 3946 Campaniaeque
1533 3874 1666 3931 tellurem
1699 3877 1856 3936 virtutibus

1005 3962 1094 4019 sacris
1125 3970 1153 4019 et
1185 3961 1367 4018 mirabilibus
1388 3962 1559 4033 illustrabat,
1589 3966 1732 4035 expetiil;
1764 3967 1856 4039 ibique

1004 4050 1112 4122 vigiliis
1125 4059 1153 4107 ct
1165 4052 1343 4109 orationibus
1362 4051 1520 4120 excubans,
1544 4058 1644 4109 votnm
1670 4054 1757 4111 vovit
1779 4063 1821 4120 nt,
1835 4054 1855 4109 si

1004 4138 1144 4194 divinitus
1166 4139 1191 4194 ei
1214 4139 1326 4196 soboles
1358 4139 1570 4207 concederetur,
1607 4139 1704 4212 ipsam
1736 4143 1855 4200 Domino

103 4227 184 4283 nium
198 4226 258 4296 jam
271 4224 391 4280 viduata
414 4224 559 4285 resideret,
586 4224 650 4280 licet
671 4224 726 4280 sub
751 4223 823 4279 laico
849 4222 950 4279 babitu
968 4226 1122 4285 bdicaret.

103 4315 218 4382 degens,
247 4311 363 4383 vigiliis,
403 4311 522 4383 jejuniis
563 4318 650 4381 atque
690 4310 885 4381 elecmosynis,
920 4311 948 4366 in

102 4409 245 4473 quantum
261 4400 336 4457 vires
349 4397 586 4471 suliragabantur
600 4398 720 4469 predita
740 4399 799 4469 lul,
814 4407 948 4469 suppete-

101 4491 171 4549 bant
186 4492 304 4557 intcnta,
329 4486 473 4560 praedita]‚
496 4502 561 4559 quae
585 4487 634 4544 bet
659 4497 737 4556 sunt,
760 4489 816 4544 Deo
836 4488 948 4544 inbian·

101 4586 144 4635 ter
158 4578 303 4635 reddebat.
332 4577 492 4633 Doctrinam
518 4590 596 4644 vero,
622 4590 709 4648 quam
729 4590 746 4631 a
770 4576 800 4631 R.
817 4577 948 4632 Eustasio

101 4674 274 4738 perceperat,
291 4665 369 4721 velut
391 4665 533 4721 mnndum
557 4665 663 4720 animal
684 4665 858 4721 ruminabat.
875 4665 946 4721 Curn

101 4755 211 4811 uncina
227 4768 315 4810 resse
335 4753 462 4819 haberet,
483 4753 609 4809 decrevit
632 4753 728 4808 auimo
742 4760 775 4808 ut
797 4754 831 4809 ad
848 4767 947 4808 sacra-

100 4856 165 4900 rum
184 4843 329 4914 virginum
346 4841 521 4908 coenobium,
537 4841 615 4912 quod
634 4842 816 4898 venerandus
834 4842 879 4897 vir
896 4843 947 4897 Ro

37 4941 40 4954 ’-
99 4931 227 4987 maricns
239 4945 274 4986 ex
290 4929 394 5001 palatio
409 4929 561 4999 magnifice
581 4944 747 4996 conversus,
773 4943 823 4998 per
837 4929 946 4985 exhor-

99 5017 946 5087 tationemetsolamenREnstasiiinllosagoconstruxerat

99 5106 185 5172 saltu,
201 5105 339 5161 latebram
354 5103 424 5175 luga
447 5112 602 5174 expeteret,
622 5106 791 5175 lecissrtque
809 5105 877 5161 satis
891 5120 945 5160 vo-

99 5195 145 5257 tis,
171 5194 194 5250 si
220 5207 307 5250 sexus
334 5206 391 5247 non
416 5192 527 5250 iecisset
547 5193 793 5264 impedimentum,
820 5201 847 5251 el
866 5193 945 5264 regia

98 5296 156 5338 non
171 5281 356 5353 impedissent
366 5280 524 5337 obstacula.

135 5459 188 5530 (da)
205 5461 256 5518 llic
268 5460 384 5518 videtur
398 5467 498 5517 auctor
515 5459 543 5516 it.
562 5458 723 5533 salabergae
741 5473 858 5532 suppar.

1039 4316 1094 4370 Nec
1117 4329 1198 4371 mora
1222 4316 1339 4372 domum
1367 4331 1490 4379 reversa,
1513 4318 1567 4373 boc
1590 4317 1670 4388 qnod
1694 4319 1855 4378 ddeliteret

1003 4403 1090 4459 anxie
1104 4404 1233 4473 petierat,
1250 4417 1267 4458 a
1291 4406 1410 4461 Domino
1428 4414 1469 4461 est
1483 4406 1509 4461 ei
1530 4405 1689 4471 collatum:
1712 4410 1854 4480 concepit·

1002 4507 1070 4562 quc,
1085 4499 1112 4548 et
1127 4493 1236 4561 peperit
1249 4493 1357 4562 filiam;
1380 4492 1427 4550 cui
1450 4508 1485 4550 ex
1508 4494 1580 4550 aviae
1605 4496 1754 4553 trucnbulo
1781 4499 1857 4555 Sare-

1003 4579 1095 4636 trudis
1113 4593 1217 4636 nomen
1243 4580 1356 4636 indidit.
1385 4582 1497 4638 Rursus
1527 4581 1614 4637 aliam
1641 4582 1736 4641 tiliam
1759 4587 1856 4643 edidit.

1001 4681 1090 4738 quam
1115 4668 1242 4723 Ebanem
1275 4669 1465 4738 nuncupavit.
1499 4668 1638 4739 Deinceps
1662 4686 1736 4729 vero
1760 4677 1857 4746 munit

1002 4754 1089 4811 liliam
1102 4756 1224 4823 tertiam,
1239 4756 1389 4827 ipsamque
1401 4757 1533 4826 baptismi
1545 4760 1638 4829 gratia
1652 4773 1855 4833 regeneratam

1000 4843 1175 4900 dustrudem
1192 4842 1254 4916 iol,
1270 4844 1606 4916 detrudemiappellavil,
1623 4861 1695 4917 quae
1711 4850 1742 4907 in
1758 4868 1855 4909 curam

999 4938 1027 4988 et
1042 4930 1168 5002 regimen
1185 4946 1327 4994 sororum,
1347 4948 1482 5004 processu
1509 4934 1654 5004 temporis,
1679 4949 1794 4997 canneta
1809 4956 1854 4998 an·

1000 5028 1106 5076 nuente
1118 5029 1243 5086 caterva,
1258 5022 1410 5079 'successit
1427 5022 1568 5090 Quartum
1591 5037 1663 5079 vero
1677 5027 1774 5085 edidit
1788 5031 1854 5086 libc-

999 5121 1065 5163 rum
1086 5108 1132 5164 cui
1148 5116 1175 5164 ct
1200 5107 1252 5178 ipsi
1276 5110 1409 5179 baptismi
1432 5111 1526 5181 gratia
1543 5110 1747 5171 sacerdotibus
1766 5131 1854 5173 conse

999 5202 1089 5258 crate,
1106 5196 1254 5253 Eustasius
1267 5211 1372 5253 nomen
1397 5197 1548 5261 indiderat,
1568 5199 1619 5269 qul
1642 5207 1673 5257 et
1687 5201 1769 5259 inira
1783 5209 1852 5260 aaa

898 5315 906 5324 ·
999 5283 1122 5353 pueriles
1137 5297 1228 5341 annos
1240 5285 1393 5342 deiunctus
1406 5294 1458 5343 est.
1477 5285 1557 5357 [Quae
1579 5286 1727 5346 hactenus
1743 5292 1851 5350 cbristo
