3818 6008
70 216 121 269 ata

521 213 552 268 V.
572 212 739 270 udlttttnrt
757 211 901 268 ABBthS
920 211 948 266 S.
968 210 1087 266 MARIAE
1106 210 1153 266 bu
1172 209 1377 268 noviomiso
1417 240 1419 244 ·

1767 212 1819 267 376

71 367 85 390 »
100 342 170 399 Tuta
184 350 265 398 nocte
292 342 427 399 dormivit
446 357 573 413 coquens
602 357 660 406 eos,
688 357 773 398 mane
789 341 845 412 ipse
856 356 918 397 suc
937 344 958 395 h
974 340 1002 395 in
1017 356 1050 397 eo
1066 343 1117 410 pia
1138 342 1273 398 novitatis
1286 349 1327 399 est
1344 342 1486 412 dealbata,
1512 343 1637 412 quadam
1660 343 1820 413 hypocrisis

70 444 205 488 »census
218 432 300 502 quasi
320 432 395 501 ignis
419 431 550 487 llamrnae.
571 452 581 480 ι
605 433 672 486 Toto
701 434 777 485 nocte
802 445 917 496 coquens

71 532 115 573 eos
131 518 244 585 dormit,
259 533 323 573 cum
344 519 508 574 omnimode
527 519 652 575 eaecitatc
676 519 712 575 ati
737 519 916 574 internorum

71 614 215 681 motuum,
233 607 283 677 qui
299 620 401 662 sanum
427 621 525 676 sapere
549 616 689 678 poteraut,
707 607 916 663 demolitionem

71 703 212 764 tanquam
227 695 419 751 excoctionem
444 709 473 751 se
496 695 604 765 sepelit.
632 696 711 749 Mene
727 700 784 764 ipse
803 708 919 750 succen-

72 783 160 850 ditur,
175 797 251 849 cum,
272 782 453 838 illucescente
462 783 516 838 sibi
526 783 651 852 alicujus
662 783 858 852 prosperitatis
871 796 919 837 au-

72 884 148 938 rora,
167 870 312 926 nimietate
327 871 492 941 cupiditatis
510 872 629 943 ignitur.
646 872 727 930 Unde
749 872 803 927 sub
826 872 919 941 specie

71 957 225 1027 cujusdam
241 958 303 1012 avis
320 957 349 1011 in
368 958 420 1014 Job
437 959 560 1014 dicitnr:
579 978 592 1009 i
608 962 678 1013 Cum
704 967 816 1028 tempus
842 961 919 1014 inve-

72 1045 155 1107 nerit,
174 1046 202 1100 in
214 1047 303 1102 altum
318 1045 378 1101 alas
391 1047 475 1117 erigit
503 1047 569 1116 (iob.
586 1061 692 1109 xxxix,
718 1049 771 1114 l8).
793 1067 803 1092 ›
834 1045 918 1111 Quasi

71 1137 145 1202 ignis
159 1135 273 1201 flemma
299 1140 350 1194 est,
368 1133 438 1188 dum
465 1148 537 1202 quos
551 1133 679 1188 exterius
704 1131 830 1186 docendo
857 1145 919 1200 pro

72 1221 172 1277 lambit
201 1229 228 1276 et
250 1220 394 1276 iilustrare
423 1221 577 1288 contendit,
607 1220 707 1275 eadem
747 1234 806 1290 qua
830 1220 919 1275 lervel

73 1318 149 1379 peste
164 1309 332 1376 succendit;
355 1308 400 1362 vel
428 1308 513 1363 etiam
537 1312 606 1375 ignis
630 1311 744 1377 flammae
770 1314 820 1374 est,
849 1307 917 1362 dum

72 1412 233 1468 mensquae
249 1397 276 1452 in
300 1395 404 1452 ellectu
432 1396 566 1466 peccandi
598 1396 717 1451 latenter
744 1394 872 1464 ignescit,
889 1393 918 1448 iu

71 1485 237 1556 exemplum
253 1485 375 1541 aliorum
392 1499 444 1554 pro
456 1484 542 1554 paulo
556 1483 749 1539 excandescit.

109 1572 195 1630 Vens.
212 1574 239 1627 7.
256 1603 290 1613 —
321 1595 331 1620 a
359 1573 463 1629 Omnes
478 1572 604 1628 caleias-tl
619 1580 687 1626 sunt
719 1571 801 1640 quasi
829 1570 916 1626 cliba-

971 437 1113 485 vetustate
1137 437 1276 486 mutatur.
1302 430 1373 486 Cani
1396 431 1473 487 enim
1495 430 1552 487 albi
1579 439 1656 496 sunt,
1679 440 1707 487 et
1731 440 1818 486 vetu-

971 522 1072 571 statem
1087 516 1260 587 signiticant.
1277 517 1363 573 Albor
1385 533 1453 589 ergo
1467 519 1502 574 ad
1517 518 1543 574 id
1565 519 1643 589 quod
1666 519 1817 589 pretendi-

972 613 1030 669 tur,
1047 611 1175 660 vetustas
1188 620 1255 660 veru
1273 609 1371 661 attunt
1394 609 1429 662 nd
1454 608 1481 662 id
1498 608 1575 678 quod
1602 621 1670 663 vera
1694 609 1820 663 novitate

971 696 1112 765 privatur.
1131 695 1249 751 Vetusta
1259 696 1336 751 enim
1352 697 1501 765 prmsentia
1518 704 1594 759 sunt,
1607 710 1693 762 nova,
1707 696 1817 752 lutura.

972 782 1007 837 Et
1027 781 1088 836 hmo
1111 783 1250 851 Ephraim
1274 784 1398 852 ignorat,
1421 787 1491 854 quia
1513 792 1620 839 statum
1643 785 1671 839 in
1697 799 1755 854 quo
1779 794 1820 838 est

972 876 1071 923 utrum
1089 871 1240 938 praesentia
1264 869 1461 935 obliviscatur,
1483 879 1510 926 et
1529 871 1564 926 ad
1580 871 1725 927 anteriora
1747 885 1819 926 con-

974 957 1082 1021 tendat,
1098 956 1178 1012 nullo
1193 958 1277 1013 modo
1294 967 1401 1028 pensat.

1008 1043 1094 1101 Vens.
1113 1046 1155 1098 lo.
1172 1075 1206 1085 -
1223 1067 1233 1094 ι
1251 1047 1287 1101 Et
1312 1047 1515 1104 humiliabitur
1529 1047 1665 1116 snperbia
1686 1046 1773 1102 lsrael
1792 1048 1818 1100 in

974 1153 987 1181 o
1005 1131 1077 1186 facie
1095 1132 1169 1201 ejus,
1194 1148 1247 1190 nec
1269 1136 1377 1192 reversi
1401 1144 1469 1192 sunt
1493 1137 1528 1191 ad
1553 1136 1706 1190 Dominum
1727 1135 1818 1190 Deum

974 1242 987 1268 o
1004 1235 1100 1287 suum,
1113 1229 1140 1276 et
1158 1237 1215 1277 non
1242 1225 1420 1293 quaesierunt
1441 1239 1508 1281 eum
1524 1224 1553 1279 in
1574 1224 1709 1279 omnibus
1731 1224 1777 1278 his
1804 1244 1817 1268 o

973 1309 1109 1376 superbia
1127 1310 1213 1365 lsrael
1235 1315 1264 1364 in
1289 1313 1360 1378 [vicie
1384 1314 1443 1382 ejus
1465 1311 1643 1376 humiliatur,
1668 1325 1734 1367 cum
1753 1311 1817 1365 alle·

973 1395 1037 1442 ctus
1052 1395 1155 1455 noster,
1171 1390 1287 1460 quando
1302 1393 1364 1448 sine
1383 1393 1440 1448 Deo
1457 1393 1645 1463 principatur,
1663 1405 1712 1460 per
1727 1390 1817 1461 aperti

973 1474 1103 1530 criminis
1133 1490 1231 1532 casum
1255 1493 1285 1534 se
1315 1479 1421 1535 sciente
1455 1481 1579 1549 dicitur;
1607 1481 1636 1534 in
1665 1481 1736 1546 socie
1760 1478 1818 1547 ejus

973 1560 1059 1615 lsrael
1079 1561 1259 1631 humiliatur,
1275 1579 1340 1621 cum
1359 1568 1504 1637 appetitus
1526 1567 1615 1622 nostri
1638 1574 1744 1632 tumor,
1767 1566 1818 1636 qui

75 1674 165 1727 inus,
182 1667 209 1715 et
231 1659 443 1715 devoraverunt
455 1658 568 1728 judices
592 1672 695 1713 suos·
726 1657 822 1712 Omnes
838 1660 918 1722 qnasi
938 1633 1008 1704 Bde
1023 1664 1077 1705 sua
1099 1651 1228 1707 castitate
1250 1668 1316 1710 cum
1341 1656 1434 1724 turpis
1454 1663 1526 1711 esset
1544 1663 1688 1719 erexerat,
1711 1655 1818 1725 peceati

73 1747 196 1800 elibanus
223 1746 369 1812 calellunt,
395 1746 463 1800 dum
491 1745 573 1810 ratio,
590 1745 723 1800 voluntas
748 1751 775 1800 et
800 1743 918 1800 allectus
971 1737 1015 1792 sui
1047 1738 1224 1806 experientia
1252 1747 1279 1795 et
1308 1742 1415 1810 pudore
1444 1742 1574 1798 reflatur.
1604 1742 1651 1795 Ad
1674 1745 1817 1796 Dominum

73 1847 139 1889 cum
153 1834 289 1904 subiectis
302 1833 427 1888 motibus
445 1832 539 1888 studio
557 1832 659 1901 ineptae
674 1831 816 1900 cupidinis
833 1830 916 1887 oller-
972 1830 1057 1881 Deum
1076 1842 1157 1881 snum
1175 1843 1229 1882 non
1254 1837 1450 1901 revertuntur,
1471 1845 1538 1886 cum
1564 1837 1658 1885 motus
1682 1828 1817 1885 allectua-

72 1930 202 1978 vescunt.
226 1923 334 1977 indices
355 1937 418 1975 suos
439 1920 588 1984 devorant,
614 1918 684 1973 dum
700 1918 850 1974 universos
863 1917 916 1974 im·
972 1915 1012 1969 les
1025 1929 1078 1969 nec
1095 1914 1269 1985 flagitiorum
1286 1930 1405 1973 suorum
1427 1915 1658 1972 consternatione
1681 1915 1816 1981 deterriit,

72 2017 155 2079 petus
169 2008 286 2079 spiritus
300 2009 435 2064 vitiorum
457 2007 573 2061 ardores
596 2005 767 2061 adnihilant.
785 2005 818 2060 lii
841 2006 916 2061 enlm
972 2011 1004 2058 ut
1017 2003 1150 2074 deinceps
1165 2005 1255 2060 Deum
1277 2005 1392 2074 sapiant
1408 2011 1622 2073 retorquentur,
1644 2003 1675 2057 ln
1695 2002 1817 2056 omnibns

71 2106 140 2154 sunt
153 2098 273 2168 jndices,
290 2098 359 2169 quia
373 2111 409 2152 ex
424 2096 469 2152 his
483 2095 625 2166 prodeunt
640 2097 726 2150 totius
741 2094 918 2150 interiorita-
971 2093 1014 2146 lis
1028 2109 1082 2146 non
1103 2109 1163 2147 enm
1185 2098 1322 2162 querunt.
1343 2106 1410 2147 cum
1435 2106 1487 2145 nec
1503 2091 1529 2144 in
1554 2088 1680 2145 evidenti
1708 2087 1818 2143 revolu-

72 2187 227 2242 tisnostrae
241 2184 676 2242 eensuraeetmoderationes.‹
706 2183 811 2239 Omnes
837 2197 918 2253 reges
971 2174 1048 2231 iitllle
1062 2171 1222 2229 facinorum
1243 2175 1279 2230 ati
1299 2176 1425 2232 divitiam
1440 2177 1612 2234 munditiam
1628 2174 1818 2246 resipiscendo

74 2287 202 2329 »eorum
217 2272 400 2329 ceciderunt:
429 2285 487 2327 non
508 2279 550 2326 est
570 2271 620 2341 qui
648 2269 752 2326 clainct
769 2270 797 2323 in
822 2268 864 2325 eis
881 2269 916 2324 ad
972 2268 1138 2331 resurgunt·

75 2375 153 2416 ime.
173 2360 371 2417 »interiorum
396 2366 558 2414 nostrorum
585 2372 665 2428 reges
687 2364 764 2424 sunt,
790 2356 917 2427 quicun·
1009 2350 1094 2406 Vens.
1112 2354 1154 2405 ll.
1180 2373 1241 2399 -ι
1269 2352 1305 2407 Ει
1325 2351 1418 2407 lactus
1437 2360 1479 2407 est
1500 2351 1638 2421 Ephraim
1663 2350 1749 2420 quasi
1764 2352 1818 2406 ‘co-

71 2463 129 2518 que
142 2446 230 2503 animi
249 2447 363 2503 babitus
376 2446 410 2500 de
424 2447 481 2500 Deo
498 2445 643 2499 homiuem
667 2443 824 2515 recogitare
838 2458 918 2499 com-
975 2442 1102 2498 alumbe
1122 2443 1239 2498 seducta
1262 2455 1320 2496 non
1348 2441 1456 2497 habeus
1472 2455 1529 2496 cor.
1551 2463 1564 2490 n
1588 2441 1673 2507 Quasi
1697 2441 1818 2495 columbo

72 2535 193 2606 pellunt.
208 2535 287 2591 Unde
307 2532 454 2603 psalmus:
472 2555 482 2581 ι
509 2531 572 2588 Non
593 2541 636 2587 est
652 2530 788 2598 creditus,
812 2532 916 2601 inquit,
972 2531 1084 2585 seducto
1101 2534 1133 2600 fit
1152 2530 1295 2600 Ephraim,
1311 2529 1382 2585 dnm
1398 2531 1431 2585 de
1453 2543 1569 2599 operum
1595 2544 1715 2585 suorum
1739 2543 1772 2585 ac
1795 2529 1819 2584 si

71 2623 212 2678 cutnDeo
238 2620 355 2692 spiritns
370 2621 433 2689 ejus
448 2620 546 2690 ((Psci.
563 2631 673 2686 txrvn,
688 2618 758 2688 8l.»
786 2621 820 2675 Hi
843 2636 918 2689 reges
973 2620 1085 2676 letuum
1107 2620 1294 2688 corruptione
1326 2632 1384 2673 nun
1417 2618 1546 2689 ingemit.
1571 2616 1711 2673 Columba
1736 2617 1817 2672 ¹enim

72 2711 190 2777 cadunt,
210 2723 277 2765 eum
300 2722 329 2763 se
348 2707 385 2763 ad
409 2707 569 2778 appetenda
594 2714 708 2762 terrena
732 2707 915 2776 provolvunt.
974 2718 1076 2780 praeter
1090 2709 1214 2764 aliarum
1230 2708 1329 2764 avium
1351 2720 1459 2762 morem
1475 2706 1509 2761 de
1532 2704 1677 2775 pullorum
1698 2718 1817 2761 snorum

72 2799 132 2854 Non
146 2802 186 2851 est
199 2799 229 2851 in
244 2799 282 2851 eis
297 2801 345 2863 qui
363 2797 459 2851 clamet
480 2796 516 2851 ad
533 2795 633 2856 Deum.
659 2809 716 2850 uon
732 2802 773 2849 est
788 2794 919 2851 videlieet
972 2798 1167 2854 subtractione
1192 2812 1250 2853 non
1273 2797 1435 2868 perstrepit.
1470 2795 1597 2851 Columbo
1619 2807 1688 2864 ergo
1713 2793 1818 2850 dicitur

72 2885 123 2957 qui
137 2892 199 2956 pest
217 2883 421 2951 delectationis,
437 2891 487 2941 aut
502 2897 657 2939 consensus
670 2882 786 2948 damna,
813 2882 850 2937 ad
873 2882 920 2937 ali·
972 2888 1092 2950 seducto,
1122 2888 1206 2958 quasi
1233 2886 1268 2942 ad
1309 2883 1554 2941 insensibilitatem
1594 2883 1718 2938 redacta.
1745 2881 1818 2947 Quid

72 2973 157 3043 cujus
177 2972 364 3043 poenitndinis
388 2972 501 3028 studeat
525 2970 617 3027 redire
639 2970 825 3040 propositum.
850 2969 919 3036 uuis
972 2975 1110 3032 enimilla
1125 2975 1272 3031 voluntate
1288 2973 1493 3038 insensibilius
1514 2987 1580 3044 quae
1606 2971 1666 3026 suis
1693 2971 1820 3026 indolere

70 3059 146 3115 enim
164 3058 356 3115 miserabilius
379 3058 485 3114 clamat
506 3072 595 3128 quam
610 3059 660 3128 qui
686 3073 747 3114 suae
762 3059 919 3115 calamitati
973 3066 1061 3120 nescit
1090 3063 1216 3135 indignis
1243 3060 1403 3132 operibus?
1431 3061 1503 3117 Cum
1530 3060 1565 3115 de
1587 3059 1651 3115 aliis
1680 3058 1820 3115 columbis

73 3147 294 3218 illacrymatur?
972 3154 1086 3208 dicatur
1099 3152 1176 3222 quod
1198 3165 1256 3207 ndu
1280 3151 1403 3206 habeant
1419 3149 1465 3215 iel,
1489 3149 1523 3204 de
1540 3148 1593 3204 hac
1616 3147 1723 3204 dieitur
1742 3147 1819 3218 quod

108 3236 194 3293 Vens.
209 3238 235 3291 8.
251 3267 285 3277 -
304 3259 313 3284 ι
331 3237 469 3306 Ephraim
485 3236 514 3292 in
536 3236 649 3306 populis
672 3236 731 3306 ipse
754 3237 918 3294 commisce·
973 3256 1027 3293 oon
1042 3239 1145 3295 habeat
1166 3256 1220 3308 eor,
1238 3246 1271 3294 ut
1291 3253 1393 3294 sensus
1415 3237 1529 3308 reprobi
1545 3239 1709 3292 immanitas
1731 3244 1820 3292 osten-

75 3323 199 3379 ›batun
233 3345 242 3373 ι
271 3325 403 3394 Ephraim
428 3329 457 3378 in
480 3325 593 3393 populis
620 3328 677 3393 ipse
707 3326 918 3395 commiscetur,
973 3326 1068 3394 datur,
1085 3326 1313 3399 quiamalorum
1335 3339 1456 3382 suorum
1475 3324 1656 3381 miseratione
1671 3339 1729 3380 non
1745 3324 1821 3380 duci·

72 3425 139 3466 cum
156 3412 288 3467 voluntas
303 3426 370 3482 quae
385 3413 466 3467 ferax
494 3412 668 3482 frugalitatis
683 3427 744 3469 esse
770 3414 919 3482 debuerat,
973 3422 1030 3472 tur.
1048 3438 1058 3465 ‹
1075 3416 1233 3487 AEgyptum
1248 3416 1434 3483 invocabant,
1447 3415 1483 3471 ad
1499 3415 1630 3484 Assyrios
1642 3414 1788 3470 abierunt.
1808 3434 1817 3461 ι

73 3498 279 3568 cogitationum
295 3498 477 3554 insolentium
503 3499 590 3570 vulgo
609 3499 791 3572 dispergitur.
810 3502 845 3557 Et
865 3517 920 3557 no·
973 3505 1115 3575 AEgyptus
1130 3507 1337 3576 iuterpretatur
1352 3505 1493 3559 tribulatio
1517 3503 1563 3558 vel
1581 3502 1713 3565 tenebrae;
1738 3504 1821 3571 Assi-

74 3589 193 3645 tandum
208 3589 286 3660 quod
313 3588 468 3660 vigilanter
491 3602 658 3657 pronomen,
680 3592 756 3660 quod
783 3598 825 3648 est
850 3597 917 3662 ipse,
974 3594 1008 3650 rii
1030 3608 1096 3649 vem
1111 3596 1195 3650 calici
1223 3594 1267 3650 vel
1293 3595 1453 3662 dirigentes.
1480 3594 1628 3660 meppiam
1653 3605 1722 3662 ergo
1739 3591 1819 3646 invu-

73 3677 254 3749 adjungitur,
271 3678 342 3733 acsi
358 3678 521 3733 diceretur:
550 3679 608 3747 ipse
634 3679 770 3748 Ephraim
795 3680 844 3750 qui
861 3695 918 3737 nou
973 3688 1049 3746 cant,
1061 3682 1111 3752 qui
1127 3689 1186 3751 post
1203 3681 1442 3752 perpetrationem
1468 3679 1575 3750 peceati
1590 3679 1721 3734 animum
1735 3693 1820 3735 suum

73 3764 467 3836 estaliudquamvoluntas,
490 3778 555 3834 quae
578 3764 680 3821 rationi
705 3767 797 3833 magis
816 3780 918 3823 conve·
974 3769 1181 3825 rationabiliter
1206 3770 1242 3825 ad
1277 3770 1407 3826 tenebras
1434 3769 1562 3824 mieroris
1593 3767 1819 3823 tribulationem·

73 3855 136 3910 nire
150 3854 298 3920 debuerat,
314 3853 503 3923 popularibus
522 3854 727 3925 cogitationum
743 3869 803 3910 sese
828 3857 920 3912 turbis
974 3872 1031 3929 que
1045 3856 1224 3926 compellant.
1245 3856 1416 3927 Appetentia
1435 3856 1512 3912 enim
1528 3855 1721 3925 voluptatum,
1735 3854 1820 3923 justa

74 3943 225 4007 indiderat,
253 3949 280 3997 et
307 3942 353 3997 cui
381 3949 493 3997 tantum
523 3943 704 4007 credebatur,
731 3944 802 4012 prob
820 3943 917 4000 dolori
973 3944 1141 4000 boetianum
1157 3943 1238 4010 illud,
1265 3958 1331 4000 cum
1357 3943 1393 4000 sit
1407 3944 1490 4013 plena
1519 3941 1681 4007 anxietatis.
1706 3939 1821 3996 satietas

74 4048 110 4090 er
140 4032 259 4088 rationis
299 4031 445 4086 vicinitate
483 4031 590 4086 debens
630 4039 716 4098 stare,
754 4032 920 4089 dilllurerat
974 4040 1069 4089 tamen
1095 4040 1137 4088 est
1159 4033 1331 4101 pmniteutiae
1358 4037 1406 4102 (lte
1426 4032 1525 4086 consol.
1555 4031 1667 4099 Philip,
1700 4029 1749 4084 lib.
1778 4044 1817 4089 m,

77 4120 241 4191 »Ephraim
257 4121 349 4175 lacerus
361 4127 402 4175 est
430 4120 639 4176 subcinericius
666 4121 717 4192 qui
744 4136 800 4178 non
821 4137 920 4179 rever·
975 4133 1049 4190 pros.
1065 4121 1103 4185 7).
1119 4121 1267 4188 mpppmm
1288 4120 1386 4189 itaque
1411 4121 1586 4183 invocantes,
1613 4118 1638 4173 ld
1653 4125 1696 4172 est
1711 4117 1746 4173 de
1761 4131 1818 4187 pm·

77 4230 88 4257 ι
106 4217 196 4265 satur.
217 4231 228 4258 ι
246 4208 446 4263 subcinericius
472 4207 605 4278 Ephraim
634 4208 674 4274 lit,
704 4223 769 4265 cum
787 4211 920 4267 voluntas
939 4206 1116 4282 pnitudiuis
1139 4207 1280 4275 acredine,
1305 4222 1371 4278 quae
1393 4213 1506 4277 peceato
1530 4206 1672 4276 congruit,
1697 4205 1728 4259 in
1749 4220 1819 4262 con-

75 4311 111 4352 ex
127 4294 266 4351 memoria
285 4295 494 4364 praeteritorum
508 4296 663 4352 eriminum
692 4296 824 4353 refricata
844 4298 921 4354 cale·
976 4295 1094 4353 scientia
1106 4295 1324 4361 succlamantes,
1343 4309 1398 4351 vor
1417 4294 1494 4350 enirn
1509 4294 1660 4363 sanguinis
1676 4293 1820 4349 moraliter

75 4382 208 4440 scitNec
232 4382 382 4449 immerito,
413 4383 482 4453 quia
509 4398 574 4439 cum
600 4385 809 4454 preteritorum
838 4387 922 4442 malo·
976 4386 1080 4442 clamat
1095 4383 1130 4438 ad
1162 4384 1263 4451 Deum,
1291 4398 1359 4439 mox
1389 4384 1426 4436 ud
1450 4383 1579 4450 Assyrios
1607 4383 1725 4448 abeunt,
1752 4383 1820 4453 quia

75 4485 143 4528 rum
157 4469 183 4526 ei
198 4470 372 4526 incumbunt
391 4470 540 4543 imagines,
564 4487 629 4541 quae
653 4473 768 4529 crebras
791 4472 816 4528 ei
839 4474 919 4530 inno-

76 4566 147 4613 vant
169 4558 203 4614 de
240 4564 358 4628 experta
394 4559 615 4629 intemperantia
655 4562 827 4631 voluptates,
867 4579 921 4617 non

76 4650 240 4709 reversatur,
257 4645 327 4717 quia
354 4647 432 4717 quod
459 4647 544 4704 semel
574 4657 742 4718 conceptum
769 4657 821 4717 est,
844 4664 922 4705 nun-

76 4749 165 4805 quam
181 4748 198 4791 a
214 4743 307 4791 mente
322 4735 473 4793 recutitur.

111 4825 234 4881 Veneti.
253 4853 287 4864 -
313 4845 322 4872 ι
349 4823 541 4881 Comederunt
576 4825 660 4881 alieni
692 4826 782 4883 robur
804 4826 877 4896 ejus,
894 4833 921 4882 et

79 4935 90 4963 ι
108 4911 306 4983 ipscuescivit,
321 4912 413 4969 sedet
432 4913 497 4970 cani
512 4912 596 4970 ellusi
618 4914 729 4970 suntin
753 4928 796 4981 eo,
819 4914 921 4983 etipse

79 5000 260 5074 »ignoravit
277 5021 291 5050 »
304 5000 397 5055 ditem
416 5002 501 5056 robur
518 5001 578 5069 ejus
592 5002 754 5066 mmedunt,
779 5016 845 5057 cum
860 5002 921 5058 dae·

76 5103 175 5145 mones
196 5094 223 5144 et
252 5087 347 5142 carnis
372 5087 505 5157 impetus,
537 5087 677 5159 quibusa
702 5098 801 5145 nostra
829 5090 921 5146 salute

78 5174 148 5230 nihil
162 5172 254 5244 magis
267 5180 309 5230 est
335 5181 478 5242 exterum,
507 5174 650 5245 quidquid
682 5176 711 5232 in
738 5178 921 5234 nostrovelle

77 5259 192 5317 virtutis
217 5266 337 5328 constat,
364 5261 500 5317 erodunt.
525 5264 561 5317 Et
581 5267 640 5334 ipse
666 5264 765 5333 nescit,
786 5266 855 5321 dum
871 5279 921 5336 per

77 5348 134 5405 vim
150 5346 329 5403 discretionis
344 5348 415 5419 quid
431 5348 601 5406 incommodi
618 5351 921 5420 patiaturnullatenus

76 5435 177 5492 noscit.
195 5433 262 5488 cnut
275 5438 305 5487 in
319 5451 348 5489 eo
370 5441 445 5490 m
467 5434 668 5504 eilunduutur,
689 5437 759 5493 dum
776 5438 920 5510 quidquid

976 4472 1170 4542 cogitationes,
1186 4487 1251 4543 quae
1267 4481 1379 4542 peccata
1395 4479 1534 4528 excusant
1549 4479 1576 4526 et
1590 4470 1725 4541 levigant,
1745 4480 1821 4527 metu

976 4561 1079 4630 reiecto
1098 4560 1190 4628 potius
1204 4561 1360 4616 consulunt
1375 4566 1401 4614 et
1420 4573 1469 4629 per
1483 4574 1531 4615 eas
1549 4574 1578 4615 se
1598 4559 1685 4629 dirigi
1707 4567 1820 4629 putant,

976 4648 1046 4703 dum
1071 4646 1199 4703 criminis
1224 4647 1378 4703 loeditatem
1402 4646 1526 4702 aulicam
1557 4647 1748 4703 curialitatem
1775 4661 1821 4718 ap

976 4735 1093 4806 pellant.
1110 4735 1166 4790 iius
1181 4735 1258 4791 enim
1282 4734 1433 4789 secerdotes
1457 4742 1484 4790 et
1496 4740 1661 4805 protectores
1688 4735 1822 4804 superius

975 4822 1097 4888 dixerat,
1121 4837 1156 4879 ea
1177 4823 1316 4880 abusione
1339 4837 1398 4894 que
1419 4831 1447 4880 et
1468 4823 1618 4894 prophetes
1642 4824 1772 4880 Ezechiel
1796 4833 1821 4880 et

975 4911 1218 4968 ieremiasvoeat.
1719 4964 1736 5001 s

1010 4997 1094 5054 Vnus.
1114 5000 1154 5053 lli.
1181 5029 1215 5038 -
1231 5020 1244 5047 «ι
1273 4999 1306 5054 Ει
1335 5013 1401 5054 eum
1431 4998 1547 5068 proiecti
1573 4997 1691 5065 luerint,
1717 5011 1823 5068 erpan-

976 5087 1072 5143 »dam
1094 5101 1181 5157 super
1201 5102 1248 5144 eos
1271 5095 1330 5143 rete
1354 5102 1460 5155 meum,
1486 5087 1570 5157 quasi
1591 5086 1737 5143 volucrem
1760 5087 1822 5144 coeli

976 5175 1154 5232 »detraham
1170 5190 1227 5232 eos.
1256 5197 1266 5225 ι
1295 5176 1522 5232 Proliciscuntur
1542 5189 1608 5230 cum
1625 5188 1641 5229 a
1656 5173 1822 5231 considera-

975 5263 1052 5321 tione
1080 5271 1250 5335 perpetrate
1293 5265 1429 5335 nequitie
1474 5272 1647 5334 evagantur.
1681 5265 1745 5319 itote
1774 5263 1820 5320 bel

975 5367 1058 5422 snper
1086 5368 1129 5407 eos
1157 5353 1343 5423 expanditur,
1375 5367 1440 5408 cum
1456 5366 1557 5408 eorum
1582 5351 1707 5407 lasciviae
1726 5350 1823 5406 divino

972 5439 1081 5510 jndicio
1106 5440 1308 5511 impedimenta
1324 5440 1511 5510 objiciuntur,
1532 5438 1638 5510 quibus
1666 5452 1767 5495 eorum
1786 5438 1822 5494 le
