3818 6008
593 269 640 324 DE
660 268 776 323 menn
795 266 823 324 S.
845 266 977 324 UARIAE.
1608 268 1661 324 ate

56 401 113 458 ima
127 415 244 473 qnoque
264 398 476 472 subjungitur:
496 401 580 455 Porta
596 399 663 452 atrii
688 400 757 453 iate-
777 399 897 454 uetiam
911 397 1039 463 exterius
1054 397 1152 455 beret.
1168 396 1253 454 Porta
1273 404 1369 454 autem
1395 398 1511 466 deloris,
1534 399 1593 470 ipse
1618 409 1661 458 est

56 506 78 546 a
105 493 219 559 respicit
259 489 297 542 od
343 489 478 546 Orientem
509 488 562 541 erit
584 486 678 540 clausa
712 501 760 540 sea
814 484 909 541 aditus
928 492 956 542 et
983 486 1078 542 exitus
1101 485 1271 557 virginalis3
1296 486 1370 542 sicut
1400 495 1483 557 porta
1506 488 1662 547 intrinseca

56 580 138 635 izeclu.
175 593 250 645 xcvi,
281 576 318 648 l).
346 576 459 632 Atrium
489 573 621 641 interius,
654 574 680 630 id
718 581 760 630 est
813 587 945 644 egressus
961 573 1081 645 intelligi
1108 581 1196 644 potest
1217 573 1252 630 de
1275 583 1383 631 secreta
1406 576 1530 633 essentia
1553 580 1657 636 Patris.

59 669 116 724 lieo
139 666 284 738 diligendo
307 665 485 736 potissimum
510 662 599 719 lervel
626 663 759 718 intrinse-
813 661 948 733 Princeps
962 676 1032 734 ergo
1044 663 1163 719 intrabit
1178 677 1227 732 per
1241 663 1318 718 viam
1341 664 1474 720 vestibuli
1497 674 1586 737 portae
1610 668 1663 725 de-

56 769 77 811 a
94 757 194 826 itaque
215 754 278 810 atrii
304 752 448 809 interioris
476 755 535 823 ipsa
560 751 648 822 Virgo
673 765 761 821 puer·
813 749 892 818 loris,
909 765 975 808 cum
991 765 1040 821 per
1051 751 1127 822 ipsos
1139 764 1196 807 non
1208 752 1268 822 jam
1283 751 1411 822 passivos
1423 754 1549 824 corporis
1561 770 1663 814 sensus

67 857 118 915 per
134 858 223 914 quam
239 842 270 898 lit
288 841 371 898 nobis
390 841 486 897 aditus
509 841 615 896 divimc
637 840 760 910 agnitio·
814 847 982 910 penetratur
1006 842 1109 907 virtus,
1131 854 1165 895 ac
1181 841 1286 896 veritas
1301 840 1438 912 virgineae
1452 844 1658 914 conceptionis.

56 931 159 988 semiue
184 929 259 986 enim
287 929 387 996 scitur,
411 943 428 984 a
453 943 512 999 quo
537 943 595 984 uon
618 926 759 999 diligitur.
814 928 972 998 Sequitur:
992 931 1028 985 Iit
1052 929 1186 984 stabitis
1209 930 1302 983 limiae
1324 935 1410 999 porta
1432 929 1536 1003 (ibid).
1565 933 1663 991 Limen

56 1035 85 1093 po
109 1019 176 1076 atrii
200 1018 343 1075 interioris
369 1026 422 1085 est,
450 1031 500 1087 per
524 1017 610 1088 cuius
634 1030 758 1087 praecor·
813 1024 903 1086 portae
917 1024 1086 1073 summaest
1101 1017 1251 1087 virginalis
1266 1017 1445 1086 obedientia,
1467 1019 1496 1074 iu
1511 1034 1570 1091 qua
1587 1023 1664 1091 prin-

56 1123 163 1165 morem
178 1108 214 1164 ud
234 1107 397 1177 purissima
420 1105 484 1162 fidei
506 1105 692 1163 excurrimus
716 1104 759 1161 iu·
815 1118 880 1174 ceps
906 1112 977 1161 tunc
1013 1106 1109 1172 stabit,
1137 1120 1202 1161 cum
1227 1119 1277 1176 per
1306 1105 1466 1164 divinitatis
1494 1110 1661 1181 polentiam,

59 1196 134 1268 ,qui
149 1196 238 1267 ipsius
253 1196 316 1252 fidei
332 1195 445 1252 tructus
460 1203 512 1261 est,
530 1209 567 1251 ex
592 1208 652 1265 ouo
678 1192 763 1250 senti-
814 1207 889 1265 quse,
907 1192 990 1249 motis
1012 1193 1157 1260 omnibus,
1184 1207 1297 1264 semper
1310 1201 1376 1262 stat,
1400 1195 1542 1267 virginem
1566 1212 1596 1255 se
1619 1198 1663 1255 lc-

56 1287 139 1343 modo
153 1285 319 1341 subeadem
335 1297 466 1355 persona,
487 1291 515 1340 ct
541 1283 611 1354 qnid
636 1283 712 1339 Deus
735 1288 763 1339 et
815 1281 966 1350 cundassc,
983 1284 1011 1338 et
1026 1297 1084 1352 quc
1106 1282 1188 1338 modo
1213 1296 1264 1352 per
1286 1281 1425 1353 Spiritum
1447 1293 1577 1343 sanctum
1600 1301 1664 1345 eam

55 1381 73 1430 t.
100 1373 188 1430 Porro
215 1373 299 1429 ctiam
329 1380 411 1443 porta
440 1371 504 1428 atrii
528 1370 679 1443 {interioris
701 1371 763 1441 ipsa
816 1370 1026 1438 fecundaverit,
1043 1370 1243 1441 virginemque
1256 1371 1396 1428 dimiserit
1409 1372 1468 1443 ipse
1482 1377 1663 1434 monstrabit.

62 1476 120 1518 non
136 1469 192 1518 tam
210 1461 291 1532 prius
311 1475 401 1531 qnam
422 1461 550 1516 omnium
576 1459 763 1516 excellentius
852 1462 887 1514 Et
909 1460 1013 1525 sacient
1043 1459 1196 1514 sacerdotes
1219 1461 1374 1515 lclccausta
1397 1464 1474 1531 ejus3
1499 1468 1524 1517 et
1546 1466 1666 1534 pacifica

56 1564 114 1607 tam
137 1550 187 1606 Dei
215 1549 344 1605 notitiam
370 1548 533 1604 intromissa
560 1556 623 1619 est;
653 1556 680 1603 et
705 1562 763 1618 quo
816 1549 875 1618 ejus
891 1546 995 1619 (itia).
1011 1547 1216 1605 ilolocaustum
1234 1554 1324 1605 totum
1342 1549 1493 1607 incensum
1507 1561 1557 1608 est.
1578 1554 1666 1610 Holo-

56 1639 96 1696 ito
111 1640 207 1706 sensit,
225 1653 275 1709 per
289 1637 422 1694 eumdem
437 1637 560 1707 idipsum
589 1635 672 1693 nobis
695 1651 762 1692 sen·
817 1645 917 1692 causta
931 1638 993 1708 ejus
1008 1651 1059 1707 per
1074 1637 1234 1692 sacerdotes
1255 1637 1335 1701 ιιεει,
1361 1652 1426 1693 cum
1452 1640 1480 1694 in
1503 1642 1665 1698 considera-

56 1741 96 1784 tas
117 1727 202 1792 dedit.
229 1727 295 1783 Haec
316 1726 429 1796 respicit
451 1727 487 1781 ad
511 1726 666 1793 Orientem,
694 1725 764 1796 ‹puia
820 1724 895 1780 tione
910 1725 988 1780 iilius
1013 1740 1049 1781 ex
1069 1724 1181 1796 virgine
1203 1725 1391 1782 humanitatis
1415 1734 1472 1782 tum
1499 1730 1668 1787 mirabiliter

56 1831 84 1873 ns
93 1816 266 1883 mortalium,
280 1815 634 1871 imonullacrealurarum
643 1814 765 1869 ratione·
820 1821 984 1884 assumpta.
1001 1826 1084 1885 reges
1095 1813 1156 1884 jam
1168 1820 1196 1869 et
1220 1814 1381 1870 sacerdotes
1404 1828 1421 1869 a
1444 1816 1501 1872 Deo
1522 1817 1589 1873 iacti
1610 1819 1668 1874 mi-

69 1904 236 1972 scintillare,
257 1903 418 1974 prevaluit,
444 1902 512 1958 illuc
533 1903 596 1967 ista,
620 1901 649 1957 in
674 1903 763 1958 licum
819 1916 930 1966 ramur,
947 1910 975 1957 et
989 1904 1140 1957 Auctorem
1157 1901 1288 1957 omnium
1302 1903 1412 1974 angelis
1428 1903 1538 1961 minora
1558 1906 1665 1975 tulisse,

69 2001 215 2050 auctorem
236 1992 354 2048 luminis
375 1991 521 2047 liberrime
543 1998 664 2047 mentem
690 1990 762 2047 lixit.
818 1991 966 2060 perpetuis
985 1989 1191 2046 desideriorum
1213 1990 1333 2046 aestibus
1357 2005 1543 2062 nequaquam
1567 1996 1666 2053 ardere

56 2080 328 2138 rditnrsexdiebus
352 2080 511 2151 inquibus
534 2093 607 2149 opus
630 2079 670 2144 fit,
696 2079 766 2150 quia
820 2078 992 2135 desistimus.
1019 2077 1141 2134 Pacifica
1156 2077 1228 2149 eius,
1262 2078 1290 2133 id
1318 2086 1359 2135 est
1387 2080 1533 2152 principis,
1560 2085 1667 2153 pariter

56 2168 110 2226 unis
135 2169 198 2240 ejus
225 2169 404 2239 mysterium,
425 2182 462 2224 ex
485 2181 544 2239 qna
571 2167 707 2223 introitus
730 2165 766 2222 ad
820 2167 904 2234 ssunt,
920 2181 986 2223 cum
1006 2168 1095 2222 sancti
1117 2165 1291 2222 immutabili
1316 2169 1555 2239 contemplatione
1577 2173 1667 2244 buius

56 2257 144 2315 omini
173 2257 275 2328 patuit,
301 2271 416 2313 onlnem
447 2255 477 2311 iu
508 2256 639 2326 praesenti
661 2254 766 2311 saeculo
821 2263 908 2312 tautae
929 2254 1101 2323 dulcedinis,
1128 2262 1155 2312 et
1177 2254 1408 2325 imperturbabili
1429 2257 1491 2327 jam
1515 2260 1667 2318 securitate

70 2345 160 2417 (quod
177 2345 338 2417 significare
361 2358 411 2400 sex
439 2344 498 2401 dies
525 2344 657 2414 assolent)
684 2343 767 2400 latuit
822 2346 986 2417 quiescunt.

57 2441 76 2491 t.
92 2433 182 2505 Cujus
197 2434 220 2490 si
234 2434 388 2505 corrigiam
404 2433 512 2489 solvere
526 2433 632 2503 dignus
647 2436 765 2497 nonest,
857 2433 1018 2487 ohedientia
1040 2447 1074 2486 ea
1094 2430 1256 2499 bumilitate,
1283 2432 1423 2487 humilitas
1448 2441 1537 2490 autem
1563 2453 1597 2493 ea
1616 2440 1666 2493 ad-

56 2536 86 2578 or
102 2522 130 2578 in
144 2522 218 2577 nutis
232 2521 385 2577 mulierum
404 2520 504 2577 nullus
518 2529 570 2584 est,
595 2520 661 2592 quis
684 2529 768 2591 putas
822 2524 952 2578 versitate
963 2520 1108 2590 probatur.
1124 2550 1158 2560 -
1182 2523 1217 2575 Et
1231 2520 1358 2575 adorabit
1372 2535 1453 2592 super
1469 2524 1550 2579 limen
1568 2533 1667 2597 porte,

56 2611 118 2667 inm
135 2610 282 2667 advivitur
296 2608 402 2680 dignus
416 2609 481 2666 est?
822 2616 848 2665 et
864 2608 1017 2678 epredictur
1032 2607 1120 2678 (ibid).
1147 2607 1245 2664 Limen
1271 2617 1359 2678 portae
1381 2612 1515 2681 superius
1535 2614 1668 2672 obedien·

56 2697 108 2754 {oue
123 2699 255 2767 beatifica.
269 2727 304 2738 -
320 2698 371 2751 Die
385 2702 476 2752 autem
489 2697 607 2752 Sobboti
619 2700 767 2767 aperietur,
823 2699 893 2756 tiam
910 2696 1047 2765 diximus,
1061 2712 1128 2767 quoe
1144 2696 1305 2753 obedientia
1319 2697 1374 2754 dici
1402 2713 1460 2755 non
1485 2710 1587 2771 potest,
1613 2705 1668 2761 nisi

67 2800 117 2843 sex
133 2786 235 2842 diebus
246 2800 373 2856 prsesens
386 2785 535 2851 saeculum,
552 2785 580 2842 iu
597 2801 655 2856 quo
676 2786 767 2856 perte·
822 2801 859 2844 ex
874 2793 951 2843 certa
965 2784 1127 2841 bumilitate
1142 2784 1293 2854 lirmetur3
1308 2793 1386 2843 certa
1401 2796 1497 2845 autem
1520 2789 1669 2846 humilitas

56 2873 189 2930 labemus
203 2874 372 2930 exercitium
386 2873 587 2944 operum,lper
610 2874 767 2931 Sabbatum
823 2883 967 2934 tnncesse
985 2873 1164 2931 solummodo
1188 2873 1327 2941 noscitur,
1355 2890 1420 2945 quae
1448 2891 1485 2933 en
1511 2880 1668 2950 emergenti

55 2976 91 3020 ur
106 2962 221 3033 requies
232 2963 407 3030 animarum,
425 2962 453 3017 in
474 2975 533 3032 qna
552 2963 657 3034 clausae
680 2971 767 3033 porta
786 2961 807 3019 C
823 2962 996 3021 adversitate
1014 2963 1086 3018 inter
1105 2962 1296 3019 obediendum
1318 2963 1465 3033 probatur.
1484 2964 1563 3023 Sicut
1585 2967 1670 3038 plane

56 3051 175 3109 sterium
190 3051 329 3121 aperitur,
346 3051 417 3122 quia
431 3051 526 3106 carnis
540 3051 646 3108 dimoto
671 3051 768 3123 parie-
823 3053 910 3110 limen
927 3059 1014 3122 porta
1034 3051 1125 3108 instar
1148 3051 1328 3107 fundamenti
1348 3052 1480 3121 subsidit,
1504 3061 1532 3111 et
1559 3055 1669 3112 cunctis

65 3154 115 3210 per
128 3139 275 3208 speculum
296 3147 322 3195 et
338 3139 368 3195 in
392 3139 544 3210 aenigmate
570 3154 649 3196 nunc
673 3139 769 3196 cerni·
824 3141 1001 3199 intrantibus
1023 3140 1154 3210 pervium
1188 3147 1306 3207 constat,
1335 3140 1377 3195 sic
1408 3140 1560 3199 ineffabilis
1582 3143 1670 3215 Virgo

56 3242 103 3298 :na
116 3242 153 3284 en
167 3235 246 3297 parte
263 3227 456 3298 perspicitur:
479 3242 537 3298 quo
559 3228 636 3284 enim
659 3228 769 3299 absque
823 3230 888 3286 licet
903 3229 975 3285 alias
989 3241 1107 3298 prorsus
1131 3227 1308 3283 inimitabilis
1332 3227 1483 3298 habeatur,
1507 3244 1594 3302 snper
1616 3233 1672 3290 boc

55 3317 90 3374 tis
114 3317 319 3388 integumentis
342 3316 509 3387 simplicior,
536 3330 568 3372 eo
592 3323 688 3373 noster
711 3317 769 3386 spi·
824 3331 896 3391 pene
909 3317 968 3374 solo
983 3315 1185 3371 universorum
1197 3315 1329 3385 exemplo
1345 3317 1524 3386 proponitur.

56 3405 172 3462 tsolum
187 3404 412 3460 adsecretorum
437 3403 590 3470 notionem,
614 3404 664 3461 sed
683 3410 711 3461 et
733 3403 770 3461 ad
861 3407 895 3462 ln
933 3403 1068 3461 anteriori
1105 3403 1188 3458 tracti
1218 3403 1371 3460 vebemeus
1393 3404 1568 3463 miraculum
1597 3412 1672 3463 m

56 3493 123 3550 :nei
137 3492 276 3549 visionem
291 3491 412 3547 acutior.
428 3490 484 3547 Sed
507 3494 537 3544 ia
562 3491 606 3545 dre
629 3491 770 3546 Kolenda·
824 3494 966 3553 exstitisse
979 3491 1177 3564 probavimus,
1206 3488 1284 3561 qnod
1310 3492 1346 3547 ad
1372 3499 1429 3549 tam
1456 3494 1673 3566 insuspicabilia

56 3584 133 3637 ietur
146 3581 252 3652 (ibid).
269 3581 334 3636 Dies
349 3587 391 3636 est
405 3587 505 3651 aperta
522 3580 612 3635 belet
639 3579 770 3636 omnium
825 3583 936 3642 cunctis
949 3581 1088 3653 promissa
1115 3579 1286 3637 mortalibus
1307 3582 1368 3637 sine
1389 3583 1588 3640 exhortatione
1612 3599 1672 3641 mo·

59 3684 86 3726 tn
102 3668 327 3740 comprehensio
345 3668 427 3725 Unde
443 3667 551 3724 Paulus
567 3683 573 3722 τ
590 3667 693 3737 Sequor
716 3683 770 3723 uu·
826 3687 901 3740 rosa,
922 3671 983 3727 sine
998 3668 1087 3726 ullius
1100 3667 1244 3725 oblatione
1262 3671 1393 3740 exempli,
1417 3669 1495 3726 illins
1515 3672 1673 3729 benedictae

56 3757 288 3828 comprehendam,
318 3760 434 3825 tuaeque
466 3771 622 3824 ccouoscaeu
651 3759 722 3811 sicut
746 3762 772 3811 et
822 3760 988 3834 juvenculae
1014 3758 1121 3814 inflecti
1145 3758 1269 3814 valuerit
1292 3758 1362 3814 adeo
1395 3759 1523 3816 celeriter
1546 3761 1671 3817 animus.

58 3862 118 3903 sum
131 3845 263 3917 (Ptttipp.
280 3861 320 3912 m,
338 3846 391 3915 ti.)
407 3844 541 3901 Kalendas
561 3859 639 3912 vero,
664 3859 730 3916 quse
754 3857 772 3900 a
825 3851 877 3908 Cui
894 3847 1043 3921 quidpiam
1059 3862 1117 3903 uon
1133 3847 1229 3903 minus
1244 3847 1350 3903 mirum
1366 3847 1396 3903 in
1411 3848 1466 3903 bac
1478 3848 1540 3918 ipsa
1559 3849 1673 3906 obtem-

56 3938 209 3993 tionesunt
223 3934 316 4002 dictae,
332 3933 407 3989 diem
430 3932 594 4005 significant
618 3947 770 4004 regenera-
826 3941 972 4012 peratione
990 3936 1198 3994 subnectimus.
1223 3935 1251 3993 Si
1278 3937 1481 3994 communibus
1507 3938 1671 4010 virginibus

56 4031 148 4092 ›strae;
164 4022 193 4078 in
218 4037 278 4093 qua
297 4023 358 4079 sine
381 4021 470 4079 dubio
498 4022 573 4078 sicui
590 4020 705 4090 animis,
731 4022 772 4079 sio
825 4043 862 4085 ex
882 4025 1068 4083 nobilissimis
1091 4039 1165 4096 quos
1187 4032 1282 4081 essent
1304 4024 1448 4081 sortiturae
1472 4027 1594 4096 maritis,
1622 4026 1674 4083 lilii

56 4112 117 4169 lum
130 4111 330 4168 cumulabitur
353 4110 502 4181 plenitudo
526 4110 635 4180 gloriae,
660 4110 696 4167 ad
720 4110 769 4167 in-
824 4115 980 4173 nobiliores
993 4113 1083 4171 loturi
1100 4113 1239 4183 presagio
1254 4112 1351 4183 aliquo
1374 4115 1585 4184 sponderentur
1607 4130 1673 4186 pro·

56 4214 169 4273 duoque
185 4198 359 4270 praebebitur
373 4198 491 4255 scientia
510 4198 615 4256 Christi
637 4199 771 4256 incarna-
790 4204 898 4298 Dlecto
913 4203 963 4272 eis,
976 4209 1004 4260 et
1020 4201 1146 4258 marium
1159 4201 1293 4271 voluptas
1308 4201 1478 4273 insignium,
1501 4211 1529 4260 et
1550 4203 1675 4276 gloriosa

71 4287 201 4361 virgine,
224 4295 252 4345 et
281 4287 501 4358 dispensationis
529 4286 558 4342 in
586 4287 711 4343 bomine.
738 4287 771 4342 ln
826 4292 977 4364 posteritas
991 4290 1110 4347 indubie
1124 4289 1334 4347 blandirentur.
1348 4290 1385 4348 At
1399 4305 1468 4348 vero
1485 4291 1548 4348 istic
1562 4306 1674 4350 summe

56 4391 85 4435 ε·
103 4376 208 4434 interni
226 4375 344 4432 luminis
369 4377 448 4431 omni
472 4375 608 4432 moditate
630 4374 776 4456 aperitur,
826 4379 1001 4450 dispariter:
1031 4391 1097 4449 qua
1120 4377 1206 4446 enim,
1237 4384 1270 4433 ut
1297 4392 1386 4448 supra
1408 4379 1588 4450 disputatum
1621 4388 1673 4446 εει,

56 4466 153 4538 idqnid
178 4466 213 4523 de
242 4465 306 4537 ejus
331 4465 430 4521 divina
454 4472 481 4521 et
509 4464 639 4521 bumana
666 4471 772 4521 natura
825 4476 952 4525 mentem
965 4476 1111 4539 perpetuae
1125 4465 1282 4537 virginitati
1307 4466 1476 4539 addixerat3
1501 4483 1567 4541 qnae
1588 4468 1675 4525 otiam

56 4562 139 4624 nest,
156 4554 256 4611 scitur.
826 4555 961 4625 quamvis
984 4554 1079 4625 specie
1105 4562 1189 4611 tenus
1213 4554 1243 4609 in
1267 4554 1315 4626 jus
1346 4555 1429 4612 virile
1454 4557 1514 4628 jam
1540 4561 1674 4625 cesserat,

56 4643 130 4699 rabit
141 4646 269 4714 princeps
279 4658 330 4712 per
351 4645 426 4697 cmm
445 4641 573 4696 uestibuli
590 4645 676 4710 portae
695 4640 772 4707 desc·
827 4643 914 4712 unde,
944 4657 1053 4714 quaeso,
1077 4650 1135 4699 tam
1166 4642 1241 4699 taciti
1266 4644 1395 4700 oratione
1409 4643 1608 4715 obtemperare
1635 4646 1676 4702 sic

58 4734 86 4788 ι.
102 4748 178 4801 xciv,
190 4733 227 4801 2).
244 4731 422 4788 Vestibulum
436 4737 527 4801 potest
537 4728 658 4802 intelligi
669 4743 774 4800 corpus
827 4730 944 4802 potuit‘l
959 4745 1024 4802 qua
1040 4739 1114 4788 certe
1129 4729 1308 4796 humanitus,
1324 4731 1378 4787 etsi
1392 4746 1451 4787 non
1471 4732 1607 4801 aliorum,
1633 4741 1676 4791 ta-

56 4842 76 4886 ις
94 4822 164 4893 qnia
189 4819 279 4876 veluti
298 4819 402 4875 domus
427 4817 595 4889 praetexitur
618 4815 771 4886 vestibulo,
825 4832 893 4875 men
907 4818 970 4888 ejus
986 4817 1038 4889 qui
1054 4820 1176 4875 maritus
1194 4817 1348 4874 videbatur
1371 4818 1542 4877 scandalum
1566 4822 1674 4879 timuit.

56 4923 80 4965 va
92 4908 189 4965 caruis
204 4907 364 4964 obstaculo.
381 4906 472 4978 Cuius
487 4906 535 4961 via
546 4913 588 4962 cst
603 4906 774 4961 sensualitas
826 4904 918 4977 Cuius
931 4912 1061 4963 tactuum
1074 4906 1180 4972 nescia,
1194 4905 1225 4961 in
1237 4905 1337 4963 eadem
1362 4907 1592 4979 participatione,
1617 4926 1676 4968 non

56 5011 81 5055 ae
92 4997 156 5053 licet
171 4995 327 5067 corporalis
341 4994 387 5064 sit,
404 5003 498 5051 tamen
513 4994 541 5050 ιε
553 4993 776 5065 incorruptibili·
828 4994 882 5052 init
895 5010 902 5048 :
917 4997 985 5060 Qua
1000 5008 1126 5051 sescum
1141 5002 1252 5064 quanto
1271 4994 1403 5063 latuerat,
1431 5003 1508 5052 tanto
1534 4998 1564 5054 in
1588 4999 1677 5072 hujus

56 5085 356 5156 spassibilitatemquc,
380 5097 474 5150 versa,
498 5090 608 5154 quanto
630 5081 774 5152 spirituali
829 5083 1009 5141 traductione
1025 5083 1126 5140 secreti
1142 5097 1221 5140 more
1242 5083 1371 5141 bumana
1391 5084 1545 5143 sollicitare
1568 5085 1676 5145 debue-

64 5176 125 5247 jam
142 5173 315 5245 praeeminet,
333 5180 422 5240 tanto,
438 5171 462 5227 si
477 5172 569 5228 dicere
589 5172 722 5239 audeam,
744 5171 775 5226 in
828 5180 883 5229 rat.
901 5172 956 5229 Ubi
978 5185 1047 5243 ergo
1074 5172 1146 5229 nibil
1170 5173 1248 5244 quod
1267 5172 1421 5230 carnaliter
1441 5187 1505 5230 eam
1524 5174 1677 5233 delectaret

57 5270 113 5321 tem
130 5261 248 5319 rationis
268 5276 319 5333 per
341 5262 400 5318 vim
423 5259 640 5317 resurrectionis
662 5258 775 5315 acumi-
828 5258 859 5315 in
886 5266 1026 5330 conceptu
1054 5258 1173 5316 suberat
1199 5258 1256 5314 imo
1283 5265 1395 5316 tantum
1428 5260 1596 5330 mysterium
1624 5276 1676 5318 ne-

56 5353 134 5410 urius
157 5351 208 5408 Dei
234 5350 336 5407 taciem
361 5348 548 5420 contemplari
571 5347 726 5419 praevalet3
748 5353 776 5404 et
829 5347 986 5405 scientibus
1001 5346 1156 5417 suspicioni
1170 5354 1221 5419 aut
1236 5347 1340 5419 probro
1356 5347 1487 5418 patebat:
1513 5349 1589 5406 mira
1613 5350 1677 5421 ejus

76 5439 218 5498 locasticis
256 5437 480 5496 distensionibus
512 5444 601 5503 caret,
632 5443 713 5494 tanto
738 5435 775 5492 ad
829 5434 991 5494 obedientia
1005 5434 1059 5492 sub
1075 5435 1130 5491 bac
1145 5434 1308 5493 bumilitate
1323 5435 1472 5508 probatur,
1489 5451 1556 5508 que
1578 5438 1678 5497 intam

56 5526 162 5595 allecta,
175 5527 200 5585 ei
217 5528 265 5586 cni
282 5528 438 5584 introrsum
454 5524 546 5582 inhiat
556 5523 776 5583 immutabiliter
830 5523 969 5594 passibili,
984 5523 1041 5580 imo
1056 5522 1188 5594 angelica
1202 5524 1341 5593 castitate,
1366 5526 1456 5584 totins
1468 5524 1618 5597 popularis
1631 5525 1677 5582 in-
