3818 6008
1807 221 1858 271 iiii
1904 236 1907 273 t

107 226 159 280 775
578 220 608 272 V.
629 217 792 274 uulnuttrt
810 217 955 274 suaevis
973 216 1003 272 S.
1023 216 1143 274 tihfflAE
1163 217 1207 272 tte
1225 215 1423 275 uovttttthro

108 349 287 420 inaquositas
313 348 453 403 habeatur
475 361 481 400 :
507 353 535 401 et
564 346 678 409 idcirco,
702 347 738 402 ad
766 346 827 403 Kal·
858 345 1403 416 usqueavltnubttobeus.1senim
1424 329 1543 416 quises
1564 354 1691 412 rexerat,
1714 347 1766 416 qui
1786 346 1860 402 inte-

107 435 277 495 Novembris
302 433 459 489 differenda
488 431 622 502 protectio
649 432 808 503 judicatur.
837 433 953 489 interim
1009 436 1070 491 rius
1084 435 1271 505 exteriusque
1293 448 1341 491 cos
1371 435 1498 504 piissime
1523 434 1644 502 loverat,
1669 435 1715 491 vir
1729 436 1790 491 lieo
1805 450 1860 492 sae-

107 540 176 597 ergo
204 521 425 580 assentientibus
452 520 519 576 huie
540 520 658 577 consitio
683 521 804 587 cunctis,
829 521 956 577 seniores
1009 521 1133 591 coloque
1157 521 1331 592 spectabilis,
1359 521 1505 577 Podieusis
1530 521 1682 593 episcopus
1710 522 1860 587 himarus,

107 612 250 670 exercitus
265 622 315 680 per
332 609 418 665 urbes
427 615 454 665 et
464 608 579 679 oppida,
597 608 649 664 sibi
661 607 696 663 ad
714 608 837 664 invicem
853 608 954 664 distri-

106 701 178 758 buta
189 706 216 755 et
234 696 385 768 acquisita,
411 711 441 752 se
462 696 606 762 dividunt,
634 703 661 752 et
684 695 794 765 ubique
818 711 868 767 per
887 696 954 752 sub·

103 787 194 859 jectos
214 786 268 842 sibi
297 785 426 856 populos
457 784 670 854 apraeconlbus
692 783 830 840 celebrari
852 783 956 854 praci-

104 875 199 946 pinni,
222 881 367 944 quatenus
386 872 410 929 si
434 872 500 942 quis
515 884 616 928 eorum
631 879 737 941 egeret,
758 870 814 927 sub
826 869 954 926 donativi

105 963 238 1035 pactione
263 960 472 1032 potentioribus
498 960 668 1016 adbaereret.
698 959 764 1015 Fuit
793 958 867 1015 inter
886 958 956 1015 alios

104 1052 152 1108 vir
161 1051 303 1122 equestris
316 1049 435 1115 ordinis,
453 1062 659 1118 armorumque
673 1047 809 1104 exercitio
822 1062 954 1104 summo-

105 1153 173 1210 pere
194 1137 375 1209 premimus,
399 1137 433 1193 de
456 1136 632 1206 primoribus
646 1136 759 1192 comitis
773 1134 869 1192 Sancti
891 1135 957 1206 Egi·

106 1227 146 1283 dii
172 1225 339 1283 necessariis
363 1225 499 1292 existens,
519 1223 699 1279 Raimundus
714 1223 839 1288 nomine,
855 1236 958 1293 cogno

105 1323 202 1371 mento
226 1313 339 1380 Piiitus,
368 1313 415 1369 cui
439 1320 466 1368 et
494 1311 616 1367 militum
641 1319 669 1367 et
693 1311 819 1382 peditum
840 1310 957 1381 plurimi

105 1415 165 1458 sese
180 1402 337 1457 contulere.
355 1402 427 1457 lluic
448 1401 555 1470 itaque,
571 1408 598 1455 et
615 1414 664 1469 pro
679 1400 725 1456 sui
747 1397 954 1464 munificentia,

105 1495 199 1559 cipro
220 1487 350 1559 ingenita
373 1487 526 1553 industria,
549 1486 647 1542 multis
661 1485 814 1556 applicitis,
833 1484 956 1541 conflato

107 1591 166 1632 non
189 1576 296 1647 exiguo
321 1575 460 1643 exercitu,
477 1574 536 1631 itur
559 1575 586 1630 in
601 1575 825 1630 sarracenorum
839 1578 955 1638 terram,

1009 610 1211 680 egritudinem
1241 609 1351 677 incidit,
1381 610 1480 680 piique
1505 610 1620 667 sudoris
1647 610 1771 677 labores,
1801 624 1864 680 per·

1009 706 1103 765 petuae
1136 697 1322 767 requietionis
1353 698 1528 754 sabbatismo
1558 698 1705 767 detergere
1733 699 1761 754 ei
1799 697 1864 753 Om-

1009 784 1140 854 nipotens
1168 785 1329 855 largissima
1368 786 1547 842 miseratione
1580 785 1729 856 disposuit.
1768 786 1802 841 ln
1829 799 1865 841 ea

1009 872 1118 942 itaque,
1132 888 1198 944 quas
1213 881 1334 931 vocatur
1349 875 1385 930 ad
1398 872 1523 930 Vincula
1538 875 1630 929 saneti
1643 873 1730 942 Petri,
1748 873 1864 930 festivi-

1009 966 1066 1017 tate
1079 960 1207 1029 decessit,
1223 962 1410 1031 eumquecui
1432 961 1514 1032 regni
1537 961 1675 1018 caelorum
1699 960 1808 1028 claves,
1830 974 1864 1017 ac
1905 1024 1907 1031 ,

1010 1048 1186 1113 solutionum
1220 1049 1362 1118 pertinent
1401 1056 1568 1119 postestates
1602 1056 1630 1104 et
1662 1049 1863 1106 absolutorem
1905 1038 1907 1043 ’

1010 1138 1135 1207 reperit,
1159 1141 1228 1191 ⁴0!
1255 1137 1475 1207 januarumque
1499 1136 1656 1193 coelestium
1686 1137 1864 1195 inuodueto

1010 1239 1070 1282 rem
1087 1224 1265 1281 commeruit.
1292 1224 1429 1281 Oboritur
1452 1225 1527 1280 illico
1544 1225 1574 1280 in
1598 1223 1705 1281 Christi
1724 1224 1863 1281 universo

1009 1314 1149 1376 exercitu.
1178 1312 1354 1370 acerbissimi
1382 1313 1488 1369 doloris
1512 1311 1693 1380 tristitiaque
1716 1309 1861 1378 nimietas,

1010 1409 1037 1457 et
1059 1401 1128 1457 dum
1155 1399 1320 1471 trequentes
1346 1399 1601 1456 misericordissimi
1626 1398 1754 1454 bominis
1778 1398 1861 1455 bene·

1010 1489 1147 1556 hcevttias,
1165 1490 1320 1559 cujuslibet
1334 1490 1444 1545 ordinis
1466 1502 1553 1545 sexus
1579 1488 1714 1544 etaetatis
1740 1487 1862 1558 quisque

1011 1583 1146 1643 recenset,
1172 1576 1422 1641 inconsolabiliter,
1454 1575 1524 1632 dum
1562 1575 1643 1630 nulla
1678 1574 1862 1644 prestolatur

108 1672 295 1735 castrumque
315 1663 528 1735 aggrediuntur
540 1663 618 1733 quod
633 1662 733 1719 dicunt
748 1640 1148 1732 Talamaniam.¹³remedia,
1177 1673 1288 1721 moeret.
1319 1665 1410 1721 Tanta
1446 1663 1483 1720 ad
1517 1665 1580 1735 ejus
1606 1662 1707 1731 iunus,
1746 1671 1861 1734 tamque

106 1752 251 1824 Oppidani
261 1767 330 1808 vero
344 1752 430 1819 idem,
447 1765 512 1807 cum
527 1758 621 1806 essent
636 1750 710 1821 Syri,
723 1764 743 1805 a
758 1748 874 1819 praerato
888 1754 958 1804 sunt
1011 1751 1206 1822 praecordialis
1235 1752 1362 1821 ipsorum
1392 1751 1556 1822 principum
1584 1749 1779 1807 conclamatio
1810 1750 1860 1806 luit

105 1842 169 1899 viro
202 1841 317 1912 propria
348 1840 445 1897 statim
479 1839 622 1896 deditione
648 1839 762 1909 recepti.
795 1835 856 1903 Quo
881 1836 957 1893 iutra
1010 1852 1045 1895 ac
1056 1839 1080 1893 si
1096 1839 1237 1911 generalis
1261 1838 1392 1895 interitus
1406 1837 1628 1894 denuntiaretur
1647 1836 1716 1892 illis.
1738 1837 1859 1893 Tantum

106 1930 230 2000 idipsum
246 1928 437 1999 municipium
458 1935 522 1984 octo
541 1934 734 1983 commorante
753 1925 865 1991 diebus,
886 1938 958 1980 nun·
1011 1927 1046 1982 ad
1063 1927 1126 1997 ejus
1142 1940 1193 1982 nec
1208 1926 1278 1983 dum
1293 1925 1397 1996 sepulti
1414 1924 1562 1994 feretrum,
1584 1925 1709 1981 abomni
1740 1924 1801 1992 illa,
1816 1924 1858 1980 cui
1903 1920 1907 2017 i

108 2016 198 2074 tiatur
219 2017 311 2074 eidem
333 2016 413 2073 baud
435 2016 535 2086 procul
552 2015 618 2071 inde
640 2015 879 2070 haberieastrum
895 2010 959 2067 Sar·
1011 2023 1130 2086 paterne
1144 2014 1308 2084 praeiucrat,
1335 2021 1420 2085 gente
1448 2015 1636 2084 pecuniarum
1660 2012 1794 2070 oblatum
1811 2021 1859 2078 est,
1903 2062 1906 2069 .

107 2119 290 2173 racenorum
327 2103 533 2160 innumerabili
562 2104 651 2174 vulgo
680 2101 955 2172 frequentissimum.
1012 2110 1156 2174 quantum
1182 2103 1296 2173 uspiam
1309 2103 1438 2174 gentium
1461 2103 1497 2159 ad
1519 2101 1622 2158 altaria
1642 2102 1793 2173 qualibet,
1808 2102 1859 2159 sub
1903 2138 1906 2145 -

106 2193 152 2250 Ad
181 2193 234 2249 boe
260 2192 480 2262 irrumpendum
518 2191 586 2247 durn
620 2189 800 2260 rapidissimo
830 2188 959 2244 ferentur
1010 2191 1190 2247 tantumdem
1216 2192 1307 2260 spatio
1333 2191 1470 2262 temporis
1496 2189 1611 2255 deterri,
1636 2205 1696 2246 non
1720 2191 1807 2254 vidit,
1830 2198 1860 2246 ut

107 2281 229 2349 assultu,
263 2281 320 2337 Deo
350 2287 527 2351 penetrante,
560 2278 713 2349 subigitur.
741 2276 958 2333 habitatoribus
1011 2280 1145 2347 arbitror,
1171 2279 1257 2336 ullus.
1273 2279 1342 2347 Quae
1357 2280 1473 2350 quidem
1497 2280 1676 2350 pauperibus
1698 2280 1859 2350 statimpro

106 2383 174 2441 ergo
189 2368 336 2438 correptis,
353 2367 404 2438 qui
428 2365 592 2423 Christiana
616 2372 797 2421 sacramenta
812 2362 958 2432 suscipere
1012 2365 1102 2436 ipsius
1125 2366 1222 2421 anima
1246 2374 1303 2422 tota
1325 2375 1393 2421 sunt
1418 2366 1554 2437 dilargiti.
1585 2366 1695 2422 tiorum
1723 2379 1858 2438 namque,

106 2455 324 2526 acquieverunt,
341 2455 445 2510 servati
460 2460 529 2509 sunt
554 2452 711 2508 incolumes
728 2467 734 2505 ;
751 2452 802 2522 qui
815 2452 957 2507 detrecta—
1011 2454 1082 2511 dnm
1107 2454 1265 2522 adviveret,
1283 2461 1418 2525 gesserat,
1445 2462 1525 2511 tanta
1543 2453 1740 2512 sollicitudine
1762 2469 1859 2512 curam

106 2556 185 2610 rere,
203 2549 353 2598 necantur.
1011 2550 1044 2600 nt
1058 2542 1196 2599 divitibus
1211 2542 1240 2599 id
1254 2557 1312 2613 praa
1338 2542 1472 2598 omnibus
1491 2542 1521 2597 in
1545 2542 1606 2598 dies
1631 2543 1753 2600 duceret
1768 2543 1860 2600 incul-

144 2631 195 2686 liis
224 2629 378 2699 explicitis,
401 2629 457 2684 Deo
484 2628 591 2699 gratias
620 2626 801 2684 redhibentes
824 2626 958 2683 'ialama-
1011 2630 1147 2697 candum,
1183 2638 1330 2701 quatenus
1359 2644 1464 2702 egenos
1497 2630 1661 2700 diligerent.
1700 2646 1861 2703 eorumque

107 2718 186 2774 niam
201 2724 398 2784 revertuntur,
421 2723 449 2772 et
473 2715 556 2772 tertia
572 2715 617 2771 die
639 2715 706 2771 inde
731 2714 860 2786 digressi,
884 2713 959 2771 iero·
1011 2717 1214 2775 misericordiis
1242 2718 1415 2785 insisterent,
1441 2718 1517 2789 ipsos
1549 2731 1681 2774 asserens
1705 2732 1768 2775 suae
1790 2719 1861 2789 ipso-

107 2805 250 2861 cissimam
274 2803 473 2866 munimentis,
503 2817 536 2858 ac
562 2803 711 2859 variarum
734 2804 865 2874 gentium
889 2815 958 2858 coa·
1012 2820 1078 2864 rum
1093 2805 1159 2861 vitas
1173 2807 1343 2862 custodiam.

107 2893 200 2950 ctione
216 2891 370 2962 superbam
388 2890 544 2955 civitatem,
564 2891 708 2947 vocabulo
732 2891 858 2946 hlarram
874 2904 997 2974 expe-C
1047 2897 1246 2966 heegeaoram
1269 2893 1450 2949 sublevandis
1466 2892 1591 2950 miseriis
1604 2893 1726 2967 egregie
1741 2893 1861 2950 Aimera'

107 2987 182 3037 tunt.
214 2980 280 3036 llaec
306 2978 454 3050 praelibato
487 2978 625 3050 contigua
658 2986 719 3035 erat
745 2978 887 3049 prasidio,
928 2978 957 3034 iu
1010 2980 1098 3039 diota
1122 3003 1182 3030 -ιι
1200 2981 1258 3052 (33)
1278 2982 1433 3050 iudicium,
1455 2982 1599 3052 inquiens,
1628 2983 1861 3040 sinemisericor·

108 3082 230 3139 quama
253 3067 527 3138 circumjacentibus
541 3067 642 3123 eastris
661 3081 696 3123 ac
718 3066 839 3122 urbibus
854 3065 957 3136 praci—
1011 3069 1095 3126 diaei
1117 3069 1241 3140 quinon
1259 3069 1356 3126 iecerit
1377 3070 1611 3127 misericordiam.
1641 3069 1704 3126 Nisi
1720 3070 1800 3127 enim
1817 3070 1862 3126 mi·

106 3167 164 3227 pue
185 3157 222 3212 ab
241 3156 344 3225 aleph,
368 3155 593 3211 sarracenorum
608 3155 830 3224 Turcorumque
844 3153 958 3209 sentina
1011 3157 1130 3213 neribus
1144 3157 1256 3224 vestris,
1268 3165 1364 3214 tamen
1380 3166 1492 3214 naturae
1517 3158 1662 3214 consortio
1685 3172 1860 3229 comparau-

106 3244 297 3301 confluxerat.
335 3242 447 3310 Quibus
484 3242 629 3313 phalanga
665 3240 816 3313 gentilium
841 3240 957 3298 obviam
1011 3245 1064 3312 dis,
1085 3244 1275 3302 humanitatis
1297 3246 1394 3302 sinum
1420 3246 1619 3316 praestiteritis,
1644 3258 1764 3317 eaque
1784 3246 1861 3303 robis

107 3332 280 3390 dimicatura
295 3333 450 3403 processit;
468 3331 616 3400 nostrique
639 3345 669 3386 se
694 3328 868 3387 estimantes
890 3343 956 3385 eum
1010 3341 1037 3390 et
1058 3333 1114 3389 illis
1135 3348 1192 3389 non
1219 3333 1369 3403 dispariter
1389 3347 1407 3389 a
1433 3335 1491 3390 lieo
1505 3340 1612 3404 creata,
1633 3347 1651 3389 a
1668 3334 1753 3391 robis
1768 3342 1861 3391 tamen

106 3420 147 3478 eis
176 3435 255 3491 posse
282 3433 334 3491 pro
358 3434 436 3476 more
452 3419 532 3481 ¹hello
564 3419 727 3487 decernere,
755 3418 812 3473 cita
842 3416 957 3474 illorum
1010 3421 1191 3492 inequaliter
1218 3429 1348 3492 correpta
1367 3430 1609 3490 noscuntur,non
1631 3421 1674 3478 eis
1697 3422 1861 3480 communi·

106 3516 176 3566 sunt
203 3508 440 3580 tergiversatione
466 3506 585 3576 decepti.
604 3507 737 3562 Attamen
755 3505 850 3562 hostes
872 3503 956 3572 idem,
1010 3509 1154 3576 caveritis,
1170 3509 1276 3566 divinas
1302 3511 1402 3579 procul
1417 3510 1504 3566 dubio
1519 3510 1602 3566 vobis
1624 3509 1734 3567 ostium
1760 3509 1863 3567 miscri-

106 3596 279 3653 creberrime
312 3594 497 3666 prodeuntes,
527 3608 586 3650 uon
619 3591 793 3650 desistebant
819 3591 958 3649 lacessere
1010 3597 1114 3654 cordiae
1128 3596 1310 3668 percludetis.
1327 3598 1394 3666 llos,
1412 3597 1543 3668 inquam,
1564 3611 1692 3667 quorum
1713 3598 1862 3655 reficimini

106 3691 227 3740 nostros.
243 3684 314 3740 Tota
336 3682 434 3755 itaque
460 3681 531 3748 dies,
554 3689 746 3759 utrarumque
766 3680 892 3751 partium
906 3678 953 3736 vi·
1012 3686 1115 3758 gratia,
1146 3685 1296 3758 aliquibus
1332 3687 1474 3743 bonorum
1510 3692 1672 3742 vestrorum
1713 3686 1863 3757 particulis

106 3771 193 3828 uariis
208 3771 374 3828 incursibus
386 3767 611 3838 recursibusque
621 3775 761 3837 occupata
773 3767 955 3824 subducitur.
1012 3774 1146 3838 relevate,
1173 3776 1254 3839 certi,
1276 3774 1347 3844 quia
1378 3773 1453 3829 sicut
1491 3772 1544 3843 ipsi
1577 3771 1775 3842 temporaliter
1806 3773 1863 3830 sine

108 3859 274 3917 Acerrimas
301 3873 370 3930 ergo
389 3865 502 3914 nostros
526 3871 592 3914 enm
610 3856 780 3927 decoqueret
800 3863 906 3925 aestus3
931 3862 959 3912 et
1011 3861 1104 3929 vobis,
1120 3861 1159 3917 ita
1173 3874 1224 3916 vos
1239 3860 1301 3917 sine
1315 3859 1372 3917 iilis
1395 3875 1453 3917 non
1469 3860 1584 3931 potestis
1603 3860 1633 3916 in
1654 3861 1863 3932 sempiternum

107 3944 246 4002 inusitata
275 3945 407 4002 ariditate
435 3944 497 4001 sitis
520 3958 706 4015 quorumque
731 3944 868 4000 interiora
892 3942 958 3999 iati-
1011 3948 1117 4004 vivere.
1140 3967 1154 3997 »

107 4041 228 4100 scerent,
255 4032 380 4089 remedio
404 4032 572 4088 nullatenus
596 4037 774 4103 suppetente,
802 4029 956 4087 voluerunt
1048 4035 1231 4107 Haecbisque
1255 4035 1361 4092 similia
1385 4035 1432 4092 vir
1460 4037 1610 4105 mirabilis,
1626 4036 1738 4094 crebris
1762 4037 1864 4095 oratio·

106 4134 141 4176 ea
170 4128 253 4177 nocte
277 4121 364 4192 juxta
390 4120 521 4176 eamdem
551 4119 652 4176 urbem
687 4119 811 4175 tentoria
840 4131 955 4189 ponere.
1012 4123 1100 4181 nibus
1114 4123 1155 4180 eis
1165 4124 1309 4196 ingerens,
1320 4125 1507 4182 memorabat.

107 4207 295 4265 civitatenses
333 4214 431 4264 autem
462 4222 528 4265 eum
559 4206 824 4265 subintellexissent
847 4196 998 4262 nostrosD

107 4295 206 4367 aliqua
230 4311 268 4353 ex
291 4307 371 4367 parta
396 4306 510 4363 nutare,
540 4295 602 4366 Syri
622 4295 699 4352 anim
720 4295 805 4366 primi
830 4294 864 4350 de
888 4292 958 4364 luga
1344 4263 1456 4321 CAPUT
1480 4265 1526 4321 Ν·

107 4392 258 4455 coeperunt
271 4397 367 4457 agere,
382 4383 479 4440 acrius
492 4385 534 4440 eis
549 4397 586 4439 ex
606 4396 707 4440 eorum
723 4382 791 4439 iacti
816 4395 957 4452 propensa
1047 4386 1146 4458 [xlv]
1177 4386 1368 4458 Reymundus
1396 4389 1428 4444 S.
1455 4385 1569 4459 AEpidii
1594 4402 1692 4443 eomes
1719 4389 1863 4447 atteram

108 4473 344 4544 pusillanimitate
360 4471 478 4538 feroces,
503 4472 564 4543 jam
592 4485 649 4528 non
664 4478 802 4527 verentur
816 4470 955 4526 insistere.
1010 4473 1108 4528 urbem
1133 4473 1293 4546 occupauit,
1315 4473 1362 4528 cui
1386 4473 1551 4546 episcopum
1564 4475 1672 4547 prefici
1691 4477 1817 4533 curauit.
1832 4507 1862 4520 -

108 4563 170 4627 Qua
197 4561 357 4632 irruptione
386 4559 493 4627 vexati,
514 4559 627 4615 animas
643 4559 710 4626 Deo,
726 4557 821 4615 studio
845 4558 958 4628 pietatis
1011 4561 1105 4634 igitur
1120 4561 1301 4619 Raimundus
1309 4562 1405 4619 Sancti
1418 4562 1513 4633 Egidii
1528 4577 1622 4620 comes
1633 4563 1863 4623 sarracenorum

107 4657 242 4705 extrusas
255 4663 344 4719 quam
362 4647 478 4718 plurimi
495 4646 691 4703 reddiderunt.
717 4646 783 4703 llaec
805 4645 900 4703 linaiis
913 4661 958 4703 eo·
1010 4649 1174 4719 provincias
1193 4649 1291 4718 intrat,
1306 4656 1334 4706 et
1349 4650 1385 4706 ad
1396 4652 1555 4722 quamdam
1571 4652 1673 4708 urbem
1687 4668 1756 4724 quae
1772 4655 1865 4725 appel·

109 4737 241 4794 rumdam
260 4735 330 4804 dies,
348 4737 451 4807 quinto
470 4734 536 4791 iulii
566 4736 671 4791 mensis
694 4734 739 4791 die
766 4734 840 4791 laeta
860 4734 959 4806 digno
1013 4735 1092 4793 latur
1110 4736 1218 4794 hibera
1230 4738 1390 4795 exercitum
1405 4739 1513 4808 ductat,
1532 4753 1631 4811 quam,
1650 4741 1741 4798 ubiei
1762 4757 1865 4800 manus

109 4824 210 4880 scitur.
236 4823 352 4879 Residui
368 4830 463 4879 autem
481 4821 584 4878 Franci
603 4821 801 4878 'talamaniam
825 4821 956 4893 regressi,
1011 4824 1149 4891 admovit,
1163 4827 1300 4882 continuo
1313 4839 1377 4882 eam
1392 4827 1487 4897 coepit,
1502 4836 1530 4884 et
1543 4842 1652 4896 omnes,
1670 4844 1747 4901 quos
1761 4831 1863 4889 ibidem

109 4926 177 4968 cum
199 4925 250 4967 suo
270 4909 520 4967 duceliaimundo
536 4909 671 4980 plurimis
695 4910 829 4966 desedere
857 4909 960 4966 diebus
1012 4910 1128 4980 reperit,
1170 4912 1342 4971 Sarracenos
1375 4915 1569 4986 mulieresque
1600 4917 1732 4986 peremit.
1773 4918 1865 4987 Quam

111 4999 226 5056 ibidem.
262 4997 422 5055 Antiochia
447 5010 517 5053 vero
552 5006 774 5064 commanentes,
806 4996 898 5053 multa
930 5011 960 5052 se
1011 4998 1149 5055 continuo
1178 5000 1339 5067 subactam,
1375 5000 1518 5070 fidelibus,
1547 5010 1580 5059 ut
1617 5003 1721 5074 potuit,
1759 5007 1865 5064 colonis

111 5086 321 5156 tranquillitate
334 5084 541 5157 opulentiaque
556 5085 704 5156 gerebant.
1013 5085 1167 5156 instaurat,
1183 5089 1379 5161 consultisque
1394 5089 1586 5159 prudentibus
1601 5089 1683 5159 viris,
1699 5074 1865 5163 episcopum

148 5170 401 5242 [milidunense
418 5168 566 5226 Pedicasis
580 5171 732 5242 spiramus
744 5168 877 5242 migrate
889 5167 958 5225 vite.
1013 5174 1105 5232 eidem
1120 5175 1185 5232 urbi
1200 5175 1311 5232 censuit
1322 5176 1529 5245 ordinandum,
1545 5176 1595 5249 qui
1611 5179 1758 5247 paulatim
1777 5179 1865 5238 ethni

111 5289 146 5300 -
162 5257 216 5313 Sed
230 5259 305 5315 hauc
323 5274 423 5317 eorum
438 5259 630 5327 serenitatem,
644 5259 766 5325 occulta,
788 5272 847 5329 qua
869 5257 960 5313 nesci·
1013 5273 1071 5330 cos,
1096 5262 1198 5319 Christi
1213 5262 1277 5319 iidei
1298 5264 1477 5321 documentis
1502 5265 1653 5332 imbueret,
1683 5275 1712 5323 et
1735 5268 1768 5324 in
1792 5267 1866 5325 fanis

111 5359 190 5411 mus,
219 5344 663 5415 dispensatione,obscurissimo
688 5342 834 5400 contestim
861 5345 959 5401 turba·
1014 5347 1152 5417 ipsorum,
1186 5350 1321 5422 repurgio
1349 5351 1475 5421 primum
1510 5350 1650 5420 adhibito,
1679 5354 1796 5424 pietatis
1820 5356 1865 5413 mi·

92 5502 111 5518 ,
150 5469 208 5540 (³³)
227 5468 336 5527 hesum
351 5470 380 5527 in
394 5483 447 5526 ms.
459 5468 592 5526 Remeusi
603 5467 713 5526 aimari
725 5468 811 5526 dicta.
