3818 6008
110 215 165 271 139

555 215 587 269 V.
608 212 775 270 (tulbensi
794 210 940 267 tuearis
959 213 987 267 S.
1009 211 1127 266 MARIAE
1146 210 1192 266 DE
1223 211 1415 267 NOVIGENTO

1810 215 1864 268 tto

112 346 157 418 gis
177 345 372 402 testimouium
398 351 461 416 eget
483 350 552 400 teste
573 356 662 413 quam
688 341 765 398 testis
789 340 958 397 [estimonio.
980 341 1181 409 asumuntque
1202 344 1227 394 ei
1249 341 1354 395 obuium
1369 341 1461 410 angeli
1485 344 1542 397 ltei.
1568 343 1734 400 lntellectus
1754 344 1867 401 lederis

112 434 210 491 Laban
233 449 301 506 ergo
316 433 457 489 candidus
482 432 527 488 ille
542 438 667 495 senatus,
691 430 741 501 qui
763 439 882 486 mortem
901 429 960 499 jam

112 523 182 579 obiit
200 522 336 593 explicito
363 520 524 576 testimonio
545 520 620 586 lrdei,
646 519 788 589 aceperis
809 519 868 589 jam
886 522 963 574 testis

111 612 250 669 emeritus
273 611 366 666 lactus
381 618 432 666 est.
449 610 535 666 Jacob
558 616 653 664 autem
670 622 795 678 praesens
809 608 960 677 fragilitas,

111 714 248 756 acervum
273 699 363 754 nrulto
387 699 492 754 sudore
516 698 659 768 congerit,
682 697 752 753 dum
778 695 962 766 professionis

111 803 170 844 suae
189 787 349 843 testimonia
381 786 464 858 gerit.
485 786 582 857 (Vens.
599 784 656 854 18.)
680 785 810 839 Tumulus
826 786 898 838 testis
920 790 962 838 est

112 877 185 931 inter
199 876 296 931 Laban
311 882 338 930 et
351 874 446 940 Jacob,
472 875 542 929 dum
567 882 594 929 et
608 873 695 928 Jacob
707 871 768 941 jnm
783 872 960 927 salvatorum

111 964 203 1019 inhiat
227 963 304 1029 sorti,
328 970 355 1018 et
369 962 471 1018 salvati
491 962 550 1032 jam
567 960 799 1017 condescendunt
822 965 892 1014 tao
907 959 961 1014 ad-

106 1051 237 1122 iuvando
261 1051 468 1107 salvandorum
495 1050 629 1119 passioni.
656 1048 728 1106 Cum
755 1049 832 1104 enim
847 1047 882 1103 ad
906 1061 961 1102 ex-

109 1138 237 1209 emplum
259 1148 424 1195 sanctorum
448 1137 670 1203 reminiscimur,
696 1138 779 1208 quasi
803 1137 838 1191 ad
862 1146 961 1192 tumu-

110 1226 171 1283 lum
197 1227 383 1297 respicimus,
408 1227 460 1296 ipsi
483 1226 518 1281 ad
550 1226 697 1281 tumulum
726 1225 832 1281 scilicet
856 1225 891 1280 ad
916 1223 960 1280 sui

110 1313 212 1385 quales
225 1315 294 1370 olim
310 1313 418 1369 luerint
439 1313 606 1369 memoriam
619 1328 648 1368 sc
671 1312 809 1380 relerunt,
825 1327 892 1368 cunr
910 1326 960 1368 no-

114 1402 166 1469 bis,
183 1403 233 1473 qui
246 1403 337 1459 eidem
354 1403 521 1458 innatamus
534 1402 603 1469 salo,
620 1402 817 1457 miserescunt.

147 1491 232 1549 Vnus
263 1492 307 1559 19,
337 1492 380 1546 50.
410 1521 446 1533 -
473 1493 614 1545 lutueolur
647 1492 775 1544 Dominus
809 1495 833 1543 ct
854 1488 961 1559 judicet

111 1583 184 1633 inter
198 1593 258 1644 uos,
284 1580 392 1647 quondo
417 1581 636 1633 recesserimusu
658 1579 744 1644 nolis,
773 1581 798 1632 si
823 1580 961 1646 aspiceris

1018 429 1113 484 baben
1129 437 1221 498 coepta
1242 430 1438 499 prosequitur,
1455 437 1482 486 et
1496 440 1655 487 occurrunt
1670 432 1724 501 piae
1743 433 1807 503 ejus
1824 436 1865 489 in-

1017 517 1145 580 tentioni,
1164 519 1254 573 instar
1269 519 1450 589 angelornm,
1461 533 1526 589 quae
1541 519 1615 574 bona
1630 520 1674 575 bis
1690 523 1816 590 gerenda
1826 523 1869 578 de·

1016 605 1149 661 nuntient
1163 605 1250 661 verba
1261 606 1352 660 divini
1362 607 1479 676 eloquii.
1495 607 1591 676 (Vnus.
1600 610 1640 677 1.)
1652 610 1706 663 llos
1718 625 1778 663 cum
1787 612 1868 664 uidu-

1014 699 1064 758 sel,
1092 694 1117 748 itl
1141 702 1183 748 est
1209 694 1402 757 intellexisset,
1428 698 1491 749 uit:
1512 697 1615 750 Castro
1638 698 1690 750 Dei
1713 702 1777 751 susat
1801 701 1865 755 lraec.

1015 782 1113 836 Coelen
1128 781 1241 852 proprie
1252 781 1437 838 militantium
1449 791 1527 839 sunt.
1538 786 1608 850 liae,
1620 784 1724 855 inquit,
1738 786 1777 842 nil
1787 787 1867 843 aliud

1015 881 1103 940 quarn
1127 869 1233 925 divinae
1249 870 1356 926 militiae
1372 872 1509 927 exercitia
1527 887 1560 927 ac
1581 873 1781 929 coercitionem
1796 888 1866 944 prae

1014 957 1119 1014 dicant.
1145 958 1244 1014 Castra
1272 959 1348 1013 enim
1373 973 1390 1012 a
1414 959 1555 1013 coercendo
1581 958 1728 1014 dicuntur.
1760 961 1865 1018 Arccnt

1015 1059 1084 1102 sano
1105 1060 1165 1100 ase
1181 1047 1302 1109 bostem,
1326 1055 1352 1102 et
1375 1047 1593 1115 disciplinaliter
1616 1061 1646 1102 sc
1675 1051 1864 1120 restringunt.

1015 1136 1148 1204 Appellat
1175 1150 1269 1189 tamnen
1296 1136 1348 1188 loci
1372 1137 1447 1190 illius
1476 1138 1609 1203 Manain,
1640 1137 1670 1190 ld
1696 1143 1736 1191 est
1766 1145 1865 1207 eostre,

1015 1223 1085 1293 quia
1106 1219 1252 1280 Christum
1274 1222 1318 1279 vel
1337 1224 1424 1292 ipsam
1447 1224 1636 1294 scripturam,
1660 1226 1689 1280 in
1704 1241 1764 1295 qua
1779 1227 1866 1283 locari

1016 1311 1161 1378 debemus
1184 1312 1398 1367 munimentum
1417 1312 1678 1383 cohibitionemque
1692 1328 1774 1370 suam
1789 1316 1866 1370 aesti-

1016 1406 1084 1455 mal.

1051 1488 1137 1543 vnis.
1155 1490 1180 1553 3,
1194 1489 1221 1542 1.
1236 1518 1270 1526 -
1280 1489 1357 1542 Misit
1368 1494 1456 1542 eutem
1467 1491 1864 1557 numiosunteseodlisausrc-

1016 1581 1083 1629 trem
1093 1579 1210 1630 suumin
1220 1582 1320 1630 temam
1331 1577 1392 1631 Scir
1400 1580 1516 1643 regionis
1527 1577 1627 1641 Edem,
1637 1583 1818 1648 precepitque
1826 1584 1864 1634 eis

112 1667 186 1738 filies
211 1682 293 1731 meos,
319 1673 345 1722 et
367 1666 553 1721 introduxeris
578 1681 677 1721 uxores
701 1668 772 1721 nlius
795 1682 877 1736 super
899 1681 963 1739 eos3
985 1651 1004 1703 Β
1018 1664 1330 1734 alumnumalumnum
1344 1667 1533 1735 pereprinatus
1543 1679 1603 1718 sum
1614 1681 1698 1734 usque
1712 1669 1740 1720 in
1751 1683 1865 1735 praesen·

108 1758 200 1812 nullus
221 1760 351 1811 sermonis
366 1759 454 1810 nostri
470 1759 545 1811 testis
568 1761 607 1810 est
622 1756 725 1826 absque
742 1758 802 1823 Deo,
830 1756 878 1825 pai
892 1770 962 1824 pra·
1019 1756 1069 1806 tem
1083 1753 1163 1806 diem.
1180 1752 1279 1808 Nuntii
1296 1752 1346 1821 qui
1364 1760 1492 1822 praeeunt
1505 1753 1592 1808 Jacob
1608 1754 1643 1808 ad
1670 1754 1753 1821 Esail,
1770 1762 1865 1810 motus

109 1858 169 1899 sens
183 1845 304 1914 respicit.
321 1843 436 1900 Recedit
453 1843 550 1898 laban
566 1856 583 1897 a
597 1843 694 1909 Jacob,
711 1857 777 1898 cum
792 1842 883 1898 sancti
900 1841 964 1911 qui·
1017 1847 1085 1895 sunt
1100 1840 1338 1908 compunctionis,
1354 1847 1382 1895 et
1406 1839 1547 1895 desideria
1566 1839 1687 1909 pietatis,
1705 1854 1771 1911 quae
1790 1855 1864 1911 saepe

111 1930 190 2000 libet,
218 1940 246 1988 et
269 1931 292 1985 si
313 1931 443 2000 exempla
467 1930 646 2000 reliquerint,
668 1938 765 1986 nostro
790 1938 885 1985 tamen
911 1942 962 1984 nos
1016 1935 1127 1984 constat
1152 1928 1265 1983 mittere
1294 1926 1484 1995 intellectum,
1511 1928 1546 1983 ad
1571 1927 1774 1984 eruolliendurn
1798 1942 1864 1984 curn

112 2021 285 2091 relinquunt
298 2018 429 2074 arbitrio.
445 2019 701 2088 bllligimusfilins,
716 2026 743 2074 et
757 2017 962 2088 superinduxi-
1015 2016 1066 2087 qui
1083 2016 1151 2072 olim
1168 2015 1221 2071 sibi
1239 2015 1367 2085 improbe
1382 2015 1587 2072 dominabatur
1604 2015 1748 2072 allectum.
1766 2017 1864 2094 Frater

110 2121 175 2164 mus
199 2122 296 2162 naeres
318 2110 400 2173 otios,
417 2121 484 2162 eum
508 2106 615 2162 dimoto
636 2109 790 2177 utriusque
813 2107 877 2162 vitae
892 2120 961 2161 eon·
1014 2105 1130 2172 dicitur,
1147 2105 1217 2174 quia
1231 2104 1376 2160 exeadern
1389 2111 1481 2160 mente
1496 2112 1589 2175 quaet
1604 2105 1676 2160 ratio
1687 2103 1827 2175 gignitur.
1838 2106 1865 2160 ls

108 2293 194 2352 teras,
219 2297 306 2354 super
328 2284 436 2354 quibus
460 2283 550 2338 Deum
576 2292 796 2353 prospectorem,
819 2293 846 2340 et
871 2283 958 2339 inter·
1014 2290 1102 2350 tatur,
1127 2281 1197 2352 quia
1220 2279 1331 2336 allectio
1348 2279 1377 2335 in
1402 2280 1521 2336 terrenis
1542 2280 1638 2351 jacere
1655 2281 1794 2351 gaudens,
1811 2297 1862 2337 su-

109 2387 212 2429 norum
237 2379 333 2428 testem
364 2373 547 2428 discretorem
563 2373 620 2428 loro
642 2380 774 2439 constat,
805 2372 856 2442 qui
881 2373 960 2429 solus
1013 2370 1176 2440 perlinitate
1209 2369 1310 2425 crebra
1336 2369 1506 2439 contegitur.
1535 2369 1608 2425 Nam
1636 2369 1758 2426 vanitati
1788 2384 1862 2440 saepe

109 2461 239 2518 intuetur
255 2461 454 2516 conscientias.
1010 2456 1132 2513 libenter
1147 2457 1309 2525 addicitur;
1334 2464 1361 2512 et
1378 2457 1406 2512 in
1431 2457 1547 2528 regione
1568 2457 1668 2526 Edem,
1695 2458 1781 2514 idest
1803 2471 1863 2526 peo

145 2550 233 2607 Vens.
263 2551 305 2603 se.
334 2579 367 2587 -
391 2549 422 2603 Sl
446 2553 535 2601 nutem
564 2545 625 2620 [ai.‚
647 2545 706 2618 out]
732 2563 779 2616 epo
798 2550 956 2617 praeteriero
1012 2544 1078 2611 cati,
1101 2545 1178 2615 quod
1203 2545 1511 2613 estcircapeccatum,
1536 2554 1594 2601 tota
1610 2546 1747 2602 aviditate
1769 2560 1863 2603 versa-

107 2651 221 2706 perpens
244 2636 282 2689 od
303 2641 327 2689 te
344 2636 418 2705 illue,
443 2640 492 2688 oret
516 2641 545 2688 tu
570 2638 747 2705 preterieris,
771 2637 873 2689 tnttlttm
888 2637 958 2690 milti
1012 2639 1068 2687 tur.
1088 2632 1267 2687 Edomenim
1282 2632 1521 2700 supplaudimus,
1536 2635 1696 2706 etsanguis
1712 2642 1861 2704 peceatum

108 2727 240 2795 cepitque,
268 2723 295 2778 id
312 2732 353 2779 est
377 2723 400 2778 51
426 2738 478 2794 ego
493 2724 562 2778 dum
589 2739 633 2779 tue
649 2724 685 2779 ad
706 2733 732 2780 te
756 2732 957 2794 perrecturum
1011 2720 1116 2791 signat.
1129 2720 1214 2789 Apud
1229 2721 1335 2789 Ladon,
1352 2721 1456 2792 inquit,
1471 2724 1576 2779 celesti
1589 2724 1707 2779 candori
1723 2723 1861 2779 inhiando

109 2808 260 2883 p‘roltteor,
295 2809 365 2866 illud
396 2810 590 2866 testimouium
622 2813 783 2882 praeteriero
815 2826 954 2882 peccans,
1012 2815 1233 2872 versatussunr.
1252 2810 1387 2879 usquein
1405 2809 1863 2882 illummeexteudcns,quinoe

109 2907 161 2956 aut
199 2906 231 2955 tu
263 2897 433 2969 praeterieris
461 2900 540 2970 quod
577 2900 637 2956 beri
673 2915 729 2956 non
761 2909 871 2970 potest,
908 2901 955 2957 tibi
1012 2898 1147 2968 praeterit,
1174 2912 1225 2952 uec
1249 2899 1376 2966 tuturus
1400 2900 1448 2955 sed
1473 2914 1584 2969 semper
1608 2899 1775 2956 aeternitatis
1799 2916 1863 2957 con·

109 2986 160 3043 soli
189 2987 318 3058 cogitans
346 2994 461 3058 tumque
489 2985 587 3058 gloria
611 2989 815 3058 congaudens,
845 2996 877 3045 ut
902 2990 955 3045 sci·
1013 2986 1118 3041 stantia
1133 3000 1258 3056 praeseus
1272 2995 1323 3042 est.
1341 2987 1403 3057 lpse
1418 2989 1496 3044 enim
1514 2990 1554 3044 ait
1571 3004 1577 3043 :
1593 2990 1650 3056 Epo
1665 3005 1725 3043 sum
1738 2991 1787 3058 qui
1801 3005 1860 3044 sum

108 3075 174 3132 licet
202 3090 252 3146 pro
283 3089 328 3131 me
356 3076 496 3131 laboranti
524 3090 606 3131 orare
634 3077 758 3142 desinas,
783 3078 861 3148 quod
890 3092 958 3148 pro·
1012 3074 1112 3145 (Ecod.
1129 3090 1168 3142 ιιι,
1184 3075 1247 3144 11);
1261 3081 1311 3143 et;
1329 3078 1382 3143 Qui
1396 3082 1436 3131 est
1449 3079 1525 3131 misit
1539 3093 1580 3131 me
1590 3077 1683 3146 (ibid,
1697 3076 1752 3148 15).

109 3164 182 3221 lecto
200 3164 223 3219 si
239 3164 288 3218 liat
302 3164 410 3219 malum
435 3164 504 3219 mibi
526 3165 589 3221 erit.
607 3165 703 3236 (Vnus.
723 3167 779 3237 53.)
804 3167 956 3233 Discretor,
1049 3162 1134 3219 Vnus.
1152 3165 1177 3216 5.
1193 3194 1226 3203 —
1241 3164 1331 3218 Habeo
1355 3166 1441 3232 borres,
1458 3165 1634 3222 maturitatis
1657 3170 1684 3221 et
1698 3165 1861 3236 prudentiae

108 3260 135 3308 et
154 3251 316 3322 induxerit
340 3252 443 3307 borum
470 3255 537 3307 bens
568 3254 721 3320 Abrabam,
749 3254 776 3309 id
802 3263 854 3321 est,
874 3254 959 3310 intel·
1012 3251 1040 3306 in
1056 3252 1231 3307 discussione
1253 3253 1444 3321 terrenitatis;
1466 3257 1555 3308 asinius
1577 3254 1805 3325 irrepugnantiae
1827 3269 1860 3311 ac

107 3341 291 3397 lectualitatis
319 3347 385 3407 tute,
413 3357 429 3396 o
456 3342 558 3405 lacob,
585 3351 613 3398 et
644 3341 718 3398 idom
752 3356 855 3398 rursus
885 3344 958 3398 Deus
1012 3340 1292 3409 simplicitatlszoves
1313 3342 1861 3413 munibcaeutilitatis;seruos,pruter·

109 3429 226 3495 Noctes,
253 3427 281 3483 id
306 3434 347 3483 est
373 3429 488 3499 requies
511 3428 638 3493 ltrrrrinis,
669 3431 745 3501 quod
771 3439 812 3486 est
840 3431 955 3494 Laban,
1011 3428 1074 3484 vias
1094 3429 1204 3498 animi;
1230 3431 1345 3484 ancillas
1370 3430 1488 3486 lascivas
1502 3438 1529 3487 et
1554 3430 1730 3486 titillationes
1752 3431 1858 3486 carnis.

108 3517 208 3572 aeterni
232 3515 338 3571 scilicet
363 3517 507 3585 candoris,
524 3518 573 3588 qui
596 3520 668 3574 Deus
687 3522 778 3588 petris
800 3526 851 3586 est,
868 3536 958 3574 eornm
1011 3515 1064 3572 Illa
1079 3524 1109 3572 ut
1131 3517 1256 3587 praesinl,
1273 3517 1334 3573 baec
1349 3526 1381 3574 ut
1396 3517 1509 3574 subsint
1529 3518 1631 3574 babeo.
1644 3520 1775 3590 Mittopue
1789 3535 1860 3573 nune

108 3606 194 3670 Dens,
227 3603 335 3660 scilicet
361 3603 464 3660 Cbristi
497 3605 657 3661 secundum
684 3620 836 3676 personam
870 3607 956 3663 servi.
1012 3607 1180 3673 legationem,
1197 3605 1274 3661 baud
1292 3605 1413 3662 dubium
1429 3607 1501 3677 quin
1514 3607 1603 3663 animi
1616 3606 1807 3676 devotionem,
1822 3606 1860 3661 od

108 3692 171 3762 lpse
192 3692 267 3748 enim
289 3693 327 3747 ita
351 3693 429 3748 coelis
446 3693 622 3761 dominatur,
639 3702 670 3751 ut
692 3703 784 3751 terrae.
800 3698 880 3750 latret
895 3696 955 3767 [ai.‚
1010 3695 1163 3762 Domtmm,
1187 3701 1213 3749 tc
1229 3694 1335 3750 scilicet
1358 3695 1407 3764 qui
1433 3696 1572 3751 hactenus
1595 3709 1684 3766 super
1698 3710 1742 3752 me
1765 3695 1860 3765 impe·-

103 3781 212 3849 juravit
236 3778 310 3851 erpo]
337 3781 418 3835 lacot>
437 3797 487 3851 per
507 3785 629 3837 timorem
648 3785 738 3852 petris
760 3784 856 3850 Isaac,
882 3784 957 3840 intra
1010 3782 1085 3837 rium
1111 3783 1277 3852 usurpasti,
1302 3789 1332 3837 nt
1357 3786 1493 3839 innuentem
1516 3787 1637 3852 pretium
1660 3787 1689 3839 in
1716 3789 1859 3854 conspectu

105 3867 175 3938 jura
189 3868 295 3923 divina
319 3868 433 3939 legisse
458 3870 592 3938 continet,
618 3869 722 3927 timens
736 3886 771 3928 ue
793 3871 957 3928 excedendo
1011 3874 1065 3937 tuo,
1084 3870 1169 3927 idest
1195 3879 1225 3927 ut
1241 3872 1290 3928 Ilei
1307 3873 1429 3942 gratiam
1444 3888 1501 3929 non
1522 3873 1669 3930 luxuriam
1692 3882 1743 3930 aut
1759 3874 1857 3930 avari·

108 3954 220 4025 paterni
235 3955 333 4026 gaudii
350 3964 457 4012 aeterna
473 3957 580 4014 visione
595 3972 625 4014 se
635 3959 736 4028 privet.
1010 3957 1079 4015 tiam
1096 3959 1214 4029 patiaris
1229 3959 1352 4016 inveniri
1369 3963 1397 4017 in
1414 3962 1569 4018 intentione
1584 3970 1644 4018 tua.

142 4043 342 4098 1111511.-
365 4045 563 4114 immolatisque
587 4046 723 4102 vitiorum
738 4047 868 4103 omnium
890 4061 957 4103 vere
1045 4046 1132 4103 Vnus.
1155 4049 1179 4102 6.
1202 4078 1239 4089 -
1266 4050 1378 4104 Redemi
1399 4052 1492 4105 nuntii
1513 4050 1550 4104 ed
1574 4049 1668 4105 laceb.
1696 4051 1796 4106 Nuntii
1821 4050 1859 4104 od

108 4129 163 4183 beo
190 4127 302 4197 placitis
323 4133 452 4197 victimis,
471 4134 500 4184 in
522 4137 619 4199 morale,
638 4131 665 4187 11
687 4139 730 4188 est
753 4132 782 4187 in
801 4133 957 4189 eminentia
1009 4136 1096 4190 Jacob
1120 4144 1321 4205 revertuntur,
1350 4153 1416 4194 cum
1452 4138 1655 4195 intellectualia
1680 4137 1821 4194 desideria
1841 4152 1858 4194 a

59 4231 63 4239 ·
107 4215 232 4282 virtutis,
248 4219 353 4283 fratres
369 4218 496 4289 ejusdem
512 4221 614 4277 mentis
629 4220 702 4275 tilios
715 4229 810 4276 motus
825 4234 956 4292 quosque
975 4249 996 4302 D
1010 4224 1120 4280 carnali
1132 4223 1235 4282 allectu
1249 4226 1479 4283 diverberantur.
1494 4228 1681 4296 accessimus,
1698 4228 1789 4296 aiunt,
1808 4242 1858 4298 per

107 4303 261 4360 rationales
286 4307 478 4375 vocatlacob,
505 4308 531 4363 11
553 4317 595 4365 est
616 4307 787 4375 intellectus,
812 4316 844 4365 ut
868 4323 956 4366 come·
1010 4313 1064 4382 piae
1079 4313 1252 4371 oblationem
1276 4315 1433 4372 voluntatis
1454 4316 1490 4371 ad
1513 4315 1655 4383 ellectum,
1671 4321 1697 4370 ct
1717 4333 1774 4371 cecc
1797 4333 1857 4372 cum

106 4387 259 4458 dantium
274 4396 398 4446 mactato
413 4392 491 4446 omni
507 4393 635 4460 crimine,
652 4394 821 4465 angelorum
840 4408 953 4464 panem,
1008 4401 1217 4471 quadringentis
1240 4403 1309 4458 ciris
1335 4407 1364 4458 in
1387 4420 1526 4459 occursum
1551 4405 1601 4459 tibi
1624 4409 1761 4474 properat,
1789 4420 1856 4461 cum

106 4477 157 4547 qui
172 4484 214 4532 111
228 4477 370 4534 Christus.
393 4480 791 4548 1101111111111111111111111,
808 4480 955 4539 Cbristum
1009 4490 1196 4548 universitate
1218 4492 1348 4548 videlicet
1374 4492 1536 4563 temporalis
1549 4493 1701 4563 superbiae,
1727 4494 1858 4550 adversi-

105 4579 233 4636 namque
256 4581 360 4636 panem
388 4575 554 4638 gustantes,
582 4578 798 4639 perseveranter
825 4570 955 4642 ineorpo
1008 4583 1100 4634 tatum
1116 4579 1166 4635 tibi
1189 4579 1332 4636 molestias
1347 4581 1478 4637 concitat.
1496 4580 1549 4636 Per
1572 4581 1659 4648 viros,
1675 4581 1749 4639 sicut
1764 4589 1856 4653 etper

106 4662 210 4712 11111111
228 4655 279 4711 1111·
306 4654 402 4725 (VERS-
426 4657 595 4725 5511111111
615 4673 676 4711 vero
698 4657 731 4711 de
745 4662 821 4713 necle
841 4674 954 4714 tonsur—
1008 4666 1160 4734 masculos,
1178 4668 1265 4724 stulta
1279 4668 1412 4736 audacia,
1435 4683 1486 4740 per
1502 4669 1697 4725 centenarium
1715 4671 1856 4728 universi-

104 4755 179 4809 pemr,
197 4741 224 4797 11
248 4750 290 4798 est
305 4743 339 4798 de
355 4743 462 4812 peccati
477 4744 590 4811 ,inertia
611 4758 711 4802 verum
734 4746 820 4803 laceb
835 4762 954 4819 surgere

104 4830 222 4899 laciens,
250 4832 386 4886 osculatus
420 4836 460 4887 est
484 4834 554 4902 filios
585 4848 646 4888 snos
677 4839 701 4888 et
727 4837 817 4903 filies,
848 4837 953 4893 celesti

105 4918 211 4975 scilicet
227 4931 301 4989 pane
322 4933 356 4974 ac
380 4919 533 4977 dulcedine
550 4921 645 4980 lortes.
670 4930 697 4978 et
719 4923 849 4981 inlrrmos
862 4933 954 4982 status

105 5007 204 5075 animi,
223 5022 297 5078 quos
310 5009 346 5064 ad
361 5022 439 5078 spem
453 5023 609 5079 supernam
625 5019 775 5082 genuerat,
792 5014 952 5082 animavit;

105 5099 130 5150 et
143 5094 282 5150 benedicit
302 5098 351 5161 eis,
380 5095 407 5151 11
422 5103 464 5153 est
478 5098 608 5167 exemplo
631 5099 724 5168 auxit,
750 5109 907 5169 revertens,
924 5101 953 5156 id

104 5188 146 5238 est
160 5181 264 5237 reverti
290 5183 395 5239 lacinus
419 5183 514 5253 ipsum
529 5188 558 5240 in
583 5188 668 5243 locum
695 5203 783 5256 suum,
807 5187 953 5244 Christum

104 5268 245 5331 videlicet,
261 5271 312 5341 qui
335 5272 453 5328 comsit
477 5275 619 5343 omnium,
646 5275 778 5348 specialis
798 5283 893 5332 umen
916 5277 953 5332 lo

104 5372 157 5415 eus
171 5365 213 5413 est
228 5372 257 5413 se
272 5358 466 5430 diligentium.

402 5448 516 5506 CAPUT
534 5451 653 5507 11111111.

139 5533 225 5592 Vana.
242 5536 267 5587 1.
283 5560 318 5576 -
329 5535 413 5590 lomb
430 5552 535 5615 quoque
548 5538 619 5595 obiit
632 5540 729 5596 itinere
744 5556 796 5610 quo
811 5549 926 5614 creperet
942 5560 950 5600 z

1008 4760 1061 4821 tas,
1078 4755 1264 4825 quaternario
1281 4756 1421 4826 accipitur
1437 4756 1640 4828 temporalitas.

1043 4842 1129 4898 Vnus.
1140 4847 1166 4909 7,
1177 4845 1203 4897 8.
1216 4873 1248 4884 -
1257 4846 1362 4898 limans
1373 4845 1455 4900 local>
1464 4844 1553 4911 uulda,
1565 4846 1661 4900 diuisit
1666 4847 1797 4915 populum
1807 4851 1856 4918 qni

1006 4944 1095 4984 secum
1115 4935 1184 4984 m
1200 4937 1268 4999 met,
1284 4948 1377 5001 propes
1396 4949 1501 5004 quoque
1521 4937 1546 4987 et
1560 4948 1630 5000 oues,
1650 4940 1676 4988 el
1690 4937 1816 5002 cameles,
1829 4943 1856 4992 et

1007 5017 1083 5073 bones
1098 5021 1128 5072 in
1141 5018 1211 5075 dnos
1222 5025 1334 5075 turmas.
1350 5020 1422 5077 Cum
1439 5021 1535 5077 caruis
1550 5021 1699 5078 imminere
1714 5024 1856 5081 sentimus

1006 5105 1145 5174 impetum
1160 5115 1376 5177 sequestramus
1388 5109 1424 5164 ab
1440 5109 1551 5175 ovium,
1569 5108 1666 5176 bourn,
1678 5111 1856 5170 camelorum

1007 5194 1033 5250 id
1049 5202 1092 5251 est
1106 5195 1159 5266 piae
1182 5196 1333 5269 largitatis,
1348 5205 1454 5254 sanctae
1469 5198 1629 5269 gravitatis,
1655 5212 1689 5255 ac
1703 5200 1856 5259 bumilita-

1007 5280 1051 5349 tls,
1067 5296 1188 5354 gregum
1212 5298 1338 5355 quoque,
1364 5285 1545 5355 cogitationis
1568 5286 1676 5342 scilicet
1700 5291 1854 5359 gregatim,

1005 5378 1033 5426 ot
1055 5371 1277 5441 disciplinariter
1300 5374 1412 5442 agentis
1435 5388 1504 5430 vora
1529 5388 1563 5429 ac
1583 5375 1644 5430 utili
1669 5376 1853 5448 substantia;

1005 5458 1144 5529 populum
1157 5460 1335 5516 carnalitatis
1351 5461 1465 5532 vulgari
1482 5462 1599 5519 lascivia
1610 5462 1814 5534 instrepentem
1825 5466 1854 5521 in

1004 5552 1131 5602 turmam
1143 5554 1172 5603 et
1187 5555 1322 5614 turmam,
1338 5557 1370 5606 ut
1384 5562 1450 5607 caro
1465 5551 1649 5621 eonerrpiscat
1666 5552 1695 5608 in
1707 5552 1852 5624 spiritum,
