<?xml version="1.0" encoding="UTF-8"?>
<!DOCTYPE html PUBLIC "-//W3C//DTD XHTML 1.0 Transitional//EN"
    "http://www.w3.org/TR/xhtml1/DTD/xhtml1-transitional.dtd">
<html xmlns="http://www.w3.org/1999/xhtml" xml:lang="en" lang="en">
 <head>
  <title>
</title>
<meta http-equiv="Content-Type" content="text/html;charset=utf-8" />
  <meta name='ocr-system' content='tesseract 3.04.00' />
  <meta name='ocr-capabilities' content='ocr_page ocr_carea ocr_par ocr_line ocrx_word'/>
</head>
<body>
  <div class='ocr_page' id='page_1' title='image "./patrologiaecurs05unkngoog_0240.png"; bbox 0 0 3818 6008; ppageno 0'>
   <div class='ocr_carea' id='block_1_1' title="bbox 84 245 1833 320">
    <p class='ocr_par' dir='ltr' id='par_1_1' title="bbox 84 245 1833 320">
     <span class='ocr_line' id='line_1_1' title="bbox 84 245 1833 320; baseline 0.01 -23"><span class='ocrx_word' id='word_1_1' title='bbox 84 245 138 298; x_wconf 79' lang='lat' dir='ltr'><strong>ltttt</strong></span> <span class='ocrx_word' id='word_1_2' title='bbox 445 247 675 306; x_wconf 73' lang='lat' dir='ltr'><strong>tltoeolottle</strong></span> <span class='ocrx_word' id='word_1_3' title='bbox 697 251 729 306; x_wconf 89' lang='grc' dir='ltr'><strong>ΙΝ</strong></span> <span class='ocrx_word' id='word_1_4' title='bbox 748 251 849 320; x_wconf 83' lang='lat' dir='ltr'><strong>OSEE,</strong></span> <span class='ocrx_word' id='word_1_5' title='bbox 868 254 961 312; x_wconf 79' lang='lat' dir='ltr'><strong>illios</strong></span> <span class='ocrx_word' id='word_1_6' title='bbox 981 254 1026 309; x_wconf 80' lang='lat' dir='ltr'><strong>ET</strong></span> <span class='ocrx_word' id='word_1_7' title='bbox 1043 257 1121 312; x_wconf 75' lang='lat' dir='ltr'><strong>tell.</strong></span> <span class='ocrx_word' id='word_1_8' title='bbox 1145 287 1179 297; x_wconf 91' lang='lat'><em>-</em></span> <span class='ocrx_word' id='word_1_9' title='bbox 1200 257 1266 313; x_wconf 80' lang='lat' dir='ltr'><strong>tle.</strong></span> <span class='ocrx_word' id='word_1_10' title='bbox 1289 259 1320 313; x_wconf 80' lang='lat' dir='ltr'><strong>V.</strong></span> <span class='ocrx_word' id='word_1_11' title='bbox 1340 257 1377 312; x_wconf 87' lang='lat' dir='ltr'><strong>tlt</strong></span> <span class='ocrx_word' id='word_1_12' title='bbox 1393 260 1468 316; x_wconf 77' lang='lat' dir='ltr'><strong>tuit.</strong></span> <span class='ocrx_word' id='word_1_13' title='bbox 1779 267 1833 319; x_wconf 76' lang='lat' dir='ltr'><strong>lrili</strong></span> 
     </span>
    </p>
   </div>
   <div class='ocr_carea' id='block_1_2' title="bbox 51 384 1836 1171">
    <p class='ocr_par' dir='ltr' id='par_1_2' title="bbox 51 384 1835 726">
     <span class='ocr_line' id='line_1_2' title="bbox 83 384 1835 464; baseline 0.01 -26"><span class='ocrx_word' id='word_1_14' title='bbox 83 395 165 439; x_wconf 89' lang='lat' dir='ltr'><strong>mum</strong></span> <span class='ocrx_word' id='word_1_15' title='bbox 190 398 271 438; x_wconf 84' lang='lat' dir='ltr'><strong>ursos</strong></span> <span class='ocrx_word' id='word_1_16' title='bbox 287 384 434 453; x_wconf 83' lang='lat' dir='ltr'><strong>insidians,</strong></span> <span class='ocrx_word' id='word_1_17' title='bbox 455 384 482 441; x_wconf 94' lang='lat' dir='ltr'><strong>id</strong></span> <span class='ocrx_word' id='word_1_18' title='bbox 501 392 543 441; x_wconf 90' lang='lat' dir='ltr'><strong>est</strong></span> <span class='ocrx_word' id='word_1_19' title='bbox 566 385 662 443; x_wconf 91' lang='lat' dir='ltr'><strong>ieralis</strong></span> <span class='ocrx_word' id='word_1_20' title='bbox 685 388 829 458; x_wconf 88' lang='lat' dir='ltr'><strong>appetitus</strong></span> <span class='ocrx_word' id='word_1_21' title='bbox 853 391 928 447; x_wconf 90' lang='lat' dir='ltr'><strong>inte·</strong></span> <span class='ocrx_word' id='word_1_22' title='bbox 945 393 967 446; x_wconf 84' lang='lat' dir='ltr'><strong>tl</strong></span> <span class='ocrx_word' id='word_1_23' title='bbox 983 392 1063 448; x_wconf 88' lang='lat' dir='ltr'><strong>salus</strong></span> <span class='ocrx_word' id='word_1_24' title='bbox 1081 393 1146 464; x_wconf 75' lang='lat' dir='ltr'><strong>eJus</strong></span> <span class='ocrx_word' id='word_1_25' title='bbox 1160 394 1195 449; x_wconf 90' lang='lat' dir='ltr'><strong>ad</strong></span> <span class='ocrx_word' id='word_1_26' title='bbox 1220 394 1361 452; x_wconf 90' lang='lat' dir='ltr'><strong>incuriam</strong></span> <span class='ocrx_word' id='word_1_27' title='bbox 1378 396 1549 454; x_wconf 89' lang='lat' dir='ltr'><strong>destinatur.</strong></span> <span class='ocrx_word' id='word_1_28' title='bbox 1568 398 1706 454; x_wconf 79' lang='lat' dir='ltr'><strong><em>Bonorum</em></strong></span> <span class='ocrx_word' id='word_1_29' title='bbox 1729 400 1835 457; x_wconf 88' lang='lat' dir='ltr'><strong>oblivi-</strong></span> 
     </span>
     <span class='ocr_line' id='line_1_3' title="bbox 83 469 1835 557; baseline 0.011 -33"><span class='ocrx_word' id='word_1_30' title='bbox 83 469 164 527; x_wconf 88' lang='lat' dir='ltr'><strong>riora</strong></span> <span class='ocrx_word' id='word_1_31' title='bbox 187 478 285 528; x_wconf 90' lang='lat' dir='ltr'><strong>nostra</strong></span> <span class='ocrx_word' id='word_1_32' title='bbox 305 478 411 528; x_wconf 87' lang='lat' dir='ltr'><strong>cuncta</strong></span> <span class='ocrx_word' id='word_1_33' title='bbox 436 472 489 529; x_wconf 95' lang='lat' dir='ltr'><strong>sibi</strong></span> <span class='ocrx_word' id='word_1_34' title='bbox 511 473 658 544; x_wconf 74' lang='lat' dir='ltr'><strong>subigens.</strong></span> <span class='ocrx_word' id='word_1_35' title='bbox 691 475 828 533; x_wconf 88' lang='lat' dir='ltr'><strong>Ursorum</strong></span> <span class='ocrx_word' id='word_1_36' title='bbox 856 478 933 535; x_wconf 91' lang='lat' dir='ltr'><strong>euim</strong></span> <span class='ocrx_word' id='word_1_37' title='bbox 987 481 1088 544; x_wconf 89' lang='lat' dir='ltr'><strong>scitur,</strong></span> <span class='ocrx_word' id='word_1_38' title='bbox 1120 481 1181 552; x_wconf 91' lang='lat' dir='ltr'><strong>qui,</strong></span> <span class='ocrx_word' id='word_1_39' title='bbox 1214 484 1348 552; x_wconf 88' lang='lat' dir='ltr'><strong>quamvis</strong></span> <span class='ocrx_word' id='word_1_40' title='bbox 1372 483 1455 539; x_wconf 90' lang='lat' dir='ltr'><strong>malis</strong></span> <span class='ocrx_word' id='word_1_41' title='bbox 1480 484 1621 542; x_wconf 75' lang='lat' dir='ltr'><strong>intestinis</strong></span> <span class='ocrx_word' id='word_1_42' title='bbox 1644 486 1835 557; x_wconf 77' lang='lat' dir='ltr'><strong>opprimatur,</strong></span> 
     </span>
     <span class='ocr_line' id='line_1_4' title="bbox 82 560 1835 643; baseline 0.01 -29"><span class='ocrx_word' id='word_1_43' title='bbox 82 567 126 614; x_wconf 88' lang='lat' dir='ltr'><strong>est</strong></span> <span class='ocrx_word' id='word_1_44' title='bbox 137 566 249 615; x_wconf 80' lang='lat' dir='ltr'><strong>naturae</strong></span> <span class='ocrx_word' id='word_1_45' title='bbox 261 560 404 630; x_wconf 91' lang='lat' dir='ltr'><strong>quidquid</strong></span> <span class='ocrx_word' id='word_1_46' title='bbox 417 561 537 631; x_wconf 90' lang='lat' dir='ltr'><strong>pedibus</strong></span> <span class='ocrx_word' id='word_1_47' title='bbox 549 562 740 631; x_wconf 77' lang='lat' dir='ltr'><strong>applicuerint</strong></span> <span class='ocrx_word' id='word_1_48' title='bbox 753 567 930 623; x_wconf 86' lang='lat' dir='ltr'><strong>conculcare.</strong></span> <span class='ocrx_word' id='word_1_49' title='bbox 988 569 1128 626; x_wconf 91' lang='lat' dir='ltr'><strong>bonorum</strong></span> <span class='ocrx_word' id='word_1_50' title='bbox 1143 577 1237 626; x_wconf 89' lang='lat' dir='ltr'><strong>tamen</strong></span> <span class='ocrx_word' id='word_1_51' title='bbox 1253 585 1318 641; x_wconf 86' lang='lat' dir='ltr'><strong>quae</strong></span> <span class='ocrx_word' id='word_1_52' title='bbox 1330 571 1404 632; x_wconf 90' lang='lat' dir='ltr'><strong>tecit,</strong></span> <span class='ocrx_word' id='word_1_53' title='bbox 1418 579 1469 628; x_wconf 89' lang='lat' dir='ltr'><strong>aut</strong></span> <span class='ocrx_word' id='word_1_54' title='bbox 1484 587 1549 643; x_wconf 76' lang='lat' dir='ltr'><strong>quae</strong></span> <span class='ocrx_word' id='word_1_55' title='bbox 1563 573 1592 628; x_wconf 91' lang='lat' dir='ltr'><strong>in</strong></span> <span class='ocrx_word' id='word_1_56' title='bbox 1605 574 1725 643; x_wconf 78' lang='lat' dir='ltr'><strong>premio</strong></span> <span class='ocrx_word' id='word_1_57' title='bbox 1738 575 1835 632; x_wconf 89' lang='lat' dir='ltr'><strong>sortiri</strong></span> 
     </span>
     <span class='ocr_line' id='line_1_5' title="bbox 51 645 1622 726; baseline 0.008 -24"><span class='ocrx_word' id='word_1_58' title='bbox 51 661 56 671; x_wconf 93' lang='lat'>·</span> <span class='ocrx_word' id='word_1_59' title='bbox 84 645 197 703; x_wconf 81' lang='lat' dir='ltr'><strong>Dicitur</strong></span> <span class='ocrx_word' id='word_1_60' title='bbox 211 655 308 703; x_wconf 89' lang='lat' dir='ltr'><strong>autem</strong></span> <span class='ocrx_word' id='word_1_61' title='bbox 325 661 342 703; x_wconf 97' lang='lat' dir='ltr'><strong>a</strong></span> <span class='ocrx_word' id='word_1_62' title='bbox 361 651 416 705; x_wconf 84' lang='lat' dir='ltr'><strong>beo</strong></span> <span class='ocrx_word' id='word_1_63' title='bbox 436 649 464 705; x_wconf 94' lang='lat' dir='ltr'><strong>id</strong></span> <span class='ocrx_word' id='word_1_64' title='bbox 486 649 556 718; x_wconf 89' lang='lat' dir='ltr'><strong>lieri,</strong></span> <span class='ocrx_word' id='word_1_65' title='bbox 582 652 658 720; x_wconf 88' lang='lat' dir='ltr'><strong>quod</strong></span> <span class='ocrx_word' id='word_1_66' title='bbox 676 652 736 709; x_wconf 88' lang='lat' dir='ltr'><strong>lieri</strong></span> <span class='ocrx_word' id='word_1_67' title='bbox 761 655 931 724; x_wconf 90' lang='lat' dir='ltr'><strong>permiserit.</strong></span> <span class='ocrx_word' id='word_1_68' title='bbox 988 663 1087 726; x_wconf 90' lang='lat' dir='ltr'><strong>potest,</strong></span> <span class='ocrx_word' id='word_1_69' title='bbox 1106 659 1243 713; x_wconf 90' lang='lat' dir='ltr'><strong>memoria</strong></span> <span class='ocrx_word' id='word_1_70' title='bbox 1258 658 1337 714; x_wconf 92' lang='lat' dir='ltr'><strong>nullo</strong></span> <span class='ocrx_word' id='word_1_71' title='bbox 1353 658 1437 715; x_wconf 92' lang='lat' dir='ltr'><strong>modo</strong></span> <span class='ocrx_word' id='word_1_72' title='bbox 1452 659 1622 716; x_wconf 82' lang='lat' dir='ltr'><strong>delectatur.</strong></span> 
     </span>
    </p>

    <p class='ocr_par' dir='ltr' id='par_1_3' title="bbox 82 734 1836 1171">
     <span class='ocr_line' id='line_1_6' title="bbox 84 734 1836 821; baseline 0.01 -31"><span class='ocrx_word' id='word_1_73' title='bbox 84 734 176 800; x_wconf 86' lang='lat' dir='ltr'><strong>Unde,</strong></span> <span class='ocrx_word' id='word_1_74' title='bbox 193 735 222 790; x_wconf 91' lang='lat' dir='ltr'><strong>in</strong></span> <span class='ocrx_word' id='word_1_75' title='bbox 237 734 317 803; x_wconf 90' lang='lat' dir='ltr'><strong>Osee,</strong></span> <span class='ocrx_word' id='word_1_76' title='bbox 329 737 413 807; x_wconf 90' lang='lat' dir='ltr'><strong>quasi</strong></span> <span class='ocrx_word' id='word_1_77' title='bbox 429 751 525 792; x_wconf 91' lang='lat' dir='ltr'><strong>ursam</strong></span> <span class='ocrx_word' id='word_1_78' title='bbox 540 752 569 794; x_wconf 90' lang='lat' dir='ltr'><strong>se</strong></span> <span class='ocrx_word' id='word_1_79' title='bbox 583 738 715 795; x_wconf 87' lang='lat' dir='ltr'><strong>tutorum</strong></span> <span class='ocrx_word' id='word_1_80' title='bbox 730 741 820 810; x_wconf 89' lang='lat' dir='ltr'><strong>raptis</strong></span> <span class='ocrx_word' id='word_1_81' title='bbox 831 741 934 798; x_wconf 88' lang='lat' dir='ltr'><strong>catulis</strong></span> <span class='ocrx_word' id='word_1_82' title='bbox 1023 742 1108 799; x_wconf 85' lang='lat' dir='ltr'><strong>Vnus.</strong></span> <span class='ocrx_word' id='word_1_83' title='bbox 1134 747 1175 798; x_wconf 88' lang='lat' dir='ltr'><strong>l8.</strong></span> <span class='ocrx_word' id='word_1_84' title='bbox 1193 774 1227 783; x_wconf 98' lang='lat'>-</span> <span class='ocrx_word' id='word_1_85' title='bbox 1252 766 1262 793; x_wconf 84' lang='grc' dir='ltr'>ι</span> <span class='ocrx_word' id='word_1_86' title='bbox 1282 746 1317 800; x_wconf 80' lang='lat' dir='ltr'><strong>lit</strong></span> <span class='ocrx_word' id='word_1_87' title='bbox 1331 745 1403 811; x_wconf 89' lang='lat' dir='ltr'><strong>dixi,</strong></span> <span class='ocrx_word' id='word_1_88' title='bbox 1428 746 1511 816; x_wconf 88' lang='lat' dir='ltr'><strong>periit</strong></span> <span class='ocrx_word' id='word_1_89' title='bbox 1527 748 1590 804; x_wconf 90' lang='lat' dir='ltr'><strong>linis</strong></span> <span class='ocrx_word' id='word_1_90' title='bbox 1606 762 1696 815; x_wconf 91' lang='lat' dir='ltr'><strong>meus,</strong></span> <span class='ocrx_word' id='word_1_91' title='bbox 1720 757 1748 806; x_wconf 88' lang='lat' dir='ltr'><strong>el</strong></span> <span class='ocrx_word' id='word_1_92' title='bbox 1771 764 1836 821; x_wconf 87' lang='lat' dir='ltr'><strong>spes</strong></span> 
     </span>
     <span class='ocr_line' id='line_1_7' title="bbox 83 823 1834 902; baseline 0.011 -27"><span class='ocrx_word' id='word_1_93' title='bbox 83 827 236 877; x_wconf 88' lang='lat' dir='ltr'><strong>attestatur</strong></span> <span class='ocrx_word' id='word_1_94' title='bbox 257 823 328 893; x_wconf 79' lang='lat' dir='ltr'><strong>(Osa.</strong></span> <span class='ocrx_word' id='word_1_95' title='bbox 351 837 410 890; x_wconf 86' lang='grc' dir='ltr'>ιιιιι,</span> <span class='ocrx_word' id='word_1_96' title='bbox 432 824 469 893; x_wconf 81' lang='grc'><strong>8).</strong></span> <span class='ocrx_word' id='word_1_97' title='bbox 491 825 536 880; x_wconf 85' lang='lat' dir='ltr'><strong>Fit</strong></span> <span class='ocrx_word' id='word_1_98' title='bbox 551 825 594 881; x_wconf 94' lang='lat' dir='ltr'><strong>leo</strong></span> <span class='ocrx_word' id='word_1_99' title='bbox 617 829 647 880; x_wconf 87' lang='lat' dir='ltr'><strong>in</strong></span> <span class='ocrx_word' id='word_1_100' title='bbox 662 827 839 894; x_wconf 78' lang='lat' dir='ltr'><strong>absconditis,</strong></span> <span class='ocrx_word' id='word_1_101' title='bbox 865 844 932 885; x_wconf 92' lang='lat' dir='ltr'><strong>cum</strong></span> <span class='ocrx_word' id='word_1_102' title='bbox 986 853 1000 881; x_wconf 75' lang='lat' dir='ltr'><strong>n</strong></span> <span class='ocrx_word' id='word_1_103' title='bbox 1019 846 1115 889; x_wconf 89' lang='lat' dir='ltr'><strong>meaa</strong></span> <span class='ocrx_word' id='word_1_104' title='bbox 1135 834 1296 889; x_wconf 82' lang='lat' dir='ltr'><strong>Domino.»</strong></span> <span class='ocrx_word' id='word_1_105' title='bbox 1319 834 1439 891; x_wconf 84' lang='lat' dir='ltr'><strong>Periisse</strong></span> <span class='ocrx_word' id='word_1_106' title='bbox 1454 835 1539 891; x_wconf 89' lang='lat' dir='ltr'><strong>linem</strong></span> <span class='ocrx_word' id='word_1_107' title='bbox 1562 850 1648 893; x_wconf 92' lang='lat' dir='ltr'><strong>suum</strong></span> <span class='ocrx_word' id='word_1_108' title='bbox 1664 835 1742 902; x_wconf 89' lang='lat' dir='ltr'><strong>dicit,</strong></span> <span class='ocrx_word' id='word_1_109' title='bbox 1763 838 1834 895; x_wconf 92' lang='lat' dir='ltr'><strong>dum</strong></span> 
     </span>
     <span class='ocr_line' id='line_1_8' title="bbox 83 907 1834 996; baseline 0.011 -33"><span class='ocrx_word' id='word_1_110' title='bbox 83 907 488 982; x_wconf 89' lang='lat' dir='ltr'><strong>quidquidmalisuggeritur,</strong></span> <span class='ocrx_word' id='word_1_111' title='bbox 499 912 666 983; x_wconf 78' lang='lat' dir='ltr'><strong>inexplebili</strong></span> <span class='ocrx_word' id='word_1_112' title='bbox 677 915 813 971; x_wconf 88' lang='lat' dir='ltr'><strong>aviditate</strong></span> <span class='ocrx_word' id='word_1_113' title='bbox 823 916 931 973; x_wconf 85' lang='lat' dir='ltr'><strong>haurit.</strong></span> <span class='ocrx_word' id='word_1_114' title='bbox 987 920 1065 990; x_wconf 92' lang='lat' dir='ltr'><strong>quod</strong></span> <span class='ocrx_word' id='word_1_115' title='bbox 1082 935 1134 991; x_wconf 92' lang='lat' dir='ltr'><strong>pro</strong></span> <span class='ocrx_word' id='word_1_116' title='bbox 1148 929 1256 977; x_wconf 78' lang='lat' dir='ltr'><strong>aeterna</strong></span> <span class='ocrx_word' id='word_1_117' title='bbox 1271 923 1401 979; x_wconf 88' lang='lat' dir='ltr'><strong>mercede</strong></span> <span class='ocrx_word' id='word_1_118' title='bbox 1417 923 1580 979; x_wconf 87' lang='lat' dir='ltr'><strong>laciendum</strong></span> <span class='ocrx_word' id='word_1_119' title='bbox 1597 923 1754 995; x_wconf 91' lang='lat' dir='ltr'><strong>aliquando</strong></span> <span class='ocrx_word' id='word_1_120' title='bbox 1768 939 1834 996; x_wconf 90' lang='lat' dir='ltr'><strong>pro·</strong></span> 
     </span>
     <span class='ocr_line' id='line_1_9' title="bbox 83 996 1834 1084; baseline 0.011 -34"><span class='ocrx_word' id='word_1_121' title='bbox 83 996 194 1063; x_wconf 84' lang='lat' dir='ltr'><strong>Natura</strong></span> <span class='ocrx_word' id='word_1_122' title='bbox 214 998 290 1053; x_wconf 89' lang='lat' dir='ltr'><strong>enlm</strong></span> <span class='ocrx_word' id='word_1_123' title='bbox 307 999 397 1055; x_wconf 91' lang='lat' dir='ltr'><strong>leonis</strong></span> <span class='ocrx_word' id='word_1_124' title='bbox 410 1007 452 1056; x_wconf 88' lang='lat' dir='ltr'><strong>est</strong></span> <span class='ocrx_word' id='word_1_125' title='bbox 475 1008 506 1056; x_wconf 93' lang='lat' dir='ltr'><strong>ut</strong></span> <span class='ocrx_word' id='word_1_126' title='bbox 529 1002 616 1058; x_wconf 88' lang='lat' dir='ltr'><strong>oblati</strong></span> <span class='ocrx_word' id='word_1_127' title='bbox 633 1003 743 1073; x_wconf 89' lang='lat' dir='ltr'><strong>pecoris</strong></span> <span class='ocrx_word' id='word_1_128' title='bbox 758 1013 825 1060; x_wconf 91' lang='lat' dir='ltr'><strong>aute</strong></span> <span class='ocrx_word' id='word_1_129' title='bbox 839 1011 930 1061; x_wconf 93' lang='lat' dir='ltr'><strong>totum</strong></span> <span class='ocrx_word' id='word_1_130' title='bbox 986 1018 1131 1078; x_wconf 90' lang='lat' dir='ltr'><strong>posuerat,</strong></span> <span class='ocrx_word' id='word_1_131' title='bbox 1159 1009 1187 1063; x_wconf 89' lang='lat' dir='ltr'><strong>iu</strong></span> <span class='ocrx_word' id='word_1_132' title='bbox 1220 1009 1327 1065; x_wconf 88' lang='lat' dir='ltr'><strong>intimis</strong></span> <span class='ocrx_word' id='word_1_133' title='bbox 1352 1010 1501 1067; x_wconf 85' lang='lat' dir='ltr'><strong>inanescit.</strong></span> <span class='ocrx_word' id='word_1_134' title='bbox 1524 1014 1592 1081; x_wconf 83' lang='lat' dir='ltr'><strong>Spes</strong></span> <span class='ocrx_word' id='word_1_135' title='bbox 1613 1014 1699 1069; x_wconf 90' lang='lat' dir='ltr'><strong>etiam</strong></span> <span class='ocrx_word' id='word_1_136' title='bbox 1722 1012 1834 1084; x_wconf 88' lang='lat' dir='ltr'><strong>perito</strong></span> 
     </span>
     <span class='ocr_line' id='line_1_10' title="bbox 82 1085 1833 1171; baseline 0.009 -31"><span class='ocrx_word' id='word_1_137' title='bbox 82 1085 256 1155; x_wconf 88' lang='lat' dir='ltr'><strong>sanguinem</strong></span> <span class='ocrx_word' id='word_1_138' title='bbox 277 1086 372 1142; x_wconf 87' lang='lat' dir='ltr'><strong>ebibat</strong></span> <span class='ocrx_word' id='word_1_139' title='bbox 387 1102 476 1158; x_wconf 91' lang='lat' dir='ltr'><strong>quam</strong></span> <span class='ocrx_word' id='word_1_140' title='bbox 491 1103 592 1146; x_wconf 87' lang='lat' dir='ltr'><strong>carnes</strong></span> <span class='ocrx_word' id='word_1_141' title='bbox 612 1091 744 1162; x_wconf 86' lang='lat' dir='ltr'><strong>attingat.</strong></span> <span class='ocrx_word' id='word_1_142' title='bbox 763 1095 847 1148; x_wconf 77' lang='lat' dir='ltr'><strong>Ursus</strong></span> <span class='ocrx_word' id='word_1_143' title='bbox 861 1108 932 1165; x_wconf 88' lang='lat' dir='ltr'><strong>ergo</strong></span> <span class='ocrx_word' id='word_1_144' title='bbox 987 1097 1111 1162; x_wconf 82' lang='lat' dir='ltr'><strong>Domino,</strong></span> <span class='ocrx_word' id='word_1_145' title='bbox 1124 1111 1190 1153; x_wconf 89' lang='lat' dir='ltr'><strong>oum</strong></span> <span class='ocrx_word' id='word_1_146' title='bbox 1207 1097 1411 1153; x_wconf 89' lang='lat' dir='ltr'><strong>tentationibus</strong></span> <span class='ocrx_word' id='word_1_147' title='bbox 1424 1106 1573 1169; x_wconf 83' lang='lat' dir='ltr'><strong>occupata,</strong></span> <span class='ocrx_word' id='word_1_148' title='bbox 1589 1108 1616 1157; x_wconf 89' lang='lat' dir='ltr'><strong>et</strong></span> <span class='ocrx_word' id='word_1_149' title='bbox 1631 1100 1713 1171; x_wconf 89' lang='lat' dir='ltr'><strong>quasi</strong></span> <span class='ocrx_word' id='word_1_150' title='bbox 1731 1100 1833 1157; x_wconf 87' lang='lat' dir='ltr'><strong>auxilii</strong></span> 
     </span>
    </p>
   </div>
   <div class='ocr_carea' id='block_1_3' title="bbox 81 1173 1833 1341">
    <p class='ocr_par' dir='ltr' id='par_1_4' title="bbox 81 1173 1833 1341">
     <span class='ocr_line' id='line_1_11' title="bbox 82 1173 1833 1258; baseline 0.01 -31"><span class='ocrx_word' id='word_1_151' title='bbox 82 1173 230 1237; x_wconf 84' lang='lat' dir='ltr'><strong>insidiens,</strong></span> <span class='ocrx_word' id='word_1_152' title='bbox 276 1176 402 1231; x_wconf 85' lang='lat' dir='ltr'><strong>exterior</strong></span> <span class='ocrx_word' id='word_1_153' title='bbox 433 1191 534 1233; x_wconf 86' lang='lat' dir='ltr'><strong>sensus</strong></span> <span class='ocrx_word' id='word_1_154' title='bbox 569 1185 610 1234; x_wconf 89' lang='lat' dir='ltr'><strong>est</strong></span> <span class='ocrx_word' id='word_1_155' title='bbox 641 1193 793 1249; x_wconf 90' lang='lat' dir='ltr'><strong>aucupans</strong></span> <span class='ocrx_word' id='word_1_156' title='bbox 828 1183 867 1236; x_wconf 87' lang='lat' dir='ltr'><strong>too</strong></span> <span class='ocrx_word' id='word_1_157' title='bbox 902 1185 931 1237; x_wconf 87' lang='lat' dir='ltr'><strong>in</strong></span> <span class='ocrx_word' id='word_1_158' title='bbox 985 1184 1105 1240; x_wconf 75' lang='lat' dir='ltr'><strong>coelestis</strong></span> <span class='ocrx_word' id='word_1_159' title='bbox 1133 1185 1262 1255; x_wconf 88' lang='lat' dir='ltr'><strong>indigua,</strong></span> <span class='ocrx_word' id='word_1_160' title='bbox 1292 1185 1377 1241; x_wconf 88' lang='lat' dir='ltr'><strong>etiam</strong></span> <span class='ocrx_word' id='word_1_161' title='bbox 1404 1186 1524 1242; x_wconf 89' lang='lat' dir='ltr'><strong>delicere</strong></span> <span class='ocrx_word' id='word_1_162' title='bbox 1550 1186 1609 1257; x_wconf 89' lang='lat' dir='ltr'><strong>jam</strong></span> <span class='ocrx_word' id='word_1_163' title='bbox 1638 1188 1763 1258; x_wconf 87' lang='lat' dir='ltr'><strong>disponit</strong></span> <span class='ocrx_word' id='word_1_164' title='bbox 1796 1190 1833 1245; x_wconf 92' lang='lat' dir='ltr'><strong>ab</strong></span> 
     </span>
     <span class='ocr_line' id='line_1_12' title="bbox 81 1261 1055 1341; baseline 0.013 -27"><span class='ocrx_word' id='word_1_165' title='bbox 81 1261 259 1327; x_wconf 80' lang='lat' dir='ltr'><strong>absconditis,</strong></span> <span class='ocrx_word' id='word_1_166' title='bbox 275 1263 312 1318; x_wconf 92' lang='lat' dir='ltr'><strong>ad</strong></span> <span class='ocrx_word' id='word_1_167' title='bbox 324 1264 498 1333; x_wconf 87' lang='lat' dir='ltr'><strong>explendum</strong></span> <span class='ocrx_word' id='word_1_168' title='bbox 513 1264 678 1323; x_wconf 88' lang='lat' dir='ltr'><strong>immanitas</strong></span> <span class='ocrx_word' id='word_1_169' title='bbox 691 1269 804 1324; x_wconf 89' lang='lat' dir='ltr'><strong>mentis.</strong></span> <span class='ocrx_word' id='word_1_170' title='bbox 984 1270 1055 1341; x_wconf 87' lang='lat' dir='ltr'><strong>ipso.</strong></span> 
     </span>
    </p>
   </div>
   <div class='ocr_carea' id='block_1_4' title="bbox 62 1350 1832 4152">
    <p class='ocr_par' dir='ltr' id='par_1_5' title="bbox 117 1350 1443 1421">
     <span class='ocr_line' id='line_1_13' title="bbox 117 1350 1443 1421; baseline 0.011 -18"><span class='ocrx_word' id='word_1_171' title='bbox 117 1350 200 1405; x_wconf 78' lang='lat' dir='ltr'><strong>vaes.</strong></span> <span class='ocrx_word' id='word_1_172' title='bbox 219 1352 261 1403; x_wconf 89' lang='lat' dir='ltr'><strong>lt.</strong></span> <span class='ocrx_word' id='word_1_173' title='bbox 282 1380 317 1392; x_wconf 90' lang='lat'>-</span> <span class='ocrx_word' id='word_1_174' title='bbox 335 1372 346 1398; x_wconf 77' lang='grc' dir='ltr'>ι</span> <span class='ocrx_word' id='word_1_175' title='bbox 365 1352 485 1408; x_wconf 58' lang='lat' dir='ltr'><strong>&amp;milas</strong></span> <span class='ocrx_word' id='word_1_176' title='bbox 506 1368 583 1410; x_wconf 89' lang='lat' dir='ltr'><strong>meas</strong></span> <span class='ocrx_word' id='word_1_177' title='bbox 598 1355 750 1421; x_wconf 90' lang='lat' dir='ltr'><strong>subvertit,</strong></span> <span class='ocrx_word' id='word_1_178' title='bbox 773 1364 801 1412; x_wconf 88' lang='lat' dir='ltr'><strong>et</strong></span> <span class='ocrx_word' id='word_1_179' title='bbox 816 1357 930 1412; x_wconf 87' lang='lat' dir='ltr'><strong>contre·</strong></span> <span class='ocrx_word' id='word_1_180' title='bbox 1370 1376 1443 1417; x_wconf 82' lang='lat' dir='ltr'><strong>zain.</strong></span> 
     </span>
    </p>

    <p class='ocr_par' dir='ltr' id='par_1_6' title="bbox 78 1436 1832 2306">
     <span class='ocr_line' id='line_1_14' title="bbox 83 1436 1832 1516; baseline 0.011 -28"><span class='ocrx_word' id='word_1_181' title='bbox 83 1436 153 1507; x_wconf 80' lang='lat' dir='ltr'><strong>»git</strong></span> <span class='ocrx_word' id='word_1_182' title='bbox 177 1451 245 1492; x_wconf 92' lang='lat' dir='ltr'><strong>me:</strong></span> <span class='ocrx_word' id='word_1_183' title='bbox 270 1439 365 1508; x_wconf 91' lang='lat' dir='ltr'><strong>posuit</strong></span> <span class='ocrx_word' id='word_1_184' title='bbox 385 1454 429 1496; x_wconf 90' lang='lat' dir='ltr'><strong>me</strong></span> <span class='ocrx_word' id='word_1_185' title='bbox 452 1440 617 1498; x_wconf 89' lang='lat' dir='ltr'><strong>desolatam.</strong></span> <span class='ocrx_word' id='word_1_186' title='bbox 644 1444 785 1501; x_wconf 75' lang='lat' dir='ltr'><strong>»Semilae</strong></span> <span class='ocrx_word' id='word_1_187' title='bbox 805 1445 928 1501; x_wconf 91' lang='lat' dir='ltr'><strong>subver-</strong></span> <span class='ocrx_word' id='word_1_188' title='bbox 1020 1446 1109 1502; x_wconf 81' lang='lat' dir='ltr'><strong>Vsus.</strong></span> <span class='ocrx_word' id='word_1_189' title='bbox 1127 1447 1158 1499; x_wconf 86' lang='lat' dir='ltr'><strong>to</strong></span> <span class='ocrx_word' id='word_1_190' title='bbox 1183 1445 1250 1516; x_wconf 75' lang='lat' dir='ltr'><strong>(til.</strong></span> <span class='ocrx_word' id='word_1_191' title='bbox 1267 1478 1301 1486; x_wconf 94' lang='lat'>—</span> <span class='ocrx_word' id='word_1_192' title='bbox 1317 1469 1330 1497; x_wconf 77' lang='lat' dir='ltr'><strong>s</strong></span> <span class='ocrx_word' id='word_1_193' title='bbox 1346 1448 1483 1504; x_wconf 82' lang='lat' dir='ltr'><strong>Memoria</strong></span> <span class='ocrx_word' id='word_1_194' title='bbox 1504 1463 1612 1505; x_wconf 90' lang='lat' dir='ltr'><strong>memor</strong></span> <span class='ocrx_word' id='word_1_195' title='bbox 1630 1463 1689 1516; x_wconf 91' lang='lat' dir='ltr'><strong>ero,</strong></span> <span class='ocrx_word' id='word_1_196' title='bbox 1709 1457 1738 1507; x_wconf 88' lang='lat' dir='ltr'><strong>et</strong></span> <span class='ocrx_word' id='word_1_197' title='bbox 1751 1452 1832 1508; x_wconf 86' lang='lat' dir='ltr'><strong>tabe-</strong></span> 
     </span>
     <span class='ocr_line' id='line_1_15' title="bbox 81 1528 1831 1604; baseline 0.007 -25"><span class='ocrx_word' id='word_1_198' title='bbox 81 1531 195 1593; x_wconf 90' lang='lat' dir='ltr'><strong>tuntur,</strong></span> <span class='ocrx_word' id='word_1_199' title='bbox 220 1540 287 1582; x_wconf 92' lang='lat' dir='ltr'><strong>cum</strong></span> <span class='ocrx_word' id='word_1_200' title='bbox 306 1536 372 1584; x_wconf 88' lang='lat' dir='ltr'><strong>aute</strong></span> <span class='ocrx_word' id='word_1_201' title='bbox 389 1528 504 1584; x_wconf 88' lang='lat' dir='ltr'><strong>ruinam</strong></span> <span class='ocrx_word' id='word_1_202' title='bbox 527 1530 697 1601; x_wconf 90' lang='lat' dir='ltr'><strong>plerumque</strong></span> <span class='ocrx_word' id='word_1_203' title='bbox 710 1532 847 1589; x_wconf 86' lang='lat' dir='ltr'><strong>exaltatio</strong></span> <span class='ocrx_word' id='word_1_204' title='bbox 869 1533 930 1602; x_wconf 88' lang='lat' dir='ltr'><strong>pri·</strong></span> <span class='ocrx_word' id='word_1_205' title='bbox 987 1540 1075 1590; x_wconf 77' lang='lat' dir='ltr'><strong>»scot</strong></span> <span class='ocrx_word' id='word_1_206' title='bbox 1098 1533 1127 1589; x_wconf 95' lang='lat' dir='ltr'><strong>in</strong></span> <span class='ocrx_word' id='word_1_207' title='bbox 1153 1549 1196 1588; x_wconf 80' lang='lat' dir='ltr'><strong>itit!</strong></span> <span class='ocrx_word' id='word_1_208' title='bbox 1213 1534 1312 1589; x_wconf 88' lang='lat' dir='ltr'><strong>anima</strong></span> <span class='ocrx_word' id='word_1_209' title='bbox 1326 1548 1399 1590; x_wconf 90' lang='lat' dir='ltr'><strong>mea.</strong></span> <span class='ocrx_word' id='word_1_210' title='bbox 1428 1558 1438 1583; x_wconf 75' lang='grc' dir='ltr'>ι</span> <span class='ocrx_word' id='word_1_211' title='bbox 1462 1535 1543 1602; x_wconf 85' lang='lat' dir='ltr'><strong>zain,</strong></span> <span class='ocrx_word' id='word_1_212' title='bbox 1558 1536 1831 1604; x_wconf 88' lang='lat' dir='ltr'><strong>interpretaturdnc</strong></span> 
     </span>
     <span class='ocr_line' id='line_1_16' title="bbox 80 1613 1828 1691; baseline 0.007 -24"><span class='ocrx_word' id='word_1_213' title='bbox 80 1620 149 1668; x_wconf 87' lang='lat' dir='ltr'><strong>vata</strong></span> <span class='ocrx_word' id='word_1_214' title='bbox 163 1613 361 1670; x_wconf 87' lang='lat' dir='ltr'><strong>contunditur.</strong></span> <span class='ocrx_word' id='word_1_215' title='bbox 374 1616 691 1688; x_wconf 85' lang='lat' dir='ltr'><strong>Deindecoutringitur,</strong></span> <span class='ocrx_word' id='word_1_216' title='bbox 708 1634 774 1675; x_wconf 89' lang='lat' dir='ltr'><strong>oum</strong></span> <span class='ocrx_word' id='word_1_217' title='bbox 785 1619 929 1691; x_wconf 91' lang='lat' dir='ltr'><strong>quidquid</strong></span> <span class='ocrx_word' id='word_1_218' title='bbox 985 1625 1018 1674; x_wconf 88' lang='lat' dir='ltr'><strong>te.</strong></span> <span class='ocrx_word' id='word_1_219' title='bbox 1041 1620 1081 1676; x_wconf 80' lang='lat' dir='ltr'><strong>Ac</strong></span> <span class='ocrx_word' id='word_1_220' title='bbox 1103 1620 1126 1676; x_wconf 93' lang='lat' dir='ltr'><strong>si</strong></span> <span class='ocrx_word' id='word_1_221' title='bbox 1149 1621 1274 1676; x_wconf 87' lang='lat' dir='ltr'><strong>diceret:</strong></span> <span class='ocrx_word' id='word_1_222' title='bbox 1300 1621 1343 1677; x_wconf 86' lang='grc' dir='ltr'><strong>Τιι</strong></span> <span class='ocrx_word' id='word_1_223' title='bbox 1369 1635 1448 1691; x_wconf 90' lang='lat' dir='ltr'><strong>spem</strong></span> <span class='ocrx_word' id='word_1_224' title='bbox 1465 1628 1545 1677; x_wconf 89' lang='lat' dir='ltr'><strong>tuam</strong></span> <span class='ocrx_word' id='word_1_225' title='bbox 1562 1621 1679 1691; x_wconf 90' lang='lat' dir='ltr'><strong>periisse</strong></span> <span class='ocrx_word' id='word_1_226' title='bbox 1702 1622 1828 1690; x_wconf 82' lang='lat' dir='ltr'><strong>dixeras,</strong></span> 
     </span>
     <span class='ocr_line' id='line_1_17' title="bbox 80 1680 1830 1777; baseline 0.007 -22"><span class='ocrx_word' id='word_1_227' title='bbox 80 1700 160 1756; x_wconf 88' lang='lat' dir='ltr'><strong>intus</strong></span> <span class='ocrx_word' id='word_1_228' title='bbox 185 1709 249 1757; x_wconf 88' lang='lat' dir='ltr'><strong>erat</strong></span> <span class='ocrx_word' id='word_1_229' title='bbox 273 1702 386 1773; x_wconf 79' lang='lat' dir='ltr'><strong>insigne</strong></span> <span class='ocrx_word' id='word_1_230' title='bbox 408 1703 570 1774; x_wconf 86' lang='lat' dir='ltr'><strong>deponitur.</strong></span> <span class='ocrx_word' id='word_1_231' title='bbox 595 1706 754 1775; x_wconf 88' lang='lat' dir='ltr'><strong>Desolatur,</strong></span> <span class='ocrx_word' id='word_1_232' title='bbox 779 1722 846 1765; x_wconf 89' lang='lat' dir='ltr'><strong>eum</strong></span> <span class='ocrx_word' id='word_1_233' title='bbox 870 1710 928 1765; x_wconf 85' lang='lat' dir='ltr'><strong>Deo</strong></span> <span class='ocrx_word' id='word_1_234' title='bbox 949 1680 1040 1763; x_wconf 83' lang='lat' dir='ltr'><strong>Buon</strong></span> <span class='ocrx_word' id='word_1_235' title='bbox 1063 1715 1158 1763; x_wconf 89' lang='lat' dir='ltr'><strong>tamen</strong></span> <span class='ocrx_word' id='word_1_236' title='bbox 1181 1708 1209 1762; x_wconf 91' lang='lat' dir='ltr'><strong>in</strong></span> <span class='ocrx_word' id='word_1_237' title='bbox 1233 1708 1287 1763; x_wconf 90' lang='lat' dir='ltr'><strong>bac</strong></span> <span class='ocrx_word' id='word_1_238' title='bbox 1301 1707 1468 1777; x_wconf 89' lang='lat' dir='ltr'><strong>desipientia</strong></span> <span class='ocrx_word' id='word_1_239' title='bbox 1489 1721 1615 1776; x_wconf 89' lang='lat' dir='ltr'><strong>maneas,</strong></span> <span class='ocrx_word' id='word_1_240' title='bbox 1638 1708 1685 1764; x_wconf 89' lang='lat' dir='ltr'><strong>sod</strong></span> <span class='ocrx_word' id='word_1_241' title='bbox 1711 1708 1778 1776; x_wconf 93' lang='lat' dir='ltr'><strong>duc,</strong></span> <span class='ocrx_word' id='word_1_242' title='bbox 1801 1710 1830 1767; x_wconf 92' lang='lat' dir='ltr'><strong>id</strong></span> 
     </span>
     <span class='ocr_line' id='line_1_18' title="bbox 80 1788 1830 1868; baseline 0.006 -24"><span class='ocrx_word' id='word_1_243' title='bbox 80 1788 241 1845; x_wconf 87' lang='lat' dir='ltr'><strong>habitatore</strong></span> <span class='ocrx_word' id='word_1_244' title='bbox 268 1790 408 1860; x_wconf 90' lang='lat' dir='ltr'><strong>privatur.</strong></span> <span class='ocrx_word' id='word_1_245' title='bbox 439 1793 532 1861; x_wconf 83' lang='lat' dir='ltr'><strong>(Vsas.</strong></span> <span class='ocrx_word' id='word_1_246' title='bbox 563 1796 606 1859; x_wconf 72' lang='lat' dir='ltr'><strong>tt&gt;</strong></span> <span class='ocrx_word' id='word_1_247' title='bbox 637 1816 648 1844; x_wconf 84' lang='lat'><strong>‹</strong></span> <span class='ocrx_word' id='word_1_248' title='bbox 674 1795 803 1852; x_wconf 89' lang='lat' dir='ltr'><strong>&#39;letendit</strong></span> <span class='ocrx_word' id='word_1_249' title='bbox 826 1810 927 1853; x_wconf 88' lang='lat' dir='ltr'><strong>arcum</strong></span> <span class='ocrx_word' id='word_1_250' title='bbox 982 1803 1034 1864; x_wconf 91' lang='lat' dir='ltr'><strong>cst,</strong></span> <span class='ocrx_word' id='word_1_251' title='bbox 1063 1809 1198 1867; x_wconf 87' lang='lat' dir='ltr'><strong>promove</strong></span> <span class='ocrx_word' id='word_1_252' title='bbox 1224 1803 1259 1863; x_wconf 93' lang='lat' dir='ltr'><strong>te,</strong></span> <span class='ocrx_word' id='word_1_253' title='bbox 1286 1802 1318 1851; x_wconf 89' lang='lat' dir='ltr'><strong>ut</strong></span> <span class='ocrx_word' id='word_1_254' title='bbox 1342 1796 1378 1851; x_wconf 91' lang='lat' dir='ltr'><strong>ad</strong></span> <span class='ocrx_word' id='word_1_255' title='bbox 1400 1796 1538 1851; x_wconf 90' lang='lat' dir='ltr'><strong>interiora</strong></span> <span class='ocrx_word' id='word_1_256' title='bbox 1563 1797 1727 1853; x_wconf 88' lang='lat' dir='ltr'><strong>contendas.</strong></span> <span class='ocrx_word' id='word_1_257' title='bbox 1760 1797 1830 1868; x_wconf 87' lang='lat' dir='ltr'><strong>Spes</strong></span> 
     </span>
     <span class='ocr_line' id='line_1_19' title="bbox 81 1879 1825 1955; baseline 0.005 -23"><span class='ocrx_word' id='word_1_258' title='bbox 81 1898 93 1925; x_wconf 80' lang='grc' dir='ltr'>ι</span> <span class='ocrx_word' id='word_1_259' title='bbox 120 1891 219 1946; x_wconf 90' lang='lat' dir='ltr'><strong>suum,</strong></span> <span class='ocrx_word' id='word_1_260' title='bbox 235 1884 262 1933; x_wconf 91' lang='lat' dir='ltr'><strong>et</strong></span> <span class='ocrx_word' id='word_1_261' title='bbox 279 1879 373 1947; x_wconf 89' lang='lat' dir='ltr'><strong>posuit</strong></span> <span class='ocrx_word' id='word_1_262' title='bbox 397 1894 443 1936; x_wconf 92' lang='lat' dir='ltr'><strong>me</strong></span> <span class='ocrx_word' id='word_1_263' title='bbox 457 1881 541 1951; x_wconf 90' lang='lat' dir='ltr'><strong>quasi</strong></span> <span class='ocrx_word' id='word_1_264' title='bbox 567 1881 683 1953; x_wconf 90' lang='lat' dir='ltr'><strong>siguum</strong></span> <span class='ocrx_word' id='word_1_265' title='bbox 699 1884 734 1940; x_wconf 92' lang='lat' dir='ltr'><strong>ad</strong></span> <span class='ocrx_word' id='word_1_266' title='bbox 749 1884 894 1955; x_wconf 80' lang='lat' dir='ltr'><strong>sagittam.</strong></span> <span class='ocrx_word' id='word_1_267' title='bbox 914 1907 924 1934; x_wconf 75' lang='grc' dir='ltr'>ι</span> <span class='ocrx_word' id='word_1_268' title='bbox 981 1883 1059 1940; x_wconf 92' lang='lat' dir='ltr'><strong>euim</strong></span> <span class='ocrx_word' id='word_1_269' title='bbox 1072 1884 1180 1940; x_wconf 92' lang='lat' dir='ltr'><strong>dicitur</strong></span> <span class='ocrx_word' id='word_1_270' title='bbox 1194 1883 1278 1953; x_wconf 92' lang='lat' dir='ltr'><strong>quasi</strong></span> <span class='ocrx_word' id='word_1_271' title='bbox 1301 1888 1340 1938; x_wconf 86' lang='lat' dir='ltr'><strong>est</strong></span> <span class='ocrx_word' id='word_1_272' title='bbox 1354 1899 1424 1952; x_wconf 82' lang='lat' dir='ltr'><strong>spes.</strong></span> <span class='ocrx_word' id='word_1_273' title='bbox 1440 1883 1501 1950; x_wconf 86' lang='lat' dir='ltr'><strong>Quo</strong></span> <span class='ocrx_word' id='word_1_274' title='bbox 1519 1885 1632 1940; x_wconf 88' lang='lat' dir='ltr'><strong>monitu</strong></span> <span class='ocrx_word' id='word_1_275' title='bbox 1646 1884 1694 1941; x_wconf 91' lang='lat' dir='ltr'><strong>ille</strong></span> <span class='ocrx_word' id='word_1_276' title='bbox 1717 1884 1825 1942; x_wconf 89' lang='lat' dir='ltr'><strong>iulert:</strong></span> 
     </span>
     <span class='ocr_line' id='line_1_20' title="bbox 81 1966 1827 2043; baseline 0.006 -24"><span class='ocrx_word' id='word_1_277' title='bbox 81 1966 187 2021; x_wconf 80' lang='lat' dir='ltr'><strong>Areum</strong></span> <span class='ocrx_word' id='word_1_278' title='bbox 207 1967 402 2034; x_wconf 86' lang='lat' dir='ltr'><strong>suentendit,</strong></span> <span class='ocrx_word' id='word_1_279' title='bbox 418 1983 484 2024; x_wconf 89' lang='lat' dir='ltr'><strong>oum</strong></span> <span class='ocrx_word' id='word_1_280' title='bbox 505 1970 659 2040; x_wconf 76' lang='lat' dir='ltr'><strong>Scriptura</strong></span> <span class='ocrx_word' id='word_1_281' title='bbox 673 1973 828 2029; x_wconf 88' lang='lat' dir='ltr'><strong>sententias</strong></span> <span class='ocrx_word' id='word_1_282' title='bbox 842 1974 927 2029; x_wconf 84' lang='lat' dir='ltr'><strong>babi—</strong></span> <span class='ocrx_word' id='word_1_283' title='bbox 982 1974 1119 2038; x_wconf 67' lang='lat' dir='ltr'><strong>Menam,</strong></span> <span class='ocrx_word' id='word_1_284' title='bbox 1150 1970 1254 2042; x_wconf 92' lang='lat' dir='ltr'><strong>iuquit,</strong></span> <span class='ocrx_word' id='word_1_285' title='bbox 1290 1987 1389 2026; x_wconf 87' lang='lat' dir='ltr'><strong>memor</strong></span> <span class='ocrx_word' id='word_1_286' title='bbox 1411 1988 1468 2039; x_wconf 86' lang='lat' dir='ltr'><strong>ero;</strong></span> <span class='ocrx_word' id='word_1_287' title='bbox 1497 1972 1647 2041; x_wconf 87' lang='lat' dir='ltr'><strong>subaudis,</strong></span> <span class='ocrx_word' id='word_1_288' title='bbox 1684 1987 1742 2029; x_wconf 90' lang='lat' dir='ltr'><strong>non</strong></span> <span class='ocrx_word' id='word_1_289' title='bbox 1776 1987 1827 2043; x_wconf 88' lang='lat' dir='ltr'><strong>pro</strong></span> 
     </span>
     <span class='ocr_line' id='line_1_21' title="bbox 79 2054 1825 2130; baseline 0.003 -19"><span class='ocrx_word' id='word_1_290' title='bbox 79 2054 122 2111; x_wconf 92' lang='lat' dir='ltr'><strong>tui</strong></span> <span class='ocrx_word' id='word_1_291' title='bbox 148 2062 246 2110; x_wconf 91' lang='lat' dir='ltr'><strong>nostro</strong></span> <span class='ocrx_word' id='word_1_292' title='bbox 272 2056 474 2112; x_wconf 87' lang='lat' dir='ltr'><strong>couvenientes</strong></span> <span class='ocrx_word' id='word_1_293' title='bbox 495 2058 632 2114; x_wconf 89' lang='lat' dir='ltr'><strong>obtendit.</strong></span> <span class='ocrx_word' id='word_1_294' title='bbox 650 2061 737 2125; x_wconf 87' lang='lat' dir='ltr'><strong>Qnosi</strong></span> <span class='ocrx_word' id='word_1_295' title='bbox 758 2063 866 2130; x_wconf 84' lang='lat' dir='ltr'><strong>signnm</strong></span> <span class='ocrx_word' id='word_1_296' title='bbox 890 2061 928 2116; x_wconf 88' lang='lat' dir='ltr'><strong>od</strong></span> <span class='ocrx_word' id='word_1_297' title='bbox 982 2059 1066 2129; x_wconf 92' lang='lat' dir='ltr'><strong>lapsu</strong></span> <span class='ocrx_word' id='word_1_298' title='bbox 1094 2059 1317 2129; x_wconf 90' lang='lat' dir='ltr'><strong>desperandum,</strong></span> <span class='ocrx_word' id='word_1_299' title='bbox 1346 2059 1392 2115; x_wconf 87' lang='lat' dir='ltr'><strong>sed</strong></span> <span class='ocrx_word' id='word_1_300' title='bbox 1416 2059 1475 2129; x_wconf 89' lang='lat' dir='ltr'><strong>spei</strong></span> <span class='ocrx_word' id='word_1_301' title='bbox 1504 2060 1599 2128; x_wconf 89' lang='lat' dir='ltr'><strong>potius</strong></span> <span class='ocrx_word' id='word_1_302' title='bbox 1626 2060 1825 2127; x_wconf 89' lang='lat' dir='ltr'><strong>insistendum,</strong></span> 
     </span>
     <span class='ocr_line' id='line_1_22' title="bbox 78 2143 1826 2219; baseline 0.004 -22"><span class='ocrx_word' id='word_1_303' title='bbox 78 2145 211 2210; x_wconf 78' lang='lat' dir='ltr'><strong>sagittam</strong></span> <span class='ocrx_word' id='word_1_304' title='bbox 235 2157 287 2198; x_wconf 89' lang='lat' dir='ltr'><strong>nos</strong></span> <span class='ocrx_word' id='word_1_305' title='bbox 302 2143 391 2213; x_wconf 85' lang='lat' dir='ltr'><strong>pouit,</strong></span> <span class='ocrx_word' id='word_1_306' title='bbox 409 2159 475 2200; x_wconf 92' lang='lat' dir='ltr'><strong>cum</strong></span> <span class='ocrx_word' id='word_1_307' title='bbox 491 2146 597 2202; x_wconf 79' lang='lat' dir='ltr'><strong>diviua</strong></span> <span class='ocrx_word' id='word_1_308' title='bbox 612 2146 729 2204; x_wconf 91' lang='lat' dir='ltr'><strong>ultionis</strong></span> <span class='ocrx_word' id='word_1_309' title='bbox 745 2148 844 2219; x_wconf 84' lang='lat' dir='ltr'><strong>jacula</strong></span> <span class='ocrx_word' id='word_1_310' title='bbox 858 2148 928 2209; x_wconf 88' lang='lat' dir='ltr'><strong>divi·</strong></span> <span class='ocrx_word' id='word_1_311' title='bbox 981 2147 1022 2204; x_wconf 90' lang='lat' dir='ltr'><strong>sic</strong></span> <span class='ocrx_word' id='word_1_312' title='bbox 1045 2154 1077 2204; x_wconf 93' lang='lat' dir='ltr'><strong>ut</strong></span> <span class='ocrx_word' id='word_1_313' title='bbox 1105 2151 1198 2202; x_wconf 81' lang='lat' dir='ltr'><strong>onina</strong></span> <span class='ocrx_word' id='word_1_314' title='bbox 1219 2146 1410 2215; x_wconf 84' lang='lat' dir='ltr'><strong>contabescat,</strong></span> <span class='ocrx_word' id='word_1_315' title='bbox 1436 2145 1542 2203; x_wconf 90' lang='lat' dir='ltr'><strong>scilicet</strong></span> <span class='ocrx_word' id='word_1_316' title='bbox 1560 2147 1735 2213; x_wconf 89' lang='lat' dir='ltr'><strong>animalitas,</strong></span> <span class='ocrx_word' id='word_1_317' title='bbox 1760 2162 1826 2219; x_wconf 80' lang='lat' dir='ltr'><strong>quse</strong></span> 
     </span>
     <span class='ocr_line' id='line_1_23' title="bbox 78 2231 1828 2306; baseline 0.003 -20"><span class='ocrx_word' id='word_1_318' title='bbox 78 2231 161 2288; x_wconf 89' lang='lat' dir='ltr'><strong>uitus</strong></span> <span class='ocrx_word' id='word_1_319' title='bbox 173 2231 309 2288; x_wconf 89' lang='lat' dir='ltr'><strong>intentari</strong></span> <span class='ocrx_word' id='word_1_320' title='bbox 322 2233 376 2288; x_wconf 90' lang='lat' dir='ltr'><strong>sub</strong></span> <span class='ocrx_word' id='word_1_321' title='bbox 390 2234 527 2290; x_wconf 90' lang='lat' dir='ltr'><strong>contiuuo</strong></span> <span class='ocrx_word' id='word_1_322' title='bbox 542 2234 642 2291; x_wconf 91' lang='lat' dir='ltr'><strong>timore</strong></span> <span class='ocrx_word' id='word_1_323' title='bbox 658 2235 806 2305; x_wconf 86' lang='lat' dir='ltr'><strong>depromit.</strong></span> <span class='ocrx_word' id='word_1_324' title='bbox 982 2250 1038 2292; x_wconf 91' lang='lat' dir='ltr'><strong>nou</strong></span> <span class='ocrx_word' id='word_1_325' title='bbox 1062 2236 1139 2304; x_wconf 89' lang='lat' dir='ltr'><strong>capit</strong></span> <span class='ocrx_word' id='word_1_326' title='bbox 1154 2249 1220 2306; x_wconf 84' lang='lat' dir='ltr'><strong>quae</strong></span> <span class='ocrx_word' id='word_1_327' title='bbox 1241 2235 1288 2290; x_wconf 84' lang='lat' dir='ltr'><strong>Dei</strong></span> <span class='ocrx_word' id='word_1_328' title='bbox 1313 2242 1391 2302; x_wconf 92' lang='lat' dir='ltr'><strong>sunt,</strong></span> <span class='ocrx_word' id='word_1_329' title='bbox 1414 2241 1520 2290; x_wconf 80' lang='lat' dir='ltr'><strong>sancta</strong></span> <span class='ocrx_word' id='word_1_330' title='bbox 1541 2234 1602 2304; x_wconf 89' lang='lat' dir='ltr'><strong>spei</strong></span> <span class='ocrx_word' id='word_1_331' title='bbox 1627 2234 1828 2304; x_wconf 81' lang='lat' dir='ltr'><strong>spiritualitate</strong></span> 
     </span>
    </p>

    <p class='ocr_par' dir='ltr' id='par_1_7' title="bbox 479 2322 1826 2394">
     <span class='ocr_line' id='line_1_24' title="bbox 479 2322 1826 2394; baseline 0 -17"><span class='ocrx_word' id='word_1_332' title='bbox 479 2337 526 2377; x_wconf 83' lang='lat' dir='ltr'><strong>ne.</strong></span> <span class='ocrx_word' id='word_1_333' title='bbox 980 2323 1208 2394; x_wconf 83' lang='lat' dir='ltr'><strong>superveniente,</strong></span> <span class='ocrx_word' id='word_1_334' title='bbox 1233 2323 1262 2379; x_wconf 90' lang='lat' dir='ltr'><strong>io</strong></span> <span class='ocrx_word' id='word_1_335' title='bbox 1278 2337 1307 2379; x_wconf 89' lang='lat' dir='ltr'><strong>se</strong></span> <span class='ocrx_word' id='word_1_336' title='bbox 1329 2322 1451 2379; x_wconf 90' lang='lat' dir='ltr'><strong>deliciat.</strong></span> <span class='ocrx_word' id='word_1_337' title='bbox 1471 2322 1559 2378; x_wconf 89' lang='lat' dir='ltr'><strong>Orare</strong></span> <span class='ocrx_word' id='word_1_338' title='bbox 1578 2336 1648 2394; x_wconf 91' lang='lat' dir='ltr'><strong>ergo</strong></span> <span class='ocrx_word' id='word_1_339' title='bbox 1667 2323 1727 2394; x_wconf 88' lang='lat' dir='ltr'><strong>jam</strong></span> <span class='ocrx_word' id='word_1_340' title='bbox 1751 2323 1826 2378; x_wconf 92' lang='lat' dir='ltr'><strong>iuci-</strong></span> 
     </span>
    </p>

    <p class='ocr_par' dir='ltr' id='par_1_8' title="bbox 77 2407 1827 3010">
     <span class='ocr_line' id='line_1_25' title="bbox 115 2407 1033 2482; baseline 0.004 -20"><span class='ocrx_word' id='word_1_341' title='bbox 115 2407 197 2464; x_wconf 86' lang='lat' dir='ltr'><strong>Vsas.</strong></span> <span class='ocrx_word' id='word_1_342' title='bbox 229 2409 320 2464; x_wconf 74' lang='lat' dir='ltr'><strong>t⁸.·</strong></span> <span class='ocrx_word' id='word_1_343' title='bbox 350 2431 361 2458; x_wconf 84' lang='lat'><strong>«</strong></span> <span class='ocrx_word' id='word_1_344' title='bbox 392 2409 468 2466; x_wconf 82' lang='lat' dir='ltr'><strong>llisit</strong></span> <span class='ocrx_word' id='word_1_345' title='bbox 492 2410 519 2465; x_wconf 91' lang='lat' dir='ltr'><strong>in</strong></span> <span class='ocrx_word' id='word_1_346' title='bbox 542 2411 660 2468; x_wconf 88' lang='lat' dir='ltr'><strong>renibus</strong></span> <span class='ocrx_word' id='word_1_347' title='bbox 685 2411 758 2468; x_wconf 86' lang='lat' dir='ltr'><strong>filias</strong></span> <span class='ocrx_word' id='word_1_348' title='bbox 784 2413 926 2482; x_wconf 82' lang='lat' dir='ltr'><strong>pharetrae</strong></span> <span class='ocrx_word' id='word_1_349' title='bbox 982 2412 1033 2482; x_wconf 90' lang='lat' dir='ltr'><strong>pit.</strong></span> 
     </span>
     <span class='ocr_line' id='line_1_26' title="bbox 81 2496 1827 2569; baseline 0.003 -19"><span class='ocrx_word' id='word_1_350' title='bbox 81 2515 92 2543; x_wconf 75' lang='grc' dir='ltr'><strong>ι</strong></span> <span class='ocrx_word' id='word_1_351' title='bbox 117 2508 187 2551; x_wconf 82' lang='lat' dir='ltr'><strong>suae.</strong></span> <span class='ocrx_word' id='word_1_352' title='bbox 209 2515 219 2543; x_wconf 75' lang='grc' dir='ltr'><strong>ι</strong></span> <span class='ocrx_word' id='word_1_353' title='bbox 244 2497 295 2563; x_wconf 90' lang='lat' dir='ltr'><strong>lle,</strong></span> <span class='ocrx_word' id='word_1_354' title='bbox 320 2496 528 2567; x_wconf 90' lang='lat' dir='ltr'><strong>interpretatur</strong></span> <span class='ocrx_word' id='word_1_355' title='bbox 546 2500 631 2554; x_wconf 87' lang='lat' dir='ltr'><strong>sotus.</strong></span> <span class='ocrx_word' id='word_1_356' title='bbox 655 2500 728 2564; x_wconf 84' lang='lat' dir='ltr'><strong>Quid</strong></span> <span class='ocrx_word' id='word_1_357' title='bbox 747 2500 824 2557; x_wconf 91' lang='lat' dir='ltr'><strong>enim</strong></span> <span class='ocrx_word' id='word_1_358' title='bbox 848 2501 924 2558; x_wconf 92' lang='lat' dir='ltr'><strong>salu·</strong></span> <span class='ocrx_word' id='word_1_359' title='bbox 1015 2498 1101 2556; x_wconf 80' lang='lat' dir='ltr'><strong>Vsus.</strong></span> <span class='ocrx_word' id='word_1_360' title='bbox 1128 2500 1173 2554; x_wconf 75' lang='lat'><strong>20.</strong></span> <span class='ocrx_word' id='word_1_361' title='bbox 1197 2528 1231 2539; x_wconf 92' lang='grc'><strong>-</strong></span> <span class='ocrx_word' id='word_1_362' title='bbox 1257 2520 1268 2547; x_wconf 79' lang='grc' dir='ltr'>ι</span> <span class='ocrx_word' id='word_1_363' title='bbox 1298 2499 1457 2556; x_wconf 83' lang='lat' dir='ltr'><strong>Recordare</strong></span> <span class='ocrx_word' id='word_1_364' title='bbox 1478 2499 1656 2569; x_wconf 84' lang='lat' dir='ltr'><strong>paupertatis</strong></span> <span class='ocrx_word' id='word_1_365' title='bbox 1683 2506 1711 2555; x_wconf 88' lang='lat' dir='ltr'><strong>et</strong></span> <span class='ocrx_word' id='word_1_366' title='bbox 1729 2505 1827 2555; x_wconf 89' lang='lat' dir='ltr'><strong>trans-</strong></span> 
     </span>
     <span class='ocr_line' id='line_1_27' title="bbox 79 2583 1824 2658; baseline 0.002 -19"><span class='ocrx_word' id='word_1_367' title='bbox 79 2583 161 2639; x_wconf 91' lang='lat' dir='ltr'><strong>brius</strong></span> <span class='ocrx_word' id='word_1_368' title='bbox 179 2597 269 2654; x_wconf 89' lang='lat' dir='ltr'><strong>quam</strong></span> <span class='ocrx_word' id='word_1_369' title='bbox 283 2597 394 2654; x_wconf 90' lang='lat' dir='ltr'><strong>semper</strong></span> <span class='ocrx_word' id='word_1_370' title='bbox 414 2585 510 2656; x_wconf 89' lang='lat' dir='ltr'><strong>urgeri</strong></span> <span class='ocrx_word' id='word_1_371' title='bbox 529 2586 696 2644; x_wconf 89' lang='lat' dir='ltr'><strong>divinorum</strong></span> <span class='ocrx_word' id='word_1_372' title='bbox 717 2589 871 2645; x_wconf 88' lang='lat' dir='ltr'><strong>verberum</strong></span> <span class='ocrx_word' id='word_1_373' title='bbox 887 2589 926 2646; x_wconf 92' lang='lat' dir='ltr'><strong>ti·</strong></span> <span class='ocrx_word' id='word_1_374' title='bbox 983 2602 998 2636; x_wconf 79' lang='grc' dir='ltr'>ι·</span> <span class='ocrx_word' id='word_1_375' title='bbox 1013 2587 1166 2658; x_wconf 91' lang='lat' dir='ltr'><strong>gressionis</strong></span> <span class='ocrx_word' id='word_1_376' title='bbox 1181 2601 1261 2654; x_wconf 79' lang='lat' dir='ltr'><strong>meaa,</strong></span> <span class='ocrx_word' id='word_1_377' title='bbox 1286 2587 1421 2643; x_wconf 83' lang='lat' dir='ltr'><strong>absinthii</strong></span> <span class='ocrx_word' id='word_1_378' title='bbox 1435 2594 1463 2642; x_wconf 90' lang='lat' dir='ltr'><strong>et</strong></span> <span class='ocrx_word' id='word_1_379' title='bbox 1478 2587 1560 2643; x_wconf 90' lang='lat' dir='ltr'><strong>tellis.</strong></span> <span class='ocrx_word' id='word_1_380' title='bbox 1587 2608 1598 2636; x_wconf 75' lang='lat' dir='ltr'><strong>s</strong></span> <span class='ocrx_word' id='word_1_381' title='bbox 1623 2587 1666 2644; x_wconf 81' lang='lat' dir='ltr'><strong>Ac</strong></span> <span class='ocrx_word' id='word_1_382' title='bbox 1681 2587 1705 2643; x_wconf 91' lang='lat' dir='ltr'><strong>si</strong></span> <span class='ocrx_word' id='word_1_383' title='bbox 1728 2587 1824 2643; x_wconf 90' lang='lat' dir='ltr'><strong>dicat:</strong></span> 
     </span>
     <span class='ocr_line' id='line_1_28' title="bbox 79 2671 1826 2747; baseline 0.002 -20"><span class='ocrx_word' id='word_1_384' title='bbox 79 2671 229 2728; x_wconf 80' lang='lat' dir='ltr'><strong>moribus?</strong></span> <span class='ocrx_word' id='word_1_385' title='bbox 251 2673 328 2729; x_wconf 76' lang='lat' dir='ltr'><strong>Filia</strong></span> <span class='ocrx_word' id='word_1_386' title='bbox 349 2674 487 2743; x_wconf 80' lang='lat' dir='ltr'><strong>ploretra</strong></span> <span class='ocrx_word' id='word_1_387' title='bbox 501 2675 537 2730; x_wconf 89' lang='lat' dir='ltr'><strong>ad</strong></span> <span class='ocrx_word' id='word_1_388' title='bbox 555 2674 678 2731; x_wconf 87' lang='lat' dir='ltr'><strong>litteram</strong></span> <span class='ocrx_word' id='word_1_389' title='bbox 700 2675 740 2731; x_wconf 88' lang='lat' dir='ltr'><strong>ull</strong></span> <span class='ocrx_word' id='word_1_390' title='bbox 763 2675 842 2732; x_wconf 92' lang='lat' dir='ltr'><strong>aliud</strong></span> <span class='ocrx_word' id='word_1_391' title='bbox 857 2683 926 2733; x_wconf 90' lang='lat' dir='ltr'><strong>suut</strong></span> <span class='ocrx_word' id='word_1_392' title='bbox 979 2674 1151 2743; x_wconf 81' lang='lat' dir='ltr'><strong>Meminisse,</strong></span> <span class='ocrx_word' id='word_1_393' title='bbox 1176 2675 1307 2744; x_wconf 84' lang='lat' dir='ltr'><strong>Domine,</strong></span> <span class='ocrx_word' id='word_1_394' title='bbox 1329 2675 1472 2731; x_wconf 90' lang='lat' dir='ltr'><strong>debueras</strong></span> <span class='ocrx_word' id='word_1_395' title='bbox 1501 2675 1580 2746; x_wconf 89' lang='lat' dir='ltr'><strong>quod</strong></span> <span class='ocrx_word' id='word_1_396' title='bbox 1608 2675 1644 2733; x_wconf 90' lang='lat' dir='ltr'><strong>ob</strong></span> <span class='ocrx_word' id='word_1_397' title='bbox 1672 2676 1826 2747; x_wconf 89' lang='lat' dir='ltr'><strong>penuriam</strong></span> 
     </span>
     <span class='ocr_line' id='line_1_29' title="bbox 79 2761 1826 2833; baseline 0.002 -18"><span class='ocrx_word' id='word_1_398' title='bbox 79 2774 169 2830; x_wconf 90' lang='lat' dir='ltr'><strong>quam</strong></span> <span class='ocrx_word' id='word_1_399' title='bbox 182 2761 303 2831; x_wconf 81' lang='lat' dir='ltr'><strong>sagitta.</strong></span> <span class='ocrx_word' id='word_1_400' title='bbox 320 2761 409 2817; x_wconf 80' lang='lat' dir='ltr'><strong>Filios</strong></span> <span class='ocrx_word' id='word_1_401' title='bbox 421 2762 558 2831; x_wconf 79' lang='lat' dir='ltr'><strong>pooretrae</strong></span> <span class='ocrx_word' id='word_1_402' title='bbox 572 2765 601 2816; x_wconf 90' lang='lat' dir='ltr'><strong>in</strong></span> <span class='ocrx_word' id='word_1_403' title='bbox 615 2764 725 2818; x_wconf 84' lang='lat' dir='ltr'><strong>renibus</strong></span> <span class='ocrx_word' id='word_1_404' title='bbox 738 2763 833 2831; x_wconf 89' lang='lat' dir='ltr'><strong>mittit,</strong></span> <span class='ocrx_word' id='word_1_405' title='bbox 857 2778 924 2820; x_wconf 88' lang='lat' dir='ltr'><strong>cum</strong></span> <span class='ocrx_word' id='word_1_406' title='bbox 979 2762 1086 2820; x_wconf 84' lang='lat' dir='ltr'><strong>virium</strong></span> <span class='ocrx_word' id='word_1_407' title='bbox 1111 2764 1291 2820; x_wconf 90' lang='lat' dir='ltr'><strong>internarum</strong></span> <span class='ocrx_word' id='word_1_408' title='bbox 1317 2763 1469 2833; x_wconf 87' lang='lat' dir='ltr'><strong>bucusque</strong></span> <span class='ocrx_word' id='word_1_409' title='bbox 1488 2761 1669 2833; x_wconf 82' lang='lat' dir='ltr'><strong>deliquerim,</strong></span> <span class='ocrx_word' id='word_1_410' title='bbox 1696 2776 1750 2819; x_wconf 89' lang='lat' dir='ltr'><strong>nec</strong></span> <span class='ocrx_word' id='word_1_411' title='bbox 1769 2762 1826 2819; x_wconf 91' lang='lat' dir='ltr'><strong>mi-</strong></span> 
     </span>
     <span class='ocr_line' id='line_1_30' title="bbox 78 2848 1826 2921; baseline 0.002 -19"><span class='ocrx_word' id='word_1_412' title='bbox 78 2848 199 2918; x_wconf 86' lang='lat' dir='ltr'><strong>superni</strong></span> <span class='ocrx_word' id='word_1_413' title='bbox 222 2848 333 2904; x_wconf 90' lang='lat' dir='ltr'><strong>consilii</strong></span> <span class='ocrx_word' id='word_1_414' title='bbox 355 2849 503 2906; x_wconf 87' lang='lat' dir='ltr'><strong>sententiis</strong></span> <span class='ocrx_word' id='word_1_415' title='bbox 526 2850 744 2921; x_wconf 89' lang='lat' dir='ltr'><strong>cogitationum,</strong></span> <span class='ocrx_word' id='word_1_416' title='bbox 772 2852 815 2909; x_wconf 89' lang='lat' dir='ltr'><strong>vel</strong></span> <span class='ocrx_word' id='word_1_417' title='bbox 837 2851 923 2909; x_wconf 90' lang='lat' dir='ltr'><strong>etiam</strong></span> <span class='ocrx_word' id='word_1_418' title='bbox 980 2865 1035 2908; x_wconf 91' lang='lat' dir='ltr'><strong>nus</strong></span> <span class='ocrx_word' id='word_1_419' title='bbox 1057 2852 1144 2907; x_wconf 90' lang='lat' dir='ltr'><strong>etiam</strong></span> <span class='ocrx_word' id='word_1_420' title='bbox 1168 2851 1332 2907; x_wconf 87' lang='lat' dir='ltr'><strong>meminisse</strong></span> <span class='ocrx_word' id='word_1_421' title='bbox 1355 2851 1432 2921; x_wconf 91' lang='lat' dir='ltr'><strong>quod</strong></span> <span class='ocrx_word' id='word_1_422' title='bbox 1455 2850 1568 2920; x_wconf 89' lang='lat' dir='ltr'><strong>lapsum</strong></span> <span class='ocrx_word' id='word_1_423' title='bbox 1588 2864 1655 2906; x_wconf 93' lang='lat' dir='ltr'><strong>eum</strong></span> <span class='ocrx_word' id='word_1_424' title='bbox 1674 2850 1826 2921; x_wconf 80' lang='lat' dir='ltr'><strong>egerrime</strong></span> 
     </span>
     <span class='ocr_line' id='line_1_31' title="bbox 77 2936 1826 3010; baseline -0.001 -16"><span class='ocrx_word' id='word_1_425' title='bbox 77 2936 209 3006; x_wconf 86' lang='lat' dir='ltr'><strong>corporis</strong></span> <span class='ocrx_word' id='word_1_426' title='bbox 223 2936 312 2992; x_wconf 88' lang='lat' dir='ltr'><strong>nostri</strong></span> <span class='ocrx_word' id='word_1_427' title='bbox 324 2937 529 2994; x_wconf 85' lang='lat' dir='ltr'><strong>delectamenta</strong></span> <span class='ocrx_word' id='word_1_428' title='bbox 542 2939 668 3010; x_wconf 91' lang='lat' dir='ltr'><strong>contigit.</strong></span> <span class='ocrx_word' id='word_1_429' title='bbox 943 2951 963 3006; x_wconf 86' lang='lat' dir='ltr'>c</span> <span class='ocrx_word' id='word_1_430' title='bbox 979 2939 1105 3006; x_wconf 91' lang='lat' dir='ltr'><strong>tulerim,</strong></span> <span class='ocrx_word' id='word_1_431' title='bbox 1130 2954 1183 2996; x_wconf 90' lang='lat' dir='ltr'><strong>uec</strong></span> <span class='ocrx_word' id='word_1_432' title='bbox 1196 2939 1260 3009; x_wconf 75' lang='lat' dir='ltr'><strong>eius</strong></span> <span class='ocrx_word' id='word_1_433' title='bbox 1275 2939 1329 2995; x_wconf 90' lang='lat' dir='ltr'><strong>nisi</strong></span> <span class='ocrx_word' id='word_1_434' title='bbox 1350 2954 1415 2995; x_wconf 90' lang='lat' dir='ltr'><strong>eum</strong></span> <span class='ocrx_word' id='word_1_435' title='bbox 1434 2938 1544 3009; x_wconf 80' lang='lat' dir='ltr'><strong>ingenti</strong></span> <span class='ocrx_word' id='word_1_436' title='bbox 1563 2939 1754 2995; x_wconf 89' lang='lat' dir='ltr'><strong>amaritudine</strong></span> <span class='ocrx_word' id='word_1_437' title='bbox 1778 2951 1826 2993; x_wconf 84' lang='lat' dir='ltr'><strong>re-</strong></span> 
     </span>
    </p>

    <p class='ocr_par' dir='ltr' id='par_1_9' title="bbox 62 3022 1827 3710">
     <span class='ocr_line' id='line_1_32' title="bbox 114 3022 1826 3098; baseline -0.001 -20"><span class='ocrx_word' id='word_1_438' title='bbox 114 3025 196 3081; x_wconf 86' lang='lat' dir='ltr'><strong>lisus.</strong></span> <span class='ocrx_word' id='word_1_439' title='bbox 215 3026 258 3080; x_wconf 80' lang='lat' dir='ltr'><strong>ll.</strong></span> <span class='ocrx_word' id='word_1_440' title='bbox 274 3053 311 3066; x_wconf 96' lang='lat'><em>-</em></span> <span class='ocrx_word' id='word_1_441' title='bbox 331 3047 342 3074; x_wconf 85' lang='lat'>‹</span> <span class='ocrx_word' id='word_1_442' title='bbox 361 3026 465 3081; x_wconf 73' lang='lat' dir='ltr'><strong>Faetus</strong></span> <span class='ocrx_word' id='word_1_443' title='bbox 483 3041 549 3082; x_wconf 91' lang='lat' dir='ltr'><strong>sum</strong></span> <span class='ocrx_word' id='word_1_444' title='bbox 572 3026 601 3082; x_wconf 92' lang='lat' dir='ltr'><strong>in</strong></span> <span class='ocrx_word' id='word_1_445' title='bbox 630 3027 757 3083; x_wconf 89' lang='lat' dir='ltr'><strong>derisum</strong></span> <span class='ocrx_word' id='word_1_446' title='bbox 771 3028 848 3083; x_wconf 89' lang='lat' dir='ltr'><strong>omni</strong></span> <span class='ocrx_word' id='word_1_447' title='bbox 873 3043 925 3098; x_wconf 90' lang='lat' dir='ltr'><strong>po·</strong></span> <span class='ocrx_word' id='word_1_448' title='bbox 979 3027 1093 3084; x_wconf 91' lang='lat' dir='ltr'><strong>cordari</strong></span> <span class='ocrx_word' id='word_1_449' title='bbox 1117 3027 1268 3097; x_wconf 90' lang='lat' dir='ltr'><strong>potuerim.</strong></span> <span class='ocrx_word' id='word_1_450' title='bbox 1287 3027 1404 3083; x_wconf 86' lang='lat' dir='ltr'><strong>videtur</strong></span> <span class='ocrx_word' id='word_1_451' title='bbox 1423 3034 1519 3081; x_wconf 90' lang='lat' dir='ltr'><strong>autem</strong></span> <span class='ocrx_word' id='word_1_452' title='bbox 1534 3025 1666 3096; x_wconf 72' lang='lat' dir='ltr'><strong>quaedam</strong></span> <span class='ocrx_word' id='word_1_453' title='bbox 1690 3022 1826 3081; x_wconf 84' lang='lat' dir='ltr'><strong>distantia</strong></span> 
     </span>
     <span class='ocr_line' id='line_1_33' title="bbox 78 3112 1825 3185; baseline 0.001 -19"><span class='ocrx_word' id='word_1_454' title='bbox 78 3132 92 3166; x_wconf 76' lang='grc' dir='ltr'><strong>ι</strong></span> <span class='ocrx_word' id='word_1_455' title='bbox 111 3112 180 3183; x_wconf 92' lang='lat' dir='ltr'><strong>pulo</strong></span> <span class='ocrx_word' id='word_1_456' title='bbox 195 3127 268 3181; x_wconf 90' lang='lat' dir='ltr'><strong>meo,</strong></span> <span class='ocrx_word' id='word_1_457' title='bbox 291 3113 435 3170; x_wconf 86' lang='lat' dir='ltr'><strong>canticum</strong></span> <span class='ocrx_word' id='word_1_458' title='bbox 449 3128 549 3170; x_wconf 88' lang='lat' dir='ltr'><strong>eorum</strong></span> <span class='ocrx_word' id='word_1_459' title='bbox 566 3122 624 3171; x_wconf 88' lang='lat' dir='ltr'><strong>tota</strong></span> <span class='ocrx_word' id='word_1_460' title='bbox 640 3116 695 3171; x_wconf 91' lang='lat' dir='ltr'><strong>die.</strong></span> <span class='ocrx_word' id='word_1_461' title='bbox 712 3136 722 3164; x_wconf 74' lang='grc' dir='ltr'>ι</span> <span class='ocrx_word' id='word_1_462' title='bbox 740 3115 784 3171; x_wconf 82' lang='lat' dir='ltr'><strong>Fit</strong></span> <span class='ocrx_word' id='word_1_463' title='bbox 801 3118 836 3171; x_wconf 80' lang='lat' dir='ltr'><strong>in</strong></span> <span class='ocrx_word' id='word_1_464' title='bbox 850 3117 923 3170; x_wconf 83' lang='lat' dir='ltr'><strong>dori·</strong></span> <span class='ocrx_word' id='word_1_465' title='bbox 980 3115 1053 3170; x_wconf 89' lang='lat' dir='ltr'><strong>inter</strong></span> <span class='ocrx_word' id='word_1_466' title='bbox 1067 3115 1262 3185; x_wconf 85' lang='lat' dir='ltr'><strong>absynthium,</strong></span> <span class='ocrx_word' id='word_1_467' title='bbox 1274 3122 1302 3171; x_wconf 91' lang='lat' dir='ltr'><strong>et</strong></span> <span class='ocrx_word' id='word_1_468' title='bbox 1316 3114 1362 3169; x_wconf 89' lang='lat' dir='ltr'><strong>tel.</strong></span> <span class='ocrx_word' id='word_1_469' title='bbox 1379 3113 1570 3183; x_wconf 83' lang='lat' dir='ltr'><strong>Absyutbium</strong></span> <span class='ocrx_word' id='word_1_470' title='bbox 1584 3113 1659 3169; x_wconf 91' lang='lat' dir='ltr'><strong>enlm</strong></span> <span class='ocrx_word' id='word_1_471' title='bbox 1675 3120 1703 3169; x_wconf 90' lang='lat' dir='ltr'><strong>et</strong></span> <span class='ocrx_word' id='word_1_472' title='bbox 1718 3112 1825 3168; x_wconf 87' lang='lat' dir='ltr'><strong>haustu</strong></span> 
     </span>
     <span class='ocr_line' id='line_1_34' title="bbox 76 3198 1824 3275; baseline -0.002 -18"><span class='ocrx_word' id='word_1_473' title='bbox 76 3216 138 3257; x_wconf 83' lang='lat' dir='ltr'><strong>sum</strong></span> <span class='ocrx_word' id='word_1_474' title='bbox 161 3202 261 3272; x_wconf 82' lang='lat' dir='ltr'><strong>populo</strong></span> <span class='ocrx_word' id='word_1_475' title='bbox 279 3216 337 3269; x_wconf 86' lang='lat' dir='ltr'><strong>suo,</strong></span> <span class='ocrx_word' id='word_1_476' title='bbox 355 3216 421 3258; x_wconf 89' lang='lat' dir='ltr'><strong>eum</strong></span> <span class='ocrx_word' id='word_1_477' title='bbox 437 3202 505 3272; x_wconf 87' lang='lat' dir='ltr'><strong>ipsae</strong></span> <span class='ocrx_word' id='word_1_478' title='bbox 526 3203 712 3275; x_wconf 90' lang='lat' dir='ltr'><strong>cogitationes</strong></span> <span class='ocrx_word' id='word_1_479' title='bbox 724 3203 819 3260; x_wconf 90' lang='lat' dir='ltr'><strong>nullos</strong></span> <span class='ocrx_word' id='word_1_480' title='bbox 841 3204 923 3274; x_wconf 79' lang='lat' dir='ltr'><strong>empti</strong></span> <span class='ocrx_word' id='word_1_481' title='bbox 980 3200 1074 3258; x_wconf 89' lang='lat' dir='ltr'><strong>habile</strong></span> <span class='ocrx_word' id='word_1_482' title='bbox 1089 3208 1141 3269; x_wconf 91' lang='lat' dir='ltr'><strong>est,</strong></span> <span class='ocrx_word' id='word_1_483' title='bbox 1166 3201 1288 3257; x_wconf 91' lang='lat' dir='ltr'><strong>calorem</strong></span> <span class='ocrx_word' id='word_1_484' title='bbox 1308 3202 1446 3268; x_wconf 89' lang='lat' dir='ltr'><strong>excitans,</strong></span> <span class='ocrx_word' id='word_1_485' title='bbox 1467 3207 1495 3257; x_wconf 90' lang='lat' dir='ltr'><strong>et</strong></span> <span class='ocrx_word' id='word_1_486' title='bbox 1514 3200 1685 3271; x_wconf 89' lang='lat' dir='ltr'><strong>sanguinem</strong></span> <span class='ocrx_word' id='word_1_487' title='bbox 1711 3198 1824 3264; x_wconf 87' lang='lat' dir='ltr'><strong>sedans,</strong></span> 
     </span>
     <span class='ocr_line' id='line_1_35' title="bbox 75 3289 1825 3362; baseline -0.003 -15"><span class='ocrx_word' id='word_1_488' title='bbox 75 3291 122 3347; x_wconf 93' lang='lat' dir='ltr'><strong>sui</strong></span> <span class='ocrx_word' id='word_1_489' title='bbox 141 3291 231 3347; x_wconf 92' lang='lat' dir='ltr'><strong>bonos</strong></span> <span class='ocrx_word' id='word_1_490' title='bbox 244 3306 393 3347; x_wconf 87' lang='lat' dir='ltr'><strong>successus</strong></span> <span class='ocrx_word' id='word_1_491' title='bbox 416 3292 557 3362; x_wconf 90' lang='lat' dir='ltr'><strong>spondent</strong></span> <span class='ocrx_word' id='word_1_492' title='bbox 570 3292 684 3362; x_wconf 89' lang='lat' dir='ltr'><strong>spiritui</strong></span> <span class='ocrx_word' id='word_1_493' title='bbox 705 3308 767 3349; x_wconf 89' lang='lat' dir='ltr'><strong>suo.</strong></span> <span class='ocrx_word' id='word_1_494' title='bbox 790 3295 858 3348; x_wconf 84' lang='lat' dir='ltr'><strong>Toto</strong></span> <span class='ocrx_word' id='word_1_495' title='bbox 881 3294 925 3347; x_wconf 85' lang='lat' dir='ltr'><strong>dte</strong></span> <span class='ocrx_word' id='word_1_496' title='bbox 979 3290 1014 3345; x_wconf 89' lang='lat' dir='ltr'><strong>tel</strong></span> <span class='ocrx_word' id='word_1_497' title='bbox 1036 3297 1134 3346; x_wconf 90' lang='lat' dir='ltr'><strong>autem</strong></span> <span class='ocrx_word' id='word_1_498' title='bbox 1148 3290 1330 3360; x_wconf 83' lang='lat' dir='ltr'><strong>uetitiquam.</strong></span> <span class='ocrx_word' id='word_1_499' title='bbox 1350 3291 1382 3344; x_wconf 96' lang='lat' dir='ltr'><strong>ln</strong></span> <span class='ocrx_word' id='word_1_500' title='bbox 1397 3289 1549 3358; x_wconf 84' lang='lat' dir='ltr'><strong>absynthio</strong></span> <span class='ocrx_word' id='word_1_501' title='bbox 1564 3301 1633 3359; x_wconf 92' lang='lat' dir='ltr'><strong>ergo</strong></span> <span class='ocrx_word' id='word_1_502' title='bbox 1657 3300 1763 3343; x_wconf 76' lang='lat' dir='ltr'><strong>moeror</strong></span> <span class='ocrx_word' id='word_1_503' title='bbox 1779 3300 1825 3342; x_wconf 91' lang='lat' dir='ltr'><strong>re·</strong></span> 
     </span>
     <span class='ocr_line' id='line_1_36' title="bbox 62 3373 1827 3452; baseline -0.003 -16"><span class='ocrx_word' id='word_1_504' title='bbox 62 3388 168 3436; x_wconf 73' lang='lat' dir='ltr'><strong>&#39;mmm</strong></span> <span class='ocrx_word' id='word_1_505' title='bbox 194 3380 338 3436; x_wconf 89' lang='lat' dir='ltr'><strong>canticum</strong></span> <span class='ocrx_word' id='word_1_506' title='bbox 373 3379 413 3449; x_wconf 88' lang='lat' dir='ltr'><strong>tit,</strong></span> <span class='ocrx_word' id='word_1_507' title='bbox 441 3394 507 3436; x_wconf 89' lang='lat' dir='ltr'><strong>eum</strong></span> <span class='ocrx_word' id='word_1_508' title='bbox 545 3380 708 3450; x_wconf 76' lang='lat' dir='ltr'><strong>frequentia</strong></span> <span class='ocrx_word' id='word_1_509' title='bbox 743 3381 924 3452; x_wconf 87' lang='lat' dir='ltr'><strong>cogitationis</strong></span> <span class='ocrx_word' id='word_1_510' title='bbox 977 3378 1113 3434; x_wconf 86' lang='lat' dir='ltr'><strong>tensacti</strong></span> <span class='ocrx_word' id='word_1_511' title='bbox 1137 3377 1281 3445; x_wconf 88' lang='lat' dir='ltr'><strong>lacinoris,</strong></span> <span class='ocrx_word' id='word_1_512' title='bbox 1304 3377 1423 3448; x_wconf 88' lang='lat' dir='ltr'><strong>quinos</strong></span> <span class='ocrx_word' id='word_1_513' title='bbox 1446 3377 1481 3432; x_wconf 90' lang='lat' dir='ltr'><strong>ad</strong></span> <span class='ocrx_word' id='word_1_514' title='bbox 1498 3377 1589 3433; x_wconf 86' lang='lat' dir='ltr'><strong>Deum</strong></span> <span class='ocrx_word' id='word_1_515' title='bbox 1608 3373 1778 3441; x_wconf 82' lang='lat' dir='ltr'><strong>recaleficat,</strong></span> <span class='ocrx_word' id='word_1_516' title='bbox 1798 3381 1827 3430; x_wconf 90' lang='lat' dir='ltr'><strong>et</strong></span> 
     </span>
     <span class='ocr_line' id='line_1_37' title="bbox 74 3463 1826 3538; baseline -0.003 -16"><span class='ocrx_word' id='word_1_517' title='bbox 74 3466 221 3538; x_wconf 93' lang='lat' dir='ltr'><strong>quidquid</strong></span> <span class='ocrx_word' id='word_1_518' title='bbox 239 3465 304 3522; x_wconf 92' lang='lat' dir='ltr'><strong>boui</strong></span> <span class='ocrx_word' id='word_1_519' title='bbox 320 3465 454 3535; x_wconf 89' lang='lat' dir='ltr'><strong>propositi</strong></span> <span class='ocrx_word' id='word_1_520' title='bbox 467 3465 617 3536; x_wconf 88' lang='lat' dir='ltr'><strong>arripitur,</strong></span> <span class='ocrx_word' id='word_1_521' title='bbox 636 3467 718 3537; x_wconf 87' lang='lat' dir='ltr'><strong>quasi</strong></span> <span class='ocrx_word' id='word_1_522' title='bbox 735 3481 803 3522; x_wconf 87' lang='lat' dir='ltr'><strong>mox</strong></span> <span class='ocrx_word' id='word_1_523' title='bbox 819 3467 924 3523; x_wconf 88' lang='lat' dir='ltr'><strong>transi·</strong></span> <span class='ocrx_word' id='word_1_524' title='bbox 977 3465 1155 3521; x_wconf 84' lang='lat' dir='ltr'><strong>incentivum</strong></span> <span class='ocrx_word' id='word_1_525' title='bbox 1175 3465 1305 3520; x_wconf 87' lang='lat' dir='ltr'><strong>criminis</strong></span> <span class='ocrx_word' id='word_1_526' title='bbox 1326 3465 1420 3533; x_wconf 92' lang='lat' dir='ltr'><strong>sedat;</strong></span> <span class='ocrx_word' id='word_1_527' title='bbox 1438 3464 1467 3519; x_wconf 89' lang='lat' dir='ltr'><strong>iu</strong></span> <span class='ocrx_word' id='word_1_528' title='bbox 1485 3464 1548 3520; x_wconf 88' lang='lat' dir='ltr'><strong>telle</strong></span> <span class='ocrx_word' id='word_1_529' title='bbox 1563 3477 1631 3520; x_wconf 84' lang='lat' dir='ltr'><strong>vero</strong></span> <span class='ocrx_word' id='word_1_530' title='bbox 1656 3463 1763 3532; x_wconf 90' lang='lat' dir='ltr'><strong>peccati</strong></span> <span class='ocrx_word' id='word_1_531' title='bbox 1784 3468 1826 3518; x_wconf 88' lang='lat' dir='ltr'><strong>est</strong></span> 
     </span>
     <span class='ocr_line' id='line_1_38' title="bbox 74 3549 1825 3626; baseline -0.003 -15"><span class='ocrx_word' id='word_1_532' title='bbox 74 3561 177 3611; x_wconf 90' lang='lat' dir='ltr'><strong>turum</strong></span> <span class='ocrx_word' id='word_1_533' title='bbox 195 3554 223 3609; x_wconf 93' lang='lat' dir='ltr'><strong>in</strong></span> <span class='ocrx_word' id='word_1_534' title='bbox 238 3553 319 3624; x_wconf 83' lang='lat' dir='ltr'><strong>vulgi</strong></span> <span class='ocrx_word' id='word_1_535' title='bbox 337 3553 476 3622; x_wconf 89' lang='lat' dir='ltr'><strong>tabulam,</strong></span> <span class='ocrx_word' id='word_1_536' title='bbox 493 3554 522 3609; x_wconf 94' lang='lat' dir='ltr'><strong>in</strong></span> <span class='ocrx_word' id='word_1_537' title='bbox 537 3555 653 3610; x_wconf 89' lang='lat' dir='ltr'><strong>modum</strong></span> <span class='ocrx_word' id='word_1_538' title='bbox 668 3555 829 3626; x_wconf 87' lang='lat' dir='ltr'><strong>cujuspiam</strong></span> <span class='ocrx_word' id='word_1_539' title='bbox 845 3556 924 3612; x_wconf 91' lang='lat' dir='ltr'><strong>ludi·</strong></span> <span class='ocrx_word' id='word_1_540' title='bbox 977 3560 1041 3623; x_wconf 91' lang='lat' dir='ltr'><strong>post</strong></span> <span class='ocrx_word' id='word_1_541' title='bbox 1062 3553 1269 3623; x_wconf 72' lang='lat' dir='ltr'><strong>planitudinem</strong></span> <span class='ocrx_word' id='word_1_542' title='bbox 1288 3551 1426 3608; x_wconf 90' lang='lat' dir='ltr'><strong>memoria</strong></span> <span class='ocrx_word' id='word_1_543' title='bbox 1443 3565 1562 3621; x_wconf 90' lang='lat' dir='ltr'><strong>prorsus</strong></span> <span class='ocrx_word' id='word_1_544' title='bbox 1581 3550 1668 3607; x_wconf 90' lang='lat' dir='ltr'><strong>menti</strong></span> <span class='ocrx_word' id='word_1_545' title='bbox 1686 3549 1825 3606; x_wconf 89' lang='lat' dir='ltr'><strong>intolera-</strong></span> 
     </span>
     <span class='ocr_line' id='line_1_39' title="bbox 72 3640 1226 3710; baseline -0.004 -12"><span class='ocrx_word' id='word_1_546' title='bbox 72 3641 308 3709; x_wconf 88' lang='lat' dir='ltr'><strong>eri,arbitratur.</strong></span> <span class='ocrx_word' id='word_1_547' title='bbox 976 3640 1082 3696; x_wconf 89' lang='lat' dir='ltr'><strong>biliset</strong></span> <span class='ocrx_word' id='word_1_548' title='bbox 1097 3640 1226 3710; x_wconf 91' lang='lat' dir='ltr'><strong>indigna.</strong></span> 
     </span>
    </p>

    <p class='ocr_par' dir='ltr' id='par_1_10' title="bbox 72 3721 1825 4152">
     <span class='ocr_line' id='line_1_40' title="bbox 110 3721 1823 3800; baseline 0.004 -16"><span class='ocrx_word' id='word_1_549' title='bbox 110 3731 195 3786; x_wconf 82' lang='lat' dir='ltr'><strong>Vsus.</strong></span> <span class='ocrx_word' id='word_1_550' title='bbox 223 3732 262 3784; x_wconf 81' lang='lat' dir='ltr'><strong>lli.</strong></span> <span class='ocrx_word' id='word_1_551' title='bbox 280 3757 317 3770; x_wconf 96' lang='lat'><em>-</em></span> <span class='ocrx_word' id='word_1_552' title='bbox 331 3750 345 3779; x_wconf 78' lang='lat' dir='ltr'><strong>n</strong></span> <span class='ocrx_word' id='word_1_553' title='bbox 369 3729 499 3800; x_wconf 84' lang='lat' dir='ltr'><strong>lleplevit</strong></span> <span class='ocrx_word' id='word_1_554' title='bbox 522 3744 567 3786; x_wconf 91' lang='lat' dir='ltr'><strong>me</strong></span> <span class='ocrx_word' id='word_1_555' title='bbox 581 3730 837 3799; x_wconf 89' lang='lat' dir='ltr'><strong>amaritudinibus,</strong></span> <span class='ocrx_word' id='word_1_556' title='bbox 862 3732 922 3787; x_wconf 91' lang='lat' dir='ltr'><strong>ine·</strong></span> <span class='ocrx_word' id='word_1_557' title='bbox 1013 3726 1100 3783; x_wconf 82' lang='lat' dir='ltr'><strong>Vens.</strong></span> <span class='ocrx_word' id='word_1_558' title='bbox 1124 3729 1168 3781; x_wconf 85' lang='lat' dir='ltr'><strong>at.</strong></span> <span class='ocrx_word' id='word_1_559' title='bbox 1185 3755 1219 3766; x_wconf 90' lang='lat'>-</span> <span class='ocrx_word' id='word_1_560' title='bbox 1246 3727 1342 3782; x_wconf 76' lang='lat' dir='ltr'><strong>«Haec</strong></span> <span class='ocrx_word' id='word_1_561' title='bbox 1362 3724 1491 3781; x_wconf 80' lang='lat' dir='ltr'><strong>recolens</strong></span> <span class='ocrx_word' id='word_1_562' title='bbox 1513 3724 1541 3779; x_wconf 82' lang='lat' dir='ltr'><strong>itt</strong></span> <span class='ocrx_word' id='word_1_563' title='bbox 1558 3724 1643 3779; x_wconf 74' lang='lat' dir='ltr'><strong>t0rd0</strong></span> <span class='ocrx_word' id='word_1_564' title='bbox 1664 3736 1736 3791; x_wconf 68' lang='lat'>⁰¹⁸0&gt;</span> <span class='ocrx_word' id='word_1_565' title='bbox 1761 3721 1823 3778; x_wconf 63' lang='lat'><strong>5⁶⁰0</strong></span> 
     </span>
     <span class='ocr_line' id='line_1_41' title="bbox 73 3810 1825 3890; baseline -0.003 -19"><span class='ocrx_word' id='word_1_566' title='bbox 73 3836 88 3863; x_wconf 73' lang='grc' dir='ltr'><strong>ο</strong></span> <span class='ocrx_word' id='word_1_567' title='bbox 116 3814 222 3872; x_wconf 89' lang='lat' dir='ltr'><strong>briavit</strong></span> <span class='ocrx_word' id='word_1_568' title='bbox 244 3816 397 3872; x_wconf 81' lang='lat' dir='ltr'><strong>absintlrio.</strong></span> <span class='ocrx_word' id='word_1_569' title='bbox 420 3838 431 3864; x_wconf 74' lang='grc' dir='ltr'>ι</span> <span class='ocrx_word' id='word_1_570' title='bbox 454 3817 694 3873; x_wconf 73' lang='grc' dir='ltr'>Αιιιαιιιιιιιιιιιιιιε</span> <span class='ocrx_word' id='word_1_571' title='bbox 712 3819 849 3889; x_wconf 86' lang='lat' dir='ltr'><strong>repletur.</strong></span> <span class='ocrx_word' id='word_1_572' title='bbox 872 3819 923 3890; x_wconf 93' lang='lat' dir='ltr'><strong>qui</strong></span> <span class='ocrx_word' id='word_1_573' title='bbox 981 3814 1133 3884; x_wconf 79' lang='lat' dir='ltr'><strong>»sperabo</strong></span> <span class='ocrx_word' id='word_1_574' title='bbox 1163 3834 1174 3862; x_wconf 75' lang='grc' dir='ltr'><strong>ι</strong></span> <span class='ocrx_word' id='word_1_575' title='bbox 1200 3813 1280 3880; x_wconf 86' lang='lat' dir='ltr'><strong>Quod</strong></span> <span class='ocrx_word' id='word_1_576' title='bbox 1302 3820 1344 3869; x_wconf 90' lang='lat' dir='ltr'><strong>est</strong></span> <span class='ocrx_word' id='word_1_577' title='bbox 1360 3827 1366 3866; x_wconf 95' lang='lat'><strong>:</strong></span> <span class='ocrx_word' id='word_1_578' title='bbox 1383 3813 1458 3868; x_wconf 85' lang='lat' dir='ltr'><strong>Dum</strong></span> <span class='ocrx_word' id='word_1_579' title='bbox 1475 3812 1613 3868; x_wconf 78' lang='lat' dir='ltr'><strong>beccum</strong></span> <span class='ocrx_word' id='word_1_580' title='bbox 1629 3824 1693 3867; x_wconf 89' lang='lat' dir='ltr'><strong>mea</strong></span> <span class='ocrx_word' id='word_1_581' title='bbox 1712 3810 1825 3881; x_wconf 91' lang='lat' dir='ltr'><strong>cogita-</strong></span> 
     </span>
     <span class='ocr_line' id='line_1_42' title="bbox 72 3898 1824 3976; baseline -0.002 -18"><span class='ocrx_word' id='word_1_582' title='bbox 72 3909 302 3974; x_wconf 85' lang='lat' dir='ltr'><strong>perpetratorum</strong></span> <span class='ocrx_word' id='word_1_583' title='bbox 317 3903 476 3961; x_wconf 89' lang='lat' dir='ltr'><strong>taciuorum</strong></span> <span class='ocrx_word' id='word_1_584' title='bbox 491 3905 719 3976; x_wconf 76' lang='lat' dir='ltr'><strong>poenitudinibus</strong></span> <span class='ocrx_word' id='word_1_585' title='bbox 732 3907 780 3962; x_wconf 92' lang='lat' dir='ltr'><strong>sed</strong></span> <span class='ocrx_word' id='word_1_586' title='bbox 796 3921 922 3964; x_wconf 91' lang='lat' dir='ltr'><strong>momen·</strong></span> <span class='ocrx_word' id='word_1_587' title='bbox 978 3903 1055 3960; x_wconf 87' lang='lat' dir='ltr'><strong>tione</strong></span> <span class='ocrx_word' id='word_1_588' title='bbox 1078 3910 1210 3969; x_wconf 89' lang='lat' dir='ltr'><strong>retracto,</strong></span> <span class='ocrx_word' id='word_1_589' title='bbox 1235 3902 1271 3956; x_wconf 90' lang='lat' dir='ltr'><strong>ad</strong></span> <span class='ocrx_word' id='word_1_590' title='bbox 1295 3915 1374 3971; x_wconf 91' lang='lat' dir='ltr'><strong>spem</strong></span> <span class='ocrx_word' id='word_1_591' title='bbox 1398 3914 1443 3956; x_wconf 89' lang='lat' dir='ltr'><strong>me</strong></span> <span class='ocrx_word' id='word_1_592' title='bbox 1466 3913 1598 3970; x_wconf 87' lang='lat' dir='ltr'><strong>provoco.</strong></span> <span class='ocrx_word' id='word_1_593' title='bbox 1624 3898 1704 3955; x_wconf 88' lang='lat' dir='ltr'><strong>Unde</strong></span> <span class='ocrx_word' id='word_1_594' title='bbox 1726 3905 1755 3954; x_wconf 88' lang='lat' dir='ltr'><strong>et</strong></span> <span class='ocrx_word' id='word_1_595' title='bbox 1777 3910 1824 3954; x_wconf 88' lang='lat' dir='ltr'><strong>se-</strong></span> 
     </span>
     <span class='ocr_line' id='line_1_43' title="bbox 74 3989 1098 4066; baseline 0.005 -19"><span class='ocrx_word' id='word_1_596' title='bbox 74 3990 169 4047; x_wconf 89' lang='lat' dir='ltr'><strong>taueis</strong></span> <span class='ocrx_word' id='word_1_597' title='bbox 190 3998 361 4049; x_wconf 87' lang='lat' dir='ltr'><strong>coaretatur.</strong></span> <span class='ocrx_word' id='word_1_598' title='bbox 378 3993 544 4050; x_wconf 91' lang='lat' dir='ltr'><strong>Inebriatur</strong></span> <span class='ocrx_word' id='word_1_599' title='bbox 559 3995 706 4062; x_wconf 78' lang='lat' dir='ltr'><strong>obsintltio,</strong></span> <span class='ocrx_word' id='word_1_600' title='bbox 730 3996 780 4066; x_wconf 91' lang='lat' dir='ltr'><strong>qui</strong></span> <span class='ocrx_word' id='word_1_601' title='bbox 794 3996 923 4066; x_wconf 91' lang='lat' dir='ltr'><strong>appetitu</strong></span> <span class='ocrx_word' id='word_1_602' title='bbox 978 3989 1098 4059; x_wconf 91' lang='lat' dir='ltr'><strong>quitur:</strong></span> 
     </span>
     <span class='ocr_line' id='line_1_44' title="bbox 72 4081 1443 4152; baseline 0.001 -15"><span class='ocrx_word' id='word_1_603' title='bbox 72 4081 235 4137; x_wconf 77' lang='lat' dir='ltr'><strong>exardescit</strong></span> <span class='ocrx_word' id='word_1_604' title='bbox 258 4087 286 4137; x_wconf 91' lang='lat' dir='ltr'><strong>et</strong></span> <span class='ocrx_word' id='word_1_605' title='bbox 301 4081 461 4151; x_wconf 90' lang='lat' dir='ltr'><strong>ingemiscit</strong></span> <span class='ocrx_word' id='word_1_606' title='bbox 476 4082 610 4138; x_wconf 90' lang='lat' dir='ltr'><strong>admisso.</strong></span> <span class='ocrx_word' id='word_1_607' title='bbox 626 4082 813 4152; x_wconf 89' lang='lat' dir='ltr'><strong>voluptatum</strong></span> <span class='ocrx_word' id='word_1_608' title='bbox 835 4083 922 4149; x_wconf 88' lang='lat' dir='ltr'><strong>enim,</strong></span> <span class='ocrx_word' id='word_1_609' title='bbox 1359 4090 1443 4131; x_wconf 67' lang='lat' dir='ltr'><strong>derit·</strong></span> 
     </span>
    </p>
   </div>
   <div class='ocr_carea' id='block_1_5' title="bbox 72 4160 1825 4326">
    <p class='ocr_par' dir='ltr' id='par_1_11' title="bbox 72 4160 1825 4326">
     <span class='ocr_line' id='line_1_45' title="bbox 73 4160 1825 4240; baseline -0.005 -16"><span class='ocrx_word' id='word_1_610' title='bbox 73 4168 115 4224; x_wconf 86' lang='lat' dir='ltr'><strong>ait</strong></span> <span class='ocrx_word' id='word_1_611' title='bbox 136 4168 267 4238; x_wconf 84' lang='lat' dir='ltr'><strong>quidam,</strong></span> <span class='ocrx_word' id='word_1_612' title='bbox 283 4170 445 4239; x_wconf 86' lang='lat' dir='ltr'><strong>appetentia</strong></span> <span class='ocrx_word' id='word_1_613' title='bbox 465 4168 549 4239; x_wconf 91' lang='lat' dir='ltr'><strong>plena</strong></span> <span class='ocrx_word' id='word_1_614' title='bbox 564 4169 718 4226; x_wconf 85' lang='lat' dir='ltr'><strong>auxietatis</strong></span> <span class='ocrx_word' id='word_1_615' title='bbox 734 4177 788 4240; x_wconf 90' lang='lat' dir='ltr'><strong>est,</strong></span> <span class='ocrx_word' id='word_1_616' title='bbox 808 4171 924 4228; x_wconf 87' lang='lat' dir='ltr'><strong>satietas</strong></span> <span class='ocrx_word' id='word_1_617' title='bbox 1015 4163 1100 4220; x_wconf 84' lang='lat' dir='ltr'><strong>Vens.</strong></span> <span class='ocrx_word' id='word_1_618' title='bbox 1120 4166 1165 4217; x_wconf 78' lang='lat'><strong>2⁴2.</strong></span> <span class='ocrx_word' id='word_1_619' title='bbox 1181 4193 1215 4203; x_wconf 95' lang='lat'>-</span> <span class='ocrx_word' id='word_1_620' title='bbox 1235 4185 1246 4212; x_wconf 75' lang='grc' dir='ltr'>ι</span> <span class='ocrx_word' id='word_1_621' title='bbox 1275 4163 1475 4220; x_wconf 78' lang='lat' dir='ltr'><strong>Misericordia</strong></span> <span class='ocrx_word' id='word_1_622' title='bbox 1493 4162 1606 4219; x_wconf 87' lang='lat' dir='ltr'><strong>Domini</strong></span> <span class='ocrx_word' id='word_1_623' title='bbox 1622 4161 1729 4229; x_wconf 81' lang='lat' dir='ltr'><strong>multa,</strong></span> <span class='ocrx_word' id='word_1_624' title='bbox 1754 4160 1825 4232; x_wconf 91' lang='lat' dir='ltr'><strong>quia</strong></span> 
     </span>
     <span class='ocr_line' id='line_1_46' title="bbox 72 4227 1823 4326; baseline -0.003 -16"><span class='ocrx_word' id='word_1_625' title='bbox 72 4270 145 4313; x_wconf 85' lang='lat' dir='ltr'><strong>rere</strong></span> <span class='ocrx_word' id='word_1_626' title='bbox 156 4256 337 4326; x_wconf 77' lang='lat' dir='ltr'><strong>penitentie.</strong></span> <span class='ocrx_word' id='word_1_627' title='bbox 944 4227 965 4281; x_wconf 83' lang='lat'>⁰</span> <span class='ocrx_word' id='word_1_628' title='bbox 982 4272 993 4300; x_wconf 76' lang='grc' dir='ltr'><strong>ι</strong></span> <span class='ocrx_word' id='word_1_629' title='bbox 1008 4266 1066 4308; x_wconf 90' lang='lat' dir='ltr'><strong>uon</strong></span> <span class='ocrx_word' id='word_1_630' title='bbox 1081 4266 1183 4308; x_wconf 90' lang='lat' dir='ltr'><strong>sumus</strong></span> <span class='ocrx_word' id='word_1_631' title='bbox 1197 4251 1369 4321; x_wconf 88' lang='lat' dir='ltr'><strong>consumpti,</strong></span> <span class='ocrx_word' id='word_1_632' title='bbox 1390 4252 1460 4321; x_wconf 93' lang='lat' dir='ltr'><strong>quia</strong></span> <span class='ocrx_word' id='word_1_633' title='bbox 1486 4265 1544 4306; x_wconf 92' lang='lat' dir='ltr'><strong>non</strong></span> <span class='ocrx_word' id='word_1_634' title='bbox 1557 4250 1723 4307; x_wconf 89' lang='lat' dir='ltr'><strong>deiecerunt</strong></span> <span class='ocrx_word' id='word_1_635' title='bbox 1739 4250 1823 4305; x_wconf 90' lang='lat' dir='ltr'><strong>mise·</strong></span> 
     </span>
    </p>
   </div>
   <div class='ocr_carea' id='block_1_6' title="bbox 72 4337 1826 5378">
    <p class='ocr_par' dir='ltr' id='par_1_12' title="bbox 72 4337 1826 5378">
     <span class='ocr_line' id='line_1_47' title="bbox 465 4337 1825 4410; baseline -0.006 -9"><span class='ocrx_word' id='word_1_636' title='bbox 465 4361 531 4402; x_wconf 80' lang='grc' dir='ltr'>ιιιιι.</span> <span class='ocrx_word' id='word_1_637' title='bbox 977 4340 1132 4396; x_wconf 85' lang='lat' dir='ltr'><strong>»rationes</strong></span> <span class='ocrx_word' id='word_1_638' title='bbox 1152 4339 1226 4410; x_wconf 88' lang='lat' dir='ltr'><strong>ejus.</strong></span> <span class='ocrx_word' id='word_1_639' title='bbox 1254 4362 1264 4387; x_wconf 78' lang='grc' dir='ltr'>ι</span> <span class='ocrx_word' id='word_1_640' title='bbox 1291 4339 1375 4406; x_wconf 85' lang='lat' dir='ltr'><strong>lietb,</strong></span> <span class='ocrx_word' id='word_1_641' title='bbox 1392 4339 1498 4395; x_wconf 91' lang='lat' dir='ltr'><strong>dicitur</strong></span> <span class='ocrx_word' id='word_1_642' title='bbox 1516 4341 1666 4392; x_wconf 77' lang='lat' dir='ltr'><strong>marratio.</strong></span> <span class='ocrx_word' id='word_1_643' title='bbox 1688 4337 1723 4393; x_wconf 86' lang='lat' dir='ltr'><strong>Et</strong></span> <span class='ocrx_word' id='word_1_644' title='bbox 1745 4337 1825 4408; x_wconf 91' lang='lat' dir='ltr'><strong>quod</strong></span> 
     </span>
     <span class='ocr_line' id='line_1_48' title="bbox 112 4425 1825 4503; baseline -0.003 -18"><span class='ocrx_word' id='word_1_645' title='bbox 112 4432 196 4488; x_wconf 75' lang='lat' dir='ltr'><strong>Vsus.</strong></span> <span class='ocrx_word' id='word_1_646' title='bbox 228 4434 270 4486; x_wconf 86' lang='lat' dir='ltr'><strong>lo.</strong></span> <span class='ocrx_word' id='word_1_647' title='bbox 293 4463 327 4472; x_wconf 93' lang='lat'><em>-</em></span> <span class='ocrx_word' id='word_1_648' title='bbox 359 4431 379 4482; x_wconf 75' lang='grc' dir='ltr'>ι’</span> <span class='ocrx_word' id='word_1_649' title='bbox 401 4433 437 4488; x_wconf 83' lang='grc' dir='ltr'><strong>[ιι</strong></span> <span class='ocrx_word' id='word_1_650' title='bbox 469 4432 554 4503; x_wconf 89' lang='lat' dir='ltr'><strong>tregit</strong></span> <span class='ocrx_word' id='word_1_651' title='bbox 580 4432 616 4488; x_wconf 93' lang='lat' dir='ltr'><strong>ad</strong></span> <span class='ocrx_word' id='word_1_652' title='bbox 641 4445 795 4488; x_wconf 88' lang='lat' dir='ltr'><strong>numerum</strong></span> <span class='ocrx_word' id='word_1_653' title='bbox 824 4433 924 4490; x_wconf 90' lang='lat' dir='ltr'><strong>dentes</strong></span> <span class='ocrx_word' id='word_1_654' title='bbox 976 4436 1018 4485; x_wconf 89' lang='lat' dir='ltr'><strong>est</strong></span> <span class='ocrx_word' id='word_1_655' title='bbox 1030 4428 1106 4484; x_wconf 89' lang='lat' dir='ltr'><strong>istud</strong></span> <span class='ocrx_word' id='word_1_656' title='bbox 1123 4441 1272 4493; x_wconf 90' lang='lat' dir='ltr'><strong>enarrare,</strong></span> <span class='ocrx_word' id='word_1_657' title='bbox 1288 4427 1341 4483; x_wconf 90' lang='lat' dir='ltr'><strong>uisi</strong></span> <span class='ocrx_word' id='word_1_658' title='bbox 1358 4427 1408 4483; x_wconf 86' lang='lat' dir='ltr'><strong>Dei</strong></span> <span class='ocrx_word' id='word_1_659' title='bbox 1424 4427 1635 4483; x_wconf 91' lang='lat' dir='ltr'><strong>misericordias</strong></span> <span class='ocrx_word' id='word_1_660' title='bbox 1648 4425 1734 4482; x_wconf 91' lang='lat' dir='ltr'><strong>etiam</strong></span> <span class='ocrx_word' id='word_1_661' title='bbox 1751 4425 1825 4481; x_wconf 87' lang='lat' dir='ltr'><strong>iuter</strong></span> 
     </span>
     <span class='ocr_line' id='line_1_49' title="bbox 77 4506 1825 4588; baseline -0.003 -15"><span class='ocrx_word' id='word_1_662' title='bbox 77 4540 89 4567; x_wconf 79' lang='grc' dir='ltr'>ι</span> <span class='ocrx_word' id='word_1_663' title='bbox 117 4532 205 4586; x_wconf 84' lang='lat' dir='ltr'><strong>meos,</strong></span> <span class='ocrx_word' id='word_1_664' title='bbox 235 4518 341 4576; x_wconf 86' lang='lat' dir='ltr'><strong>cibavit</strong></span> <span class='ocrx_word' id='word_1_665' title='bbox 361 4533 406 4574; x_wconf 90' lang='lat' dir='ltr'><strong>me</strong></span> <span class='ocrx_word' id='word_1_666' title='bbox 429 4519 534 4576; x_wconf 90' lang='lat' dir='ltr'><strong>cinere.</strong></span> <span class='ocrx_word' id='word_1_667' title='bbox 561 4540 573 4569; x_wconf 73' lang='grc' dir='ltr'>ι</span> <span class='ocrx_word' id='word_1_668' title='bbox 599 4522 669 4588; x_wconf 79' lang='lat' dir='ltr'><strong>lau,</strong></span> <span class='ocrx_word' id='word_1_669' title='bbox 693 4520 799 4578; x_wconf 89' lang='lat' dir='ltr'><strong>dicitur</strong></span> <span class='ocrx_word' id='word_1_670' title='bbox 817 4524 921 4577; x_wconf 84' lang='lat' dir='ltr'><strong>stille:</strong></span> <span class='ocrx_word' id='word_1_671' title='bbox 979 4515 1156 4585; x_wconf 88' lang='lat' dir='ltr'><strong>peccandum</strong></span> <span class='ocrx_word' id='word_1_672' title='bbox 1179 4521 1313 4585; x_wconf 89' lang='lat' dir='ltr'><strong>expertas</strong></span> <span class='ocrx_word' id='word_1_673' title='bbox 1344 4514 1436 4571; x_wconf 87' lang='lat' dir='ltr'><strong>oculis</strong></span> <span class='ocrx_word' id='word_1_674' title='bbox 1461 4513 1555 4570; x_wconf 89' lang='lat' dir='ltr'><strong>cordis</strong></span> <span class='ocrx_word' id='word_1_675' title='bbox 1579 4506 1724 4569; x_wconf 75' lang='lat' dir='ltr'><strong>attexeret</strong></span> <span class='ocrx_word' id='word_1_676' title='bbox 1748 4514 1825 4584; x_wconf 82' lang='lat' dir='ltr'><strong>Ergo</strong></span> 
     </span>
     <span class='ocr_line' id='line_1_50' title="bbox 73 4597 1826 4680; baseline -0.002 -17"><span class='ocrx_word' id='word_1_677' title='bbox 73 4606 157 4674; x_wconf 84' lang='lat' dir='ltr'><strong>Quod</strong></span> <span class='ocrx_word' id='word_1_678' title='bbox 180 4613 241 4663; x_wconf 85' lang='lat' dir='ltr'><strong>est:</strong></span> <span class='ocrx_word' id='word_1_679' title='bbox 266 4609 301 4662; x_wconf 76' lang='lat' dir='ltr'><strong>at</strong></span> <span class='ocrx_word' id='word_1_680' title='bbox 313 4609 371 4672; x_wconf 86' lang='lat' dir='ltr'><strong>ille,</strong></span> <span class='ocrx_word' id='word_1_681' title='bbox 388 4606 438 4678; x_wconf 94' lang='lat' dir='ltr'><strong>qui</strong></span> <span class='ocrx_word' id='word_1_682' title='bbox 455 4607 592 4677; x_wconf 79' lang='lat' dir='ltr'><strong>predicta</strong></span> <span class='ocrx_word' id='word_1_683' title='bbox 606 4607 685 4674; x_wconf 89' lang='lat' dir='ltr'><strong>mibi,</strong></span> <span class='ocrx_word' id='word_1_684' title='bbox 707 4608 755 4664; x_wconf 90' lang='lat' dir='ltr'><strong>sed</strong></span> <span class='ocrx_word' id='word_1_685' title='bbox 770 4623 828 4665; x_wconf 90' lang='lat' dir='ltr'><strong>non</strong></span> <span class='ocrx_word' id='word_1_686' title='bbox 844 4609 924 4680; x_wconf 84' lang='lat' dir='ltr'><strong>iuju·</strong></span> <span class='ocrx_word' id='word_1_687' title='bbox 978 4602 1022 4658; x_wconf 66' lang='grc' dir='ltr'>ιω</span> <span class='ocrx_word' id='word_1_688' title='bbox 1033 4609 1115 4670; x_wconf 71' lang='lat' dir='ltr'><strong>sunit</strong></span> <span class='ocrx_word' id='word_1_689' title='bbox 1130 4604 1196 4671; x_wconf 85' lang='lat' dir='ltr'><strong>quin</strong></span> <span class='ocrx_word' id='word_1_690' title='bbox 1212 4617 1266 4656; x_wconf 79' lang='lat' dir='ltr'><strong>ote</strong></span> <span class='ocrx_word' id='word_1_691' title='bbox 1284 4616 1377 4656; x_wconf 77' lang='lat' dir='ltr'><strong>sumet</strong></span> <span class='ocrx_word' id='word_1_692' title='bbox 1390 4601 1552 4668; x_wconf 81' lang='lat' dir='ltr'><strong>consumpti,</strong></span> <span class='ocrx_word' id='word_1_693' title='bbox 1569 4597 1734 4669; x_wconf 72' lang='lat' dir='ltr'><strong>praestando</strong></span> <span class='ocrx_word' id='word_1_694' title='bbox 1748 4598 1826 4655; x_wconf 69' lang='lat' dir='ltr'><strong>vide</strong></span> 
     </span>
     <span class='ocr_line' id='line_1_51' title="bbox 74 4685 1825 4767; baseline -0.006 -15"><span class='ocrx_word' id='word_1_695' title='bbox 74 4696 121 4752; x_wconf 80' lang='lat' dir='ltr'><strong>ria</strong></span> <span class='ocrx_word' id='word_1_696' title='bbox 136 4694 242 4762; x_wconf 91' lang='lat' dir='ltr'><strong>intulit,</strong></span> <span class='ocrx_word' id='word_1_697' title='bbox 266 4698 352 4763; x_wconf 75' lang='lat' dir='ltr'><strong>tregit</strong></span> <span class='ocrx_word' id='word_1_698' title='bbox 364 4696 402 4749; x_wconf 89' lang='lat' dir='ltr'><strong>od</strong></span> <span class='ocrx_word' id='word_1_699' title='bbox 414 4710 565 4762; x_wconf 68' lang='lat' dir='ltr'><strong>nnmerum</strong></span> <span class='ocrx_word' id='word_1_700' title='bbox 581 4696 609 4751; x_wconf 95' lang='lat' dir='ltr'><strong>id</strong></span> <span class='ocrx_word' id='word_1_701' title='bbox 624 4704 667 4751; x_wconf 89' lang='lat' dir='ltr'><strong>est</strong></span> <span class='ocrx_word' id='word_1_702' title='bbox 682 4703 823 4767; x_wconf 84' lang='lat' dir='ltr'><strong>quotquot</strong></span> <span class='ocrx_word' id='word_1_703' title='bbox 845 4704 922 4765; x_wconf 89' lang='lat' dir='ltr'><strong>sunt,</strong></span> <span class='ocrx_word' id='word_1_704' title='bbox 978 4691 1043 4746; x_wconf 90' lang='lat' dir='ltr'><strong>licet</strong></span> <span class='ocrx_word' id='word_1_705' title='bbox 1067 4691 1097 4746; x_wconf 91' lang='lat' dir='ltr'><strong>in</strong></span> <span class='ocrx_word' id='word_1_706' title='bbox 1120 4691 1181 4760; x_wconf 92' lang='lat' dir='ltr'><strong>ipso</strong></span> <span class='ocrx_word' id='word_1_707' title='bbox 1205 4704 1296 4761; x_wconf 85' lang='lat' dir='ltr'><strong>pravo</strong></span> <span class='ocrx_word' id='word_1_708' title='bbox 1321 4697 1388 4746; x_wconf 90' lang='lat' dir='ltr'><strong>actu</strong></span> <span class='ocrx_word' id='word_1_709' title='bbox 1412 4688 1550 4745; x_wconf 90' lang='lat' dir='ltr'><strong>viciniora</strong></span> <span class='ocrx_word' id='word_1_710' title='bbox 1565 4687 1662 4743; x_wconf 90' lang='lat' dir='ltr'><strong>saluti.</strong></span> <span class='ocrx_word' id='word_1_711' title='bbox 1687 4685 1825 4757; x_wconf 78' lang='lat' dir='ltr'><strong>Alioquin</strong></span> 
     </span>
     <span class='ocr_line' id='line_1_52' title="bbox 76 4775 1825 4852; baseline -0.004 -14"><span class='ocrx_word' id='word_1_712' title='bbox 76 4783 171 4838; x_wconf 70' lang='lat' dir='ltr'><strong>dmtes</strong></span> <span class='ocrx_word' id='word_1_713' title='bbox 201 4796 280 4848; x_wconf 86' lang='lat' dir='ltr'><strong>neos,</strong></span> <span class='ocrx_word' id='word_1_714' title='bbox 307 4781 566 4838; x_wconf 86' lang='lat' dir='ltr'><strong>intellectualitates</strong></span> <span class='ocrx_word' id='word_1_715' title='bbox 585 4781 693 4838; x_wconf 90' lang='lat' dir='ltr'><strong>scilieet</strong></span> <span class='ocrx_word' id='word_1_716' title='bbox 719 4782 828 4852; x_wconf 89' lang='lat' dir='ltr'><strong>quibus</strong></span> <span class='ocrx_word' id='word_1_717' title='bbox 846 4797 923 4839; x_wconf 91' lang='lat' dir='ltr'><strong>com·</strong></span> <span class='ocrx_word' id='word_1_718' title='bbox 978 4778 1103 4850; x_wconf 89' lang='lat' dir='ltr'><strong>protecto</strong></span> <span class='ocrx_word' id='word_1_719' title='bbox 1141 4778 1305 4846; x_wconf 88' lang='lat' dir='ltr'><strong>delicerent,</strong></span> <span class='ocrx_word' id='word_1_720' title='bbox 1338 4778 1361 4833; x_wconf 92' lang='lat' dir='ltr'><strong>si</strong></span> <span class='ocrx_word' id='word_1_721' title='bbox 1399 4776 1602 4849; x_wconf 89' lang='lat' dir='ltr'><strong>iniquitatibus</strong></span> <span class='ocrx_word' id='word_1_722' title='bbox 1630 4775 1825 4831; x_wconf 75' lang='lat' dir='ltr'><strong>ntsmieordia</strong></span> 
     </span>
     <span class='ocr_line' id='line_1_53' title="bbox 76 4867 1119 4942; baseline -0.007 -15"><span class='ocrx_word' id='word_1_723' title='bbox 76 4870 213 4928; x_wconf 90' lang='lat' dir='ltr'><strong>molimus</strong></span> <span class='ocrx_word' id='word_1_724' title='bbox 227 4869 370 4940; x_wconf 92' lang='lat' dir='ltr'><strong>quidquid</strong></span> <span class='ocrx_word' id='word_1_725' title='bbox 391 4869 512 4941; x_wconf 90' lang='lat' dir='ltr'><strong>dignum</strong></span> <span class='ocrx_word' id='word_1_726' title='bbox 530 4870 666 4939; x_wconf 91' lang='lat' dir='ltr'><strong>scrupulo</strong></span> <span class='ocrx_word' id='word_1_727' title='bbox 689 4871 859 4942; x_wconf 89' lang='lat' dir='ltr'><strong>cogitamus.</strong></span> <span class='ocrx_word' id='word_1_728' title='bbox 877 4872 925 4927; x_wconf 81' lang='lat' dir='ltr'><strong>Gi·</strong></span> <span class='ocrx_word' id='word_1_729' title='bbox 978 4867 1119 4924; x_wconf 89' lang='lat' dir='ltr'><strong>cederent.</strong></span> 
     </span>
     <span class='ocr_line' id='line_1_54' title="bbox 74 4948 1825 5028; baseline -0.003 -15"><span class='ocrx_word' id='word_1_730' title='bbox 74 4974 140 5013; x_wconf 86' lang='lat' dir='ltr'><strong>nere</strong></span> <span class='ocrx_word' id='word_1_731' title='bbox 159 4970 211 5013; x_wconf 90' lang='lat' dir='ltr'><strong>nos</strong></span> <span class='ocrx_word' id='word_1_732' title='bbox 231 4956 318 5023; x_wconf 90' lang='lat' dir='ltr'><strong>cibat,</strong></span> <span class='ocrx_word' id='word_1_733' title='bbox 339 4957 390 5028; x_wconf 91' lang='lat' dir='ltr'><strong>qui</strong></span> <span class='ocrx_word' id='word_1_734' title='bbox 406 4956 513 5026; x_wconf 89' lang='lat' dir='ltr'><strong>peccati</strong></span> <span class='ocrx_word' id='word_1_735' title='bbox 535 4956 744 5014; x_wconf 89' lang='lat' dir='ltr'><strong>relricalionem</strong></span> <span class='ocrx_word' id='word_1_736' title='bbox 763 4971 830 5013; x_wconf 91' lang='lat' dir='ltr'><strong>cum</strong></span> <span class='ocrx_word' id='word_1_737' title='bbox 845 4958 925 5014; x_wconf 90' lang='lat' dir='ltr'><strong>dele-</strong></span> <span class='ocrx_word' id='word_1_738' title='bbox 1013 4955 1100 5012; x_wconf 80' lang='lat' dir='ltr'><strong>Vsus.</strong></span> <span class='ocrx_word' id='word_1_739' title='bbox 1130 4957 1174 5010; x_wconf 75' lang='grc' dir='ltr'><strong>ιι.</strong></span> <span class='ocrx_word' id='word_1_740' title='bbox 1202 4985 1237 4995; x_wconf 97' lang='grc'><strong>-</strong></span> <span class='ocrx_word' id='word_1_741' title='bbox 1267 4976 1277 5003; x_wconf 78' lang='grc' dir='ltr'>ι</span> <span class='ocrx_word' id='word_1_742' title='bbox 1305 4953 1376 5009; x_wconf 88' lang='lat' dir='ltr'><strong>Novi</strong></span> <span class='ocrx_word' id='word_1_743' title='bbox 1399 4951 1540 5019; x_wconf 91' lang='lat' dir='ltr'><strong>diluculo,</strong></span> <span class='ocrx_word' id='word_1_744' title='bbox 1565 4952 1658 5007; x_wconf 91' lang='lat' dir='ltr'><strong>multa</strong></span> <span class='ocrx_word' id='word_1_745' title='bbox 1684 4956 1727 5006; x_wconf 93' lang='lat' dir='ltr'><strong>est</strong></span> <span class='ocrx_word' id='word_1_746' title='bbox 1755 4948 1825 5007; x_wconf 84' lang='lat' dir='ltr'><strong>tides</strong></span> 
     </span>
     <span class='ocr_line' id='line_1_55' title="bbox 72 5038 1825 5116; baseline -0.006 -13"><span class='ocrx_word' id='word_1_747' title='bbox 72 5046 201 5103; x_wconf 84' lang='lat' dir='ltr'><strong>clatione</strong></span> <span class='ocrx_word' id='word_1_748' title='bbox 215 5043 475 5101; x_wconf 84' lang='lat' dir='ltr'><strong>nobisiuviscerat.</strong></span> <span class='ocrx_word' id='word_1_749' title='bbox 492 5045 641 5112; x_wconf 87' lang='lat' dir='ltr'><strong>lloctaeit,</strong></span> <span class='ocrx_word' id='word_1_750' title='bbox 657 5045 784 5116; x_wconf 83' lang='lat' dir='ltr'><strong>quittari</strong></span> <span class='ocrx_word' id='word_1_751' title='bbox 807 5045 924 5116; x_wconf 88' lang='lat' dir='ltr'><strong>permit·</strong></span> <span class='ocrx_word' id='word_1_752' title='bbox 982 5064 992 5091; x_wconf 74' lang='grc' dir='ltr'>ι</span> <span class='ocrx_word' id='word_1_753' title='bbox 1018 5051 1078 5100; x_wconf 90' lang='lat' dir='ltr'><strong>tua.</strong></span> <span class='ocrx_word' id='word_1_754' title='bbox 1106 5064 1116 5092; x_wconf 79' lang='grc' dir='ltr'><strong>ι</strong></span> <span class='ocrx_word' id='word_1_755' title='bbox 1145 5043 1224 5108; x_wconf 81' lang='lat' dir='ltr'><strong>Quod</strong></span> <span class='ocrx_word' id='word_1_756' title='bbox 1248 5051 1291 5099; x_wconf 89' lang='lat' dir='ltr'><strong>est</strong></span> <span class='ocrx_word' id='word_1_757' title='bbox 1315 5041 1409 5097; x_wconf 85' lang='lat' dir='ltr'><strong>dicere</strong></span> <span class='ocrx_word' id='word_1_758' title='bbox 1434 5042 1523 5096; x_wconf 87' lang='lat' dir='ltr'><strong>ileum</strong></span> <span class='ocrx_word' id='word_1_759' title='bbox 1543 5039 1580 5095; x_wconf 87' lang='lat' dir='ltr'><strong>ad</strong></span> <span class='ocrx_word' id='word_1_760' title='bbox 1603 5038 1754 5095; x_wconf 89' lang='lat' dir='ltr'><strong>animam:</strong></span> <span class='ocrx_word' id='word_1_761' title='bbox 1780 5038 1825 5093; x_wconf 80' lang='lat' dir='ltr'><strong>lix</strong></span> 
     </span>
     <span class='ocr_line' id='line_1_56' title="bbox 76 5124 1823 5201; baseline -0.008 -9"><span class='ocrx_word' id='word_1_762' title='bbox 76 5136 120 5193; x_wconf 91' lang='lat' dir='ltr'><strong>tit.</strong></span> <span class='ocrx_word' id='word_1_763' title='bbox 979 5139 1030 5187; x_wconf 90' lang='lat' dir='ltr'><strong>tua</strong></span> <span class='ocrx_word' id='word_1_764' title='bbox 1045 5130 1196 5187; x_wconf 87' lang='lat' dir='ltr'><strong>sedulitate</strong></span> <span class='ocrx_word' id='word_1_765' title='bbox 1209 5137 1237 5186; x_wconf 92' lang='lat' dir='ltr'><strong>et</strong></span> <span class='ocrx_word' id='word_1_766' title='bbox 1250 5128 1404 5201; x_wconf 84' lang='lat' dir='ltr'><strong>vigilantia</strong></span> <span class='ocrx_word' id='word_1_767' title='bbox 1419 5127 1487 5184; x_wconf 84' lang='lat' dir='ltr'><strong>nori</strong></span> <span class='ocrx_word' id='word_1_768' title='bbox 1498 5126 1569 5198; x_wconf 90' lang='lat' dir='ltr'><strong>quia</strong></span> <span class='ocrx_word' id='word_1_769' title='bbox 1583 5126 1682 5184; x_wconf 81' lang='lat' dir='ltr'><strong>multa</strong></span> <span class='ocrx_word' id='word_1_770' title='bbox 1695 5126 1734 5183; x_wconf 87' lang='lat' dir='ltr'><strong>sis</strong></span> <span class='ocrx_word' id='word_1_771' title='bbox 1747 5124 1823 5182; x_wconf 87' lang='lat' dir='ltr'><strong>ildei.</strong></span> 
     </span>
     <span class='ocr_line' id='line_1_57' title="bbox 110 5204 1824 5290; baseline -0.004 -14"><span class='ocrx_word' id='word_1_772' title='bbox 110 5224 195 5280; x_wconf 78' lang='lat' dir='ltr'><strong>vans.</strong></span> <span class='ocrx_word' id='word_1_773' title='bbox 215 5225 257 5276; x_wconf 84' lang='lat' dir='ltr'><strong>lt.</strong></span> <span class='ocrx_word' id='word_1_774' title='bbox 281 5248 317 5264; x_wconf 93' lang='lat'>-</span> <span class='ocrx_word' id='word_1_775' title='bbox 333 5241 347 5271; x_wconf 80' lang='lat' dir='ltr'><strong>o</strong></span> <span class='ocrx_word' id='word_1_776' title='bbox 362 5221 398 5277; x_wconf 82' lang='lat' dir='ltr'><strong>Et</strong></span> <span class='ocrx_word' id='word_1_777' title='bbox 411 5220 526 5290; x_wconf 78' lang='lat' dir='ltr'><strong>repuisa</strong></span> <span class='ocrx_word' id='word_1_778' title='bbox 545 5228 588 5278; x_wconf 90' lang='lat' dir='ltr'><strong>est</strong></span> <span class='ocrx_word' id='word_1_779' title='bbox 604 5221 702 5276; x_wconf 89' lang='lat' dir='ltr'><strong>anima</strong></span> <span class='ocrx_word' id='word_1_780' title='bbox 723 5235 796 5289; x_wconf 89' lang='lat' dir='ltr'><strong>mea,</strong></span> <span class='ocrx_word' id='word_1_781' title='bbox 819 5221 926 5278; x_wconf 87' lang='lat' dir='ltr'><strong>oblitus</strong></span> <span class='ocrx_word' id='word_1_782' title='bbox 980 5219 1147 5276; x_wconf 82' lang='lat' dir='ltr'><strong>Diluculum</strong></span> <span class='ocrx_word' id='word_1_783' title='bbox 1161 5219 1325 5275; x_wconf 67' lang='lat' dir='ltr'><strong>amonim</strong></span> <span class='ocrx_word' id='word_1_784' title='bbox 1344 5231 1396 5287; x_wconf 92' lang='lat' dir='ltr'><strong>pro</strong></span> <span class='ocrx_word' id='word_1_785' title='bbox 1411 5204 1563 5272; x_wconf 78' lang='lat' dir='ltr'><strong>sedulitite</strong></span> <span class='ocrx_word' id='word_1_786' title='bbox 1575 5215 1676 5271; x_wconf 89' lang='lat' dir='ltr'><strong>crebro</strong></span> <span class='ocrx_word' id='word_1_787' title='bbox 1696 5211 1824 5285; x_wconf 89' lang='lat' dir='ltr'><strong>ponitur,</strong></span> 
     </span>
     <span class='ocr_line' id='line_1_58' title="bbox 77 5301 1826 5378; baseline -0.006 -11"><span class='ocrx_word' id='word_1_788' title='bbox 77 5331 89 5360; x_wconf 75' lang='grc' dir='ltr'><strong>ι</strong></span> <span class='ocrx_word' id='word_1_789' title='bbox 122 5322 190 5367; x_wconf 89' lang='lat' dir='ltr'><strong>sum</strong></span> <span class='ocrx_word' id='word_1_790' title='bbox 210 5309 364 5367; x_wconf 87' lang='lat' dir='ltr'><strong>bonorum.</strong></span> <span class='ocrx_word' id='word_1_791' title='bbox 392 5328 403 5358; x_wconf 74' lang='grc' dir='ltr'><strong>ι</strong></span> <span class='ocrx_word' id='word_1_792' title='bbox 428 5309 529 5364; x_wconf 70' lang='lat' dir='ltr'><strong>anino</strong></span> <span class='ocrx_word' id='word_1_793' title='bbox 554 5313 651 5364; x_wconf 77' lang='lat' dir='ltr'><strong>nosne</strong></span> <span class='ocrx_word' id='word_1_794' title='bbox 673 5306 831 5378; x_wconf 91' lang='lat' dir='ltr'><strong>repellitur,</strong></span> <span class='ocrx_word' id='word_1_795' title='bbox 857 5322 925 5364; x_wconf 89' lang='lat' dir='ltr'><strong>oum</strong></span> <span class='ocrx_word' id='word_1_796' title='bbox 979 5308 1054 5364; x_wconf 88' lang='lat' dir='ltr'><strong>siout</strong></span> <span class='ocrx_word' id='word_1_797' title='bbox 1070 5315 1098 5364; x_wconf 90' lang='lat' dir='ltr'><strong>et</strong></span> <span class='ocrx_word' id='word_1_798' title='bbox 1113 5306 1302 5365; x_wconf 88' lang='lat' dir='ltr'><strong>matutinum.</strong></span> <span class='ocrx_word' id='word_1_799' title='bbox 1325 5305 1407 5374; x_wconf 85' lang='lat' dir='ltr'><strong>Quod</strong></span> <span class='ocrx_word' id='word_1_800' title='bbox 1421 5303 1456 5371; x_wconf 91' lang='lat' dir='ltr'><strong>si,</strong></span> <span class='ocrx_word' id='word_1_801' title='bbox 1478 5301 1712 5375; x_wconf 77' lang='lat' dir='ltr'><strong>iuxtaquadam</strong></span> <span class='ocrx_word' id='word_1_802' title='bbox 1725 5313 1826 5357; x_wconf 85' lang='lat' dir='ltr'><strong>exem-</strong></span> 
     </span>
    </p>
   </div>
   <div class='ocr_carea' id='block_1_7' title="bbox 112 5466 1118 5542">
    <p class='ocr_par' dir='ltr' id='par_1_13' title="bbox 112 5466 1118 5542">
     <span class='ocr_line' id='line_1_59' title="bbox 112 5466 1118 5542; baseline -0.004 -15"><span class='ocrx_word' id='word_1_803' title='bbox 112 5470 174 5540; x_wconf 73' lang='grc' dir='ltr'>(ιι)</span> <span class='ocrx_word' id='word_1_804' title='bbox 192 5467 303 5539; x_wconf 79' lang='lat' dir='ltr'><strong>Versus</strong></span> <span class='ocrx_word' id='word_1_805' title='bbox 315 5466 376 5539; x_wconf 89' lang='lat' dir='ltr'><strong>ipse</strong></span> <span class='ocrx_word' id='word_1_806' title='bbox 388 5467 420 5524; x_wconf 90' lang='lat' dir='ltr'><strong>in</strong></span> <span class='ocrx_word' id='word_1_807' title='bbox 433 5467 558 5526; x_wconf 89' lang='lat' dir='ltr'><strong>editione</strong></span> <span class='ocrx_word' id='word_1_808' title='bbox 571 5466 645 5526; x_wconf 83' lang='lat' dir='ltr'><strong>sixti</strong></span> <span class='ocrx_word' id='word_1_809' title='bbox 659 5467 695 5524; x_wconf 80' lang='grc' dir='ltr'>ιο</span> <span class='ocrx_word' id='word_1_810' title='bbox 708 5474 881 5525; x_wconf 88' lang='lat' dir='ltr'><strong>numeratur</strong></span> <span class='ocrx_word' id='word_1_811' title='bbox 894 5474 923 5525; x_wconf 87' lang='lat' dir='ltr'><strong>et</strong></span> <span class='ocrx_word' id='word_1_812' title='bbox 934 5481 1060 5542; x_wconf 84' lang='lat' dir='ltr'><strong>aequem</strong></span> <span class='ocrx_word' id='word_1_813' title='bbox 1075 5471 1118 5524; x_wconf 85' lang='grc' dir='ltr'>ιιι.</span> 
     </span>
    </p>
   </div>
   <div class='ocr_carea' id='block_1_8' title="bbox 0 0 1914 6008">
    <p class='ocr_par' dir='ltr' id='par_1_14' title="bbox 0 0 1914 6008">
     <span class='ocr_line' id='line_1_60' title="bbox 0 0 1914 6008; baseline 0 3"><span class='ocrx_word' id='word_1_814' title='bbox 0 0 1914 6008; x_wconf 95' lang='lat' dir='ltr'><strong> </strong></span> 
     </span>
    </p>
   </div>
  </div>
 </body>
</html>
