3818 6008
74 113 128 168 als

438 109 668 171 TROPOLOGiAE
688 109 721 164 lrl
740 107 840 166 OSEE.
861 106 954 164 snos
972 107 1016 163 ΕΤ
1035 108 1109 164 init.
1130 130 1165 150 -
1183 106 1250 162 ΗΒ.
1270 105 1293 162 1.
1313 108 1348 162 lit
1367 106 1470 163 OSEE.

1774 106 1827 160 346

73 236 166 295 initiis
187 237 273 296 semel
291 236 481 296 obliterarunt
502 237 679 301 acordibus,
699 244 838 308 perpetua
852 236 921 293 sub·
939 239 963 291 h
978 237 1069 293 divini
1083 237 1192 294 timoris
1214 243 1266 305 est,
1289 244 1317 294 ct
1343 236 1524 294 condimento
1549 235 1654 294 divioae
1678 235 1826 307 sapientias

73 326 212 383 ductione
233 328 405 384 dimoveant.
433 326 585 384 Sciendum
609 334 706 382 autem
727 325 804 397 quod
829 323 923 397 gemi-

74 415 208 473 nationes
230 416 395 482 verhorum,
420 424 453 472 ut
477 422 528 483 est,
544 417 601 470 sita
624 417 724 482 viuere,
739 419 823 468 morte
841 414 921 477 mori,

74 512 101 561 et
114 512 220 561 caetera
236 504 281 559 his
295 505 407 571 similia,
436 503 593 560 vernacula
610 503 795 560 llehraeorum
818 502 923 559 locutio

74 593 171 664 magis
186 606 275 664 quam
291 599 376 663 typus
391 592 496 663 aliquis
510 592 555 647 sit.

110 682 199 738 Vens.
214 686 242 734 t.
264 711 299 720 —
325 704 335 730 ‹
361 682 397 737 Et
422 680 519 737 domni
540 680 615 737 luda
641 679 806 746 miserebor,
829 686 856 735 ει
870 678 924 735 εει·

77 791 88 819 ε
106 769 183 826 vabo
194 784 242 826 eos
256 768 286 824 iu
302 769 422 825 Domino
452 771 508 826 heo
530 783 592 836 suo,
610 776 637 825 et
660 783 720 824 non
736 768 854 824 salvabo
876 780 925 823 eos

76 859 138 914 »in
154 873 237 924 arcu,
254 865 281 914 et
310 857 414 929 gladio,
431 865 459 913 ct
482 859 511 912 in
536 856 621 926 bello,
644 864 672 913 et
694 857 722 912 in
737 857 829 928 equis,
846 864 873 913 ct
895 856 923 911 in

77 968 88 994 ι
110 945 297 1016 equitibus.»
325 945 421 1014 lsrael,
447 953 475 1001 ει
497 946 571 1001 luda
593 945 699 1002 habent
722 946 834 1012 domus,
854 944 925 1014 quia

75 1034 207 1091 diversos
221 1033 257 1090 ab
274 1034 396 1090 invicem
412 1034 519 1090 habent
533 1041 635 1090 status.
652 1037 748 1089 Domui
767 1049 835 1103 ergo
849 1033 925 1090 iudo

75 1123 238 1188 miseretur,
264 1121 334 1192 quia
357 1137 414 1190 εοε,
446 1122 555 1193 quibus
583 1123 637 1193 piae
670 1122 854 1178 confessionis
877 1122 924 1177 in-

74 1211 178 1282 dulget
192 1210 325 1282 gratiam,
342 1218 500 1266 reveretur.
527 1210 624 1267 Salvat
637 1226 679 1266 eos
694 1215 724 1266 ia
744 1213 858 1266 Domino
872 1213 925 1264 Deo

73 1314 133 1365 ruo,
150 1299 230 1370 quod
243 1307 271 1356 et
295 1299 392 1369 ipsum
413 1298 552 1355 Hebraica
577 1299 681 1355 locutio
705 1307 756 1367 cst,
779 1299 856 1370 quod
883 1305 925 1354 est

73 1387 223 1456 inseipso,
247 1387 316 1443 dum
340 1401 376 1444 ex
403 1402 435 1443 eo
459 1387 536 1458 quod
560 1388 704 1444 dominari
725 1402 792 1444 eum
818 1389 923 1455 sciunt,

74 1476 177 1532 timent
189 1492 197 1546 ;
211 1490 247 1533 ex
262 1491 294 1532 eo
316 1476 392 1546 quod
409 1476 500 1532 Deum
515 1483 633 1545 norunt,
650 1491 679 1533 se
692 1491 759 1533 eum
774 1476 924 1533 habituros

74 1564 105 1620 in
119 1565 239 1635 praemio
254 1579 291 1621 ex
310 1579 406 1620 amore
430 1572 556 1634 sperant.
578 1565 660 1632 Quod
681 1569 771 1621 totum
786 1564 826 1620 nil
843 1564 924 1620 aliud
944 1537 964 1590 B

72 1661 116 1711 εει
130 1666 220 1724 quam
237 1653 339 1709 timore
355 1653 491 1722 primum,
508 1652 612 1709 debinc
626 1667 725 1710 amore
739 1653 855 1709 saivari.
873 1654 926 1709 Do

75 1741 157 1797 mino
185 1741 263 1798 enim
289 1740 382 1802 timor,
399 1748 429 1797 ut
453 1743 587 1812 aggeus:
612 1762 626 1792 ‹<
643 1741 671 1798 Si
696 1756 748 1813 ego
772 1741 922 1810 Dominus,

75 1830 125 1888 ubi
140 1829 227 1886 timor
242 1829 349 1886 meus?
369 1832 447 1900 (hul.
460 1845 479 1899 ι,
495 1831 537 1900 6.)
550 1853 560 1878 ι
580 1831 636 1886 Uco
650 1838 744 1887 autern
761 1845 794 1888 ac
809 1833 832 1888 si
849 1833 924 1903 patri

74 1929 158 1972 amor
180 1916 292 1972 attinet.
312 1915 393 1972 Unde
417 1915 527 1972 isdem:
553 1937 567 1965 «
584 1917 611 1972 Si
627 1931 689 1986 ego,
715 1917 819 1988 inquit,
844 1926 926 1988 paler

73 2004 127 2062 ubi
143 2004 236 2060 honor
251 2003 356 2060 mens?
367 2004 465 2071 vitiu.)
482 2024 493 2052 i
521 2005 556 2060 Ει
571 2021 623 2059 non
642 2005 734 2061 salvat
748 2022 791 2061 eos
804 2009 833 2062 in
848 2024 924 2075 arcu,

74 2093 147 2164 quia
161 2092 242 2148 nullo
264 2106 325 2148 suat
339 2092 440 2163 rigidae
452 2092 620 2149 intentionis
636 2093 733 2151 labore
745 2095 923 2168 consolidat;

73 2195 128 2238 nec
153 2179 250 2252 gladio
283 2180 461 2236 discretionis
494 2181 638 2249 observat,
667 2197 761 2254 neque
789 2187 819 2239 in
848 2185 924 2251 bello,

74 2269 229 2339 quiscum
245 2268 322 2325 vitiis
346 2269 481 2340 frequens
509 2270 637 2338 dimicat,
658 2287 710 2325 ιιοιι
737 2275 765 2326 in
781 2276 868 2341 equis,
895 2275 925 2330 in

75 2370 135 2426 quo
152 2355 260 2413 scilicet
274 2347 376 2413 carnis
388 2358 578 2428 petulantiam
599 2359 709 2426 lraenat,
736 2376 790 2415 nos
804 2364 834 2416 in
846 2365 926 2431 equi-

74 2446 160 2514 tious,
176 2445 224 2502 ubi
237 2446 316 2502 omni
340 2447 483 2516 superbire
504 2462 538 2503 ac
561 2448 731 2504 animalitati
756 2451 925 2522 superequi-

977 326 1094 383 iatuitas
1116 326 1229 382 interna
1258 326 1369 383 salitur.
1400 325 1453 383 Sed
1479 325 1566 392 enim,
1596 333 1628 382 ut
1653 324 1764 389 dicunt,
1789 336 1826 380 ex

977 413 1122 470 maritima
1136 428 1224 470 arena
1238 412 1409 484 conticitur3
1426 429 1485 484 qua
1511 420 1606 468 tamen
1628 413 1686 466 sine
1699 425 1827 465 mensuro

977 508 1026 568 est,
1055 508 1080 556 et
1104 518 1157 557 noa
1185 509 1352 569 nume-atur,
1392 503 1462 572 quia
1501 514 1677 571 quoeunque
1706 497 1825 568 superni

977 600 1071 648 metus
1092 591 1213 647 artificio
1239 590 1445 662 cogitationum
1467 589 1598 646 inanium
1623 587 1752 643 minutias
1773 586 1824 643 de·

977 681 1152 750 primantur,
1169 693 1322 750 nunquam
1341 687 1434 734 tamen
1461 679 1497 734 ad
1521 677 1664 748 integrum
1688 673 1823 743 cohiberi,

978 776 1029 823 aut
1055 767 1258 837 comprehendi
1285 774 1403 837 possunt
1431 767 1468 823 ab
1498 781 1530 822 eo
1555 766 1614 834 ipso
1639 763 1822 834 quipatitur.

977 857 1142 913 blensuram
1171 864 1267 912 autem
1291 855 1387 925 accipe
1415 855 1451 911 ad
1480 868 1636 911 excursum
1671 850 1822 922 appetitus,

979 959 1132 1001 numerum
1147 958 1215 1000 vero
1239 944 1275 1000 ad
1299 944 1414 1000 crebras
1433 941 1625 999 revolutiones
1649 939 1755 997 interni
1773 926 1824 1009 qui

978 1035 1009 1090 lit
1022 1034 1175 1105 cogitando
1191 1041 1338 1089 rotatus·
1364 1035 1398 1089 lit
1421 1033 1484 1096 erit,
1510 1031 1539 1086 in
1564 1031 1624 1086 loco
1643 1029 1693 1086 ubi
1713 1028 1825 1085 dicetur

979 1145 993 1172 ι
1007 1123 1057 1190 εἰε,
1073 1122 1136 1179 Non
1159 1121 1285 1191 populus
1301 1135 1382 1177 meus
1401 1135 1461 1186 ιοε,
1485 1120 1595 1176 dicetur
1610 1118 1668 1174 eis:
1695 1116 1758 1173 Filii
1774 1115 1824 1172 Dei

981 1209 1166 1266 »viventis-
1199 1211 1270 1273 Erit,
1299 1208 1404 1278 inquit,
1432 1206 1507 1262 idem
1536 1205 1614 1276 quod
1641 1205 1744 1271 dicam,
1774 1218 1825 1273 pro

978 1305 1049 1355 certo
1071 1298 1214 1353 coristodit.
1243 1299 1292 1353 Est
1312 1305 1408 1353 autem
1434 1294 1564 1352 llcbraici
1588 1294 1685 1360 moris,
1710 1292 1825 1348 sicutet

979 1388 1052 1445 illud
1064 1386 1141 1457 quod
1155 1386 1329 1457 quibusdam
1347 1383 1520 1456 propheticis
1545 1382 1641 1438 verbis
1666 1379 1824 1452 praescribi·

979 1484 1037 1542 tur,
1071 1492 1183 1545 semper,
1211 1482 1242 1531 ut
1274 1473 1382 1530 scilicet
1405 1488 1434 1529 se
1457 1476 1568 1538 sterria,
1598 1483 1656 1525 non
1684 1464 1826 1523 volubilia

979 1566 1139 1621 denuntiare
1166 1562 1336 1634 significent.
1374 1562 1466 1617 Locus
1506 1566 1603 1615 autem
1642 1563 1747 1622 noster,
1775 1551 1826 1608 Dei

980 1655 1064 1711 timor
1078 1661 1129 1709 est.
1152 1652 1231 1708 Sicut
1254 1652 1331 1708 euim
1359 1650 1500 1722 gaudium
1527 1647 1628 1704 eilusio
1647 1644 1750 1701 mentis
1772 1649 1825 1708 est,

979 1743 1017 1799 ita
1035 1742 1120 1798 timor
1148 1741 1297 1797 restrictio.
1324 1739 1405 1797 Unde
1431 1742 1491 1795 est:
1524 1759 1536 1788 ι
1564 1737 1630 1792 Haee
1660 1730 1827 1790 recordatus

978 1836 1188 1898 sumetlstt
1221 1829 1308 1886 alludi
1339 1829 1367 1884 in
1399 1843 1445 1884 me
1473 1825 1600 1882 animam
1627 1837 1720 1880 meam
1742 1821 1826 1892 (Prot.

978 1936 1035 1987 xii,
1052 1922 1090 1986 5),
1107 1938 1121 1972 i
1137 1926 1191 1974 etc.
1208 1919 1260 1974 Et:
1279 1940 1290 1968 ι
1308 1919 1341 1974 Ιιι
1357 1917 1441 1983 νειΙε,
1458 1916 1564 1986 inquit,
1590 1915 1782 1983 lacrymarum
1796 1909 1825 1964 in

978 2008 1039 2064 loeo
1064 2022 1150 2078 quem
1175 2007 1257 2076 posui
1284 2007 1368 2079 (Psoi.
1397 2019 1513 2072 nxxxru,
1539 2003 1577 2072 7),
1601 2024 1612 2051 ι
1634 2000 1686 2072 qui
1705 2013 1763 2055 uon
1785 2003 1827 2054 εει

979 2095 1054 2152 alius
1082 2109 1172 2167 quarn
1202 2096 1287 2151 timor
1309 2102 1337 2151 et
1361 2093 1519 2150 humilitas.
1548 2092 1580 2147 ln
1602 2090 1666 2158 hoe,
1692 2088 1824 2158 inquam,

978 2184 1050 2249 loro.
1074 2185 1124 2241 ubi
1135 2183 1293 2254 spiritualis
1314 2191 1437 2239 mentem
1453 2179 1628 2252 populositas
1643 2192 1714 2248 pene
1728 2189 1826 2232 exsor-

979 2281 1050 2330 tesa
1065 2274 1121 2330 Deo
1146 2287 1198 2329 nos
1223 2273 1306 2329 nobis
1329 2271 1421 2327 videri
1446 2269 1542 2326 elicit.
1557 2269 1624 2322 Filii
1640 2267 1688 2320 Dei
1711 2263 1826 2319 vitiantis

979 2363 1127 2430 dicuntur,
1154 2363 1225 2433 quia
1255 2375 1291 2416 en
1325 2359 1415 2416 nostri
1450 2355 1711 2427 recompensatione
1739 2363 1826 2422 quem

979 2452 1107 2521 patimur
1122 2449 1347 2507 inobservantia
1372 2447 1533 2503 humilitate
1553 2443 1668 2511 laboris,
1686 2442 1710 2498 is
1725 2438 1827 2510 saepis-

980 2540 1050 2595 sime
1065 2539 1176 2596 iructus
1191 2537 1308 2605 accedit,
1326 2543 1359 2593 ut
1382 2543 1528 2592 tantarum
1545 2533 1622 2589 nube
1635 2537 1744 2587 remota
1765 2536 1827 2585 tur-

980 2629 1083 2685 barum
1100 2627 1212 2683 inlinita
1226 2627 1332 2695 redcat,
1348 2633 1376 2681 et
1392 2623 1546 2695 plusquam
1568 2620 1679 2691 sperari
1702 2616 1826 2674 valuerit

74 2542 128 2600 tat,
145 2535 309 2604 quiilquam
326 2535 507 2592 salutiferum
529 2537 570 2593 eis
589 2546 714 2607 prmstat.
737 2538 817 2605 Quod
835 2547 926 2596 totum

73 2628 167 2676 estz«
192 2620 256 2676 Non
276 2621 406 2690 volentis,
424 2636 518 2692 neque
538 2623 692 2689 currentis,
714 2625 763 2681 sed
787 2625 926 2682 miseren-

75 2708 112 2766 tis
122 2717 167 2765 εει
182 2710 230 2765 Dei
248 2712 332 2781 (hcm.
350 2725 388 2772 ur.
415 2712 466 2779 ιο),
485 2733 496 2760 ι
516 2719 621 2768 utnon
641 2714 708 2782 quis
732 2714 760 2769 in
776 2713 923 2782 exercitio,
980 2716 1130 2786 placiditas
1144 2715 1320 2780 animorum,
1337 2721 1369 2770 ut
1381 2716 1441 2784 jam
1462 2727 1543 2768 mens
1558 2711 1592 2767 de
1613 2718 1722 2765 aeterna
1734 2706 1827 2762 salute

75 2797 126 2853 sed
141 2797 189 2853 [tei
202 2797 442 2855 nitaturauriilio.
944 2811 964 2866 c
979 2803 1135 2875 periclitari
1150 2818 1208 2859 non
1223 2804 1330 2870 timeat,
1347 2802 1396 2858 sed
1407 2802 1468 2873 jam
1484 2815 1533 2871 spe
1555 2799 1584 2855 iu
1598 2808 1725 2867 superna
1741 2797 1827 2853 homo

111 2886 200 2942 Vnus.
225 2889 252 2949 8,
267 2888 293 2941 9.
322 2916 357 2928 -
384 2909 395 2937 ‹
426 2888 462 2943 Et
485 2887 639 2945 ablactavit
666 2904 739 2958 eam,
770 2904 836 2960 qum
865 2899 927 2948 erat
978 2893 1111 2951 sublatus
1131 2892 1243 2949 Christo
1279 2906 1347 2948 cum
1378 2890 1509 2961 llpostolo
1547 2893 1702 2957 conregnet
1738 2890 1827 2954 atque

77 2975 229 3045 ‚Absque
259 2975 464 3032 misericordia.
489 2978 524 3033 Et
546 2979 686 3048 concepit,
707 2987 735 3035 et
760 2980 868 3049 peperit
890 2979 925 3035 sr-
980 2982 1130 3039 conscdeat
1152 2983 1262 3050 (Ephes.
1290 2997 1320 3048 ιι,
1344 2979 1380 3048 6).
1414 2980 1473 3035 Ηοε
1497 2977 1578 3033 modo
1611 2982 1702 3032 status
1725 2971 1825 3040 nostri,

75 3087 90 3113 »
108 3063 192 3119 lium.
208 3064 244 3119 Et
262 3064 353 3120 dixit:
376 3064 454 3120 Voca
480 3080 583 3122 nomen
612 3067 693 3137 eius:
718 3068 781 3125 Non
802 3068 926 3138 populus
979 3072 1031 3143 qui
1044 3072 1130 3141 juxta
1147 3068 1301 3139 psalmum,
1313 3068 1519 3126 descenderant
1534 3066 1562 3122 in
1575 3065 1701 3136 abyssos,
1724 3075 1827 3118 ascen-

77 3166 199 3217 »meus,
217 3153 287 3222 quia
301 3166 351 3208 vos
369 3167 425 3207 non
442 3153 566 3222 populus
589 3168 680 3222 meus,
696 3164 723 3213 et
738 3171 790 3228 ego
806 3172 862 3214 non
877 3172 926 3213 ero
979 3160 1053 3215 dunt
1077 3172 1168 3228 usque
1192 3157 1228 3213 ad
1252 3157 1337 3214 coelos
1356 3157 1441 3228 (Prot.
1472 3171 1528 3221 cvr,
1550 3155 1608 3224 iot.
1630 3151 1698 3207 Filii
1713 3151 1759 3205 hei
1780 3146 1827 3204 di-

77 3247 204 3296 »vester
225 3241 309 3296 Deus.
335 3261 349 3290 υ
375 3241 446 3296 Filia
470 3241 642 3310 ablactatur,
665 3258 764 3300 cunia
787 3245 926 3302 lenocinio
980 3257 1097 3315 cuntur,
1121 3248 1170 3303 sed
1191 3249 1316 3313 viveritis,
1342 3245 1419 3317 quod
1444 3244 1598 3315 vigilanter
1622 3249 1664 3298 est
1684 3239 1825 3306 additum,

75 3340 176 3398 pravae
200 3328 375 3385 remissionis
398 3330 556 3387 absistitur.
589 3330 704 3387 Nosmat
734 3346 860 3404 namque
882 3335 926 3389 la·
981 3337 1075 3407 utqui
1094 3342 1212 3392 mortem
1228 3336 1262 3390 de
1277 3334 1422 3390 interioris
1445 3347 1550 3404 pugnae
1576 3328 1825 3400 prestolabantur,

74 3424 201 3483 eminus,
226 3431 293 3473 cum
316 3432 368 3473 nos
392 3418 474 3474 nobis
494 3419 576 3475 bonis
598 3420 671 3476 male
687 3421 829 3490 parcendo
845 3422 926 3479 labo·
979 3434 1094 3488 eventu,
1112 3426 1169 3480 Deo
1184 3423 1357 3480 adbaerendo
1375 3424 1409 3479 de
1429 3420 1599 3479 immortalis
1614 3419 1679 3475 vita
1701 3429 1750 3487 spe
1765 3413 1826 3486 iam

75 3503 159 3560 ribus
172 3505 249 3560 intra
270 3518 323 3560 nos
338 3505 503 3562 adulamur.
524 3507 652 3577 Concipit
678 3509 789 3574 deinde,
805 3515 832 3564 et
852 3510 927 3579 parit
979 3515 1174 3571 certificentur
1189 3526 1316 3568 accessu.

73 3591 178 3663 tilium,
200 3606 267 3649 cum
295 3593 532 3664 deexperieotia
558 3598 683 3666 propriae
707 3597 872 3669 tragilitatis
895 3599 925 3653 in
1015 3603 1154 3659 Vaasll.
1180 3630 1217 3642 -
1237 3622 1248 3650 ‹
1271 3602 1307 3657 Et
1328 3599 1585 3671 congregabuntur
1616 3595 1667 3651 lilii
1698 3592 1774 3650 luda
1799 3599 1827 3649 et

74 3681 223 3738 fortiorem
248 3682 368 3753 emergit
395 3691 514 3740 statum.
541 3685 642 3742 Vocari
664 3701 759 3740 nomm
784 3687 842 3756 ejus
867 3689 927 3743 Nou
983 3691 1061 3748 »tilii
1085 3689 1171 3748 lsrael
1188 3690 1302 3760 pariter,
1323 3697 1351 3746 et
1365 3696 1471 3759 ponent
1488 3687 1600 3743 sibimet
1615 3691 1702 3755 caput
1721 3695 1825 3747 unum,

72 3771 194 3841 populus
205 3785 277 3824 meus
291 3769 384 3841 jubet,
400 3773 471 3842 quia
485 3774 698 3843 quantumlibet
708 3775 737 3829 in
752 3775 827 3831 bono
840 3791 927 3847 opere
982 3800 993 3827 ι
1010 3786 1037 3835 ει
1051 3777 1205 3835 ascendent
1218 3778 1253 3835 de
1268 3787 1355 3843 terra,
1371 3777 1442 3848 quia
1456 3789 1581 3847 magnus
1596 3770 1823 3830 dieslezrahel.›

73 3869 257 3926 exerceatur,
273 3861 358 3915 etiam
372 3874 439 3916 cum
453 3874 568 3916 summa
583 3864 701 3933 gesserit
720 3863 834 3920 inutilia
846 3866 926 3937 apud
979 3867 1136 3932 Filitlvda,
1152 3871 1177 3922 ει
1202 3868 1255 3937 filii
1275 3866 1361 3921 lsrael
1380 3868 1485 3935 pariter
1511 3869 1735 3936 congregantur,
1759 3874 1827 3916 cum

74 3947 234 4004 secenseri
261 3947 352 4015 docet,
380 3962 417 4004 ne
456 3949 562 4006 seilicet
600 3952 782 4009 securitatem
812 3954 926 4023 piorum
980 3957 1034 4027 piae
1058 3955 1242 4020 confessionis
1257 3955 1398 4022 alacritas,
1420 3963 1448 4010 ct
1472 3952 1668 4009 affectualium
1694 3957 1826 4006 motuum

75 4034 241 4092 studiorum
255 4036 281 4091 ei
297 4036 421 4106 populus
436 4039 540 4107 pariat,
554 4039 608 4094 etsi
622 4040 657 4096 ad
670 4041 721 4096 hoc
735 4041 828 4097 multa
839 4042 926 4098 etiam
980 4044 1120 4102 stoliditas
1134 4044 1188 4100 sub
1204 4045 1293 4100 unius
1315 4044 1364 4099 Dei
1390 4044 1501 4100 timoris
1523 4041 1639 4098 vinculo
1664 4040 1824 4111 glomeran-

75 4120 381 4190 irreprehensibilitate
404 4125 534 4182 desudat.
565 4126 645 4183 Unde
668 4136 728 4184 est:
746 4151 756 4178 ι
783 4129 863 4186 Servi
880 4131 925 4186 iu·
945 4112 1038 4200 1itur,
1054 4133 1124 4189 dum
1141 4133 1285 4203 quidquid
1310 4132 1391 4203 vulgi
1413 4130 1544 4204 nugacis,
1569 4129 1647 4201 quod
1666 4129 1826 4185 introrsum

76 4209 164 4265 utiles
180 4223 291 4278 sumus,
318 4211 395 4282 quod
419 4212 574 4271 debuimus
597 4215 689 4273 iacere
714 4216 924 4286 icciniuslduc.
980 4221 1141 4292 perstrepit.
1173 4221 1347 4278 scurrilitate
1368 4220 1553 4292 dispergitur,
1584 4224 1690 4275 sancta
1720 4214 1827 4273 eonies·
1863 4222 1866 4227 “

75 4311 147 4363 xvir,
166 4300 221 4368 ld).
242 4300 462 4358 »Et:‹Nescit
477 4302 563 4359 homo
576 4311 675 4360 utrum
699 4319 795 4362 amore
809 4320 847 4362 an
861 4306 926 4363 odio
980 4311 1068 4368 sionis
1095 4310 1268 4367 cohibitione
1302 4311 1441 4367 irenatur.
1477 4309 1568 4364 Unum
1588 4311 1671 4377 caput
1689 4305 1744 4363 sibi
1774 4317 1827 4375 po-

74 4385 113 4444 sit
128 4386 237 4458 dignus
260 4388 362 4459 (Erote.
383 4405 422 4455 ui,
449 4391 486 4460 l).
515 4412 526 4440 ι
552 4391 719 4450 Αιῐεειειιιιο
735 4401 831 4451 autem
855 4410 926 4450 con·
980 4408 1066 4467 nunt,
1091 4400 1208 4470 quando
1229 4400 1284 4456 sub
1302 4414 1361 4455 una
1380 4400 1490 4456 ratione
1513 4397 1651 4469 magistra
1669 4410 1699 4452 se
1719 4407 1826 4463 conge-

76 4473 212 4544 eipimus,
242 4475 391 4535 alliciendo
412 4479 550 4548 parimus.
568 4482 621 4536 Vos
639 4497 693 4535 nori
712 4483 831 4551 popalus
852 4498 926 4537 meus
981 4495 1059 4556 runt,
1075 4487 1151 4544 unde
1168 4494 1196 4544 et
1219 4488 1379 4544 ascendunt
1400 4488 1436 4544 de
1461 4496 1546 4553 terra,
1567 4486 1636 4556 quia
1665 4482 1826 4540 illustrante

76 4562 158 4629 dicit,
175 4564 247 4634 quia
270 4566 374 4623 mentis
405 4568 556 4625 obtutibus
588 4570 696 4640 peccati
720 4574 926 4642 sempcr'con-
979 4577 1079 4634 eadem
1105 4576 1199 4632 alteo
1228 4577 1356 4648 primum
1384 4576 1444 4646 ipso
1471 4577 1593 4632 lustrata
1617 4581 1709 4634 terrae,
1733 4568 1826 4625 idest

74 4651 252 4710 sideratione
268 4655 386 4725 praelata
409 4671 445 4713 ne
467 4658 607 4729 reprobus
629 4659 805 4724 inveniatur.
826 4660 925 4731 cujus·
980 4667 1084 4733 carnis,
1101 4664 1245 4722 excedunt
1269 4665 1418 4722 desideria.
1436 4665 1472 4720 Et
1492 4664 1547 4720 hoo
1561 4663 1602 4725 fit.
1619 4657 1827 4732 qaioJearahet

74 4754 136 4812 que
150 4748 294 4799 tumorem
321 4744 423 4801 rcllaro
439 4760 497 4802 non
522 4746 635 4803 desinit.
663 4748 744 4805 Unde
766 4753 792 4804 et
813 4764 867 4803 noa
881 4765 926 4804 ero
980 4755 1039 4811 dies
1062 4769 1177 4822 magnus
1200 4754 1306 4822 existit,
1333 4768 1440 4826 magna
1466 4753 1571 4809 scilicet
1598 4749 1712 4807 claritas
1734 4745 1826 4803 divini

73 4833 166 4884 vester
180 4831 249 4886 heus
272 4831 471 4905 subjungitur,
488 4841 520 4891 ut
543 4849 654 4906 semper
676 4837 770 4893 omnis
790 4837 926 4908 qualibet
979 4843 1106 4911 seminis,
1126 4843 1155 4898 id
1173 4849 1215 4899 est
1230 4843 1434 4912 inspirationis,
1457 4855 1508 4912 per
1531 4853 1620 4911 quam
1635 4850 1703 4894 vera
1726 4833 1826 4893 humi-

74 4917 156 4974 bona
169 4931 259 4991 agens
274 4920 309 4977 de
327 4934 381 4978 sua
396 4930 471 4979 sorte
492 4923 592 4980 lutura
607 4924 710 4981 debere
732 4933 860 4982 metuere
875 4926 926 4982 do·
980 4931 1201 4988 litasmentibus
1221 4930 1396 4997 insinuatur,
1419 4930 1558 5002 ignoscit;
1585 4942 1643 4985 non
1667 4927 1745 4983 enim
1766 4936 1827 4980 sese

73 5015 189 5064 ceatur.
980 5019 1124 5090 quispiam
1140 5019 1245 5076 nisiex
1258 5032 1363 5090 magno
1379 5018 1429 5075 hei
1446 5031 1543 5074 amore
1564 5017 1593 5072 in
1608 5013 1742 5086 prasenti
1757 5024 1827 5068 con·

113 5094 203 5153 vias.
221 5095 263 5152 lo.
278 5125 315 5139 -
340 5119 352 5148 ι
378 5099 414 5156 Ut
436 5099 491 5156 erit
518 5114 658 5158 numerus
689 5101 814 5159 liliorum
837 5103 926 5161 lsrael
980 5108 1090 5165 temnit.

75 5184 195 5257 »quasi
207 5198 297 5243 arena
315 5187 413 5255 maris,
434 5203 501 5259 quae
524 5189 586 5247 sine
601 5203 739 5247 mensura
751 5199 803 5261 est,
825 5200 853 5249 et
866 5207 925 5250 non

78 5272 323 5332 inumerabitur.
354 5297 365 5325 ι
394 5277 528 5333 eitimam
567 5280 657 5334 lsrael
682 5295 810 5335 nummus
845 5285 927 5351 quasi
1014 5284 1101 5343 vans.
1127 5287 1152 5339 ι.
1174 5314 1209 5326 -
1234 5304 1249 5334 ι
1273 5283 1363 5342 Dicite
1389 5284 1529 5341 iratribus
1555 5281 1675 5341 vestris:
1698 5276 1827 5350 Populus

77 5377 165 5418 mena
185 5364 271 5418 mum
289 5371 341 5434 est,
360 5378 428 5422 eum
442 5364 602 5424 affectualis
615 5366 715 5425 levitas
730 5368 785 5426 sub
799 5370 927 5441 pondere
982 5386 1101 5441 »meus
1117 5380 1144 5430 et
1159 5373 1248 5430 sorori
1260 5381 1381 5431 vestras:
1398 5373 1622 5433 Misericordiam
1638 5376 1824 5429 consecuta.»

1315 5176 1429 5235 CAPUT
1454 5177 1488 5233 ll.
