3818 6008
103 198 156 253 535
570 191 602 246 V.
623 189 785 248 cursuum
804 189 950 247 acuaris
968 188 998 245 S.
1018 188 1140 244 HARIAE
1160 189 1204 244 DE
1223 185 1423 245 noviacum
1804 188 1852 243 536

103 337 159 395 pus
174 321 300 391 Domini,
324 321 410 393 juxta
426 320 602 391 Apostolum,
618 333 676 376 non
699 319 840 392 diiudicat
854 321 878 392 (l
888 321 948 377 Dor.
969 320 1069 376 hnem
1084 333 1121 376 ex
1138 318 1232 376 lerina
1246 318 1343 386 iacias,
1365 316 1471 375 scilicet
1486 316 1694 374 nutabundum
1714 323 1745 374 et
1763 315 1855 374 mobi-

103 427 143 481 ιιι,
159 412 216 482 29).
1005 408 1061 464 lem
1085 408 1170 479 quasi
1192 406 1329 477 pulverea
1350 406 1464 463 levitate
1478 406 1621 474 animum,
1644 406 1770 462 rationis
1787 418 1821 461 ac
1834 405 1855 460 si

90 489 91 492 '
142 503 228 566 Viuit,
257 498 361 569 inquit,
391 499 531 564 Dominus,
561 499 628 567 quta
653 513 707 553 nou
736 498 819 553 babeo
840 514 949 568 ponem,
1005 509 1090 567 aouae
1114 496 1288 567 respersione
1311 496 1502 566 constringas.
1524 496 1560 551 Et
1584 495 1664 551 hunc
1687 494 1855 565 parvulum,

103 593 158 646 nisi
175 592 306 658 quantum
322 587 446 656 pugillus
463 590 551 656 potest
570 602 665 655 cepere
683 589 784 654 serina
802 591 831 641 tn
850 588 953 657 hgdnto
1005 585 1147 641 servando
1162 584 1292 640 videlicet
1312 584 1340 638 in
1362 584 1500 640 doctrine
1517 591 1574 640 tuae
1592 583 1772 640 exhibitione
1789 596 1857 638 mea

104 682 130 734 et
147 677 291 747 paululum
312 676 364 730 otei
387 677 417 729 in
439 676 542 743 lecytho
563 674 615 743 (lli
638 677 703 742 iteg.
727 690 796 743 xvir,
820 677 875 746 la).
902 675 951 732 Vi·
1005 672 1170 743 capacitatis
1199 672 1322 727 necdum
1357 671 1463 727 adultae
1491 671 1619 739 modum,
1653 671 1733 728 bunc
1761 678 1857 726 tamen

103 780 170 823 vere
184 764 338 820 Dominum
353 763 432 831 dicit,
448 763 518 819 dum
539 777 606 819 eum
626 763 770 820 ellicacem
792 765 828 821 ad
843 773 952 821 tantam
1006 760 1091 817 iacies
1107 760 1344 826 subcinericium,
1359 772 1510 829 uunquam
1526 759 1598 815 mihi
1612 759 1778 824 adimendo,
1794 758 1859 814 licet

102 854 138 910 de
150 853 311 910 substantia
333 853 362 908 in
382 851 575 909 substantiam
590 851 817 908 immutationem
834 852 953 909 lidelitor
1006 849 1036 905 in
1049 849 1220 919 baptismate
1237 848 1293 904 lota
1308 849 1376 915 sint,
1394 848 1560 904 memoriam
1576 854 1771 917 peccatorum,
1788 846 1858 917 quia

103 942 202 1009 sentit3
217 956 269 997 uec
289 940 395 997 habere
418 955 448 996 se
461 953 564 1010 panem
581 940 720 1010 perhibet,
737 941 792 996 nisi
808 948 952 1012 quantum
1006 936 1079 992 cinis
1097 935 1240 1007 signillcat
1259 935 1421 992 acredinem
1441 935 1644 1006 poenitentum,
1668 935 1778 1007 quibus
1797 947 1859 989 con·

103 1030 204 1086 tarinae
228 1027 356 1099 pugillus
379 1041 478 1096 capere
503 1028 649 1097 praevalet,
676 1027 747 1098 quia
770 1029 811 1084 nil
835 1029 869 1084 de
893 1028 953 1098 ipsa
1005 1026 1085 1081 venit
1100 1024 1213 1081 ciniset
1227 1024 1363 1080 cilicium.

103 1124 208 1188 praeter
231 1116 353 1186 speciem
378 1115 461 1185 panis
483 1116 605 1171 essentia
630 1115 658 1170 in
685 1116 738 1171 hoc
761 1116 900 1173 sacrificio
923 1131 953 1173 se
1043 1113 1095 1170 Ubi
1109 1113 1175 1184 jure
1195 1120 1312 1168 notatur
1326 1112 1404 1183 quod
1427 1111 1611 1182 premittitur
1632 1112 1772 1182 primum,
1789 1111 1858 1181 quia

103 1206 209 1262 habere
234 1205 290 1260 lida
316 1208 410 1261 mente
436 1204 599 1271 confirmat,
629 1205 682 1261 nisi
707 1206 785 1275 quod
811 1206 952 1262 invocatio
1006 1201 1041 1257 iis
1062 1201 1114 1273 qui
1136 1201 1303 1257 sceleratius
1324 1208 1353 1257 et
1375 1200 1405 1256 in
1429 1201 1578 1257 ludaismo
1600 1208 1627 1257 et
1649 1200 1678 1256 in
1699 1200 1859 1272 gentilitate

103 1293 251 1351 Trinitatis
278 1292 340 1348 sine
363 1291 422 1348 ullo
446 1292 583 1362 scrupulo
606 1292 739 1349 lidelibus
760 1293 951 1360 administrat,
1006 1291 1156 1357 vixerunt,
1185 1290 1235 1345 Dei
1263 1289 1357 1360 gratia
1384 1289 1533 1345 consuevit
1563 1289 1725 1345 exuberare
1750 1287 1859 1358 potissi-

104 1381 182 1454 quod
212 1380 304 1437 lerina
332 1379 491 1450 significat3
522 1380 606 1451 quasi
632 1380 708 1437 enim
737 1381 865 1449 molitur,
895 1397 953 1452 quo
1006 1393 1098 1435 mum.
1118 1378 1194 1433 Inter
1212 1377 1488 1448 quoscoguovimus
1506 1375 1639 1444 Paulum,
1661 1375 1713 1447 qui
1733 1390 1764 1433 εε
1787 1376 1859 1432 inter

104 1484 209 1527 manus
239 1467 349 1540 ingenii
374 1467 456 1523 nulla
482 1468 654 1525 retractione
686 1468 849 1525 ollenditur
884 1470 953 1526 inde
1006 1474 1170 1537 peccatores
1191 1465 1298 1521 latetur
1318 1465 1455 1535 primum,
1478 1471 1512 1520 ut
1531 1465 1630 1532 inme,
1651 1464 1758 1535 inquit,
1779 1464 1860 1520 lesus
1898 1464 1899 1472 ’

104 1566 147 1616 εει
165 1558 244 1630 quod
267 1557 377 1613 crebre
398 1570 518 1613 crucum
538 1557 679 1613 trinitates
696 1557 726 1613 in
746 1558 888 1614 sacrativo
902 1572 952 1614 ea·
1006 1555 1137 1614 Christus
1146 1553 1261 1610 divitias
1271 1552 1473 1610 misericordie
1488 1566 1548 1609 suae
1560 1552 1720 1608 ostenderet
1733 1551 1858 1622 primum

105 1659 180 1703 none
196 1645 283 1716 liunt3
299 1645 458 1716 quiasicut
481 1644 755 1714 iuhiariacarnem,
776 1645 955 1702 sicinaltari
972 1617 1034 1716 ΒΟ
1062 1645 1131 1699 Tim.
1157 1659 1176 1708 ι,
1202 1642 1256 1712 llll.
1281 1641 1361 1698 Unde
1383 1649 1450 1697 εει;
1471 1641 1523 1697 Uti
1545 1640 1699 1694 abundauit
1720 1636 1860 1710 peecatum

104 1734 159 1790 boc
182 1734 350 1804 mysterium
372 1733 497 1789 Trinitas
518 1741 663 1804 operatur.
688 1733 835 1806 Pugillum
858 1742 955 1791 autem
1008 1729 1243 1801 superabundavit
1261 1732 1355 1797 grotta
1368 1730 1452 1798 (Rom.
1469 1743 1498 1797 v,
1513 1728 1569 1800 20).
1584 1728 1686 1794 Quod'
1680 1743 1709 1784 ιιι
1727 1728 1859 1785 llatthaeo

105 1830 163 1880 tres
179 1822 321 1892 primores
336 1820 443 1893 digitos
458 1821 648 1892 appellamus.
1008 1828 1036 1878 ει
1050 1818 1221 1892 Magdaleua
1233 1819 1319 1875 etiam
1334 1818 1479 1889 perpatuit
1494 1818 1612 1874 lactum.
1630 1818 1684 1873 Pro
1697 1825 1781 1887 parte
1792 1830 1859 1889 ergo

141 1910 234 1966 Potest
259 1916 286 1965 et
313 1923 363 1979 per
390 1907 534 1980 pugillum
560 1907 726 1979 Scriptura,
761 1908 831 1979 quia
856 1923 893 1966 ex
922 1909 956 1966 iis
1008 1909 1113 1965 horum
1128 1916 1217 1978 atoue
1231 1907 1368 1964 similium
1381 1906 1506 1978 intellige
1517 1907 1637 1963 dictum.
1654 1907 1741 1962 llunc
1757 1918 1858 1976 panem

105 1997 259 2054 scribimus
285 1997 421 2067 intelligi;
444 2004 473 2052 et
497 2004 539 2052 est
561 2010 594 2052 ac
616 1997 640 2052 si
663 1997 788 2053 diceret:
806 1998 955 2068 Hocquod
1008 1998 1062 2054 sihi
1077 2004 1161 2068 rogat
1184 1995 1290 2064 allerri,
1311 1996 1402 2052 idest
1424 1996 1546 2066 proprian
1562 1994 1759 2066 intelligentie
1774 2008 1858 2064 pene·

106 2083 136 2139 in
158 2083 241 2139 altari
263 2084 379 2141 videtur
400 2085 580 2141 substantive
605 2099 708 2155 panem
724 2099 782 2142 non
803 2085 904 2152 habeo,
927 2085 955 2141 id
1010 2085 1131 2142 tralibus
1144 2084 1309 2141 disserendo
1325 2083 1434 2140 inferri.
1452 2083 1533 2150 Quod
1554 2083 1696 2154 sequitur,
1712 2096 1766 2153 pro
1780 2089 1859 2152 parte

105 2179 147 2227 εει
163 2187 221 2229 non
237 2171 376 2244 intelligo,
396 2173 449 2230 nisi
467 2180 610 2244 quantum
626 2174 690 2244 capi
708 2181 797 2244 potest
817 2187 854 2229 ex
868 2188 955 2230 sacrae
1007 2172 1164 2244 iustorum,
1188 2187 1225 2229 ex
1249 2173 1320 2243 legis
1343 2171 1589 2228 consummatione
1614 2172 1806 2239 venientium,
1828 2177 1859 2226 ut

106 2259 219 2332 paginae
232 2261 413 2317 documento.
425 2260 566 2332 ilydriam
576 2275 627 2317 vas
637 2262 793 2332 aquarium
804 2261 860 2318 dici
872 2275 955 2317 nemo
1008 2261 1127 2318 luerunt
1148 2262 1260 2328 Petrus,
1283 2261 1414 2317 Andreas
1436 2267 1464 2316 et
1486 2260 1610 2317 lacobus
1632 2259 1720 2316 irater
1736 2258 1858 2326 Domini,

106 2349 257 2405 hominum
277 2349 401 2406 disertus
415 2350 540 2420 ignorat.
562 2350 596 2405 ln
611 2349 714 2420 hydria
735 2350 829 2406 larina
843 2358 885 2407 est
898 2350 955 2421 spi·
1010 2350 1237 2420 accipitrarius
1258 2355 1285 2405 et
1305 2351 1361 2419 titio
1385 2354 1429 2404 tuo
1448 2351 1533 2416 socies
1554 2354 1658 2419 posteo,
1680 2347 1768 2405 idest
1789 2361 1860 2418 quus

107 2435 221 2493 ritualis
243 2438 272 2492 in
288 2438 343 2494 hac
366 2437 462 2509 tragili
485 2438 699 2493 conversatione
721 2436 854 2507 scientia;
878 2450 957 2507 aqua
1010 2440 1046 2495 ad
1070 2439 1112 2495 tui
1132 2438 1360 2495 coulormitatem
1379 2452 1416 2493 ex
1432 2438 1597 2494 innocentia
1612 2438 1683 2508 legis
1697 2436 1861 2494 adduxeris

106 2539 234 2597 namque
247 2540 298 2596 pro
314 2525 433 2582 scientia
446 2526 513 2596 poni
529 2525 608 2581 solet.
633 2526 707 2582 Huic
720 2525 844 2582 scientiae
860 2525 955 2581 oleum
1009 2542 1046 2585 ex
1059 2536 1174 2598 peccato
1189 2528 1322 2600 graviore
1340 2526 1496 2594 conversis,
1522 2541 1571 2598 per
1588 2528 1688 2598 gratias
1703 2526 1860 2597 indulgen-

106 2613 231 2680 additur,
263 2614 333 2684 quia
361 2628 396 2669 ue
426 2619 501 2670 m
526 2612 605 2670 inllet
632 2628 669 2669 ex
693 2614 792 2669 divina
816 2613 956 2671 charitate
1010 2617 1080 2673 tiam
1100 2617 1304 2686 undecumque
1323 2616 1456 2672 substare
1476 2609 1643 2684 cognoveris
1659 2629 1665 2669 :
1683 2614 1767 2671 Unde
1786 2614 1860 2668 Pau·

106 2700 250 2757 conditur.
285 2701 428 2772 Lecytbus
460 2715 512 2757 vas
542 2701 682 2757 olearium
714 2701 788 2757 idem
814 2702 957 2773 significat
1010 2705 1177 2773 lus:ll'ihil,
1205 2705 1417 2775 inquietamus
1437 2706 1492 2771 sect·
1508 2704 1542 2757 ab
1562 2705 1605 2758 his
1626 2705 1676 2773 qui
1693 2706 1758 2758 sunt
1776 2716 1860 2772 supro

107 2788 187 2859 quod
207 2789 236 2843 in
260 2789 418 2861 Evangelio
433 2803 538 2867 nomen
554 2803 700 2858 vasorum,
717 2797 744 2847 et
760 2790 863 2860 hydria
878 2790 956 2860 quod
1009 2794 1119 2849 modum
1140 2796 1257 2863 apostoli
1279 2795 1398 2860 (licor.
1419 2808 1468 2860 xri,
1487 2791 1539 2862 ll).
1564 2794 1619 2848 ct:
1635 2792 1700 2847 Plus
1723 2791 1781 2846 illis
1802 2805 1860 2845 om-

106 2874 286 2945 lampadum.
975 2881 1091 2960 gnidus
1105 2883 1229 2937 latmoui
1242 2882 1267 2954 (i
1281 2884 1341 2939 cor.
1357 2897 1400 2945 xv,
1419 2883 1471 2950 lo).

141 2966 184 3019 Eu
206 2966 301 3032 colligo
322 2965 376 3020 duo
396 2967 473 3034 ligno
502 2971 533 3021 ut
556 2965 698 3034 ingredior
713 2971 739 3021 et
759 2969 862 3034 sociam
886 2968 956 3022 milti
1046 2973 1107 3026 llaee
1135 2977 1225 3025 cutem
1250 2970 1317 3025 dicit
1344 2973 1474 3025 Dominus
1500 2971 1567 3025 Deus
1591 2968 1733 3037 :Hydria
1761 2970 1861 3036 tamna

107 3053 178 3108 titud
191 3058 217 3108 et
238 3056 295 3123 lilio
313 3070 369 3109 meo
386 3070 393 3109 :
409 3060 438 3109 ut
454 3056 621 3110 comedamus
644 3061 668 3110 et
681 3059 835 3112 moriemur
849 3056 955 3128 (totu).
1009 3075 1063 3115 uon
1084 3058 1201 3130 deficiet,
1223 3074 1269 3115 nee
1289 3060 1410 3128 lecythus
1425 3059 1476 3113 olei
1489 3060 1624 3112 minuetur
1637 3072 1723 3127 usgue
1737 3056 1776 3110 cd
1790 3056 1860 3110 diem

107 3140 188 3208 Quod
212 3149 254 3198 est
278 3143 486 3201 dicere:Ecce
509 3144 774 3216 dilectionemque
797 3145 833 3201 ad
864 3145 956 3202 Deum
1010 3150 1041 3203 iu
1064 3164 1119 3216 quo
1141 3147 1258 3202 daturus
1284 3151 1324 3202 est
1350 3149 1483 3203 Dominus
1505 3147 1630 3215 pluuium
1655 3160 1739 3214 super
1761 3147 1860 3212 tecum

108 3229 278 3300 porrigitur,
291 3238 318 3287 ει
331 3244 394 3287 eam
410 3247 476 3303 quae
494 3232 521 3287 in
537 3232 662 3288 amicum
679 3232 885 3303 inimicumque
895 3232 957 3288 dis·
1012 3240 1090 3291 terra
1105 3235 1154 3307 llll
1168 3239 1229 3302 lteg.
1247 3250 1326 3303 xviri,
1342 3234 1406 3306 lli).
1425 3235 1466 3291 Ac
1481 3234 1505 3290 si
1519 3233 1626 3290 diceret
1641 3249 1648 3288 :
1666 3233 1744 3290 hicet
1758 3247 1797 3289 ex
1813 3240 1860 3289 tuo

107 3318 246 3387 tenditur,
264 3319 371 3390 quibus
392 3321 428 3377 ab
449 3320 525 3376 omni
544 3321 662 3377 lascivia
680 3321 865 3392 restringitur
885 3334 918 3378 ac
933 3321 958 3378 si
1011 3324 1181 3382 documento
1202 3324 1275 3381 Novi
1298 3323 1482 3391 Testamenti,
1508 3336 1525 3377 o
1549 3321 1695 3391 primitiva
1722 3321 1860 3390 Ecclesia,

108 3405 297 3476 crucifigatur
312 3407 437 3474 animus,
458 3410 542 3479 quasi
558 3410 615 3465 duo
635 3409 713 3480 ligna
732 3410 904 3480 complector
925 3417 958 3467 ιιι
1011 3413 1137 3470 rationes
1159 3413 1328 3483 acceperim,
1356 3420 1451 3468 tamen
1475 3425 1511 3467 ex
1537 3409 1622 3481 legali
1643 3417 1671 3465 et
1695 3408 1860 3480 prophetica

108 3508 158 3564 per
173 3496 266 3551 haeca
288 3511 350 3552 mea
372 3496 540 3570 evagatione
558 3497 684 3554 cohibita
699 3499 736 3554 ad
751 3512 799 3554 me
810 3498 958 3570 regrediar
1011 3500 1131 3557 lectione
1158 3501 1248 3556 Deum
1279 3499 1439 3556 astruxisse
1462 3498 1586 3568 comperi
1614 3496 1764 3553 scientiam
1797 3496 1861 3553 lidoi

108 3589 136 3639 ει
157 3583 271 3653 laciam,
293 3586 321 3641 id
336 3593 379 3642 est
396 3585 557 3658 figuraliter
572 3587 744 3658 insculpam,
763 3602 820 3643 non
841 3601 956 3657 panem,
1012 3588 1110 3660 hujus,
1133 3597 1161 3645 ει
1184 3587 1525 3658 contemplationisque
1544 3594 1586 3643 est
1606 3585 1635 3642 in
1660 3585 1775 3641 Domini
1799 3599 1862 3641 cor-

108 3672 157 3728 sed
175 3672 245 3729 illud
260 3675 379 3745 quodin
395 3688 467 3744 pane
482 3675 625 3746 signatur,
639 3690 696 3731 non
712 3683 771 3732 tam
783 3675 853 3731 mihi
868 3689 958 3746 quam
1012 3692 1081 3748 pore
1099 3676 1285 3733 subtilissima
1307 3690 1460 3748 nunquam
1481 3676 1649 3733 desituram.
1661 3674 1787 3730 Domum
1810 3674 1864 3730 nti·

108 3759 228 3831 iisquos
254 3761 282 3817 in
306 3762 361 3818 fide
383 3777 522 3833 genuero,
538 3772 570 3819 ιιι
592 3764 777 3820 comedamus
799 3763 878 3835 quod
900 3777 958 3820 non
1013 3780 1070 3837 que
1095 3765 1208 3822 Domini
1230 3765 1328 3822 decere
1351 3765 1575 3822 sanctitudinem
1598 3763 1629 3819 in
1651 3761 1863 3834 longitudinem

108 3862 167 3917 ore,
183 3850 231 3906 sed
248 3850 294 3920 pio
315 3851 410 3907 solum
425 3850 530 3908 ellectu
551 3852 708 3908 manditur.
732 3854 767 3908 lit
788 3853 956 3921 moriamur,
1012 3855 1182 3911 diuturnam
1213 3855 1294 3918 (Psoi.
1326 3869 1395 3922 xcvi,
1422 3853 1461 3924 5),
1485 3860 1513 3910 ει
1540 3851 1689 3908 sacerdotii
1719 3850 1865 3907 Melchise-

109 3937 194 3994 morti
209 3938 350 4008 videlicet,
365 3953 431 4009 ouae
447 3953 499 4009 per
516 3940 611 4010 ipsum
627 3941 760 4012 signatur
772 3940 957 4008 sacrificium,
1013 3943 1084 4001 doch
1111 3942 1172 3999 sine
1192 3943 1385 4015 jurisjurandi
1413 3941 1580 4013 poenitentia
1608 3939 1808 4007 eternitatem,
1837 3946 1865 3996 et

109 4023 332 4081 coulormomur.
355 4025 401 4080 Ad
420 4041 550 4093 mensum,
571 4027 676 4098 inquit,
697 4043 825 4095 magnam
846 4027 959 4085 sedisti?
1013 4034 1121 4089 donum
1146 4032 1245 4103 gratia
1260 4039 1400 4103 tanquam
1416 4031 1469 4087 oloi
1485 4030 1630 4100 lecythum
1649 4030 1678 4085 in
1699 4035 1796 4085 mente
1810 4029 1863 4084 lic-

110 4111 207 4180 lucete.
222 4126 300 4174 xxxi,
318 4113 374 4185 ιι)
390 4121 501 4184 oportet
514 4123 540 4170 te
554 4115 658 4172 similia
673 4130 846 4187 praeparare.
968 4106 974 4113 ’
1013 4120 1105 4177 clesiae
1131 4120 1239 4191 perpeti
1263 4119 1457 4176 redundantia
1480 4131 1661 4174 emersurum
1677 4115 1738 4190 lot,
1764 4131 1863 4173 surre-

447 4202 563 4260 CAPUT
584 4204 617 4261 V.
975 4192 1141 4280 Daturum]
1163 4222 1256 4278 usque
1276 4209 1312 4264 ad
1329 4208 1411 4264 illum
1434 4209 1496 4263 sine
1515 4214 1597 4263 nocte
1618 4206 1704 4273 diem,
1725 4220 1786 4276 quo
1805 4219 1862 4262 non

144 4290 215 4356 Noli,
239 4289 343 4361 inquit,
365 4292 454 4359 Elios,
481 4296 584 4358 timere,
606 4293 653 4348 sed
675 4294 745 4349 uode
767 4298 793 4348 et
815 4296 862 4361 soe
887 4296 959 4349 sicut
1011 4297 1048 4353 ab
1065 4296 1175 4353 occulto
1188 4295 1347 4367 spiritualis
1361 4296 1445 4352 nobis
1465 4295 1545 4351 unda
1559 4309 1589 4351 se
1604 4301 1750 4364 suggeret.
1767 4294 1818 4349 sed
1834 4294 1863 4350 in

109 4377 218 4433 timisti.
243 4381 435 4436 Verumtamen
453 4383 523 4437 milo·
540 4385 661 4452 nmmum
681 4384 729 4449 tce
745 4382 778 4437 de
799 4384 862 4452 ipsa
884 4384 957 4449 sort·
1011 4385 1136 4442 evidenti
1158 4392 1221 4454 post
1244 4385 1483 4441 resurrectionem
1509 4382 1748 4453 incorruptilibus
1770 4382 1863 4439 oculis

108 4466 175 4521 aulo
188 4466 395 4522 subcinericium
415 4484 515 4538 ponem
534 4470 692 4539 paruulum,
709 4475 734 4523 et
757 4470 828 4539 offer
848 4469 885 4524 ad
898 4485 959 4540 me;
1012 4471 1140 4541 corporis
1159 4480 1299 4541 tanquam
1324 4470 1425 4541 pluvia
1444 4470 1493 4526 Dei
1518 4470 1643 4540 cognitio
1666 4483 1697 4525 se
1717 4468 1862 4526 iniundet.

109 4558 161 4612 tibi
184 4563 274 4612 eutem
297 4561 322 4612 et
345 4558 402 4626 tilio
427 4562 472 4612 tuo
495 4559 580 4625 sucus
601 4563 697 4626 posteo
723 4558 775 4622 (ιιι
797 4561 861 4626 Deo.
887 4573 957 4627 xvir,
1014 4560 1067 4617 Ubi
1089 4559 1174 4616 iacies
1194 4568 1277 4616 terrae
1299 4566 1446 4629 tantopere
1460 4558 1611 4624 ditabitur,
1628 4564 1659 4613 ut
1678 4557 1707 4612 in
1725 4572 1785 4629 quo
1803 4556 1862 4630 lot,

111 4645 164 4718 la).
180 4648 223 4704 Ac
235 4646 260 4703 si
274 4645 382 4702 diceret
401 4645 487 4702 :Noli
508 4646 600 4702 vereri
615 4645 844 4703 immutationem
858 4647 960 4705 vultus
1013 4647 1099 4720 quod]
1125 4662 1205 4703 mens
1227 4648 1362 4718 quamvis
1383 4646 1577 4702 sincerissima
1599 4645 1756 4702 scintillare
1779 4647 1864 4704 modo

108 4735 200 4792 David
219 4749 317 4791 coram
334 4734 512 4804 ahimelech,
529 4735 615 4792 idest
631 4736 847 4794 translationem
862 4751 960 4793 sacer·
1012 4737 1061 4793 vix
1077 4736 1222 4806 prevalet,
1244 4736 1284 4792 ibi
1303 4735 1400 4792 carnis
1415 4735 1518 4791 oculus
1533 4735 1668 4791 irremota
1681 4741 1710 4791 et
1726 4734 1864 4792 inobtusa

109 4822 179 4881 detii
203 4823 293 4880 nostri
308 4822 344 4878 ad
368 4823 500 4880 ordinem
520 4823 738 4892 Melchisedech,
760 4826 809 4882 sed
831 4825 914 4893 vade,
931 4824 959 4881 id
1012 4824 1073 4880 acie
1087 4823 1234 4880 intendere
1250 4836 1402 4893 nunquam
1417 4829 1516 4879 cesset.

108 4919 150 4969 est
175 4925 309 4982 processu
339 4911 404 4968 lldei
433 4926 611 4982 promovere.
641 4921 673 4969 ιιι
701 4913 825 4984 passioni
854 4911 961 4970 Christi
1050 4913 1115 4979 Qua
1130 4912 1200 4967 obiit
1218 4918 1244 4967 et
1257 4915 1322 4980 fecit
1332 4911 1419 4983 juata
1438 4911 1550 4967 uerbum
1562 4912 1631 4967 Elia
1645 4912 1696 4978 llll
1710 4912 1779 4980 nep.
1794 4927 1863 4979 xvn,

108 5000 239 5057 moribus
262 4999 463 5072 configureris,
486 5001 533 5057 cui
557 5000 714 5058 coulormia
735 5001 844 5072 coepisti
866 5014 961 5057 sacra·
1015 5001 1071 5073 15),
1096 5008 1124 5057 ει
1147 5001 1269 5057 comedit
1293 5000 1362 5070 ipse,
1389 5008 1417 5056 et
1441 4999 1500 5068 illa,
1516 5006 1544 5056 et
1568 4999 1761 5071 domusejus.
1786 5000 1863 5069 Abit,

109 5095 206 5144 menta
220 5088 331 5145 docere.
356 5088 561 5146 Verumtamen
583 5088 652 5147 mihi
673 5104 710 5146 ex
729 5089 838 5145 carnali
859 5089 960 5146 obser·
1013 5104 1080 5147 cum
1095 5104 1131 5146 ex
1145 5089 1226 5146 Pauli
1245 5088 1428 5160 aliorumque
1442 5103 1477 5144 ex
1492 5088 1599 5145 ludaeis
1614 5087 1790 5158 sapientium
1806 5088 1866 5159 pln-

107 5177 207 5234 vantia
235 5177 432 5248 resipiscenti,
466 5179 495 5234 in
526 5179 588 5248 ipsa
619 5178 688 5235 novi
713 5178 802 5250 buius
831 5179 959 5249 mysterii
1012 5177 1120 5234 rimum
1131 5177 1278 5248 primitiva
1292 5176 1419 5233 Ecclesia
1433 5177 1621 5234 conversione
1634 5175 1765 5246 proiecit.
1778 5178 1865 5235 Juxta

109 5263 257 5321 scientiola
280 5279 313 5321 ac
332 5267 357 5322 si
378 5265 478 5323 subtili
497 5266 632 5335 lariuula,
649 5281 738 5337 quam
752 5281 789 5323 ex
806 5266 960 5324 inutilitate
1012 5265 1220 5323 verbumillius
1241 5265 1315 5332 lecit,
1336 5279 1402 5321 cnm
1424 5279 1483 5332 eos,
1505 5278 1579 5335 quos
1593 5263 1769 5321 erudiendos
1785 5279 1864 5322 accu-

107 5359 240 5409 veterum
262 5353 499 5411 ceremoniarum
522 5355 711 5412 salubriorem
733 5354 804 5425 quia
817 5355 959 5413 veriorem
1014 5362 1105 5425 perat,
1124 5354 1210 5410 etiarn
1228 5367 1316 5423 super
1335 5367 1365 5409 se
1384 5355 1537 5424 magistros
1557 5352 1712 5423 acceperit.
1735 5353 1801 5424 lpse
1822 5368 1864 5410 co

106 5439 169 5512 jam
189 5439 325 5510 comperi,
347 5440 471 5498 solidum
492 5442 564 5514 quid
584 5451 612 5499 ει
637 5441 786 5499 continens
808 5456 843 5499 ac
863 5442 888 5500 si
912 5456 961 5514 pa·
1013 5442 1110 5511 medii,
1127 5442 1196 5513 quia
1216 5455 1274 5499 non
1293 5441 1391 5509 verbo,
1408 5455 1467 5499 non
1481 5441 1583 5514 lingua
1597 5441 1659 5498 baec
1674 5439 1864 5499 declamanda
