3818 6008
523 234 571 294 Da}
585 235 670 296 VITA
688 236 756 296 SUA
774 238 868 297 LIBRI
886 239 986 299 ritus.
996 271 1033 283 -
1046 243 1112 301 ΗΒ.
1133 243 1156 300 l.
1663 250 1716 308 858

57 378 120 423 eva
133 364 250 434 doleret,
263 366 341 437 qnod
351 380 408 422 non
419 367 532 425 eosdem
544 368 573 424 iu
587 377 700 427 maturo
711 370 808 426 animo
827 373 851 428 Α
866 373 1033 432 tunicarum
1047 374 1183 448 angustia
1203 373 1258 449 (⁴⁰),
1278 376 1444 435 calceorum
1465 377 1500 436 de
1519 378 1654 436 Corduba
1667 394 1716 436 ro-

56 453 178 511 ttimulos
208 454 323 525 pavoris
345 454 472 524 baberet,
500 470 573 529 quos
598 460 627 513 in
642 457 708 514 rudi
722 464 750 514 et
763 472 813 515 nc·
868 469 926 518 stro
940 463 1063 530 torticia,
1080 464 1167 521 totius
1182 464 1292 537 ubique
1303 465 1450 536 iacturam
1475 466 1576 524 videas
1590 468 1716 524 clamare

56 541 316 598 rorsnsbabuerat.
869 549 995 618 pudoris.
1029 551 1164 609 AEstimat
1191 566 1221 608 se
1256 553 1391 623 quaelibet
1418 561 1562 611 extremas
1588 555 1716 628 attigisse

57 629 107 688 idit
121 630 211 701 igitur
226 637 258 686 ut
279 630 433 687 ellicientia
447 631 619 704 conjugalis,
637 633 666 688 in
691 633 753 704 ipso
769 632 813 691 le·
867 637 1006 706 miserias,
1022 637 1045 694 si
1071 638 1245 696 amasiorum
1270 640 1406 710 opinione
1429 642 1573 711 carnerit;
1588 651 1617 700 et
1636 650 1716 701 teuto

56 731 70 774 e
97 718 176 774 illius
204 717 453 776 conloederationls
474 720 603 788 exordio,
619 722 813 791 quorumdam
867 725 921 780 sibi
939 725 1096 782 nobilitatis
1114 728 1241 783 eteuriae
1256 728 1378 799 gloriam
1394 737 1521 801 arrogat,
1539 744 1597 800 quo
1611 730 1715 803 bujns·

56 805 107 863 ciis
135 807 305 863 solveretur.
333 806 498 864 Novercalis
526 809 603 865 enim
624 809 692 866 bule
713 810 812 867 matri·
867 814 1116 885 modiprocorum
1130 829 1252 872 numero
1276 816 1440 874 llorenliore
1459 818 1611 876 redundat.
1636 820 1713 890 Erat,

56 910 60 945 t
76 906 134 949 non
150 893 274 949 doluisse
290 893 437 950 terebatur
458 895 578 965 invidia,
599 910 665 966 qnae
681 897 814 968 plurime
868 908 955 958 testor
971 900 1074 982 Deum,
1101 910 1172 959 tune
1193 903 1329 973 temporis
1348 904 1441 975 major
1456 904 1485 960 in
1500 904 1571 960 viris
1595 905 1716 962 lemines

57 981 108 1038 iet
121 981 234 1051 generis
248 995 315 1036 cum
333 989 430 1052 neptes
441 981 571 1051 baberet,
588 985 617 1039 in
632 984 667 1040 iis
683 985 813 1056 aliquam
867 990 1040 1047 ducentibus
1056 990 1159 1061 pudor,
1176 989 1322 1048 intantum
1343 999 1375 1049 nt
1387 992 1479 1049 videri
1495 993 1568 1049 inter
1583 993 1644 1049 baec
1669 993 1714 1067 lii,

56 1084 81 1126 ιο
104 1076 166 1125 toro
176 1069 350 1125 moliebatur
371 1070 551 1142 immergere.
567 1071 649 1138 Quod
670 1087 737 1129 cum
763 1074 814 1128 mi·
868 1077 932 1151 bas]
943 1078 1155 1146 erubescerent,
1172 1093 1261 1149 quam
1278 1080 1361 1136 modo
1384 1081 1413 1136 in
1436 1081 1616 1139 nubentibus
1630 1081 1715 1138 ferni-

71 1157 254 1227 processisset
282 1157 318 1213 ad
345 1165 454 1226 votnm,
472 1159 569 1228 pravis
580 1159 687 1218 dicitur
700 1160 814 1218 artibus
867 1166 913 1222 nis
941 1166 1106 1224 habeatur:
1127 1180 1201 1236 qnos
1226 1173 1302 1223 certe
1333 1168 1387 1225 ista
1408 1169 1572 1226 verecunda
1602 1172 1716 1240 negotia

56 1258 101 1316 se,
127 1253 160 1302 nt
186 1245 304 1301 tbalami
342 1246 461 1302 omnino
495 1256 657 1305 cessaretur
682 1248 810 1306 effectus.
864 1253 1049 1325 iactantiores
1061 1261 1089 1310 et
1099 1253 1151 1309 lori
1167 1268 1200 1310 ec
1215 1254 1321 1324 publici
1337 1256 1511 1313 amantiores
1520 1256 1659 1315 efficiunt.

59 1346 95 1390 ue
121 1333 233 1404 integro
258 1334 417 1405 virginium
445 1334 588 1393 illibatum
611 1337 813 1407 permansisset
902 1339 1022 1412 thnid
1054 1340 1118 1406 boc,
1135 1341 1254 1397 Dourim
1270 1344 1344 1399 bens
1374 1357 1465 1412 meus,
1490 1344 1545 1401 nisi
1561 1346 1631 1415 quia
1650 1346 1713 1404 ideo

56 1422 96 1489 llo,
121 1428 149 1478 ct
164 1420 220 1478 sub
244 1435 349 1493 magno
366 1429 478 1479 lantum
492 1423 684 1481 infortunium
698 1439 812 1495 preme·
866 1429 966 1486 nullus
980 1442 1068 1498 snper
1081 1442 1135 1485 sna
1154 1430 1269 1487 levitate
1288 1445 1322 1486 ac
1335 1431 1454 1488 lascivia
1468 1432 1622 1504 crubescit,
1636 1436 1714 1505 qnod

67 1508 190 1576 silentio,
216 1508 331 1566 tandcm
365 1511 466 1567 asnis
504 1511 609 1568 citatus
640 1513 811 1569 necessariis
865 1532 964 1575 omnes
986 1519 1075 1573 teneri
1103 1518 1235 1589 subpari
1260 1526 1329 1575 nota
1356 1521 1504 1592 conspicit.
1527 1522 1561 1578 lit
1577 1536 1643 1579 cnm
1659 1504 1742 1580 sub'

70 1610 131 1655 rem
164 1599 277 1667 primus
301 1599 435 1668 prodidit.
461 1598 583 1667 Quantis
611 1608 694 1670 putas
721 1601 811 1657 modis
866 1606 964 1662 eodem
987 1604 1103 1673 ellectu,
1128 1620 1215 1676 ouem
1239 1606 1346 1663 babent
1375 1621 1484 1676 omncs,
1526 1622 1598 1679 pene
1630 1623 1715 1681 agere

56 1700 148 1743 avere
173 1694 315 1757 parentes,
332 1695 365 1744 ut
385 1688 542 1744 divortium
571 1688 650 1746 lieret
666 1690 739 1746 inter
753 1704 811 1758 eos,
830 1662 983 1760 Bsennau
1000 1692 1086 1758 unde,
1103 1706 1212 1763 queso,
1228 1693 1317 1750 studii
1343 1693 1434 1764 hujus
1453 1708 1520 1750 cum
1537 1694 1652 1764 pudeat,
1676 1695 1715 1751 ad

56 1788 116 1832 rem
139 1788 236 1831 meum
254 1782 381 1846 tempore
402 1777 549 1847 juvenem,
579 1791 665 1834 sensu
681 1778 811 1835 bebetem
865 1782 943 1852 qnod
968 1782 1130 1851 coaspirare
1151 1787 1267 1838 caeteros
1282 1780 1394 1838 videat?
1423 1781 1475 1838 Sed
1499 1797 1552 1838 cnr
1580 1782 1642 1840 dico
1657 1797 1715 1855 pn-

56 1862 131 1920 cbioe
159 1863 258 1920 sedulo
285 1864 514 1933 commovebant,
549 1864 615 1921 licet
634 1873 706 1922 tunc
725 1879 812 1936 super
865 1870 939 1936 deal,
964 1870 1107 1926 cumben
1130 1868 1224 1926 solum
1251 1869 1360 1926 talibus
1387 1869 1424 1926 sit
1447 1869 1562 1940 pudori,
1594 1872 1618 1928 si
1646 1873 1714 1942 ouis

56 1953 133 2010 rdine
148 1966 233 2010 rarus
248 1953 331 2010 valde
344 1954 501 2012 baberetur
516 1969 631 2012 murno:
648 1956 725 2026 quod
742 1957 812 2028 qui·
865 1969 965 2012 corum
980 1956 1009 2012 in
1029 1957 1221 2027 exemplanda
1246 1956 1365 2014 libidine
1378 1958 1477 2015 minus
1499 1959 1644 2016 emineat?
1657 1960 1716 2016 Nec

57 2055 116 2098 non
142 2041 244 2099 salutis
272 2042 335 2113 ejus
359 2056 457 2109 cansa,
472 2051 501 2099 at
517 2057 584 2099 vero
601 2044 811 2114 possessionum
866 2044 974 2101 detinet
987 2057 1039 2115 pro
1053 2057 1186 2101 amorum
1209 2059 1341 2113 numero,
1358 2052 1409 2102 ant
1425 2046 1529 2102 selecta
1540 2060 1628 2118 quam
1653 2046 1715 2103 ale-

57 2129 261 2186 btineudarnm
280 2129 437 2187 intentione
452 2130 547 2188 llebat.
867 2133 909 2189 xit
924 2131 1154 2204 speciealiqnem
1178 2131 1292 2203 privata
1303 2134 1453 2205 jactantia,
1470 2148 1566 2205 neque
1584 2142 1714 2191 contem-

56 2231 109 2275 ·nm
125 2225 277 2287 matonam
290 2219 351 2274 baec
363 2232 464 2275 eorum
478 2219 625 2290 suggestio
639 2219 679 2275 nil
694 2218 812 2287 evaluit,
868 2229 934 2291 ptus
952 2229 994 2278 ost
1015 2235 1049 2278 eo
1071 2221 1259 2293 singulariter
1282 2223 1362 2295 apud
1386 2229 1413 2279 te
1433 2222 1605 2280 intumuisse
1633 2224 1712 2295 quod

56 2319 96 2363 tur
110 2305 219 2363 crebris
241 2315 389 2376 eruperunt
410 2321 513 2378 urgere
529 2307 694 2377 latratibus,
710 2316 742 2364 ut
765 2309 812 2364 vi·
868 2316 957 2379 amat,
971 2308 1021 2366 sed
1033 2323 1216 2365 communem
1236 2310 1447 2380 corruptionem
1464 2310 1619 2382 magnilico
1635 2312 1713 2381 apud

56 2393 178 2450 casuis
193 2393 277 2465 longe
293 2394 465 2464 positadum
488 2402 675 2452 externorum
698 2409 813 2466 oppres·
868 2398 1017 2455 universos
1049 2398 1146 2454 lavore
1177 2397 1368 2455 concelebrat.
1403 2398 1474 2455 Ecce
1500 2397 1619 2466 clamor,
1644 2399 1715 2456 dum

56 2495 100 2538 tus
112 2481 287 2551 pulsaretur,
303 2481 365 2538 sine
380 2482 438 2539 ullo
453 2484 574 2554 repudio
588 2498 639 2555 per
652 2499 681 2541 se
697 2485 814 2556 injuriis
868 2485 946 2557 quod
960 2486 1123 2543 verecunde
1137 2486 1194 2557 tegi
1205 2485 1353 2552 debuerat,
1365 2486 1434 2542 dum
1450 2487 1528 2556 qnod
1540 2486 1716 2543 conscientia

56 2575 88 2626 ‚ta
103 2568 269 2625 disoederet.
295 2569 408 2626 luteres
422 2569 471 2625 illa
498 2571 567 2641 pati,
584 2585 650 2641 quae
666 2572 814 2644 impenge-
868 2572 1021 2637 debilitatae
1056 2573 1195 2629 castitatis
1224 2580 1351 2640 accusat,
1383 2581 1412 2630 et
1443 2573 1571 2631 omnimo
1592 2575 1714 2645 deprimi

56 2671 76 2713 r
91 2657 181 2713 verba
203 2657 407 2728 aequanimiter
431 2656 567 2729 tolerare;
583 2659 692 2731 siquid
708 2660 814 2717 exinde
868 2661 989 2732 dignum
1021 2668 1093 2728 erat,
1121 2659 1222 2716 ellreni
1246 2674 1297 2731 per
1310 2660 1438 2717 inolitam
1460 2661 1610 2731 pravitatis
1625 2662 1715 2718 licen-

56 2747 230 2804 Jversiarum
252 2755 420 2819 emergeret,
443 2749 515 2805 acsi
538 2749 644 2816 nescia,
674 2750 812 2807 dissimu-
868 2749 936 2805 tiam
955 2748 1043 2804 animi
1069 2755 1176 2804 aeterno
1200 2747 1396 2804 damnandam
1423 2748 1537 2806 silentio
1561 2748 1715 2819 impudens

55 2835 162 2892 Praetm
177 2835 318 2892 beccum
333 2849 397 2892 eam
411 2835 620 2906 opulentissimi
645 2838 814 2908 quidamab
868 2836 1018 2908 quisbue
1044 2836 1170 2906 illucque
1199 2835 1344 2906 predicet.
1375 2837 1434 2892 lioc
1457 2844 1485 2893 et
1506 2837 1595 2908 bnjns
1628 2836 1714 2894 simili

56 2923 162 2980 raritali
178 2932 322 2980 exsortem
341 2925 550 2995 conspicerent,
576 2935 724 2996 coeperunt
748 2928 815 2984 ani-
833 2955 854 3011 ρ
869 2925 953 2981 modo
968 2924 1137 2981 medemum
1151 2924 1205 2980 boc
1219 2924 1357 2981 saeculum
1384 2925 1585 2996 corrumpitur
1605 2932 1633 2982 et
1648 2939 1714 2981 cor-

62 3011 177 3082 pulsare
192 3012 374 3084 juvenculae3
404 3013 451 3069 sed
466 3021 508 3080 tu,
534 3013 663 3082 Domine,
675 3016 814 3074 castitatis
866 3014 985 3085 rumpit,
1000 3014 1070 3071 dum
1080 3014 1153 3069 male
1167 3019 1302 3083 concepta
1317 3014 1345 3068 in
1361 3013 1431 3069 alios
1446 3014 1567 3085 spargit,
1582 3027 1714 3084 sparsum

56 3114 91 3159 re
105 3101 252 3168 fundator,
270 3108 303 3158 tu
324 3101 348 3157 ei
364 3101 585 3159 sanctimoniam
611 3102 811 3173 inspiraveras,
866 3104 952 3160 etiam
967 3116 1062 3173 usqne
1077 3102 1106 3157 iu
1123 3101 1269 3158 inlinitum
1285 3101 1420 3158 traducta
1433 3102 1559 3159 inditate
1569 3114 1714 3173 propaga-

56 3203 128 3246 .non
139 3189 303 3260 patiebatur
317 3200 423 3245 natura
442 3203 495 3246 nec
508 3199 587 3246 ates.
603 3191 644 3247 lix
662 3199 699 3259 te,
716 3192 812 3249 bomi-
865 3195 914 3247 tur
927 3190 956 3245 in
971 3190 1085 3247 alteros.

56 3276 164 3345 abebat,
183 3277 260 3348 quod
287 3277 315 3332 in
332 3276 397 3347 igne
428 3277 520 3347 posita
545 3291 602 3334 non
617 3278 746 3336 ardebat.
770 3280 814 3338 Tu
901 3279 978 3335 Dens
989 3286 1096 3345 sancte
1120 3277 1193 3334 nibil
1218 3291 1289 3348 peno
1315 3280 1420 3336 borum
1446 3293 1479 3336 eo
1501 3287 1639 3349 tempore,
1654 3291 1713 3348 qno

56 3378 92 3422 us
106 3365 183 3436 quod
194 3366 228 3420 ad
242 3365 484 3434 praestillationem
496 3365 640 3424 malorum
655 3367 812 3438 colloquio-
866 3366 915 3423 illa
927 3367 1037 3443 lamnia
1053 3374 1103 3422 tua
1113 3368 1154 3423 sic
1175 3367 1288 3438 agebat,
1308 3367 1421 3438 uspiam
1443 3367 1625 3436 audiebatur,
1655 3366 1713 3422 imo

60 3467 154 3510 mores
180 3453 245 3524 ejus
274 3452 326 3509 etsi
353 3455 443 3509 teneri
483 3468 540 3509 non
565 3454 810 3525 depravabantur,
864 3463 1053 3513 sacrosanctae
1067 3455 1247 3511 verecundiae
1262 3455 1346 3525 pallio
1360 3464 1387 3512 et
1401 3455 1573 3528 tegebantur
1581 3455 1712 3527 indigna,

60 3541 226 3598 uodoleum
251 3542 364 3597 camino
391 3540 561 3609 addebatur,
590 3542 667 3612 quod
682 3542 813 3599 videlicet
865 3556 899 3599 ac
917 3543 1018 3599 idonea
1035 3543 1232 3599 cornabantur
1255 3542 1304 3615 [Α
1333 3544 1569 3615 coronabantnrl.
1604 3546 1636 3599 ln
1652 3542 1710 3610 illo,

55 3629 152 3687 alibns
168 3629 247 3701 (que
260 3630 365 3687 babere
380 3630 542 3687 bumannm
558 3638 600 3687 est
613 3631 813 3701 etcommune)
865 3632 994 3699 Domine,
1021 3631 1169 3701 septennio
1197 3631 1351 3702 virginitas
1376 3630 1434 3698 illa,
1468 3644 1555 3701 quam
1571 3638 1602 3687 tu
1623 3630 1652 3686 in
1677 3643 1713 3685 ea

56 3732 91 3775 ns
104 3726 225 3774 externa
245 3718 388 3775 lenocinia
414 3719 644 3775 adhibebantur:
668 3727 696 3774 et
715 3727 812 3776 tamen
865 3720 986 3777 mirillce
1004 3719 1188 3781 continuasti,
1212 3719 1267 3776 snb
1295 3718 1457 3774 innumeris
1478 3717 1713 3789 oppressionibus

56 3806 276 3862 nculaeanimns
290 3805 333 3862 sui
358 3820 470 3876 semper
482 3819 583 3877 capax,
607 3806 696 3864 nullis
714 3807 811 3864 incen—
866 3808 1045 3880 agoniaabat,
1075 3807 1144 3864 dum
1154 3805 1246 3863 soluto
1265 3814 1384 3876 paterno
1407 3804 1562 3869 connubio,
1588 3805 1623 3862 ad
1640 3805 1711 3861 alte·

56 3901 128 3950 extra
143 3908 172 3950 se
189 3893 343 3951 terebatur.
360 3894 462 3951 Nonne
486 3895 546 3951 baec
562 3894 603 3951 tui
630 3895 720 3952 solius
744 3903 814 3952 sunt
866 3910 932 3954 rum
946 3908 1010 3952 οοιο
1025 3895 1180 3952 transferre
1195 3895 1333 3951 maritum
1345 3894 1499 3964 sepissime
1513 3892 1710 3960 minabantur,

56 4023 63 4050 ,
88 3982 218 4050 bomine,
243 3982 296 4053 qni
310 3996 373 4038 eam
405 3983 435 4038 in
457 3983 601 4052 primevae
615 3983 812 4041 aetatiscalore
865 3992 917 4041 aut
932 3984 960 4040 iu
975 3991 1090 4041 exteras
1105 3983 1291 4040 remotiorum
1307 3990 1460 4053 parentum
1472 3981 1713 4039 meornmdomos

56 4085 97 4137 m,
113 4080 142 4128 et
154 4072 272 4127 omnino
284 4069 393 4142 jugiter
409 4071 438 4127 in
454 4070 523 4141 ipsis
536 4070 738 4142 conjugalibus
753 4072 814 4127 olli·
865 4073 1016 4130 abducere.
1047 4071 1136 4129 Plane
1161 4073 1212 4128 etsi
1241 4071 1383 4128 adversus
1405 4072 1457 4128 bas
1481 4070 1713 4140 importunitates

56 4160 223 4228 institutam,
238 4159 386 4230 septennio
409 4159 521 4231 integro
549 4160 604 4216 snb
622 4167 702 4216 tanta
716 4160 812 4216 conti·
866 4158 1049 4215 acerbissime
1076 4157 1228 4228 aliquoties
1270 4156 1440 4225 desudabat,
1477 4165 1573 4214 tamen
1612 4164 1713 4213 contra

56 4261 65 4304 t
78 4249 262 4316 conservasti,
275 4254 307 4303 ul
319 4247 406 4319 juxta
421 4248 492 4306 illud
507 4248 643 4319 sapientis
658 4247 809 4320 cniusdam
829 4244 851 4300 l)
867 4249 983 4320 propria
997 4247 1138 4304 lenocinia
1154 4246 1258 4312 carnis,
1274 4253 1302 4302 et
1316 4258 1570 4316 quorumcumque
1578 4253 1711 4302 externo·

55 4350 84 4404 n,
99 4338 184 4393 etiam
199 4336 275 4393 lama
287 4337 322 4392 de
336 4350 371 4393 ea
383 4337 497 4394 mentiri
511 4344 669 4394 vereretur.
865 4351 930 4393 rum
960 4341 1184 4407 temperamenta
1208 4333 1342 4403 mirabili,
1367 4333 1416 4391 sed
1439 4347 1476 4390 ex
1505 4342 1554 4390 tuo
1576 4346 1710 4401 munere,

56 4422 156 4479 elatio
167 4422 343 4496 puellarem.
359 4455 394 4464 -
410 4427 495 4489 bens,
512 4432 545 4481 tu
558 4425 614 4481 scis
631 4438 719 4494 qnam
731 4423 811 4480 dilll·
865 4426 941 4481 bens
956 4436 1047 4490 mens,
1064 4421 1255 4491 temperantia
1266 4420 1439 4477 decertabat.

59 4526 106 4569 mo
122 4526 210 4583 qnam
237 4513 317 4570 nullo
339 4514 424 4569 modo
446 4527 517 4584 pene
531 4513 561 4568 in
582 4513 696 4571 leminis
722 4513 812 4584 bnjns
900 4512 963 4569 lion
977 4511 1050 4578 dico,
1074 4509 1147 4567 bone
1172 4509 1257 4576 Deus,
1285 4523 1344 4581 qna
1357 4511 1465 4568 virtute
1480 4509 1507 4564 id
1534 4508 1639 4576 lecerit,
1662 4507 1712 4564 sed

56 4602 101 4657 ris
120 4600 148 4657 id
168 4609 352 4657 servaretur:
373 4615 440 4658 cum
450 4601 588 4672 pudicitia
613 4601 640 4655 in
658 4600 713 4657 illis
731 4606 812 4657 tanta
865 4599 942 4671 quod
957 4599 999 4656 tui
1017 4598 1106 4655 solius
1121 4598 1215 4655 virtus
1239 4598 1334 4655 luerit.
1354 4596 1501 4666 Quomodo
1519 4596 1596 4653 enim
1619 4596 1713 4652 virtus

56 4689 227 4752 sexstiterit,
242 4696 275 4745 ut
289 4688 386 4759 aliquo
403 4689 452 4744 vix
464 4702 579 4746 rumore
594 4688 811 4745 matrimonium
863 4686 929 4751 luit,
953 4699 1043 4759 quam
1064 4685 1145 4742 nulla
1166 4686 1287 4757 spiritus
1308 4685 1463 4754 carnisque
1490 4683 1634 4750 discretio,
1660 4697 1713 4740 nec

56 4777 118 4834 tibet
131 4778 289 4834 roderetur.
311 4778 405 4834 Ebeu!
423 4790 511 4847 quam
537 4776 739 4833 miserabiliter
756 4790 810 4833 ex·
866 4773 1067 4846 piaadlieum
1083 4775 1213 4843 intentio,
1237 4773 1284 4831 sed
1315 4774 1375 4831 sola
1402 4773 1554 4829 exterioris
1576 4772 1713 4828 bonesto-

56 4865 90 4922 ad
112 4872 210 4922 nostra
234 4866 340 4921 saecula
358 4866 492 4935 puderet
516 4864 649 4921 bonestes
671 4864 811 4934 paulatim
860 4864 911 4928 tis,
926 4870 978 4921 aut
988 4863 1132 4920 evitandae
1146 4863 1272 4919 inlamiae
1286 4876 1357 4918 cura
1370 4860 1529 4932 peregerit?
1541 4861 1615 4918 Utile
1629 4860 1713 4930 plane

56 4953 140 5025 ginea
167 4953 340 5024 prolessione
354 4954 423 5021 ruit,
440 4960 468 5009 et
482 4966 528 5008 res
552 4960 580 5009 et
592 4952 701 5022 species
714 4959 811 5011 custo·
865 4961 907 5010 est
925 4951 1101 5010 verecundia
1127 4951 1227 5008 saltem
1257 4957 1373 5020 pcccato
1401 4949 1547 5021 ingruenti
1563 4948 1711 5018 resistere3

56 5041 200 5098 tatronalis
218 5040 360 5109 extabuit,
380 5048 413 5097 nt
433 5040 555 5096 inomni
572 5053 673 5098 earum
692 5040 811 5098 babitu·
864 5055 931 5112 quac
946 5041 1021 5097 sicut
1036 5040 1114 5097 utilis
1140 5045 1264 5096 estante
1278 5044 1438 5108 peccatum,
1456 5037 1495 5093 ita
1522 5045 1585 5107 post
1608 5049 1712 5106 pecca-

56 5129 103 5185 ola
118 5130 226 5200 possint
247 5129 340 5185 notari
356 5128 517 5197 triscurria,
535 5128 585 5184 ubl
603 5128 642 5184 nil
659 5129 713 5186 nisi
725 5128 810 5201 locu·
865 5137 927 5186 tum
946 5127 1129 5185 damnabilis.
1146 5126 1227 5193 Quod
1235 5127 1314 5183 enim
1328 5126 1370 5182 sic
1384 5126 1515 5181 animum
1536 5126 1582 5195 pio
1602 5123 1712 5196 pudore

56 5224 201 5284 nuent,et
215 5215 366 5274 oculorum
382 5216 632 5288 nutusetlingna.
649 5216 812 5274 Petulantia
865 5222 1038 5283 consternat,
1064 5222 1097 5272 ut
1125 5228 1142 5270 a
1171 5213 1277 5285 peccati
1315 5213 1526 5284 perpetratione
1567 5211 1711 5280 cobibeut,

56 5318 142 5371 sessu,
173 5304 245 5362 nibil
273 5320 330 5362 non
357 5305 513 5362 ridiculum
537 5312 648 5361 constat
680 5306 756 5360 ⁴0⁵
781 5306 812 5362 in
865 5304 901 5361 ad
919 5301 1187 5374 tempuscstntile,
1204 5302 1274 5373 quia
1293 5309 1383 5373 potest
1400 5301 1448 5357 liei
1464 5301 1558 5365 timor,
1575 5302 1626 5372 qni
1655 5315 1712 5372 pu·

56 5394 115 5450 bns.
140 5394 269 5451 Vestium
285 5392 440 5465 qualitates
463 5394 688 5451 intantnmsunt
703 5393 739 5450 ab
763 5393 812 5450 illa
865 5392 963 5450 dorem
996 5392 1152 5463 insipidum
1167 5391 1226 5447 sale
1252 5390 1351 5447 divino
1365 5390 1489 5459 condiat,
1515 5391 1665 5447 accedere:
1685 5398 1713 5450 el

73 5480 238 5555 lrngalitate
251 5480 414 5550 dissimiles,
429 5488 462 5538 ut
474 5479 603 5538 dilatatio
620 5480 810 5552 manicarum,
865 5480 946 5558 qnod
959 5481 996 5539 ad
1010 5487 1133 5555 tempus,
1150 5479 1178 5536 id
1192 5486 1235 5537 est
1249 5480 1287 5539 ad
1309 5477 1460 5551 seculum,
1484 5478 1629 5556 proderat,
1641 5479 1713 5541 utile
