3818 6008
116 208 181 264 lala
622 207 670 261 ab
689 203 764 263 OPP.
789 205 869 261 vell.
889 204 1055 263 colebari
1075 203 1119 261 bd
1137 205 1333 263 rlbllcurlto
1811 208 1850 261 llll

114 338 185 412 quid
209 337 312 396 laciam
336 335 467 392 lunditus
486 334 612 408 ignoro?
632 340 660 391 te
678 333 801 407 prodidi,
822 333 874 391 tibi
895 333 997 391 fldeiA
1016 344 1043 394 ct
1056 349 1154 407 gravo,
1167 343 1196 393 et
1209 334 1380 406 scrupulum
1403 333 1571 406 cogitationi
1593 347 1672 390 meae
1700 330 1817 389 videtur
1829 335 1852 388 in-

114 441 186 484 meae
199 425 360 491 commisso,
383 423 526 496 longoque
540 429 682 480 terrarum
704 424 796 494 spatio
819 423 901 480 nobis
915 437 961 479 ae·
1016 424 1106 496 lcrre;
1125 425 1243 482 domina
1265 437 1330 481 mea
1353 437 1482 496 namque
1504 422 1621 496 regina,
1646 435 1731 479 uxor
1752 421 1854 480 videlice

114 516 178 581 cito,
204 514 323 571 insidias
346 512 442 569 intuli.
468 513 507 569 De
523 512 612 582 pretio
631 512 784 569 iraudatus
806 527 871 569 sum
885 510 963 583 quod
1016 522 1078 582 tua,
1093 518 1121 571 et
1135 529 1198 586 ego,
1218 521 1251 570 ut
1273 513 1373 580 lertur,
1394 511 1564 584 cognatione
1585 510 1760 584 jungimur
1778 524 1855 580 paren

114 603 249 674 promisi3
278 601 453 672 promissum
495 614 621 672 namque
652 600 800 658 sublatum
833 608 885 668 est,
915 600 963 656 sed
1017 603 1077 671 tali,
1094 610 1122 660 et
1138 602 1252 674 generis
1274 601 1499 672 propinquitate,
1515 600 1719 671 quamobrem
1736 598 1855 669 asapien-

115 691 233 748 nescivi.
255 691 342 746 Parce
363 690 463 761 igitur,
490 702 575 760 parce
599 691 694 746 nescio
716 690 904 760 delinquenti.
928 690 965 747 At
1018 690 1095 746 tibus
1129 690 1336 761 inquirendum
1364 690 1388 745 si
1415 703 1474 760 quo
1498 689 1582 746 modo
1621 688 1688 744 lieri
1722 686 1857 758 possita

116 779 262 837 illecorde
283 778 410 835 laetitiam
437 779 599 843 restituens,
624 777 748 834 dolorem
773 777 963 846 extrinsecus,
1018 792 1078 849 qua
1101 779 1221 835 ratione.
1250 778 1327 833 »Ad
1350 777 1411 834 ιιι
1440 791 1517 834 ren:
1545 798 1558 826 ι
1583 776 1615 834 Si
1641 776 1681 833 ab
1704 774 1858 846 antiquiss.

117 867 201 940 quasi
216 868 368 925 consolans
389 868 501 925 aiebat:
522 866 621 934 «Noli,
642 867 757 923 domiue
780 867 829 933 uri,
846 866 905 922 noli
919 866 967 923 tri·
1018 866 1136 923 senibus
1158 867 1256 937 populi
1283 867 1369 923 nostri
1399 865 1531 938 coguatio
1560 879 1635 922 vera
1660 863 1859 934 comprobata.

116 956 196 1019 stari,
211 970 298 1026 quem
322 958 417 1027 potius
431 955 573 1020 dilexerit,
590 954 757 1026 diligentius
775 956 965 1026 exsequitur3
1018 957 1173 1026 episcopos,
1204 955 1321 1011 abbates
1355 962 1383 1012 et
1428 953 1547 1011 clericos
1585 953 1674 1010 viros
1717 952 1859 1022 prudentes¹

118 1044 182 1102 etsi
199 1045 249 1101 tibi
270 1043 385 1101 cbarior
405 1044 497 1102 lactus
513 1058 588 1110 sum,
604 1043 670 1099 vilis
689 1043 808 1100 lorsitau
835 1043 886 1099 illi.
905 1043 967 1099 »lis
1019 1046 1141 1102 scientes
1164 1044 1257 1116 legem
1281 1052 1309 1100 et
1327 1044 1385 1101 alta
1404 1043 1554 1113 sapientes,
1578 1041 1604 1099 si
1626 1006 1886 1111 eleemosynam!

118 1133 212 1202 dictis,
235 1140 352 1204 accepta
374 1133 410 1190 ab
429 1147 463 1190 co
493 1132 617 1200 licentia,
652 1131 773 1188 lestines
793 1130 822 1186 in
845 1130 966 1187 Galliam
1019 1133 1162 1205 largitate,
1188 1147 1240 1191 seu
1266 1133 1507 1190 monasteriorum
1531 1129 1750 1197 edificatione,
1767 1127 1862 1184 seuali

119 1221 276 1292 repedavit.
1021 1236 1080 1294 qua
1092 1236 1122 1279 re
1144 1236 1274 1294 congrua
1289 1222 1317 1279 id
1331 1220 1459 1278 ordinari
1481 1227 1580 1292 queat,
1607 1218 1755 1275 adunare
1770 1224 1798 1275 et
1811 1230 1863 1274 suu

155 1310 227 1375 Quid
252 1310 309 1366 lilia
332 1308 395 1379 ejus
415 1314 522 1379 egerat,
548 1306 793 1378 quemadmodum
818 1307 970 1364 sanctimo-
1021 1311 1076 1367 tari
1091 1317 1295 1368 uecesseesta

120 1397 226 1456 nialem
238 1397 402 1464 devoverat,
417 1395 580 1453 Hildeberto
596 1410 646 1465 per
672 1395 807 1452 nuntium
831 1396 969 1453 mandare
1058 1401 1154 1459 Simon
1169 1407 1266 1457 autem
1280 1413 1359 1470 spem
1373 1412 1454 1456 suam
1477 1410 1594 1468 semper
1614 1409 1737 1468 ponens
1759 1394 1863 1459 Domim

120 1485 283 1544 curavito
305 1485 402 1541 virum
425 1498 475 1555 per
500 1483 598 1540 omnia
618 1484 704 1541 laude
732 1483 970 1556 dignumlcujus
1023 1493 1103 1549 altu
1128 1488 1233 1548 Adhuc
1246 1494 1377 1559 superest
1399 1486 1489 1554 aliud,
1507 1492 1629 1541 tantum
1652 1483 1798 1540 voluutas
1817 1483 1865 1538 adsi

119 1573 224 1631 melius
248 1572 379 1638 similem,
402 1585 491 1642 quam
524 1578 622 1629 sancto
653 1572 752 1628 Alexio
785 1571 970 1629 dixerimus?
1026 1587 1086 1648 tua,
1107 1578 1185 1650 quod
1201 1575 1393 1634 necessarium
1408 1581 1487 1631 estet
1497 1571 1739 1643 salutare3volo
1754 1584 1863 1641 namqu

121 1673 446 1731 namquecumsponsa
474 1673 536 1725 sua,
563 1674 630 1716 curn
650 1659 712 1731 iam
727 1660 970 1719 tbalamumsub·
986 1633 1007 1688 Β
1026 1668 1048 1725 si
1067 1669 1167 1739 placet,
1200 1666 1319 1723 Romam
1341 1664 1449 1731 adiens,
1483 1668 1659 1718 sanctorum
1692 1658 1864 1730 apostolom

123 1750 280 1806 {fluissent
299 1748 384 1805 ³1⁰¹>ss
407 1749 515 1818 pariter
530 1748 668 1819 (ιῑῑῑθῑΰΐί,
685 1749 929 1820 quemadmdum
944 1756 972 1806 et
1024 1757 1100 1816 Petri
1115 1764 1142 1814 et
1155 1755 1245 1823 Pauli,
1262 1761 1290 1811 et
1305 1752 1402 1810 domni
1422 1749 1581 1821 apostolici,
1606 1762 1705 1820 super
1721 1748 1779 1804 boc
1794 1746 1864 1804 consi

123 1837 209 1904 Simo,
247 1836 369 1893 verbum
418 1836 628 1907 predicationis
662 1837 785 1894 intulit:
822 1838 971 1896 luxuriam
1024 1849 1095 1906 lium
1115 1853 1142 1902 et
1166 1842 1343 1916 adjutorium
1364 1840 1503 1912 llagitare,
1527 1847 1570 1907 ut,
1595 1845 1724 1909 accepta
1747 1836 1863 1908 spiritual

123 1924 333 1992 declinandam,
376 1939 546 1981 c0¹¹⁵ssflis⁰
580 1940 759 1996 lraeffi⁰¹10118
793 1927 971 1995 castitatem
1024 1935 1149 2002 licentia,
1166 1930 1309 2004 quidquid
1323 1931 1352 1986 iu
1367 1929 1401 1985 iis
1415 1927 1663 1999 noblsageudum
1673 1935 1720 1984 est
1736 1938 1804 1982 cum
1816 1923 1864 1979 ιιι·

124 2012 173 2069 illa
193 2026 261 2070 vcro
284 2011 367 2069 dictis
390 2013 590 2083 obtemperans
614 2014 803 2082 admonentis,
831 2029 860 2072 se
879 2015 973 2086 virgi·
1026 2029 1069 2083 cla
1091 2027 1281 2095 perpetretur.
1306 2037 1317 2069 ι
1345 2018 1398 2077 cui
1420 2031 1472 2074 rex
1496 2030 1653 2073 assensum
1675 2014 1819 2085 praebens,
1835 2024 1863 2067 te

124 2115 189 2158 nem
214 2101 367 2170 devovens,
402 2101 499 2158 carnis
522 2102 695 2159 munditiam
729 2103 849 2160 Domino
879 2117 975 2161 conse
1026 2111 1157 2183 spondit:
1176 2132 1186 2159 ‹
1205 2105 1351 2179 Quidquid
1364 2119 1451 2176 super
1462 2102 1683 2161 haerebonum
1695 2101 1752 2157 tibi
1766 2100 1863 2161 videtu,
1895 2098 1899 2131 ²

125 2189 228 2246 oravit.
1026 2203 1138 2258 latente
1154 2200 1211 2255 Deo
1225 2203 1253 2253 et
1269 2209 1332 2252 mea
1345 2193 1503 2261 voluntate,
1520 2190 1664 2262 dispone3
1679 2211 1693 2239 ι
1704 2197 1735 2246 et
1750 2189 1794 2246 bis
1806 2187 1865 2243 dine

162 2278 205 2334 lte
219 2278 320 2335 beatus
339 2278 425 2335 bomo
444 2293 534 2336 manu
556 2287 662 2337 sanctae
683 2280 865 2339 allocutionis
888 2280 976 2339 lerale
1028 2290 1135 2362 pariter
1149 2287 1360 2343 abscesserunt.
1893 2302 1902 2379 q

127 2366 293 2438 contagium
325 2367 443 2424 detersit
476 2367 635 2425 immundas
670 2370 831 2439 pravitatis.
868 2371 976 2427 Deinde
1358 2401 1474 2461 CAPUT
1493 2400 1532 2458 vl

126 2452 227 2523 ipsius,
241 2468 367 2525 quarum
383 2455 552 2528 magnitudo
572 2457 685 2514 inllnita
700 2457 864 2528 videbatur,
886 2459 977 2531 patris
1535 2443 1542 2456 '
1900 2500 1903 2513 ·

126 2541 262 2612 neglectis
275 2541 391 2612 deliciis,
415 2545 470 2601 sub
494 2545 556 2614 ipsa
571 2546 662 2603 noctis
685 2546 757 2603 bora
779 2548 899 2605 latenter
914 2548 977 2605 abs·
1065 2551 1173 2611 Deinde
1190 2563 1256 2620 quae
1271 2546 1366 2619 parari
1388 2543 1565 2602 videbantur
1584 2543 1731 2600 omnibus
1745 2554 1795 2612 per
1808 2536 1865 2595 ordi

128 2630 220 2687 cessit.
239 2630 292 2688 Sed
313 2631 350 2689 ad
370 2646 404 2690 ea
428 2647 494 2704 quae
517 2632 552 2690 de
571 2634 685 2691 simone
709 2635 829 2692 dicenda
850 2644 919 2695 sunt
936 2652 979 2696 re·
1030 2659 1096 2702 nem
1111 2638 1264 2711 dispositis,
1275 2635 1312 2692 ad
1324 2633 1545 2700 ambulandum,
1563 2630 1668 2688 relicta
1684 2631 1782 2697 domo,
1799 2626 1865 2683 ouis

127 2717 257 2776 deamus.
1031 2733 1069 2788 sis
1092 2728 1211 2795 deliciis,
1232 2738 1359 2797 quarum
1378 2723 1495 2779 ubertas
1519 2728 1603 2778 tanta
1625 2719 1669 2777 illi
1698 2717 1865 2775 alliuebatrt

409 2851 485 2903 m
499 2825 617 2904 CAPUT·
628 2847 653 2907 V
1032 2833 1103 2890 pene
1122 2823 1183 2888 post
1203 2827 1299 2886 regem
1320 2812 1350 2867 in
1373 2817 1431 2867 tota
1453 2808 1570 2881 regione
1596 2806 1698 2863 nullos
1719 2805 1813 2870 ditior,
1833 2812 1865 2856 net

656 2888 662 2903 ¹
992 2931 1012 2988 (l
1031 2907 1118 2965 rebus
1132 2902 1294 2975 opulentior
1313 2899 1474 2969 videretur;
1490 2910 1557 2953 cum
1578 2897 1708 2953 Romam
1724 2893 1767 2949 irc
1779 2889 1866 2953 debull

164 2983 581 3058 simoniveroinproprtavix
598 2988 634 3044 ad
648 2990 792 3047 modicum
808 2994 976 3069 quiescenti,
1031 2993 1245 3053 semonacbum
1266 2990 1424 3055 devovens,
1448 2990 1583 3042 sanctum
1607 2982 1789 3055 Eugcndum
1810 2977 1868 3033 adin

129 3088 195 3131 ecce
216 3088 267 3131 rex
297 3075 458 3147 Anglorum
489 3077 714 3146 potentissimus,
737 3079 899 3141 Willelmus
923 3101 978 3143 no·
1030 3082 1184 3154 disposuit:
1199 3094 1257 3152 quo
1269 3084 1422 3148 postquam
1442 3079 1617 3146 perventum
1634 3078 1690 3140 est,
1704 3070 1817 3143 junctis
1831 3066 1869 3124 sibi

130 3163 215 3230 mine,
232 3163 284 3233 qui
299 3177 364 3219 eum
378 3165 529 3234 nutrierat,
552 3165 589 3221 ad
604 3179 634 3221 se
656 3168 831 3227 veniendum
855 3173 911 3230 sub
926 3190 978 3231 ve·
1031 3173 1066 3230 de
1104 3169 1213 3228 lamilia
1245 3166 1420 3239 quibusdam
1448 3163 1519 3220 viris
1549 3160 1754 3228 nobilissimis,
1791 3168 1873 3215 omne

130 3249 242 3308 locitate
269 3251 428 3308 mandavit.
458 3253 583 3311 Additur
604 3254 690 3311 ctiam
719 3262 751 3312 ut
778 3259 892 3316 castello
926 3276 980 3319 nec
1032 3260 1139 3331 pariter
1167 3272 1234 3315 cum
1258 3255 1363 3328 gaudio
1395 3259 1501 3311 sancta
1540 3249 1706 3318 Trinitatis,
1744 3244 1875 3320 religionis

130 3338 209 3403 villa,
226 3339 281 3396 uisi
296 3340 384 3398 solius
405 3342 495 3399 noctis
515 3342 641 3414 quietem
665 3353 832 3414 assumeret,
857 3361 979 3406 uxorem
1033 3349 1166 3406 habitum
1181 3349 1381 3416 susceperunt.

130 3426 185 3483 sibl
207 3427 333 3486 debitam
354 3430 520 3487 nullomodo
544 3431 738 3502 desponsaret,
761 3435 858 3507 quoad
886 3452 980 3510 usque
1067 3437 1140 3496 Nam
1155 3450 1221 3492 cum
1237 3433 1306 3490 olim
1326 3431 1422 3488 adbuc
1446 3428 1475 3485 iu
1491 3425 1599 3485 saeculo
1612 3425 1732 3496 positus
1745 3425 1776 3481 iu
1790 3421 1876 3480 lebrin

132 3516 234 3574 adsui
262 3518 437 3590 colloquium
472 3519 711 3577 liortbmanniam
736 3521 857 3580 lestiuus
879 3539 979 3585 occur·
1033 3532 1188 3592 teneretur,
1215 3523 1318 3580 beatus
1340 3517 1522 3590 Amulphus,
1545 3522 1574 3573 et
1597 3514 1662 3586 ipse
1686 3521 1809 3571 sanctus
1828 3512 1878 3568 lin

133 3614 216 3664 reret.
232 3608 314 3665 Tunc
327 3609 374 3665 ille
396 3609 471 3680 regis
492 3618 622 3665 metuens
646 3609 782 3679 edictum,
800 3613 910 3684 absque
934 3629 979 3671 re·
1034 3615 1155 3687 gendus‚
1176 3611 1309 3682 aliusque
1331 3609 1417 3680 cujus
1431 3619 1535 3662 nomeu
1548 3610 1577 3662 et
1600 3603 1712 3661 laciem
1731 3601 1878 3675 ignorabat,

133 3698 458 3768 crastinationealiqua,
472 3697 523 3754 ubi
535 3697 980 3771 constitueratabire‚disposuit.
1033 3700 1184 3759 dormienti
1202 3698 1241 3756 illi
1256 3697 1285 3753 in
1309 3694 1447 3752 viridario
1466 3698 1684 3765 apparuerunt,
1707 3691 1881 3748 admonentes

169 3786 277 3843 Videas
291 3801 360 3859 ergo
379 3801 430 3843 rex
446 3786 482 3843 ad
503 3800 532 3842 se
547 3785 718 3854 venientem,
742 3787 823 3845 laetus
846 3789 978 3857 ellicitur,
1035 3798 1066 3849 ut
1080 3790 1150 3847 illuc
1163 3789 1264 3854 abiret,
1281 3785 1379 3858 ibique
1394 3785 1450 3841 Deo
1466 3780 1594 3839 militaus
1613 3785 1816 3850 permaneret,
1829 3789 1881 3848 pcr-

134 3883 241 3933 secreto
255 3891 362 3934 vocans
377 3889 454 3942 eum,
479 3881 507 3931 et
520 3873 664 3931 dicens:‹
689 3874 830 3941 Quoniam
857 3877 941 3935 iidem
953 3886 982 3936 et
1034 3892 1154 3936 manens
1168 3877 1223 3935 sub
1246 3875 1350 3932 abbate
1372 3870 1532 3929 monachus
1550 3867 1752 3925 ordinaretur
1772 3875 1801 3923 et
1813 3869 1881 3922 esset·

134 3963 314 4020 dilectionem
331 3970 410 4019 tuam
423 3977 460 4018 ex
484 3962 570 4034 longo
588 3970 725 4032 expertus
744 3978 819 4032 sum,
844 3973 872 4022 et
887 3966 980 4024 nutri·
1033 3968 1088 4035 Qui
1103 3967 1232 4025 statima
1255 3963 1359 4022 lectulo
1380 3973 1503 4031 surgens
1528 3956 1564 4014 ab
1590 3956 1773 4014 infirmitate
1790 3967 1884 4012 conra-

135 4059 265 4109 mentum
282 4065 387 4118 meum,
404 4050 482 4121 quod
494 4050 525 4106 in
547 4056 627 4106 teest
645 4059 834 4122 augmentare
850 4054 980 4125 cupiens,
1036 4057 1099 4125 luit,
1124 4063 1152 4113 et
1174 4068 1241 4112 voco
1259 4064 1365 4124 magna
1386 4047 1521 4106 clamavit
1543 4045 1664 4103 dicens:
1688 4044 1789 4102 Saum
1810 4055 1883 4105 sun;

136 4139 188 4210 qui
212 4153 264 4210 pro
290 4140 348 4195 lilia
369 4153 434 4195 mea
452 4138 584 4210 rogaturi
610 4138 661 4195 diu
684 4153 796 4195 mecum
820 4141 981 4198 conversati
1034 4151 1063 4203 et
1089 4145 1110 4201 ii
1135 4144 1187 4216 qui
1211 4141 1332 4198 aderaut
1357 4145 1415 4194 tres
1441 4132 1561 4201 domini,
1588 4133 1643 4191 ubi
1674 4141 1760 4202 sunt,
1787 4139 1814 4189 et
1837 4142 1884 4200 quo

136 4235 214 4298 sunt,
239 4229 315 4300 regis
339 4227 540 4298 llispaniarum
562 4225 680 4282 Anlursi
706 4224 750 4300 [A.
777 4227 926 4303 Alpbousil
952 4230 1018 4286 etD
1036 4231 1195 4289 abierunt?
1217 4228 1272 4298 Qui
1299 4240 1367 4284 vero
1395 4225 1431 4282 dc
1458 4221 1567 4280 lamilia
1602 4229 1769 4293 praesentes
1800 4218 1884 4276 adlue

137 4318 251 4376 Roberti
266 4317 404 4388 principis
426 4315 540 4386 Apulia
561 4314 697 4385 neglectis
718 4315 837 4384 nuntiis,
855 4316 903 4373 tibi
919 4331 983 4374 eam
1038 4327 1104 4377 rant
1119 4320 1283 4392 ignorantes
1292 4315 1363 4388 quid
1372 4313 1487 4379 diceret,
1503 4325 1534 4368 se
1548 4309 1667 4366 nescire
1681 4309 1807 4382 prolessi
1820 4311 1883 4364 sunt.

137 4406 253 4462 tradens
267 4405 297 4462 iu
310 4417 431 4463 uxorem
446 4411 473 4459 te
487 4401 570 4474 clegi,
585 4408 613 4457 tc
625 4402 877 4462 baereditatismeae
892 4405 984 4462 lilium
1073 4408 1167 4482 lgitur
1182 4405 1333 4471 Flaudriae,
1349 4399 1575 4464 Nortbmauniae,
1599 4400 1784 4470 caeterisque
1801 4395 1885 4456 Gallia-

137 4495 288 4566 adoptans.
310 4493 420 4550 bellciae
435 4505 506 4548 meae
521 4489 570 4545 tibi
584 4490 914 4563 reputabuntur;amici
929 4493 986 4550 mei
1037 4512 1104 4556 rum
1128 4495 1257 4568 partibus
1282 4506 1375 4563 usque
1398 4489 1434 4547 ad
1457 4488 1528 4545 does
1549 4486 1736 4555 Germaniae,
1757 4486 1830 4544 tanti
1844 4481 1884 4540 riri

138 4584 291 4651 tulerunt,
307 4591 334 4639 et
350 4580 457 4638 inimici
482 4577 621 4636 similiter.
641 4599 651 4626 ι
668 4579 705 4635 At
731 4579 791 4636 baec
819 4581 865 4639 vir
884 4583 986 4639 beatus
1038 4599 1155 4645 rumore
1166 4590 1299 4654 suscepto
1312 4589 1429 4651 stupore
1440 4575 1540 4648 repleti
1561 4575 1781 4646 mirabantur3
1797 4574 1884 4647 qnippe

139 4673 214 4729 banc
237 4671 342 4730 diaboli
362 4669 480 4726 credens
507 4665 735 4738 prosperitatem,
757 4668 809 4739 qui
829 4670 985 4728 electorum
1039 4672 1191 4744 quinctus
1219 4667 1385 4741 regionibus
1400 4665 1455 4721 illis
1480 4662 1604 4719 dilectus
1625 4661 1773 4732 Domino,
1797 4668 1825 4718 et
1841 4667 1884 4714 tau

138 4761 226 4817 corda
246 4760 345 4817 multis
376 4757 537 4815 circumdat
570 4754 693 4822 insidiis,
717 4754 786 4813 licet
810 4757 935 4817 nihilum
958 4767 987 4816 et
1039 4762 1147 4820 charus
1171 4759 1307 4815 omnibus
1332 4753 1403 4823 erat,
1427 4758 1573 4824 quatenus
1602 4749 1695 4822 lingo
1726 4746 1883 4823 Burgunda

140 4849 224 4906 inane
239 4849 323 4905 corde
336 4850 483 4917 reputans,
503 4844 612 4916 gratias
626 4849 720 4899 umen
740 4858 810 4902 voce
823 4847 987 4905 humillima
1039 4851 1111 4916 dux,
1133 4860 1286 4917 comesque
1312 4839 1537 4908 blatisoouensis,
1566 4836 1772 4910 ejusdemque
1795 4833 1884 4895 ordinis

140 4938 274 5005 relerens,
292 4937 435 4993 aiebam«
459 4934 596 5005 liagnum
619 4938 647 4987 et
669 4939 801 5001 apertum
823 4942 865 4992 est
880 4935 987 4993 benell·
1040 4936 1239 5011 quamplures,
1251 4932 1365 5005 pietatis
1377 4929 1482 4988 aflectu
1491 4935 1519 4985 et
1531 4926 1614 4983 illius
1624 4927 1742 4985 amoris
1752 4925 1882 4985 dulcedine

139 5028 216 5084 cium
231 5024 308 5097 quod
324 5022 454 5094 pueritia
470 5037 541 5079 mere
565 5017 737 5091 praestitisti;
762 5021 811 5078 sed
827 5029 921 5094 grates
934 5023 986 5080 tibi
1040 5023 1221 5092 iullammati,
1238 5034 1320 5080 arma
1338 5019 1512 5089 deponerent
1529 5013 1677 5071 seculum
1695 5015 1880 5087 relinquentes
1908 5093 1909 5100 ἵ

140 5115 230 5173 relero
257 5112 347 5170 multo
370 5111 474 5168 melius
497 5105 650 5183 pollicenti.
673 5107 803 5178 Dignitas
825 5116 885 5180 tua,
912 5111 987 5168 sicut
1039 5113 1110 5181 Quis
1125 5110 1202 5168 euim
1223 5108 1301 5166 illius
1314 5103 1446 5175 exemplo
1469 5100 1696 5161 couversionem
1715 5115 1829 5160 morum
1846 5111 1881 5168 pr

139 5204 278 5274 scriptum
291 5207 342 5266 cst,
368 5200 399 5257 in
421 5200 584 5258 humilitate
601 5200 756 5268 descendit,
775 5206 808 5256 ut
831 5199 985 5256 exaltetur.
1041 5202 1121 5258 nitus
1143 5212 1200 5254 nou
1216 5201 1372 5268 appeteret,
1399 5206 1432 5250 ac
1456 5191 1524 5249 vitae
1550 5190 1741 5261 propositum
1757 5192 1786 5247 in
1801 5187 1880 5246 melios

141 5291 294 5350 Humilitas
305 5302 379 5357 mea,
395 5289 449 5346 nisi
464 5290 494 5346 in
514 5289 674 5362 gratiarum
689 5288 800 5346 actione
816 5286 988 5358 tibilugiter
1041 5303 1099 5347 non
1126 5285 1277 5344 mutaret?
1300 5282 1415 5350 Nobiles
1440 5281 1547 5353 pariter
1571 5287 1602 5337 et
1625 5279 1785 5353 ignobiles,
1805 5275 1878 5336 audio

140 5379 322 5452 subjiciatur,
339 5385 466 5436 meretur
480 5385 512 5435 ut
537 5377 664 5435 deterius
684 5380 811 5432 corruat.
836 5374 874 5431 At
895 5374 988 5432 obsta·
1041 5377 1105 5450 ejus
1119 5374 1244 5442 nomine,
1261 5372 1461 5432 mutabantur.
1472 5367 1735 5442 Nuucadeaquaa
1744 5365 1878 5428 monachu

38 5510 43 5525 .
140 5469 239 5527 culum
262 5464 345 5521 nobis
366 5466 529 5537 opponitur,
553 5465 632 5537 quod
649 5464 732 5521 valde
757 5463 928 5535 ambiguum
946 5469 989 5521 est
1042 5461 1170 5534 explevit
1183 5461 1344 5518 redeamus.
