3818 6008
30 236 32 241 ¹
87 249 134 302 tat
533 244 961 303 taurominitanum&
983 243 1103 300 MARIAE
1120 242 1168 300 bn
1190 238 1390 299 rtuvlcnrtro
1793 241 1844 295 552

85 379 136 436 riae
148 377 325 436 dimittetur?
338 375 416 434 verbi
436 375 528 447 gratia
543 375 609 446 (25).
624 374 704 431 Certe
723 375 745 430 si
774 376 933 432 secondom
953 373 1053 444 Apari
1069 373 1195 430 omnimo
1213 386 1275 448 seso
1301 372 1432 427 ciborum
1455 376 1530 425 τοῦ
1551 370 1714 442 quantitate
1743 371 1845 427 disten

86 468 259 525 Platonicam
280 466 448 524 sententiam
469 463 588 534 spiritus
609 464 698 519 nostri
730 464 812 533 prius
835 479 935 520 crean-
992 463 1075 530 dunt,
1106 463 1144 517 ita
1171 461 1219 517 Dei
1259 461 1383 532 gratiam
1418 459 1501 531 longe
1535 459 1709 530 dispariliori
1736 467 1845 516 mentm

85 565 134 614 tur
148 571 236 628 quam
249 568 377 625 corpora,
399 560 491 624 posset
506 553 582 608 licus
600 552 723 621 cuipiam
748 551 862 622 spiritui
881 567 935 622 op·
992 550 1193 607 distributione
1217 556 1405 621 cognoscunt.
1435 548 1496 615 Quo
1525 563 1628 618 nempe
1655 550 1702 605 [lei
1741 548 1844 620 majori

84 647 190 702 tionem
200 645 268 700 dare
292 656 351 714 qna
366 642 450 699 vellet
471 641 615 712 procreari
639 655 676 697 ex
693 648 793 698 matre.
809 640 889 708 Quod
911 640 934 696 si
990 639 1057 710 quis
1083 653 1180 695 amore
1208 637 1393 708 examplatur
1419 638 1465 708 [s.,
1494 635 1711 711 exampliaturl,
1739 651 1783 704 eo,
1813 643 1843 692 ut

86 734 173 801 iteret,
190 745 278 803 quam
296 739 380 801 putas
402 730 448 786 ille
471 744 621 799 personam
637 729 688 784 sibi
705 729 756 799 ipsi
775 730 935 785 consciret?
989 727 1030 784 sic
1046 726 1148 794 dicam,
1169 726 1320 783 concavior
1337 726 1463 796 receptui
1484 726 1583 781 divino
1603 724 1844 795 probamentis

84 820 124 874 De
140 819 267 889 corporis
285 817 378 875 lcrtna
395 833 428 874 ac
444 817 612 873 habitudine
625 817 733 873 sileam.
751 816 824 883 Quid
850 818 935 872 hone
988 816 1055 872 solae
1070 815 1323 885 compunctionum
1338 814 1468 870 scintiliae
1483 814 1649 880 sulliciunt;
1664 813 1713 869 alii
1733 828 1842 884 super-

83 907 174 970 statis,
189 907 259 978 qnid
276 907 435 977 prudentiae
452 907 548 962 animo
562 906 625 976 ejus
645 919 679 961 ac
704 905 832 961 moribus
853 919 934 961 cotn-
988 919 1032 961 naa
1051 903 1299 973 contemplationis
1315 903 1391 959 locos
1413 904 1520 959 lerunt.
1545 903 1600 960 Pro
1624 903 1766 959 tenuitate
1786 901 1841 958 ita·

83 1000 218 1063 portaret,
239 993 278 1048 nil
303 992 400 1062 procul
431 991 519 1048 dubio
546 990 583 1046 illi
607 991 757 1058 adimeret,
783 1005 842 1061 quo
871 991 933 1062 ipsa
987 1006 1044 1062 que
1060 992 1219 1048 intellectus
1233 991 1335 1048 etlrdei
1352 991 1442 1062 aliqui
1460 1005 1548 1061 parvo
1565 991 1730 1061 implentur,
1748 989 1840 1061 aliqui

83 1081 148 1138 aliis
174 1081 316 1138 invidiosa
341 1094 397 1137 non
423 1087 505 1136 esset.
534 1079 561 1135 Si
586 1079 626 1135 sic
655 1078 780 1135 hominis
801 1078 930 1148 spiritus,
986 1094 1036 1150 pro
1051 1089 1153 1151 captos
1165 1079 1354 1151 amplitudine
1368 1094 1418 1151 per
1430 1079 1541 1136 inllnita
1561 1081 1731 1138 tenduntur.
1753 1078 1841 1136 Vides

83 1169 227 1226 civitatem
243 1168 393 1239 virginalis
418 1167 502 1232 uteri,
518 1180 605 1236 quam
628 1165 681 1222 sibi
703 1165 805 1221 tundat
825 1165 933 1221 Altissi·
985 1184 1053 1240 ergo
1081 1169 1257 1226 benedictam
1287 1169 1361 1225 iuter
1389 1176 1537 1225 creaturas
1565 1169 1711 1241 Virginem
1747 1181 1839 1238 quam

81 1273 158 1324 mus,
187 1273 246 1329 quo
274 1255 416 1327 potentior
442 1262 493 1322 est,
520 1269 615 1311 nonne
638 1254 686 1311 Dei
718 1254 808 1311 multo
840 1254 932 1325 magis
986 1259 1138 1329 peregrina
1160 1259 1233 1314 inter
1259 1258 1329 1314 alios
1354 1257 1515 1328 gratiarum
1542 1257 1719 1328 plenitudine
1741 1256 1837 1328 pollet,

83 1356 216 1420 perornat
237 1344 378 1416 Spiritus?
404 1344 528 1401 Securus
549 1343 622 1410 dico,
647 1343 669 1398 si
691 1342 797 1398 civium
824 1344 932 1413 pariter
985 1345 1122 1402 nimirum
1138 1360 1203 1417 quae
1218 1345 1306 1402 totius
1321 1344 1420 1416 gratiae
1435 1344 1589 1401 Auctorem
1605 1344 1689 1400 beata
1698 1343 1764 1399 alvo
1784 1357 1840 1399 coe·

82 1451 273 1508 supernorum
300 1433 394 1490 cordis
418 1433 481 1503 ejus
502 1440 673 1502 apparatum
695 1431 840 1501 explicare
869 1447 931 1501 pro
986 1434 1045 1491 lum
1063 1434 1137 1490 iacta
1152 1437 1288 1491 continet.

82 1533 220 1599 ponerent
246 1536 365 1595 organa,
409 1528 475 1577 ante
504 1521 658 1577 delicerent
690 1534 777 1590 quam
804 1521 930 1577 dicerent
1019 1523 1077 1580 Nec
1097 1524 1167 1579 iilud
1189 1523 1322 1594 denique,
1342 1522 1407 1578 licet
1433 1536 1555 1592 pravum
1580 1521 1725 1587 videatur,
1748 1519 1838 1576 omit-

82 1616 179 1687 digna.
192 1614 263 1671 Nam
278 1612 399 1682 sijuxta
409 1609 585 1679 apostolum,
603 1609 814 1678 principatibus
827 1616 855 1665 et
876 1624 930 1680 po·
986 1620 1055 1678 mm,
1082 1613 1159 1682 quod
1179 1612 1285 1683 virgini
1309 1611 1345 1667 ab
1368 1612 1469 1681 angelo
1495 1611 1641 1666 Elisabeth
1664 1611 1741 1666 senis
1764 1624 1837 1666 con·

83 1703 231 1760 testatibus
258 1699 383 1756 innotuit
407 1712 458 1768 per
486 1698 643 1753 Ecclesiam
671 1696 856 1754 multilormis
888 1712 931 1754 sa·
984 1709 1092 1772 ceptus,
1109 1715 1142 1756 ac
1167 1700 1191 1756 si
1222 1713 1272 1770 pro
1297 1700 1452 1756 astruenda
1478 1698 1531 1755 lide
1554 1699 1735 1769 proponitur,
1757 1697 1836 1768 quud

47 1789 186 1862 'pientia
201 1789 251 1845 Dei
268 1786 367 1859 (aptes
391 1801 431 1852 nr,
449 1787 501 1853 itii,
528 1786 696 1855 mysterium
719 1786 795 1855 quod
819 1785 847 1840 in
867 1786 930 1841 bla-
983 1804 1137 1859 nonquam
1168 1788 1293 1859 exempli
1317 1789 1412 1859 gratia
1440 1788 1477 1844 ab
1513 1788 1611 1843 eodem
1646 1787 1837 1843 induceretur

80 1880 124 1936 ria
137 1886 232 1934 actum
244 1884 295 1942 est,
312 1876 396 1945 cujus
411 1873 610 1944 perminimam
636 1875 823 1944 questionem
842 1875 930 1930 loan—
983 1878 1038 1934 nisi
1054 1886 1086 1933 ut
1109 1891 1248 1947 magnum
1273 1876 1379 1948 virgini
1396 1876 1553 1932 videretur.
1578 1876 1665 1932 Porro
1688 1876 1747 1931 Dec
1763 1875 1835 1947 quid

80 1982 131 2024 nes
150 1968 179 2023 in
203 1967 279 2022 natis
299 1963 451 2020 mulierum
471 1962 563 2033 major
584 1962 735 2019 enucleare
757 1977 814 2018 non
839 1970 929 2033 potest
982 1981 1121 2036 magnum
1144 1965 1198 2022 luit
1212 1965 1235 2021 si
1251 1964 1374 2035 virginis
1389 1979 1426 2021 ex
1443 1964 1550 2034 Spiritu
1567 1972 1666 2021 venter
1681 1964 1832 2030 intumuit,

80 2053 189 2125 (Multi.
219 2068 258 2117 xi,
287 2050 343 2121 ll‘y,
369 2049 513 2120 quomodo
539 2049 616 2119 apud
641 2050 716 2119 ipsos
744 2050 929 2119 expressibile
982 2055 1034 2127 qui
1056 2054 1123 2111 olim
1148 2061 1178 2110 ut
1201 2067 1250 2109 eas
1272 2053 1440 2110 lecundaret
1471 2054 1557 2123 aquis
1580 2053 1732 2110 incubuit?
1758 2054 1832 2109 Anni

78 2144 138 2202 esti
153 2144 181 2199 Si
196 2156 233 2198 ex
252 2141 297 2197 his
309 2154 375 2211 qoae
394 2141 470 2194 circa
491 2153 542 2194 nos
567 2138 632 2194 lecit
647 2152 699 2208 pcr
720 2137 823 2194 Filium
852 2139 929 2195 Deus
981 2143 1050 2198 dare
1086 2149 1253 2212 conceptum
1278 2156 1335 2198 non
1371 2141 1475 2197 minori
1501 2141 1635 2198 lacilitate
1674 2141 1831 2212 subjacuit.

78 2230 311 2304 quaealiquaodo
328 2228 498 2295 nescierant,
522 2227 693 2291 didicerunt,
706 2242 771 2297 quae
784 2227 813 2282 io
836 2230 928 2296 seipso
981 2232 1017 2288 At
1032 2231 1107 2287 inter
1131 2245 1184 2286 nos
1212 2245 1268 2286 non
1294 2230 1448 2286 minimum
1471 2244 1517 2286 res
1538 2230 1592 2287 ista
1611 2230 1831 2301 constringitur,

78 2320 208 2380 cbristus
225 2317 471 2390 egeritquomodo
488 2314 751 2384 comprehendenti
980 2319 1030 2376 ubi
1065 2319 1219 2375 ditficnttas
1252 2320 1339 2375 totius
1376 2326 1498 2382 natura.
1528 2318 1583 2375 imo
1616 2317 1832 2388 inpossibilitas

113 2408 240 2466 Gratiam
264 2420 332 2477 ergo
355 2405 396 2461 sic
423 2403 608 2473 accipiamus,
636 2409 668 2459 ut
699 2402 840 2473 quidquid
866 2403 927 2474 ipsa
979 2409 1142 2465 denotatur.
1163 2406 1191 2463 Si
1212 2407 1288 2464 enim
1317 2406 1405 2478 Virgo
1433 2421 1470 2462 cx
1499 2408 1554 2462 Deo
1578 2405 1761 2473 secundatur,
1791 2405 1831 2461 uil

78 2498 142 2566 luit,
158 2495 344 2568 singulariter
362 2493 498 2550 selectum
518 2492 554 2547 ab
575 2491 652 2547 omni
679 2489 806 2547 humana
830 2493 927 2549 tradu·
980 2497 1085 2552 mirum
1115 2503 1157 2552 est
1188 2495 1258 2566 qnia
1283 2502 1483 2551 creaturarum
1513 2509 1579 2564 quae
1602 2494 1663 2550 sine
1693 2495 1832 2550 masculis

77 2586 169 2644 ctione
196 2584 358 2651 credamus,
388 2588 421 2638 ut
445 2587 509 2651 pote
536 2594 625 2650 quam
656 2579 786 2636 inaudito
813 2581 926 2637 saeculis
979 2591 1118 2656 generant
1154 2586 1284 2654 exemplo
1323 2583 1479 2654 levigatur.
1516 2581 1581 2638 Sola
1624 2589 1686 2653 post
1725 2596 1829 2654 parum

77 2674 265 2746 privilegioa
292 2673 372 2727 Patre
395 2677 472 2725 etse
500 2668 552 2725 sibi
583 2675 701 2724 noverat
725 2669 924 2741 delegandam,
978 2673 1154 2744 virginitatis
1202 2672 1380 2729 conservatio
1423 2671 1520 2742 magni
1567 2671 1831 2741 incomparabiliter

78 2777 129 2834 per
156 2769 287 2818 sanctum
314 2758 449 2828 Spiritum
475 2757 562 2813 tantis
589 2757 691 2814 olllciis
723 2756 924 2826 affectandam,
978 2762 1149 2818 estimatur.
1177 2761 1217 2816 llli
1246 2761 1319 2818 nihil
1345 2760 1462 2816 omnino
1486 2759 1677 2829 componitur,
1706 2759 1777 2830 qnia
1803 2767 1831 2816 et

77 2851 157 2908 haud
180 2849 311 2914 dubium,
336 2847 359 2902 si
388 2846 510 2902 audeam
532 2846 635 2907 dicere,
662 2846 739 2917 qood
765 2854 792 2902 et
820 2846 923 2916 dicam,
979 2850 1111 2907 divinum
1136 2857 1178 2906 est
1207 2849 1283 2920 quod
1303 2856 1482 2919 procreatur,
1506 2857 1533 2904 et
1559 2849 1662 2920 prodit,
1682 2856 1710 2905 et
1735 2849 1764 2904 in
1781 2863 1829 2905 na·

78 2938 195 3013 quinio
214 2935 354 2993 creaturis
378 2933 514 2990 omnibus
537 2934 589 2990 sibi
613 2934 666 2990 soli
689 2934 716 2990 in
742 2942 827 3005 terra,
855 2938 924 2993 dum
944 2939 1054 3020 Cturis
1081 2954 1138 2995 non
1166 2937 1405 3008 exemplificatur.
1439 2938 1472 2993 ln
1510 2937 1628 2993 senibus
1665 2945 1762 2993 autem
1802 2945 1830 2994 et

77 3027 234 3091 adviveret,
252 3031 373 3081 etnunc
390 3021 501 3078 incoelo
525 3023 691 3078 secundam.
710 3024 808 3080 Gratia
827 3034 924 3083 autem
978 3025 1062 3083 elicto
1089 3040 1245 3095 corporea
1270 3025 1387 3098 genitali
1417 3025 1541 3095 potentia
1572 3023 1727 3095 utrobique
1761 3025 1830 3082 sub-

77 3114 243 3180 hcctotum,
261 3111 325 3168 licet
340 3111 504 3167 omnimodo
519 3112 661 3168 virtutum
684 3113 795 3170 ambitu
814 3113 844 3170 id
859 3129 924 3185 pro·
979 3114 1082 3182 ductis,
1113 3113 1154 3169 nil
1180 3114 1277 3170 minus
1299 3114 1443 3185 appretior
1469 3114 1493 3168 si
1520 3121 1666 3183 generent,
1690 3127 1781 3184 quam
1806 3114 1830 3170 si

76 3208 258 3274 sequeretur,
273 3200 337 3268 luit,
358 3200 428 3271 quia
446 3199 528 3256 nulla
554 3201 657 3267 virtus,
678 3200 792 3258 nullum
811 3203 924 3259 exerci-

77 3291 161 3358 tium,
186 3304 244 3346 ncn
260 3288 462 3360 cuiuscunque
486 3289 580 3345 meriti
601 3287 682 3344 labor
706 3288 861 3360 impensus,
888 3289 923 3346 ad

76 3375 258 3434 emerendam
273 3374 398 3446 cuipiam
415 3374 526 3431 leminae
541 3374 590 3430 Dei
607 3375 819 3445 conceptionem
840 3376 923 3433 suill-

76 3471 161 3533 cerat,
179 3463 234 3520 nisi
258 3464 405 3535 gratiaci
423 3464 484 3521 baec
503 3478 561 3520 nco
587 3463 670 3519 ruodo
692 3463 853 3532 inedabilis,
874 3465 923 3522 sed

75 3551 305 3626 inexcogitabilis
325 3552 403 3608 omni
428 3561 531 3623 prater
562 3553 651 3627 Deum
667 3558 779 3608 naturae
799 3553 921 3623 praeiret.

111 3643 164 3700 Sed
176 3643 239 3714 ipsa
259 3642 406 3712 plenitudo
425 3656 491 3713 quae
509 3643 555 3708 sit,
574 3641 681 3712 pariter
700 3641 922 3712 attendendum3

75 3747 143 3790 nam
158 3732 275 3789 lorsitan
296 3732 349 3802 ipsi
364 3730 525 3802 specialitas
540 3729 643 3786 delerri
660 3745 717 3786 non
740 3738 839 3799 potest,
857 3745 922 3801 quae

75 3822 173 3879 multis
198 3821 362 3878 ascribitur.
382 3819 411 3876 Si
435 3819 511 3876 enim
538 3820 600 3876 haeo
621 3817 704 3890 plena
724 3818 800 3888 (Luc.
825 3835 844 3885 ι,
865 3818 920 3888 28),

75 3917 102 3967 et
117 3911 263 3967 Elisabeth
286 3909 393 3965 dicitur
416 3908 522 3979 repleta
546 3908 636 3979 (ibid,
665 3907 721 3980 ll),
743 3916 770 3965 ct
784 3907 819 3964 de
834 3907 923 3978 pluri·

74 4001 129 4056 mis
146 3998 217 4055 alias
240 3998 316 4054 idem
337 3996 446 4054 allatim
467 3997 619 4067 reperitur,
642 3995 691 4052 sed
706 3996 810 4052 barum
830 3996 920 4068 pieni-

75 4088 211 4145 tudinum
243 4093 324 4142 tauta
349 4099 409 4142 esse
444 4084 624 4156 dignoscitur
648 4097 719 4154 pene
759 4085 920 4156 diversitas,

75 4183 188 4247 quanta
216 4174 357 4232 bonorum
388 4173 551 4231 animorum
580 4179 622 4230 est
647 4173 756 4243 ubique
786 4174 920 4233 varietas.

978 3202 1029 3258 liat
1057 3202 1223 3274 hujusmodi
1253 3202 1454 3258 commercium
1485 3200 1575 3258 lertile
1600 3201 1628 3256 in
1660 3201 1830 3272 impubibus

978 3291 1072 3348 annis.
1101 3291 1137 3348 At
1165 3291 1256 3347 multo
1285 3291 1396 3360 minus;
1427 3304 1495 3345 nam
1528 3290 1556 3345 in
1581 3291 1678 3359 pueris
1703 3298 1829 3347 natura-

978 3379 1042 3438 liter
1066 3380 1198 3437 coalescit
1236 3379 1323 3447 calor,
1350 3386 1378 3434 et
1403 3378 1518 3449 physice
1547 3386 1751 3435 veteranorum
1784 3379 1828 3435 in·

975 3468 1131 3526 eldcaciam
1155 3468 1191 3523 ad
1215 3466 1393 3539 gignendum
1415 3465 1594 3536 juvat,dum
1620 3465 1699 3536 quod
1724 3465 1753 3522 in
1785 3467 1829 3524 bis

977 3557 1135 3629 congelatio
1164 3555 1314 3627 sanguinis
1340 3554 1468 3625 impedit,
1495 3554 1524 3609 in
1545 3553 1642 3611 alteris
1668 3554 1829 3624 primaevus

978 3646 1072 3702 lervor
1100 3644 1290 3715 explicatio
1319 3657 1430 3700 summe
1453 3657 1523 3714 ergo
1549 3643 1699 3712 decrepitis
1725 3646 1828 3702 restit

978 3741 1108 3804 prompta
1144 3732 1293 3800 miraculo,
1319 3731 1388 3788 dum
1417 3731 1486 3788 binc
1517 3730 1688 3788 mulieribus
1726 3739 1829 3791 treme

978 3823 1075 3879 bundo
1091 3822 1152 3899 jam
1180 3822 1258 3878 senio
1288 3834 1345 3877 non
1375 3819 1511 3877 incidenti
1531 3819 1630 3890 aliqua
1657 3819 1828 3880 infirmitate

976 3911 1158 3979 vacantibus,
1176 3909 1253 3966 illinc
1276 3908 1389 3966 viribus
1403 3922 1420 3964 a
1432 3907 1513 3964 solito
1533 3908 1627 3964 calore
1647 3921 1681 3965 ac
1703 3910 1828 3967 humore

975 3999 1133 4066 exhaustis,
1162 3998 1233 4054 nihil
1260 4005 1302 4054 est
1324 3997 1448 4067 proiecto
1473 3995 1580 4054 residui
1602 3998 1679 4068 qood
1712 4007 1826 4057 motum

976 4087 1150 4158 cujuspiam,
1189 4101 1247 4142 non
1280 4086 1343 4143 dico
1372 4085 1527 4156 voluptatis
1555 4085 1603 4142 sed
1637 4086 1680 4143 vel
1713 4089 1827 4146 munis-

976 4176 1055 4232 simae
1070 4176 1229 4233 voluntatis
1248 4175 1412 4231 exsuscitet.
1434 4174 1514 4231 Unde
1538 4175 1645 4232 Paulus
1667 4175 1755 4234 tidem
1775 4193 1826 4236 su·

74 4263 173 4332 Quota
188 4263 271 4334 plane
283 4271 352 4320 sunt
370 4261 627 4319 innumerabilium
651 4260 823 4332 capacitates
839 4277 921 4320 vaso·
940 4305 963 4361 D
979 4279 1029 4335 per
1059 4265 1113 4321 boc
1155 4264 1279 4320 Abrahae
1310 4263 1354 4320 vel
1388 4262 1566 4333 potissimum
1598 4263 1710 4334 probat,
1746 4268 1825 4338 quod

72 4366 150 4421 rum,
176 4359 216 4408 tot
241 4352 299 4409 lere
324 4358 455 4408 constant
469 4349 545 4406 modi
575 4356 704 4406 statuum
732 4349 920 4408 internorum.
979 4357 1130 4408 cantuum
1157 4368 1255 4422 corpus
1283 4357 1413 4407 suamet
1439 4357 1588 4406 emortuum
1610 4353 1721 4408 cuicum
1749 4355 1826 4412 Sara

74 4439 240 4497 Secundum
281 4439 429 4510 propriam
458 4438 563 4495 etenim
596 4438 738 4509 cujusque
771 4438 922 4496 virtutem.
977 4442 1065 4515 (liora.
1098 4455 1136 4503 iv,
1174 4441 1217 4510 ib)
1254 4440 1366 4506 viderit,
1401 4447 1429 4496 et
1470 4447 1571 4496 contra
1604 4454 1683 4511 spem
1714 4441 1745 4499 in
1776 4459 1825 4516 spe

71 4528 151 4600 justa
179 4528 370 4599 Evangelium
401 4525 436 4585 de'
461 4525 575 4584 talentis
597 4526 707 4598 (Metti.
730 4541 797 4594 xxv,
816 4530 871 4598 lb),
893 4529 924 4584 ti-
976 4527 1135 4584 crediderit.
1165 4527 1193 4583 Si
1223 4535 1326 4597 prater
1366 4534 1478 4584 naturae
1515 4527 1590 4599 leges
1621 4529 1658 4585 ab
1687 4531 1825 4589 omnibns

73 4616 187 4689 deique,
208 4617 294 4688 juxta
313 4617 489 4688 Apostolum,
514 4630 681 4673 mensuram
704 4615 790 4685 (Rom⁸
815 4631 865 4685 xri,
882 4617 920 4689 3),
975 4615 1136 4673 aestimatur
1154 4615 1232 4686 quod
1247 4615 1325 4686 apud
1354 4615 1559 4685 Hieronymum
1587 4629 1660 4686 puer
1682 4619 1825 4677 novennis

15 4730 16 4734 ¹
73 4704 101 4762 id
116 4712 157 4763 est
171 4705 331 4761 monadum
347 4705 425 4777 quod
445 4719 592 4777 quemque
605 4718 706 4775 capere
725 4705 856 4775 possibile
869 4708 921 4773 est,
974 4718 1042 4760 eum
1063 4704 1233 4760 muliercula
1257 4705 1354 4772 coisse,
1374 4711 1401 4762 et
1425 4704 1531 4774 prolem
1552 4704 1690 4762 extulisse
1714 4707 1825 4765 descri-

72 4787 271 4845 muniiicentia
293 4787 342 4844 Dei
362 4795 413 4845 est.
439 4789 510 4859 lpsae
540 4802 657 4858 qnoque
682 4788 854 4858 capacitates
870 4803 922 4859 pro
976 4790 1063 4857 bitur,
1077 4790 1180 4860 multo,
1195 4797 1227 4847 ut
1239 4791 1281 4847 sic
1296 4791 1400 4858 dicam,
1413 4791 1615 4848 exnaturalius
1628 4798 1670 4849 est
1685 4793 1765 4864 quod
1784 4794 1821 4862 bi,

72 4889 227 4946 corporum
255 4874 479 4948 animorumque
501 4876 643 4946 aetatibus,
665 4884 716 4933 aut
743 4876 922 4934 deteriorant·
975 4878 1084 4949 quibus
1095 4879 1189 4934 omnis
1202 4879 1350 4950 ingenitus
1364 4879 1458 4936 lervor
1481 4879 1605 4946 relrixit,
1625 4880 1660 4936 ad
1678 4881 1823 4953 integrum

72 4971 131 5033 tur,
159 4971 211 5022 aut
238 4973 381 5021 crescunt.
409 4965 499 5022 Aliter
521 4968 598 5022 enim
628 4967 716 5023 sensit
737 4967 862 5022 ioannes
891 4965 921 5021 in
976 4980 1031 5023 nec
1052 4965 1221 5023 alterutrius
1246 4965 1386 5022 vivacitas
1412 4974 1504 5036 potest
1536 4965 1680 5038 suppleri,
1700 4975 1823 5042 utroque

73 5067 171 5123 puero,
202 5052 285 5109 aliter
311 5066 428 5124 corpore
459 5052 600 5110 intellexit
628 5053 735 5110 adulto.
771 5052 923 5110 Plenitudo
977 5061 1106 5124 torpente
1133 5069 1183 5124 per
1198 5055 1320 5111 alterum
1341 5053 1584 5125 expergiscuntur
1604 5056 1639 5112 ad
1663 5055 1766 5114 letum.

72 5141 162 5212 igitur
178 5155 230 5212 pro
257 5141 305 5198 Dei
329 5156 459 5208 munere,
483 5150 510 5199 et
530 5156 585 5199 sua
612 5141 762 5198 devotione
782 5139 847 5210 plus
868 5140 923 5196 mi·
1011 5142 1074 5199 Non
1094 5141 1185 5214 igitur
1208 5143 1245 5199 ab
1266 5158 1296 5200 rc
1317 5142 1465 5198 Elisabeth
1486 5151 1609 5215 cognata
1632 5144 1731 5203 biariae
1756 5160 1823 5219 pro-

71 5243 164 5287 nusve
179 5228 289 5300 recipit.
305 5229 385 5288 Sient
403 5231 480 5287 enim
496 5229 705 5288 comedentium
728 5234 843 5285 ventres
860 5228 922 5286 dis-
976 5229 1103 5301 ponitur,
1130 5230 1202 5301 quia
1223 5231 1278 5286 nisi
1301 5230 1473 5287 omnimodis
1491 5232 1569 5303 apud
1584 5240 1704 5290 cunctos
1726 5233 1822 5307 inspe-

107 5419 162 5491 (25)
174 5415 247 5476 Vide
265 5422 363 5475 nomm
379 5418 388 5454 ¹
401 5417 438 5474 ad
450 5417 557 5474 calcem
570 5416 705 5488 Operum.
