3818 6008
699 212 881 271 boettttttt
903 214 937 272 lN
957 216 1105 277 onbsstrt
1127 219 1194 276 LlB.
1215 218 1246 275 V.

1802 232 1851 285 1311

928 453 1001 459 —-.
1013 454 1331 462 --—--...—-—
1340 456 1847 470 ———-.--..——-—-——..

679 636 856 710 lNClPlT
884 638 1026 712 LIBER
1054 638 1265 725 QUINTUS

475 852 904 962 MORALIUM
959 858 1039 962 IN
1097 859 1457 967 GENESIM.

839 1124 1091 1137 *-

123 1383 189 1440 Sico
204 1384 345 1456 quosdam
364 1399 421 1440 non
439 1384 532 1455 aquis
556 1383 646 1441 oculis
659 1396 693 1441 ea
708 1400 774 1456 quae
795 1387 937 1442 dictamus
955 1387 978 1439 A
993 1387 1187 1444 hereditatem
1198 1395 1335 1456 nostram,
1350 1391 1467 1459 praemia
1482 1391 1589 1449 scilicet
1603 1409 1669 1464 qum
1684 1411 1838 1466 meremur,

88 1472 249 1541 attendere,
272 1480 300 1528 et
314 1473 349 1530 dc
364 1487 462 1530 rerum
478 1487 619 1531 novarum
641 1473 836 1531 molitionibus
858 1488 939 1531 coar·

88 1568 184 1633 gntus,
200 1560 242 1640 ad¹
256 1561 361 1617 vitium
377 1576 443 1632 quae
458 1563 502 1632 pie
518 1563 645 1633 gerimus
667 1562 870 1634 intorquendo,
888 1577 939 1618 nos

86 1651 140 1707 etsi
165 1651 288 1708 latenter
310 1657 405 1707 tamen
426 1650 610 1707 mordacibus
637 1652 766 1708 susurris
792 1651 938 1720 impetere.

86 1740 203 1797 Novum
227 1740 312 1810 plane
329 1747 370 1796 est
386 1739 463 1810 quod
478 1739 622 1806 cudimus,
643 1739 673 1794 in
695 1736 776 1795 nullo
790 1739 895 1795 dissoni
923 1753 940 1794 a

86 1828 244 1893 veteribus,
276 1835 327 1884 aut
357 1828 421 1895 bdc,
447 1835 498 1883 aut
517 1827 656 1893 sensibus,
687 1828 757 1897 quia
777 1828 937 1884 secuudum

86 1915 155 1972 novi
181 1916 311 1972 mandati
326 1916 493 1972 charitatem
512 1917 637 1987 agimus,
654 1916 718 1972 etsi
734 1916 770 1972 ab
791 1916 939 1986 aliquibus

86 2004 228 2072 rodimur,
246 2020 312 2061 cum
332 2006 378 2060 bis
394 2019 467 2076 quos
480 2015 591 2062 veteres
605 2013 633 2061 ει
647 2007 781 2076 antiquos
801 2006 937 2072 vocitant,

84 2093 291 2164 aequanimiter
318 2094 379 2149 rodi
395 2109 446 2150 nos
470 2094 606 2164 patimur.
632 2094 710 2150 ldcm
731 2094 855 2164 prolecto
879 2094 939 2150 suis

85 2181 246 2237 toleravere
271 2181 460 2250 temporibus,
482 2182 558 2238 unde
581 2188 608 2238 ct
637 2196 688 2238 nos
707 2183 827 2239 scientes
852 2183 938 2254 juxta

86 2267 260 2338 Apostolum
283 2271 322 2338 ill
342 2270 401 2326 Cor.
430 2284 449 2334 r,
473 2272 501 2336 b)
522 2270 651 2326 eamdem
676 2269 842 2340 passionum
870 2269 937 2325 tole-

86 2358 211 2414 rantiam
238 2357 276 2422 ci,
296 2373 362 2429 quae
387 2357 415 2413 in
437 2358 545 2413 mundo
560 2364 612 2425 est,
637 2365 742 2413 nostrae
766 2357 937 2414 traternitati

86 2445 158 2503 lieri.
175 2460 214 2501 ex
230 2446 288 2503 Deo
302 2446 422 2503 tutiores
436 2453 529 2516 copta
545 2446 758 2517 prosequimur.

413 2541 530 2600 CAPUT
550 2544 611 2600 XV.
942 2604 944 2609 ,

120 2633 211 2691 vans.
242 2636 267 2687 l.
299 2662 330 2673 -
357 2633 457 2687 Factus
481 2637 520 2686 cst
543 2647 629 2687 sermo
646 2634 752 2687 Domini
774 2633 812 2688 ad
832 2634 935 2689 Abram

993 1482 1141 1542 asportat:
1162 1476 1240 1532 illius
1261 1490 1328 1547 opes
1349 1486 1503 1548 assumpta
1521 1495 1569 1551 per
1587 1482 1675 1538 lilium
1700 1498 1840 1554 procura-

993 1564 1071 1627 toris,
1090 1562 1174 1619 idest
1192 1574 1242 1633 per
1262 1579 1348 1634 opera
1364 1568 1508 1636 appetitus
1523 1568 1647 1636 lucrant,
1669 1572 1715 1626 cui
1733 1572 1841 1629 dictum

992 1658 1054 1706 cst:
1079 1653 1214 1721 Decepisti
1236 1653 1304 1708 bona
1328 1659 1357 1709 in
1375 1658 1433 1710 cita
1454 1661 1501 1711 teto
1527 1660 1600 1715 lbere.
1617 1674 1675 1723 arr,
1699 1662 1759 1730 25),
1782 1662 1842 1716 Da·

992 1750 1107 1793 mascus
1135 1753 1261 1810 namque
1292 1743 1463 1813 sanguinem
1490 1745 1591 1800 bibens
1620 1747 1662 1801 vel
1690 1749 1841 1818 sanguinis

991 1826 1093 1882 oculus
1119 1827 1234 1884 dicitur.
1263 1831 1317 1886 lste
1340 1839 1382 1887 est
1409 1847 1496 1902 quem
1528 1834 1667 1890 Dominus
1694 1837 1839 1894 sinistram

992 1922 1074 1970 vocat
1100 1917 1211 1982 (llottli.
1232 1933 1270 1985 vr,
1295 1919 1332 1990 3),
1349 1934 1366 1974 a
1389 1935 1447 1990 quo
1462 1936 1563 1978 cavere
1576 1922 1696 1993 iubetur
1712 1926 1839 1997 dextera,

992 2003 1041 2073 qrri
1054 2004 1125 2060 bibit
1136 2005 1327 2075 iniquitatem,
1341 2008 1368 2063 id
1381 2018 1422 2065 εει
1433 2011 1615 2079 sanguinem,
1627 2015 1710 2083 attasi
1721 2029 1840 2087 aquam,

991 2099 1018 2147 et
1032 2093 1160 2160 oculum,
1177 2095 1260 2150 idest
1276 2097 1473 2164 intentionem,
1486 2099 1571 2155 babet
1586 2101 1621 2156 ad
1639 2110 1754 2171 peccata
1772 2118 1841 2174 pro-

991 2180 1109 2237 clivem:
1127 2182 1234 2239 Eliezer
1248 2190 1343 2239 autem
1361 2185 1436 2242 Deus
1451 2201 1532 2243 meus
1548 2189 1672 2260 adjutor,
1688 2206 1746 2247 non
1762 2193 1840 2263 quod

992 2270 1148 2327 Damascus
1176 2272 1205 2326 in
1220 2273 1363 2344 adjutorio
1378 2275 1518 2332 Altissimi
1532 2287 1734 2350 commoretur,
1756 2288 1788 2338 ut
1810 2282 1840 2338 in

992 2358 1088 2413 anima
1109 2360 1246 2426 salvetur,
1267 2362 1316 2416 sed
1341 2362 1419 2433 quod
1441 2369 1489 2418 od
1515 2365 1606 2422 Deum
1628 2367 1788 2439 adjutorem
1810 2371 1840 2427 in

991 2444 1058 2500 solis
1079 2445 1133 2502 sibi
1157 2449 1353 2518 corporalibus
1369 2450 1547 2520 deprecetur,
1564 2454 1641 2510 uude
1656 2462 1698 2511 εει
1716 2470 1722 2510 :
1746 2457 1839 2513 Oratio

991 2534 1049 2602 ejus
1077 2523 1129 2605 fiat
1155 2538 1184 2589 in
1208 2543 1347 2606 peccatum
1373 2539 1460 2608 (Psoi.
1480 2544 1568 2606 ertit),
1595 2540 1622 2596 id
1648 2548 1766 2599 esloret
1788 2559 1840 2614 pro

993 2624 1199 2693 temporalibus
1212 2625 1315 2681 solum.
1334 2627 1369 2682 m
1386 2641 1391 2681 :
1414 2628 1672 2699 coriosolitarum,
1688 2647 1747 2686 com
1760 2633 1840 2687 dene-

83 2738 134 2791 ΡΝ
147 2723 278 2776 „monem
295 2721 406 2776 grem:
433 2721 498 2776 Nor,-
518 2723 619 2786 gemm,
647 2721 761 2789 Abram,
777 2736 824 2787 090
844 2728 936 2792 prore.
958 2692 1087 2777 Bracaris
1108 2715 1134 2765 ei
1156 2714 1237 2782 (Psoi.
1263 2729 1359 2782 xavru,
1384 2718 1439 2781 till.
1464 2717 1644 2775 vernaculus
1659 2721 1764 2791 quippe
1786 2730 1838 2788 est,

84 2815 141 2865 rior
156 2814 220 2864 tous
241 2824 312 2877 sum,
331 2813 356 2862 et
369 2823 468 2863 merces
485 2813 532 2863 tua
548 2825 648 2879 magno
665 2811 758 2864 nimis.
782 2809 936 2881 Postquam

84 2906 204 2969 paterne
241 2898 384 2955 internam
421 2897 570 2966 lamiliam,
612 2897 799 2969 cogitationes
831 2898 936 2955 scilicet

82 3000 163 3053 suas,
189 3001 247 3042 nou
268 2987 368 3043 timore
391 2987 487 3043 servili
514 2986 665 3058 religiosus
688 2988 814 3059 quisquc
839 3001 936 3058 regere

82 3075 213 3146 caeperit,
239 3075 371 3132 excelsus
396 3074 463 3146 jure
486 3075 602 3144 dicitur,
623 3075 675 3145 qui
696 3075 732 3132 ad
749 3075 821 3135 benc
845 3090 936 3145 agen-

81 3165 153 3221 dum
178 3180 237 3221 non
259 3171 373 3221 terreno
387 3165 504 3230 damno,
529 3170 580 3220 aut
594 3163 753 3230 commodo,
778 3166 935 3222 autetiam

82 3255 228 3325 gehenna,
241 3254 289 3310 sed
303 3252 409 3310 caelesti
425 3252 543 3323 praemto
556 3252 674 3308 ducitur
689 3267 695 3306 :
713 3251 758 3309 isti
773 3267 841 3325 ergo
861 3261 936 3324 post-

81 3357 172 3412 auam
195 3342 373 3412 temporalia,
396 3356 462 3414 quae
478 3347 605 3413 quatuor
628 3341 783 3413 signantur
807 3342 933 3413 regibus.

81 3438 183 3487 contra
207 3432 340 3502 quinque
363 3437 474 3487 nostros
497 3444 584 3486 seusu
609 3429 678 3486 alios
700 3429 832 3487 videlicet
854 3445 935 3512 reges

81 3518 219 3575 bellantia
246 3521 426 3590 percusserit,
458 3525 486 3575 et
515 3518 649 3583 decimas,
682 3518 709 3574 id
737 3526 779 3574 cst
808 3519 933 3575 victoria

80 3607 285 3679 perlectionem
324 3607 385 3679 regi
417 3607 495 3679 pacis
530 3607 747 3673 Melchisedech,
786 3622 845 3664 non
880 3607 932 3663 sibi

80 3696 256 3763 attribuerit,
287 3695 366 3762 buic,
391 3696 524 3767 inquam,
548 3695 624 3750 Patri
649 3709 717 3751 vere
736 3696 858 3764 excelso,
883 3712 934 3766 per

80 3786 232 3851 visionem,
261 3783 290 3841 id
311 3791 354 3841 est
368 3784 453 3841 corde
465 3783 609 3855 vigilanti,
625 3783 673 3839 scd
688 3798 806 3853 corpore
820 3799 838 3840 a
854 3787 933 3841 curis

991 2814 1048 2854 non
1072 2800 1190 2857 domum
1216 2809 1351 2871 expetens
1375 2810 1549 2867 manentem,
1574 2807 1622 2863 sed
1648 2809 1840 2877 quantulam·

989 2902 1106 2959 cunque
1130 2890 1325 2959 temporaliter
1351 2893 1518 2958 mercedem,
1539 2908 1592 2950 nec
1608 2895 1773 2964 Dominum,
1789 2898 1839 2954 sed

990 2975 1103 3031 Domini
1119 2978 1328 3034 munusculum
1351 2988 1443 3047 amat;
1466 2981 1538 3036 nibil
1554 2990 1649 3038 autem
1666 2997 1723 3039 nou
1737 2983 1838 3040 dedisti

989 3077 1096 3130 semen,
1118 3064 1197 3134 quia,
1214 3065 1322 3121 carnali
1339 3080 1401 3122 meo
1419 3068 1547 3138 appetitu
1563 3076 1668 3125 terram
1685 3071 1836 3142 lambente,

989 3151 1106 3222 dignam
1128 3161 1236 3209 aeterna
1259 3154 1389 3210 mercede
1411 3155 1440 3210 in
1464 3170 1508 3212 me
1531 3170 1588 3212 non
1613 3159 1723 3228 reperio
1746 3161 1837 3217 actio-

989 3253 1065 3295 nem.

1026 3337 1110 3392 Vsus.
1125 3339 1152 3403 l,
1169 3341 1194 3392 5.
1210 3366 1246 3380 -
1265 3340 1324 3395 Non
1339 3341 1401 3405 crit,
1418 3339 1513 3410 inquit
1528 3342 1677 3408 Dominus,
1695 3346 1738 3399 bic
1753 3344 1836 3401 berea

989 3429 1060 3491 tuas,
1086 3426 1133 3480 sed
1152 3430 1200 3495 qai
1222 3428 1376 3495 egredietur
1397 3428 1430 3482 de
1451 3434 1526 3484 rilem
1550 3436 1595 3487 tuo
1610 3434 1700 3501 ipsum
1725 3434 1835 3490 babebis

988 3514 1127 3568 becedam.
1153 3516 1311 3585 Muciique
1336 3533 1395 3571 eum
1415 3520 1492 3584 foros
1516 3524 1542 3573 el
1565 3524 1605 3575 cit
1628 3520 1695 3575 illi:
1725 3522 1836 3593 suscipe

986 3603 1081 3657 coriam
1106 3607 1131 3657 ct
1160 3619 1272 3658 aramcra
1294 3606 1396 3671 stellas,
1428 3607 1454 3660 si
1480 3608 1631 3675 pelessae
1661 3613 1713 3664 erit
1747 3625 1836 3666 semen

988 3695 1073 3744 trium.
1097 3691 1149 3746 Per
1165 3698 1279 3748 uterum
1302 3694 1481 3749 secretiorem
1507 3695 1597 3751 nostri
1614 3697 1757 3753 interioris
1779 3699 1834 3755 bo-

988 3778 1072 3833 minis
1110 3784 1231 3847 partem,
1269 3779 1492 3836 rationalitatem
1528 3781 1666 3839 debemus
1695 3784 1833 3856 accipere,

80 3872 244 3929 iprensibus
276 3872 423 3942 consopito
449 3872 569 3944 inspirat
597 3873 688 3942 Deus;
719 3873 826 3928 Abram
855 3874 931 3930 enim
986 3876 1075 3934 (lilim
1096 3872 1231 3934 Dl0l⁰⁰³l
1256 3865 1370 3922 David:
1396 3867 1503 3935 Omnia,
1526 3869 1575 3937 «iil,
1611 3872 1743 3926 ''nltrlora
1764 3888 1833 3939 mea,

78 3962 187 4017 dicitur
201 3967 284 4031 pater
296 3961 437 4017 excelsus.
453 3961 515 4018 Noli
531 3960 639 4024 timere,
656 3961 762 4031 inquit,
781 3961 850 4032 quia
863 3969 931 4018 tuus
951 3990 970 4043 C
987 3953 1133 4007 benedicite
1156 3955 1270 4008 barcino
1293 3956 1377 4021 (Prot.
1408 3971 1456 4023 ⁰¹¹,
1489 3961 1529 4026 tb
1554 3964 1581 4015 θῑ
1605 3958 1696 4015 alibi:
1726 3963 1756 4016 ln
1775 3963 1834 4017 vito

78 4049 105 4104 in
140 4049 222 4106 omui
254 4061 303 4105 ero
329 4049 482 4106 tentatione
513 4055 665 4119 protector,
695 4063 730 4103 oe
758 4047 873 4114 labaris,
904 4056 931 4104 ει
983 4057 1033 4096 svtt
1048 4043 1165 4112 projecit
1179 4044 1277 4097 intimo
1299 4059 1351 4098 svo
1374 4045 1468 4116 (Ereti.
1484 4061 1513 4113 x,
1541 4048 1594 4116 10).
1617 4047 1753 4118 Quiergo
1775 4063 1832 4104 non

78 4151 185 4209 magna
199 4151 308 4194 merces
322 4137 352 4194 in
365 4136 476 4208 praemii
491 4136 643 4208 largitione
658 4136 808 4206 reponitur
822 4137 883 4192 tibi.
895 4165 931 4178 -
983 4130 1018 4186 de
1044 4130 1229 4187 sensualitate
1247 4146 1329 4202 vaga.
1351 4134 1398 4189 sed
1422 4134 1456 4190 de
1479 4134 1607 4191 interiori
1630 4150 1664 4191 ae
1691 4137 1831 4208 superiori

78 4226 176 4294 (Vens.
201 4226 241 4296 2.)
256 4226 502 4297 Diaitqoedbrom
519 4241 525 4280 :
543 4228 653 4281 Dominae
672 4228 751 4292 Deris,
768 4225 837 4296 quid
850 4224 930 4279 dabis
984 4227 1081 4274 nostra
1097 4219 1217 4275 essentia
1232 4219 1463 4277 intellectualiter
1477 4224 1619 4280 emittitur
1633 4233 1725 4290 actus,
1750 4225 1774 4279 is
1788 4233 1831 4281 εει

77 4315 171 4370 mibi?
183 4312 259 4380 Quid
274 4312 386 4383 praemii
408 4312 479 4369 mibi
498 4312 650 4384 polliceris,
668 4313 718 4383 qui
734 4326 838 4368 causas
853 4327 930 4383 pra·
983 4306 1074 4363 hares
1090 4315 1194 4375 noster,
1215 4308 1237 4363 si
1251 4309 1397 4376 volumus,
1422 4311 1492 4381 quia
1513 4311 1548 4367 ad
1567 4312 1662 4382 ipsum
1684 4313 1735 4384 qui
1751 4313 1832 4385 origo

78 4401 216 4469 mierum,
245 4401 321 4457 bona
347 4401 453 4458 scilicet
481 4415 569 4472 opera
600 4416 691 4473 negas
719 4400 809 4456 mibi‘i
834 4401 928 4457 Sancti
984 4396 1073 4466 ipsius
1096 4404 1148 4461 est,
1165 4398 1377 4468 quodammodo
1398 4399 1474 4465 boni,
1501 4400 1524 4455 si
1548 4401 1700 4471 restabat,
1723 4409 1831 4473 spectat

76 4492 131 4548 viri
151 4504 214 4562 quo
236 4491 329 4562 magis
352 4505 381 4547 se
400 4490 563 4557 attendunt,
587 4505 665 4547 cose
685 4491 713 4546 in
734 4490 795 4547 suis
817 4491 930 4546 actibus
983 4485 1134 4543 retributio
1151 4486 1232 4556 boni;
1250 4486 1365 4542 isenim
1383 4487 1494 4543 lructus
1510 4497 1705 4557 postmortem
1724 4497 1829 4546 restat:

77 4576 271 4648 vilipendunt.
290 4581 349 4649 Epo
367 4579 467 4634 vadam
487 4579 588 4648 absque
612 4580 714 4645 liberis,
735 4580 761 4635 id
786 4586 828 4636 est
847 4579 929 4635 nulla
981 4573 1078 4629 educit
1091 4588 1142 4629 nos
1157 4575 1233 4630 Deus
1249 4575 1334 4640 laras,
1352 4589 1418 4631 cum
1435 4576 1609 4645 speculando
1625 4576 1692 4632 lacit
1705 4592 1756 4633 nos
1771 4592 1832 4635 car·

77 4664 160 4721 beriti
190 4665 346 4723 stabilitate
379 4681 460 4724 mens
482 4681 546 4724 maa
583 4668 720 4734 consistit,
749 4668 797 4724 sao
832 4667 928 4724 serviti
981 4662 1026 4716 nis
1038 4662 1175 4718 excedere
1189 4665 1339 4735 angustias
1355 4680 1361 4717 τ
1378 4664 1552 4733 suscipimus
1568 4664 1683 4730 onium,
1697 4679 1762 4722 cum
1778 4667 1830 4723 etsi

75 4752 248 4826 evagatione
266 4755 413 4825 discurrit,
437 4770 489 4812 nec
505 4756 541 4811 ad
557 4755 715 4813 libertatem
734 4756 852 4827 justitiae
877 4771 927 4812 seu
981 4762 1040 4803 ῐ1011
1055 4749 1248 4819 pervidemus,
1264 4749 1471 4821 aliquantisper
1483 4757 1578 4806 tamen
1594 4751 1785 4809 scintillamus
1799 4752 1829 4808 in

76 4843 158 4913 regni
189 4842 294 4900 liberos
321 4851 460 4916 procreat,
489 4844 539 4901 sed
568 4844 604 4901 ad
629 4845 734 4916 jugum
763 4844 867 4900 diaboli
895 4859 928 4900 ac
981 4837 1071 4893 Deum
1089 4852 1095 4891 ῑ
1116 4837 1213 4894 stellas
1233 4838 1418 4904 attendimus,
1443 4851 1509 4893 cum
1526 4838 1555 4893 in
1580 4838 1640 4908 ipso
1655 4839 1759 4909 positas
1781 4841 1830 4896 in-

74 4931 172 4987 mun
185 4945 283 5003 opera,
300 4946 366 5004 (μη
380 4939 448 4989 sum
462 4931 524 4998 ptri,
541 4933 684 4991 serverum
701 4938 849 5004 propagat,
980 4924 1206 4982 numerabilium
1232 4932 1396 4982 sanctorum
1432 4926 1635 4983 retributiones
1663 4941 1827 4998 pensamus,

109 5019 200 5076 Vens.
225 5023 251 5073 3.
266 5048 303 5061 -
323 5021 408 5075 Filius
429 5023 618 5089 procuratoris
639 5021 692 5074 mci
706 5023 756 5074 iste
779 5022 927 5074 Damascus
979 5013 1088 5070 coelum
1110 5020 1207 5070 autem
1222 5014 1318 5070 vocari
1341 5015 1432 5070 Deum
1448 5015 1548 5071 creber
1564 5016 1592 5071 in
1616 5017 1734 5086 psalmis
1759 5032 1829 5075 usus

74 5109 181 5163 Elieaer
202 5107 288 5163 lieres
306 5123 379 5164 meus
403 5111 464 5177 erit,
489 5110 650 5164 emaculas
673 5123 764 5163 meus:
782 5107 852 5162 mibi
874 5124 926 5161 aa·
980 5111 1032 5171 cst,
1055 5110 1088 5159 ut
1104 5110 1167 5160 est:
1189 5104 1292 5157 Ocelum
1307 5102 1368 5158 coeli
1381 5104 1493 5157 Domino
1522 5103 1609 5173 (Psoi.
1632 5119 1697 5172 cru,
1721 5106 1775 5176 lli).
1794 5109 1826 5163 lu

73 5202 126 5250 mm
139 5210 230 5250 marea
244 5195 420 5252 condedisti.
437 5197 609 5253 Procurator
619 5196 734 5264 dicitur,
751 5196 829 5268 quod
841 5210 926 5267 porro
980 5191 1033 5247 boc
1049 5190 1147 5262 itaque
1161 5199 1260 5247 nostra
1275 5191 1333 5247 llra
1347 5197 1416 5246 sunt
1426 5192 1554 5260 praemia,
1569 5207 1635 5262 qua
1649 5193 1702 5249 etsi
1714 5207 1732 5249 a
1747 5195 1830 5251 nobis

73 5291 165 5353 earet,
188 5284 218 5342 id
232 5292 277 5341 est
289 5287 426 5353 exterius,
446 5298 513 5341 curn
529 5284 650 5342 Domino
662 5285 781 5342 attineat
804 5283 927 5356 grandia
947 5280 1081 5349 bprocul
1106 5279 1171 5337 inde
1188 5280 1351 5352 jacentibus
1384 5286 1533 5349 putantur,
1555 5279 1673 5337 lorsitan
1697 5282 1827 5351 minima,

72 5385 200 5444 quaque
223 5384 328 5428 curare
351 5371 481 5439 interius,
505 5372 649 5443 appetitus
663 5386 731 5444 ergo
745 5371 849 5440 carnis,
874 5372 925 5442 qui
979 5369 1021 5426 uti
1037 5368 1208 5440 parvissima
1230 5367 1400 5434 creduntur,
1416 5381 1483 5425 cum
1498 5368 1627 5425 maxima
1650 5370 1708 5425 sint
1722 5369 1826 5437 sidera,

72 5461 219 5518 exteriora
244 5467 422 5530 procurat-et
440 5460 518 5517 illius
539 5460 603 5531 ejus
622 5475 695 5531 opus
709 5462 772 5532 ejus
795 5468 846 5528 est,
873 5460 923 5531 qui
954 5472 1031 5515 .nec
1055 5457 1212 5523 numerari,
1234 5471 1286 5513 nec
1309 5456 1511 5527 comprehendi
1534 5456 1631 5513 valent
1657 5472 1745 5527 quam
1771 5458 1829 5516 siut
