3818 6008
87 115 129 167 lttl
627 111 804 168 uouenttttl
825 113 858 167 ΙΝ
877 112 1039 169 andusia.
1055 144 1089 152 —
1106 114 1170 168 lle.
1192 115 1253 171 vti.

1787 120 1837 173 l82

84 248 164 303 debeo
179 250 268 316 mium
288 251 363 301 leura
393 247 429 300 ed
445 247 531 301 locum
544 247 577 301 de
588 262 640 316 quo
654 262 776 314 egressus
798 251 845 302 es?
858 249 931 302 Cetae
950 249 972 300 Α
988 247 1078 303 divini
1100 257 1142 305 est
1157 251 1282 318 seminis,
1309 251 1505 308 fortitudinem
1521 266 1580 308 suae
1595 252 1677 309 bonae
1693 255 1836 323 operatio-

85 335 180 406 inquit
213 335 372 402 Abraham,
407 351 441 388 ac
469 336 578 404 quortdo
608 335 723 390 reduces
756 337 820 389 illuc
848 336 935 403 fllium

83 442 180 479 mam.
200 426 342 496 Loquitur
364 424 512 481 Abraham
534 424 570 479 ad
586 438 712 492 serrum,
728 438 794 479 curn
811 425 883 480 ratio
900 425 935 480 de

84 514 252 586 quibusque
271 513 415 584 gerendiis
440 513 574 569 inlormat
599 512 743 568 allectum.
776 512 935 581 Respondet

85 603 215 660 hocloco
237 616 340 658 servus
364 601 499 668 hbrahae,
516 617 582 658 cunr
608 602 643 657 ad
660 602 721 656 hac
735 615 801 670 qua
816 600 935 670 spiritus

83 693 215 763 suggerit
232 691 404 762 peragenda,
430 696 479 745 93
498 690 594 762 objicit
608 689 782 745 desideratos
805 688 932 756 ellectus,

83 793 158 849 quos
172 786 257 848 putat
280 793 336 834 non
351 793 431 847 posse
446 786 598 848 suppetere
617 778 759 834 voluntati
772 792 847 846 suae3
868 791 935 832 mu-

84 868 229 923 lierenim
246 874 315 922 tunc
342 881 398 921 non
425 867 488 922 vult
517 865 615 922 venire
643 880 739 922 secum
766 854 933 932 interram,

85 970 153 1011 cum
175 955 280 1020 mollis,
296 961 323 1010 et
340 955 421 1010 iluna
436 954 570 1025 cogitatio
598 954 689 1023 magis
718 954 796 1023 eligit
812 953 935 1009 saecula-

87 1046 212 1100 ritatum
228 1043 345 1100 turbine
365 1043 544 1100 circumlerri
558 1057 644 1114 quam
661 1043 808 1111 consopito
823 1042 934 1111 passio-

84 1147 154 1187 num
173 1132 266 1187 lluctu
281 1133 318 1188 ad
333 1140 417 1187 terrae
428 1131 644 1186 similitudinem
661 1130 792 1185 stabiliri.
810 1129 935 1185 Reduci-

85 1229 131 1275 tur
153 1221 233 1276 silius
254 1221 291 1276 ad
315 1219 409 1276 locum
433 1221 467 1275 dc
489 1234 548 1291 qno
575 1233 707 1290 egressus
733 1225 785 1284 est,
816 1217 934 1288 quando

83 1324 145 1379 spes
173 1317 274 1364 nostra
301 1316 416 1379 propter
431 1308 559 1378 aliquam
591 1307 753 1363 tentationis
776 1320 878 1360 auram
901 1306 934 1360 de

82 1397 248 1454 celestibus
276 1397 454 1467 desperando
469 1404 532 1465 post
551 1410 580 1451 se
601 1395 740 1451 relabitur
756 1395 792 1449 ad
827 1402 934 1450 statum

81 1496 208 1542 veterem
237 1485 369 1543 desiderii
393 1485 547 1549 saecularia,
576 1484 611 1540 de
636 1497 695 1554 qua
722 1483 790 1539 olim
818 1497 933 1554 egressa

989 337 1034 393 nis
1056 339 1151 395 dehita
1175 340 1313 396 servitute
1342 339 1507 411 subjunglt;
1538 356 1620 410 saper
1648 357 1767 396 sermone
1786 343 1833 396 ltoc

985 426 1076 494 jurat,
1094 442 1158 482 cum
1175 429 1334 484 secundum
1356 429 1516 485 intellectus
1531 431 1700 485 sententiam
1716 429 1836 485 allectus

988 516 1077 570 nostri
1104 514 1256 571 inlirmltas
1282 532 1341 572 sese
1365 517 1472 587 dirigit,
1500 526 1527 573 ct
1555 518 1709 572 innormat.
1734 516 1835 585 (Vens.

991 603 1044 672 til.)
1071 605 1184 673 Titiique
1209 605 1423 659 decemcomelos
1452 606 1485 658 de
1507 606 1632 674 gregibus
1658 605 1835 672 dominicati,

988 696 1013 745 et
1032 693 1101 746 obiit
1125 709 1158 746 ee
1190 693 1403 747 omatibusbonis
1433 693 1730 764 ejusporluussecum.
1769 695 1836 748 Pre-

987 784 1127 851 fectusque
1150 785 1274 850 perressit
1302 781 1521 850 Mesopotamium
1544 782 1690 835 ederham
1716 782 1834 837 ll'ucbor.

988 870 1041 927 Per
1051 871 1193 927 camelum
1206 871 1257 940 qui
1273 870 1411 934 ruminat,
1427 871 1474 926 sed
1491 870 1630 941 ungulam
1648 885 1706 926 non
1721 870 1835 935 dividit,

987 967 1015 1016 et
1030 960 1066 1015 ah
1082 960 1255 1015 incurvitate
1270 974 1332 1028 sua,
1359 960 1431 1016 sicut
1446 961 1586 1026 caminus,
1608 967 1635 1015 et
1652 973 1765 1015 camera
1791 973 1837 1014 no

989 1063 1054 1105 men
1084 1049 1201 1118 accepit,
1230 1049 1289 1105 vita
1314 1048 1429 1118 quidem
1446 1063 1481 1104 es
1507 1061 1612 1119 magna
1628 1054 1708 1117 parte
1730 1047 1837 1102 divinae

988 1137 1059 1208 legis
1075 1137 1248 1206 preminens
1262 1136 1446 1191 observantia
1458 1136 1638 1205 intelligitur,
1662 1135 1711 1192 scd
1741 1143 1837 1191 tamen

988 1225 1024 1280 ob
1044 1223 1273 1279 indiscretionem
1297 1237 1390 1290 suain,
1418 1222 1487 1293 qnia
1503 1224 1629 1278 necdum
1653 1222 1734 1291 plene
1763 1223 1837 1277 inter

988 1313 1058 1367 vitia
1071 1313 1245 1381 virtutisque
1262 1311 1363 1366 dividit
1382 1325 1398 1365 a
1424 1309 1593 1380 perfectione
1609 1311 1727 1377 diotone,
1753 1318 1781 1367 et
1800 1310 1836 1365 ob

988 1490 1217 1546 consideratione
1238 1489 1390 1545 inclinans.
1415 1488 1468 1543 Per
1482 1488 1570 1542 decem
1585 1487 1682 1557 itaque
1712 1487 1835 1551 camelos,

81 1582 209 1645 tempore
236 1574 431 1630 conversionis
459 1582 509 1629 est.
536 1575 630 1637 Quare
649 1580 744 1628 autem
769 1586 820 1642 per
840 1571 931 1626 lilium
953 1548 1092 1634 Bdivjnae
1107 1578 1187 1649 legis,
1213 1579 1297 1649 cujus
1325 1591 1439 1633 summa
1462 1577 1619 1647 Deealogus
1633 1583 1684 1643 est,
1709 1589 1791 1631 amor
1807 1583 1834 1631 et

80 1679 158 1733 spem
175 1663 344 1733 accipimus,
374 1663 573 1732 praediximus,
591 1662 660 1731 quia
683 1676 760 1731 spem
779 1662 806 1716 in
825 1660 892 1731 ipsis
904 1667 931 1715 el

80 1751 252 1823 propaginis
267 1759 295 1808 ει
309 1750 459 1807 solaminis
472 1749 615 1820 ponimus,
634 1751 710 1807 unde
722 1759 749 1806 ct
765 1750 846 1822 vulgi
876 1763 931 1805 usu

81 1855 143 1909 spes
164 1855 216 1895 eos
242 1853 388 1895 vocamus.
417 1839 497 1895 Unde
526 1838 673 1907 psalmus:
691 1841 726 1893 st
751 1839 845 1892 videos
860 1839 930 1907 filios

80 1930 199 1994 pttomm
239 1935 342 1982 tuorem
375 1928 456 1997 (Psoi.
491 1941 597 1993 cxnvrr,
629 1930 663 1994 ll),
692 1926 720 1981 id
749 1934 791 1982 est
818 1925 930 1982 iructus

80 2018 278 2086 sperationum
302 2024 430 2072 tuarum.
462 2016 512 2081 Ne,
544 2016 649 2085 inquit,
675 2016 710 2070 ad
740 2015 929 2085 antiquarum

80 2105 235 2162 volutabra
259 2105 442 2174 voluptatum
464 2105 521 2174 spei
544 2119 613 2160 nacte
640 2104 728 2160 aciem
748 2104 928 2174 detorqueas

80 2193 147 2263 quia
171 2193 270 2265 (Vens.
294 2192 322 2263 7)
347 2195 475 2248 Dominus
504 2196 572 2246 Deus
590 2194 658 2258 caeli,
675 2195 723 2262 qai
750 2193 868 2246 tulliane
897 2192 930 2246 rle

80 2283 156 2338 domo
183 2286 277 2352 putris
295 2285 356 2349 mei,
384 2282 462 2336 etde
492 2287 565 2335 terra
585 2283 741 2335 natiuitatis
779 2297 851 2348 meae,
882 2284 930 2349 qui

79 2371 183 2425 locutus
211 2377 252 2425 est
266 2371 336 2424 mihi
362 2373 387 2424 el
397 2369 506 2439 juravit
535 2369 625 2423 diceas
640 2382 645 2421 :
663 2370 766 2424 Semini
785 2369 838 2423 duo
860 2368 930 2422 dubo

79 2464 179 2512 terram
195 2460 276 2525 boec,
293 2461 351 2528 ipse
368 2461 457 2513 millet
485 2458 610 2525 eupolum
633 2472 712 2510 setam
735 2472 825 2511 corato
849 2463 883 2525 le,
905 2462 930 2511 el

24 2615 26 2621 Ι
79 2550 196 2617 accipies
220 2546 285 2601 inde
310 2562 422 2601 osorem
449 2547 505 2615 filio
529 2561 595 2600 meo.
610 2547 650 2601 Ac
665 2546 688 2600 si
703 2546 829 2601 diceret:
859 2548 929 2599 Deus

78 2638 192 2704 qutme
208 2635 395 2692 intellectuali
410 2636 474 2691 luce
499 2634 630 2702 aedificat,
659 2634 709 2704 qui
735 2637 799 2689 tulit
828 2650 868 2687 me
895 2635 929 2690 de

24 2719 26 2723 ’
78 2723 255 2780 conscientia
285 2724 403 2793 peccati,
439 2737 528 2795 quam
555 2723 736 2779 inhabitabat
773 2722 929 2778 auctoritas

985 1668 1146 1723 retractatio
1162 1666 1262 1722 erebra
1278 1665 1427 1734 accipitur,
1454 1680 1519 1735 quae
1543 1665 1612 1720 dum
1628 1664 1712 1719 avido
1733 1664 1837 1719 mentis

985 1763 1189 1827 oregustatur‚
1221 1754 1295 1810 lideli
1318 1754 1382 1823 eius
1411 1754 1603 1810 ruminatione
1625 1753 1714 1808 animi
1747 1752 1838 1808 robur

983 1845 1116 1916 erigitur,
1135 1838 1273 1899 e'tcarnis
1297 1842 1469 1897 desiderium
1497 1850 1633 1897 tenuatur
1658 1848 1685 1896 et
1711 1840 1780 1897 dum
1797 1841 1833 1896 ad

983 1944 1112 2001 unguem
1132 1945 1161 1984 se
1188 1937 1220 1984 ut
1240 1929 1382 1985 desiderat
1405 1928 1503 1998 perdel
1523 1928 1617 1983 camis
1639 1929 1752 1999 objectu
1776 1942 1834 1983 nou

984 2033 1064 2088 posse
1078 2018 1247 2085 considerat,
1264 2032 1300 2073 ex
1314 2032 1366 2073 sua
1380 2031 1447 2071 mon
1462 2017 1540 2086 quod
1555 2025 1621 2073 actu
1645 2031 1704 2072 non
1718 2030 1833 2087 preva-

984 2107 1197 2163 lethumilitate
1223 2108 1367 2163 reformat.
1394 2105 1498 2177 Greges
1526 2106 1648 2174 Donuni,
1676 2105 1832 2176 dequibus

984 2197 1078 2252 decem
1096 2197 1281 2261 assumimus,
1297 2203 1464 2250 caeterorum
1490 2194 1690 2249 multitudines
1713 2193 1832 2249 manda·

983 2293 1077 2341 torum
1093 2293 1170 2351 sunt,
1195 2286 1229 2340 de
1255 2284 1362 2354 quihus
1390 2283 1555 2354 perlectiora
1571 2283 1739 2352 accipimus,
1764 2295 1831 2336 cum

983 2374 1043 2441 Dei,
1068 2382 1095 2430 et
1119 2374 1242 2444 proximi
1261 2374 1440 2438 charitalem,
1459 2372 1489 2425 in
1509 2371 1615 2440 quibus
1631 2379 1688 2426 teta
1704 2370 1750 2426 lex
1765 2383 1832 2440 pen-

983 2464 1029 2518 det
1056 2470 1082 2518 ει
1110 2463 1265 2532 prophetae,
1295 2461 1445 2517 tenendam
1470 2460 1614 2530 eligimus.
1640 2460 1721 2516 Unde
1745 2467 1773 2515 et
1796 2476 1830 2514 ea

983 2552 1105 2607 omnibus
1134 2550 1247 2606 Domini
1280 2549 1325 2605 sui
1351 2550 1425 2604 bonis
1452 2552 1566 2618 portans
1594 2547 1701 2603 dicitur
1726 2547 1830 2616 abisse,

983 2641 1052 2711 (quia
1075 2640 1120 2696 cui
1146 2638 1305 2696 dilectionis
1328 2639 1421 2693 virtus
1444 2637 1530 2706 inest;
1556 2637 1585 2693 iu
1610 2642 1753 2707 quantum
1776 2636 1831 2692 sibi

982 2729 1071 2796 adest,
1087 2729 1114 2783 in
1135 2735 1247 2783 tantum
1262 2727 1314 2783 etsi
1333 2741 1388 2781 non
1414 2726 1512 2781 orrrnia
1536 2725 1651 2792 adsunt,
1685 2725 1720 2781 de
1749 2724 1831 2780 bonis

24 2816 26 2898 ζ
78 2812 195 2879 diaboli,
222 2813 293 2868 dum
318 2811 564 2879 111011011111111,
595 2811 671 2866 1111
699 2811 782 2880 Uilli,
808 2812 867 2867 81111
894 2811 928 2866 de
948 2818 1116 2900 comnibus
1131 2823 1235 2886 portat,
1252 2830 1317 2871 eum
1346 2814 1472 2871 charitas
1495 2815 1598 2881 oiheio,
1616 2828 1682 2883 qua
1710 2813 1830 2869 univer-

77 2900 297 2956 conversatione
324 2899 480 2969 mundiali;
504 2899 702 2956 diciturenim
718 2900 824 2955 atrium
841 2913 928 2955 sunm

24 2976 26 2982 ’
77 2988 224 3045 custodire
249 2988 382 3060 princeps
408 2989 510 3044 mundi
534 2986 609 3057 (Luc.
635 3003 675 3054 ιιι,
691 2989 748 3057 al),
776 2989 849 3045 etde
871 2996 928 3044 ter-

77 3078 199 3134 renitate
214 3077 244 3132 in
260 3091 329 3148 qua,
345 3085 373 3133 et
387 3077 424 3133 ad
442 3092 530 3148 quam
547 3077 801 3134 sumusexeodem
817 3076 929 3133 diabolo

78 3175 159 3236 patre
176 3166 250 3233 nati,
267 3165 318 3236 qui
332 3166 391 3236 spei
410 3165 562 3222 cellatione
590 3165 748 3221 introrsum
774 3166 876 3220 locutus
891 3172 929 3220 est

77 3256 156 3320 mibi,
182 3259 209 3309 et
228 3255 347 3323 iurauit,
371 3253 401 3309 id
426 3261 468 3310 est
489 3253 519 3308 in
543 3252 767 3309 Christianitatis
795 3268 840 3309 me
862 3254 930 3325 jure

76 3342 226 3400 coustituit
248 3343 360 3399 interna
387 3341 541 3412 sponsione
556 3342 694 3412 pollicens
707 3344 812 3408 sebini,
829 3343 858 3398 id
888 3350 930 3398 est

75 3431 158 3488 bonae
174 3439 234 3488 tuae
249 3429 369 3487 actionis
384 3430 494 3499 merito,
513 3430 591 3501 quod
607 3430 636 3485 in
652 3444 702 3500 spe
715 3428 928 3501 irugisaeternae

75 3519 276 3587 seminaveris,
302 3518 478 3575 terrenitatis
499 3519 589 3590 hujus
602 3519 708 3575 scilicet
728 3520 855 3591 corporis
886 3521 929 3576 tui

74 3609 190 3680 pondus
205 3608 385 3675 submittam,
403 3615 435 3664 ut
450 3607 610 3678 spiritualis
622 3608 779 3664 alacritatis
796 3609 927 3678 experia-

75 3706 123 3754 tur
136 3699 276 3770 gratiam,
292 3697 377 3764 bens,
391 3696 496 3767 inquit,
511 3695 563 3766 qui
578 3703 605 3752 et
620 3696 682 3751 hec
697 3696 770 3763 lecit,
787 3703 814 3752 et
834 3697 928 3752 lacto-

74 3802 140 3844 rnm
173 3800 204 3843 se
233 3785 373 3856 promisit,
394 3788 452 3855 ipse
477 3787 603 3853 angelum
617 3785 708 3840 divini
735 3785 780 3841 sui
808 3785 926 3856 eloquii,

74 3876 127 3948 qui
142 3889 211 3947 quae
222 3874 335 3947 agenda
349 3882 418 3930 sunt
435 3874 560 3944 nuntiet,
575 3889 665 3929 coram
682 3879 706 3928 te
728 3876 826 3941 mittet,
841 3874 869 3929 id
887 3883 928 3931 εει

75 3964 221 4038 praevium
233 3962 285 4018 tibi
301 3963 393 4027 laciet,
411 3972 439 4018 et
460 3963 536 4030 inde,
557 3963 672 4034 exejus
692 3963 823 4020 videlicet
843 3964 928 4021 docu-

75 4059 176 4108 mento
198 4050 309 4107 videbis
335 4065 424 4121 quam
450 4051 553 4107 debeas
585 4051 689 4122 eligere
716 4053 850 4121 corporis,
889 4066 926 4108 au

983 2907 1075 2961 sitatis
1104 2906 1246 2961 honorum
1269 2904 1388 2960 materia
1417 2910 1468 2970 est,
1497 2902 1625 2972 corporis
1652 2900 1829 2958 voluntatem

983 2995 1131 3066 subjugat.
1160 2993 1236 3060 Abit,
1252 3007 1318 3048 cum
1341 2993 1369 3046 in
1388 2991 1506 3047 meliora
1521 2989 1638 3061 gerendi
1651 3003 1764 3059 semper
1778 3004 1830 3060 ap-

983 3084 1102 3153 petitum
1118 3096 1148 3138 se
1160 3081 1298 3136 extendit.
1310 3079 1513 3150 Mesopotamia
1528 3093 1630 3150 graece,
1654 3077 1744 3131 medio
1759 3080 1831 3133 irater

983 3173 1110 3241 {lamiam
1149 3168 1294 3236 hebraice,
1334 3171 1436 3223 cleonte
1466 3169 1570 3222 vocatio
1612 3167 1828 3237 iuterpretatur.

985 3259 1110 3315 Vocatur
1124 3257 1216 3328 primo
1239 3257 1275 3311 ad
1292 3257 1385 3325 iidem,
1403 3258 1534 3313 elevatur
1556 3269 1624 3310 vero
1646 3252 1758 3310 vocatio
1780 3267 1830 3323 per

984 3348 1083 3403 mnndi
1109 3346 1400 3411 abrenuntiationem,
1431 3346 1491 3413 nbi,
1510 3345 1584 3400 inter
1599 3343 1705 3398 lluctns
1721 3349 1830 3411 tempe-

983 3444 1089 3492 statum
1117 3435 1219 3491 mentis
1252 3441 1279 3489 et
1304 3434 1411 3501 seculi,
1441 3447 1555 3489 necesse
1584 3438 1625 3488 est
1659 3429 1831 3487 commorari

984 3525 1087 3594 spiritu
1116 3537 1285 3594 pauperem,
1304 3536 1354 3592 per
1382 3521 1458 3577 hanc
1480 3519 1712 3590 Mesopotamiam
1729 3517 1764 3573 ad
1781 3531 1828 3573 ur-

983 3613 1046 3668 bem
1076 3612 1198 3680 Nachor,
1240 3610 1316 3681 quod
1347 3610 1550 3678 interpretatur
1576 3608 1682 3676 requies
1708 3607 1828 3672 laminis,

983 3700 1138 3772 pergimus,
1170 3699 1286 3770 quando
1313 3698 1349 3753 ad
1373 3697 1573 3768 perlectionem
1599 3693 1748 3752 charitatis
1781 3707 1831 3763 per

983 3790 1128 3860 passiones
1154 3787 1328 3858 proficimus,
1357 3801 1423 3857 quae
1450 3786 1548 3841 lumen
1574 3785 1668 3856 juxta,
1691 3784 1830 3840 loannem

982 3878 1142 3947 apostolum
1158 3885 1199 3932 est
1215 3876 1239 3946 (l
1258 3879 1337 3931 loon.
1363 3890 1392 3943 n,
1409 3873 1461 3945 tlt),
1476 3888 1534 3944 qna
1557 3887 1623 3929 vere
1641 3871 1828 3944 quiescimus.

981 3968 1026 4024 vel
1047 3967 1081 4023 ad
1110 3967 1255 4023 civitatem
1274 3977 1439 4034 supernam,
1470 3962 1520 4018 ubi
1547 3962 1644 4018 lumen
1667 3961 1697 4017 in
1723 3959 1832 4016 lumine

982 4056 1079 4112 verius
1095 4055 1273 4124 quiescentes
1287 4053 1446 4108 videamus.

75 4141 168 4198 animi
196 4139 384 4207 voluntatem,
401 4140 458 4209 spei
471 4139 572 4210 utique
589 4148 645 4196 tuae
660 4155 694 4195 ac
712 4141 735 4195 si
752 4140 809 4196 lilio
833 4141 969 4196 admi-<ll
1019 4144 1104 4200 Voss.
1132 4145 1172 4210 ll,
1192 4145 1235 4196 li.
1264 4171 1297 4181 -
1312 4142 1429 4208 Cumque
1452 4140 1565 4194 camelos
1594 4141 1702 4206 fecisset
1721 4151 1831 4191 oceum-

75 4228 225 4287 sceudam.
243 4228 337 4298 (Vens.
364 4227 403 4298 8.)
416 4229 464 4285 Sia
485 4235 574 4284 autem
588 4230 686 4283 mulier
706 4231 784 4298 sequi
798 4233 823 4282 te
835 4230 926 4283 rtolee·

75 4320 124 4387 rit,
151 4333 208 4372 ooo
235 4317 366 4372 teneberis
386 4316 555 4388 juramento,
573 4317 666 4383 idest,
688 4317 709 4371 si
739 4317 925 4385 seductibilis,

75 4415 104 4463 et
126 4406 237 4464 lascire
275 4406 409 4476 cogitatio
432 4406 592 4463 secundum
620 4406 777 4476 appetitum
808 4405 927 4477 justitiae

76 4510 168 4567 quam
182 4493 273 4551 habes
289 4495 394 4566 corrigi
424 4495 561 4561 renuerit,
576 4494 625 4564 jus
647 4496 838 4565 regulamque
851 4496 926 4550 veri-

75 4584 143 4640 tatis
170 4583 323 4648 excedens,
362 4596 419 4638 non
445 4582 524 4660 ultra
550 4581 703 4650 teneberis,
732 4583 781 4638 sed
813 4583 928 4640 elirenis

75 4684 233 4744 vagusque
252 4684 304 4740 per
317 4670 388 4726 vitia
415 4685 540 4742 quaeque
564 4671 678 4728 laberis.
701 4674 801 4727 Filium
823 4677 928 4727 tantum

75 4776 165 4816 meum
179 4776 213 4815 ae
234 4759 351 4815 reduces
377 4760 452 4815 illac.
468 4758 549 4826 Quod
576 4768 617 4817 est
641 4761 736 4816 dicere
751 4775 758 4814 :
775 4768 802 4817 et
826 4761 850 4816 si
873 4761 928 4817 ha·

76 4848 283 4907 benisdivinae
305 4847 379 4918 legis
406 4848 497 4904 teneri
514 4847 633 4920 relegis,
657 4863 736 4918 spem
765 4849 864 4905 saltem
893 4865 929 4906 ne

77 4939 194 5009 penitus
221 4937 258 4993 de
290 4937 361 4993 celo
387 4937 532 5005 devolvas,
560 4946 589 4993 ει
608 4937 739 4993 seculari
764 4937 928 5008 labyrintho

79 5027 246 5098 immergas.

114 5115 235 5172 linesi)
258 5144 294 5153 -
310 5115 404 5168 Posuit
424 5128 487 5182 erpo
512 5129 606 5169 aeroas
624 5130 735 5168 meeum
751 5115 801 5169 sub
829 5117 930 5182 femore

80 5204 222 5262 testam
235 5203 406 5271 dominicati,
423 5206 449 5256 el
459 5201 571 5274 juravit
582 5205 626 5259 illi
639 5217 721 5272 super
735 5217 854 5258 semeae
868 5203 929 5258 hoc·

80 5293 178 5348 &reus
192 5305 305 5346 mam
329 5288 379 5344 sab
394 5291 496 5356 femore
519 5289 629 5347 domini
644 5291 733 5360 ponit,
748 5303 815 5346 curn
837 5290 930 5361 pieta-

82 5380 118 5437 tis
153 5378 274 5437 allectus
303 5374 434 5435 veritatis
473 5377 616 5450 presidio,
647 5393 713 5450 quae
738 5378 818 5436 loeus
845 5379 931 5435 totins

982 4232 1041 4286 lere
1069 4237 1148 4285 cetra
1171 4230 1302 4299 oppidum
1322 4230 1407 4298 juata
1436 4233 1545 4297 puteum
1568 4243 1646 4297 oquae
1664 4240 1783 4296 vespere,
1803 4238 1831 4277 eo

982 4326 1107 4389 tempore,
1128 4335 1180 4388 quo
1205 4320 1290 4372 solent
1318 4318 1443 4371 mulieres
1471 4315 1563 4384 egredi
1585 4315 1622 4369 od
1652 4313 1832 4368 hauriendum

981 4407 1191 4476 eqttumdiaeil:
1223 4407 1333 4460 Domim
1357 4405 1509 4470 Daorseis.
1540 4402 1684 4473 Oppidum
1704 4399 1832 4457 mundus

981 4503 1032 4563 est,
1049 4496 1094 4551 cui
1111 4495 1190 4550 lortis
1210 4501 1340 4549 armatus
1357 4493 1536 4562 principatur
1561 4499 1588 4547 et
1618 4496 1720 4561 regnat
1753 4489 1830 4560 (Lae.

981 4599 1011 4650 n,
1026 4584 1080 4652 al).
1103 4583 1184 4639 Unde
1199 4582 1304 4637 dicitur
1323 4581 1476 4650 apostolis:
1492 4583 1531 4635 lte
1554 4582 1583 4633 in
1606 4579 1745 4633 rostellum
1760 4577 1833 4646 quod

981 4675 1075 4726 contro
1099 4685 1145 4725 eos
1173 4674 1214 4724 est
1243 4670 1352 4738 (Metili.
1381 4685 1440 4735 aar,
1470 4670 1508 4740 2),
1537 4676 1563 4724 et
1590 4666 1690 4722 merito
1721 4673 1831 4733 contra,

982 4761 1050 4830 quia
1080 4759 1108 4814 in
1137 4759 1244 4814 mundo
1266 4772 1430 4828 pressuram
1452 4757 1665 4827 habetislloon.
1691 4768 1748 4823 xva,
1777 4755 1831 4823 33).

982 4848 1072 4904 Extra
1094 4847 1232 4916 oppidum
1261 4848 1383 4903 camelos
1412 4846 1534 4902 iacimus
1563 4844 1743 4910 accumbere,
1765 4857 1833 4899 cum

984 4937 1057 4992 bona
1072 4944 1168 4992 nostra
1183 4949 1280 5005 opera,
1304 4935 1411 5006 quibus
1426 4935 1532 4991 divinae
1547 4934 1601 5005 legi
1625 4938 1674 4987 Μ
1699 4931 1833 5002 congrui-

982 5040 1058 5093 mus,
1076 5038 1094 5080 a
1113 5025 1213 5104 mundi
1229 5025 1336 5080 carnali
1364 5024 1467 5093 pariter
1482 5031 1509 5079 et
1523 5021 1666 5092 spirituali
1691 5018 1833 5076 consortio

983 5127 1160 5184 separamus.
1187 5114 1256 5169 dum
1284 5113 1356 5168 vitia
1382 5114 1445 5183 ejus
1471 5118 1498 5167 et
1526 5111 1626 5167 laudes
1661 5108 1831 5180 refugimus.

983 5206 1069 5258 tuate
1091 5207 1203 5272 pateam
1227 5217 1305 5270 oquae
1326 5216 1433 5270 vespere
1456 5200 1665 5267 accumbimus,
1694 5211 1761 5254 eum
1780 5184 1846 5252 de-'

985 5290 1210 5346 fervescentibus
1240 5291 1269 5345 in
1309 5289 1391 5346 nobis
1416 5289 1553 5346 viliorum
1574 5287 1720 5345 caloribus
1742 5297 1776 5340 ac
1809 5283 1833 5338 si

985 5379 1111 5451 quodam
1134 5378 1252 5435 meridie
1264 5377 1301 5435 ad
1316 5379 1422 5435 iontem
1446 5392 1530 5450 aquae
1552 5377 1636 5441 vivae,
1661 5375 1695 5431 de
1710 5385 1768 5445 quo
1781 5370 1835 5442 qui
