3818 6008
95 244 150 298 aot
538 238 573 294 V.
595 236 763 295 dolebam
781 236 928 294 deberis
946 239 973 294 S.
994 238 1116 297 bledla
1135 240 1182 297 DE
1203 236 1405 296 Novioddro
1801 240 1852 294 '208

97 373 947 451 eorumquospeccarelaeimasmalapaenitentianimiam
966 377 1090 434 Alacob
1117 375 1263 443 videlicet,
1289 373 1503 431 circundamus.
1535 374 1678 430 llaedoram
1712 373 1854 445 pelliculis
1896 416 1900 461 Ι

97 469 156 526 Deo
184 476 266 541 grata
294 469 437 539 lugemus,
463 465 622 535 eademque
656 463 752 520 debita
783 463 947 520 humililate
999 465 1127 523 obvolvit
1142 479 1257 531 manus,
1281 478 1349 521 oum
1371 470 1599 533 perpetratorum
1622 463 1767 520 malorum
1792 477 1853 519 me-

97 557 282 626 confitamur3
309 557 406 613 haedus
430 567 557 624 namque
588 560 765 624 peecatorem
790 551 945 624 significat.
1001 554 1100 611 moriis
1128 554 1260 611 loturum
1288 566 1306 609 a
1332 551 1415 622 lapsu
1443 551 1529 608 simili
1552 552 1647 609 munit
1675 566 1758 622 opus.
1789 553 1856 609 Colli

97 645 197 702 Nescio
223 653 321 701 utrum
345 644 417 699 alias
444 642 472 698 in
498 642 551 698 boo
571 655 656 711 opere
681 640 815 710 dixerim,
843 640 948 697 viderit
1000 643 1076 698 nuda
1101 642 1233 714 protegit,
1258 656 1324 699 cum
1350 641 1430 698 verbi
1456 654 1491 696 ac
1517 639 1699 711 cogitationis
1729 639 1852 710 propriae

99 734 226 807 prudens
238 733 325 789 lector
338 733 483 788 isaianum
498 731 569 787 illud
585 745 602 786 a
616 729 739 786 Domino
753 728 863 786 dictum
879 728 948 785 buic
1001 731 1156 788 immunita
1166 731 1232 802 jugi
1247 729 1427 796 humilitatis,
1444 735 1472 784 et
1489 728 1596 785 erroris
1618 728 1730 798 pristini
1756 740 1855 785 reeor-

98 820 325 880 lococouvenire
341 835 347 874 :
363 820 394 875 Si
411 820 525 888 suerint,
548 817 652 889 inquit,
674 823 788 888 peccata
808 821 899 873 eastra
918 821 948 872 ut
1001 819 1115 876 datione
1136 817 1272 876 delendit.
1300 818 1342 872 lia
1367 830 1495 887 namque
1523 831 1589 886 quae
1617 815 1779 887 cogitamus
1803 830 1853 886 per

99 913 242 977 coccinum,
264 917 292 966 et
317 922 446 977 rursum,
464 911 496 962 ut
509 907 671 962 vermiculus
701 908 778 974 (lsai.
793 922 812 974 ι,
844 908 901 976 18),
921 912 949 962 et
1001 908 1107 964 collum
1122 907 1212 964 verba
1226 906 1350 974 edimus,
1368 906 1444 962 unde
1460 912 1488 962 el
1502 918 1553 975 pro
1567 913 1691 976 utroque
1706 904 1850 973 ponimus.

99 999 176 1070 quod
189 998 240 1055 nix
262 998 297 1053 ad
311 997 469 1064 coccinum,
484 1003 512 1052 et
532 994 568 1051 ad
583 994 774 1052 vermiculum
801 994 877 1062 lana,
894 994 948 1050 sub
1002 997 1172 1052 Palmentum
1201 996 1260 1062 dal,
1286 994 1356 1051 dum
1381 1000 1506 1050 mentem
1526 993 1563 1049 ab
1588 993 1667 1048 omni
1692 993 1853 1063 sanguinis,

98 1087 208 1157 optima
234 1087 337 1143 borum
366 1085 457 1141 duum
488 1084 697 1155 significatione
722 1083 854 1139 relerlur.
879 1082 949 1139 lnde
1003 1084 1097 1140 idest
1126 1083 1232 1154 peccati
1249 1083 1370 1139 humore
1390 1089 1478 1152 atque
1504 1080 1612 1138 duritia
1635 1081 1702 1152 igne
1724 1080 1856 1136 desiderii

86 1175 167 1232 -lacit
192 1175 318 1231 Rebecca
342 1188 427 1241 escas,
450 1174 549 1241 quibus
574 1173 687 1227 libenter
707 1178 792 1241 pater
819 1175 947 1238 rescitur,
1003 1171 1162 1241 spiritualis
1186 1171 1295 1229 emollit
1309 1180 1336 1228 et
1357 1171 1455 1227 siccat.
1477 1169 1695 1240 Consequentur
1724 1176 1855 1239 postmo-

100 1277 167 1320 cum
192 1263 302 1332 patiens
325 1260 385 1331 J'am
407 1260 598 1317 tentationum
623 1273 745 1315 suarum
768 1273 805 1314 ex
830 1259 951 1315 materia
1003 1260 1073 1317 dum
1096 1276 1181 1331 panes
1214 1260 1300 1317 tradit
1326 1274 1392 1331 quos
1416 1263 1536 1324 coxerat,
1564 1272 1631 1315 cum
1659 1257 1857 1314 infirmitatem

100 1351 283 1424 poenitentiae,
303 1357 331 1406 et
354 1349 425 1405 alias
442 1348 562 1405 virtutes
587 1348 711 1416 mnficit,
735 1347 844 1418 quibus
866 1346 950 1418 quasi
1003 1349 1201 1407 conversionis
1223 1348 1260 1405 ad
1285 1348 1457 1405 soliditatem
1486 1353 1592 1404 sanctae
1618 1344 1855 1411 conversationis,

100 1440 289 1497 condimentis
310 1436 429 1494 rationis
452 1437 506 1493 sibi
523 1437 715 1506 patrocinium
739 1442 833 1492 mutat
849 1442 877 1491 et
893 1435 950 1491 illi·
1004 1451 1054 1508 per
1066 1438 1214 1494 charitatis
1227 1437 1332 1494 divinae
1348 1438 1479 1494 ardorem
1493 1437 1576 1507 quasi
1598 1435 1732 1503 lerinam,
1749 1435 1787 1490 ad
1808 1448 1857 1506 pa·

101 1529 148 1585 cil.
165 1529 264 1598 (Vens.
283 1529 339 1597 ld.)
354 1530 425 1597 Quas
440 1541 500 1580 cum
520 1527 656 1592 intuleris,
681 1525 786 1594 inquit,
813 1524 951 1578 benedicat
1004 1527 1050 1582 nis
1066 1516 1263 1583 fortitudinem
1281 1527 1377 1583 animo
1399 1524 1608 1582 observandam
1633 1522 1773 1593 proponit.
1791 1523 1858 1579 llaec

101 1618 163 1682 tibi,
179 1620 325 1686 antequam
337 1617 482 1680 moriatur,
504 1615 532 1669 id
551 1621 592 1671 est
606 1628 673 1670 cum
696 1613 771 1669 vires
791 1627 828 1668 ex
842 1613 951 1669 virtute
1004 1615 1103 1671 omnia
1118 1615 1256 1686 patientia
1278 1614 1354 1684 lecit,
1371 1615 1440 1671 dum
1456 1613 1531 1670 inter
1545 1626 1681 1669 murmur
1695 1611 1858 1667 carnalium

101 1703 248 1775 receperit,
263 1711 420 1774 antequam
439 1702 580 1759 delectum
603 1701 767 1772 cujuspiam
788 1700 888 1771 lapsus
902 1716 951 1758 re·
971 1681 991 1735 Β
1008 1711 1140 1761 motuum
1155 1704 1250 1761 studio
1266 1703 1411 1775 religionis
1435 1702 1554 1771 insistit3
1570 1701 1614 1757 bis
1635 1708 1747 1771 patrem
1772 1699 1858 1757 illalis

103 1792 218 1859 incidat,
244 1791 400 1861 praeveniet
431 1799 458 1847 te
485 1790 661 1862 acquirendo
694 1789 800 1845 divinae
827 1789 952 1860 gratiam
1008 1801 1101 1861 vocat,
1121 1792 1165 1849 bis
1191 1794 1269 1850 enim
1292 1793 1434 1850 virtutum
1464 1791 1600 1863 operibus
1624 1803 1739 1847 necesse
1761 1793 1856 1846 estut

102 1879 360 1950 multiplicationis.
1006 1883 1079 1939 ratio
1103 1889 1220 1952 paterne
1236 1883 1394 1952 provideat.
1413 1880 1475 1948 Quo
1490 1879 1663 1937 obaudiente
1677 1885 1705 1934 et
1720 1875 1855 1934 allectum

137 1968 223 2025 Vens.
248 1970 292 2036 ll,
317 1969 359 2035 ιι,
382 1968 423 2035 ι3,
443 1966 485 2020 ιι.
510 1969 639 2022 -blosli
661 1967 736 2036 qnod
761 1967 841 2021 Esau
863 1967 953 2033 frater
1007 1973 1090 2027 acsi
1118 1971 1149 2026 iu
1176 1970 1248 2027 filios
1275 1969 1450 2042 porrigente,
1476 1969 1544 2026 dicit
1567 1968 1665 2036 Jacob,
1697 1966 1856 2037 spiritualis

102 2071 174 2111 mevi
199 2058 275 2111 homi
295 2057 398 2125 litttttti
422 2058 468 2121 sil,
498 2060 524 2109 tt
541 2070 588 2121 titt
612 2057 693 2110 tent&
713 2056 744 2112 St
768 2056 954 2110 attrectaverit
1006 2059 1113 2116 scilicet
1136 2061 1304 2130 appetitus:
1334 2056 1513 2129 (Venelli.)
1538 2060 1596 2126 Epo
1619 2071 1679 2110 sum
1706 2057 1778 2110 Esau
1794 2058 1856 2125 pri-

99 2150 181 2217 pater
203 2161 287 2210 meus,
311 2149 337 2198 et
360 2148 481 2212 senserit,
509 2146 586 2198 timeo
608 2160 641 2199 ne
663 2149 741 2214 putet
760 2144 813 2199 sibi
836 2143 953 2198 uoluisse
1006 2150 1155 2216 moqenilus
1170 2153 1247 2215 tuue3
1263 2150 1318 2216 feci
1338 2149 1410 2203 sicut
1423 2147 1577 2216 precepisti
1597 2145 1676 2212 mibi,
1705 2143 1733 2199 id
1755 2150 1808 2211 esl‚
1833 2142 1854 2197 si

102 2235 226 2301 illudere,
244 2238 269 2288 et
288 2233 400 2287 inducat
422 2248 504 2303 super
518 2249 558 2286 me
571 2233 787 2288 maledictionem
808 2247 858 2300 pro
871 2232 952 2286 bene-
1007 2249 1121 2306 quaeras
1146 2250 1232 2306 quem
1249 2250 1294 2291 me
1313 2235 1457 2306 profitear,
1484 2248 1529 2290 me
1550 2230 1738 2288 affectualiter
1760 2239 1789 2288 et
1813 2245 1856 2288 se·

103 2321 230 2380 dictione.
250 2324 281 2376 ln
304 2337 345 2375 me
363 2324 409 2386 sit,
432 2323 481 2388 ait,
502 2323 557 2375 ista
576 2321 741 2386 maledictio,
761 2320 804 2382 rili
825 2321 874 2386 mi,
890 2324 951 2374 tan·
1006 2324 1135 2380 cundum
1155 2324 1281 2394 corporis
1306 2337 1408 2380 sensus
1426 2322 1534 2378 vixisse
1554 2327 1704 2391 protestor,
1721 2334 1788 2390 quae
1803 2319 1858 2390 pri·

103 2415 161 2466 lum
175 2413 243 2465 audi
256 2426 344 2465 uocem
359 2425 465 2464 meam:
491 2411 585 2477 Peroe,
601 2409 670 2478 aller
689 2425 749 2479 qaae
773 2408 844 2463 dici.
861 2408 950 2475 Abiit,
1006 2426 1100 2469 macra
1120 2412 1244 2468 bominis
1268 2413 1327 2468 vita
1346 2419 1399 2479 est,
1427 2410 1625 2467 carnalitatem
1649 2422 1706 2465 non
1733 2407 1857 2464 dildleor

102 2506 127 2554 el
141 2501 245 2567 attulit,
270 2499 398 2568 deditque
420 2501 514 2553 matri.
541 2500 625 2564 Esau,
653 2498 759 2569 inquit,
776 2497 803 2552 id
829 2507 871 2556 est
892 2511 953 2553 car-
1005 2514 1109 2570 meam,
1125 2501 1166 2558 uli
1192 2509 1216 2557 te
1230 2501 1331 2557 docere
1346 2513 1495 2572 cognosco.
1513 2500 1600 2569 Surge
1613 2511 1682 2569 ergo
1705 2497 1742 2553 ad
1766 2496 1857 2554 delen·

102 2588 176 2643 nelis
187 2586 316 2654 allectus,
334 2591 373 2643 lot
387 2594 510 2643 aestuum
526 2586 719 2656 corporalium
740 2587 808 2643 selis
834 2586 952 2645 comsit
1006 2587 1114 2645 sionem
1144 2587 1345 2645 teneritudinis
1373 2601 1454 2650 mem,
1486 2589 1548 2642 sede
1581 2586 1616 2642 ad
1649 2585 1856 2642 exhibitionem

102 2675 247 2744 horridus,
262 2683 290 2731 et
309 2674 449 2745 hispidus,
466 2675 518 2744 qui
546 2679 617 2729 1⁰8
629 2674 739 2730 dicitur
758 2676 849 2741 frater
866 2689 951 2743 meus,
1006 2676 1186 2733 discretionis
1202 2676 1374 2748 judiciariae,
1395 2680 1421 2731 et
1443 2676 1476 2731 de
1495 2677 1636 2730 uenatione
1659 2689 1718 2729 mea
1740 2674 1855 2739 comede,

102 2763 173 2834 quia
186 2777 223 2820 ex
235 2762 334 2818 eadem
359 2769 453 2819 mente
468 2776 579 2830 sumus,
604 2766 701 2832 clepo,
730 2771 827 2832 utpote
846 2761 952 2818 divium
1006 2764 1041 2822 de
1072 2764 1238 2821 omnimoda
1267 2765 1374 2821 scilicet
1407 2763 1611 2820 carnalitatum
1639 2761 1857 2832 consumptione

104 2851 305 2921 tranquillitati
321 2849 461 2919 innixius,
486 2848 658 2906 naturaliter
681 2852 748 2905 lenis
767 2858 794 2907 et
810 2850 950 2921 placidus.
1005 2852 1130 2921 relicere,
1153 2858 1183 2907 ut
1206 2853 1345 2908 benedicat
1373 2854 1443 2907 mibi
1475 2855 1568 2906 anima
1591 2857 1648 2919 lua,
1679 2851 1708 2907 id
1732 2858 1774 2907 est
1796 2851 1857 2906 rita

103 2938 131 2996 Si
148 2939 319 3006 intellectus,
340 2952 427 3009 quem
448 2945 558 3008 patrem
576 2952 745 3009 prosequor,
767 2946 795 2995 et
817 2939 865 2995 cui
880 2939 952 2995 bene
1005 2949 1056 2998 tua
1085 2948 1274 3012 augmentum
1302 2939 1371 2996 mibi
1395 2939 1543 3010 spirituale
1571 2937 1721 2994 attribuat.
1751 2935 1857 2992 Anima

102 3028 294 3098 gerendorum
309 3040 380 3083 cura
396 3026 545 3094 incumbit,
564 3033 603 3083 tot
618 3028 784 3097 passionum
799 3028 951 3084 suborien-
1007 3031 1090 3102 plane
1105 3045 1156 3101 pro
1172 3030 1230 3087 vita
1247 3032 1313 3100 poni
1332 3032 1411 3099 solet,
1433 3038 1465 3088 ut
1478 3037 1520 3086 est
1537 3045 1543 3084 :
1562 3029 1614 3096 Qui
1634 3033 1711 3084 amat
1735 3029 1856 3082 animam

103 3115 175 3172 llum
195 3115 377 3185 asperitatem
397 3115 587 3185 praesenserit,
603 3116 710 3186 {vereor
735 3130 772 3171 ne
786 3115 911 3173 ludibrio
924 3122 952 3172 et
1006 3135 1094 3186 suam,
1110 3122 1204 3190 perdet
1218 3135 1276 3174 earn
1289 3120 1385 3186 (Joan.
1401 3133 1449 3188 ιιι,
1474 3118 1528 3188 25).
1545 3117 1640 3176 Vitam
1662 3122 1770 3183 autem,
1786 3115 1854 3172 vilae

101 3203 211 3260 levitati
243 3202 368 3259 ascribat
395 3211 452 3259 tam
481 3204 573 3259 ardua
599 3203 722 3260 voluisse
754 3213 897 3275 appetere,
924 3213 952 3262 et
1006 3207 1318 3278 dicimusqualitalem.

101 3296 194 3348 tolum
217 3291 270 3348 hoc
288 3291 358 3347 mibi
379 3291 473 3362 potius
495 3291 532 3347 ad
555 3292 725 3348 deteriorem
747 3301 849 3365 vergat
872 3294 952 3350 dele·
1041 3298 1127 3355 Vnus.
1145 3299 1189 3351 ιι).
1210 3327 1244 3336 -
1259 3296 1403 3367 Quomodo,
1420 3295 1516 3366 inquit
1538 3295 1628 3361 Isaac,
1652 3296 1776 3350 inuenire
1798 3298 1856 3349 lam

102 3387 191 3448 ctum,
207 3394 296 3450 quam
312 3381 348 3436 ad
365 3381 492 3451 aliquem
507 3381 573 3437 vitae
588 3381 757 3451 proiectum.
775 3382 850 3439 Solet
875 3383 952 3439 enim
1006 3389 1058 3441 cito
1080 3384 1218 3455 potuisti?
1241 3386 1377 3450 uoluntas,
1407 3383 1457 3450 ait,
1490 3384 1542 3438 Dei
1565 3385 1632 3451 suit,
1652 3387 1683 3438 ut
1706 3385 1759 3437 cito
1788 3383 1856 3436 milri

102 3469 186 3540 coepti
222 3468 288 3524 boni
317 3468 476 3538 desperatio
503 3470 532 3524 in
563 3469 689 3526 deterius
717 3484 828 3540 semper
852 3471 951 3528 relabi.
1005 3479 1156 3531 occurrerat
1170 3472 1244 3542 quod
1256 3474 1386 3528 sabbam.
1405 3471 1524 3528 lliralur
1538 3471 1690 3542 aliquoties
1705 3471 1768 3540 ipsa
1781 3472 1855 3526 ratio

102 3556 172 3627 Ego,
210 3555 250 3612 ait
281 3555 418 3627 patientia
451 3565 552 3623 mater,
578 3557 795 3626 maledictionis,
826 3556 953 3615 delectus
1006 3569 1064 3618 tam
1078 3561 1173 3618 subito
1197 3561 1333 3631 spiritum
1353 3575 1390 3617 ex
1409 3568 1489 3617 tanta
1504 3560 1694 3616 obduratione
1709 3558 1764 3615 sibi
1776 3573 1853 3615 com-

101 3645 207 3702 scilicet
230 3645 330 3715 hujus,
358 3645 380 3700 si
415 3659 480 3715 quac
509 3645 554 3713 sit,
581 3645 723 3702 molestias
746 3645 952 3717 fastidiumque
1005 3649 1170 3722 punctionis
1186 3648 1310 3716 inlundi,
1326 3649 1375 3705 sed
1386 3648 1486 3706 eadem
1502 3662 1554 3720 per
1567 3649 1727 3718 appetitum
1744 3646 1855 3717 pietatis

102 3733 202 3802 leram,
246 3742 357 3790 canaam
398 3748 480 3804 aare
520 3733 631 3805 pietatis
677 3734 806 3791 studium
845 3748 950 3806 aggre—
1006 3737 1209 3796 totumrefan
1236 3737 1421 3809 aagendam
1448 3737 1507 3792 oei.
1537 3736 1634 3808 (lans.
1659 3738 1704 3804 ιι,
1729 3738 1774 3803 ιι,
1800 3734 1854 3803 aa.)

101 3822 214 3890 diendo,
229 3829 257 3878 el
273 3822 420 3892 afferque
445 3821 599 3893 deliqueris
617 3822 787 3889 confitendo,
801 3823 951 3896 limocon-
1004 3826 1108 3883 Accede
1133 3826 1196 3894 bac,
1226 3827 1276 3887 ait,
1305 3831 1336 3880 ul
1359 3830 1472 3895 tanqam
1495 3830 1529 3887 te,
1558 3826 1600 3894 tili
1621 3826 1669 3890 mi,
1697 3828 1723 3878 el
1745 3822 1855 3893 probem

101 3909 233 3967 lessionis
258 3910 402 3967 oblatione
430 3911 589 3982 purgando.
611 3911 691 3965 Abiit
715 3909 889 3980 prolicienda
913 3910 951 3966 ab
1004 3921 1097 3970 ulrum
1117 3920 1146 3969 lu
1167 3917 1206 3970 sis
1229 3916 1303 3985 illius
1324 3929 1397 3969 meus
1421 3916 1504 3979 Esau,
1523 3930 1559 3968 an
1583 3929 1646 3968 non.
1668 3914 1791 3968 Accessit
1810 3913 1855 3967 illc

101 3997 166 4055 imis
181 3999 216 4054 ed
231 4012 345 4068 supera,
361 4001 455 4054 attulit
471 3998 643 4069 penitentiae
657 4012 753 4068 opera,
776 4013 842 4069 quae
858 3998 951 4055 conil-
1004 4004 1042 4059 ad
1062 4008 1180 4074 patrem,
1204 4008 1229 4058 et
1251 4004 1365 4073 palpato
1393 4019 1422 4058 eo
1443 4002 1518 4057 dicit
1536 4003 1642 4058 Isaac:
1667 4004 1727 4056 Voa
1746 4000 1855 4069 quidem

101 4086 202 4143 cienda
217 4087 339 4143 aliarum
357 4087 539 4143 condimento
561 4086 703 4142 virtutum
721 4086 827 4157 excipit
848 4096 949 4156 mater,
1003 4109 1057 4148 coc
1075 4093 1156 4148 Jacob
1173 4097 1223 4160 est,
1245 4092 1292 4146 sed
1312 4107 1407 4147 manus
1431 4107 1528 4147 manus
1549 4094 1613 4147 sunt
1631 4094 1717 4146 Esau.
1739 4091 1779 4145 Et
1801 4104 1854 4143 non

101 4190 167 4247 quae
183 4176 242 4232 ltaec
257 4176 343 4232 anxie
360 4176 485 4246 parturit
499 4174 646 4244 patientia·
1004 4183 1128 4250 cognovit
1151 4196 1219 4249 eum,
1245 4183 1311 4250 quia
1328 4182 1424 4250 pilosae
1443 4195 1539 4235 manus
1561 4179 1770 4235 similitudinem
1793 4179 1854 4245 sra-

137 4264 222 4321 Vens.
242 4267 284 4331 ¹5,
301 4267 344 4330 ¹⁶.
365 4264 404 4319 ¹7·
423 4294 458 4303 -
471 4264 592 4323 ‘Paravit
611 4263 661 4317 itta
679 4263 761 4325 cibit,
783 4264 854 4318 sicul
867 4278 949 4319 nooe-
970 4274 1056 4330 Diris
1077 4269 1193 4341 majoris
1218 4274 1417 4340 represserant.
1441 4269 1546 4341 Tangit
1567 4269 1648 4324 lsaac
1672 4267 1855 4324 accedentem

99 4359 146 4409 ral
159 4355 226 4408 ocllc
246 4358 354 4423 patrem
378 4353 463 4407 illius.
489 4354 524 4407 Et
540 4351 658 4407 aestibus
672 4354 747 4407 Esau
767 4352 848 4406 ualde
862 4352 951 4423 bonis,
1005 4359 1103 4427 Jacob,
1121 4365 1153 4416 ut
1167 4358 1276 4429 probet,
1292 4359 1316 4413 si
1341 4357 1417 4414 lilius
1433 4357 1497 4428 eius
1515 4358 1593 4413 Esau
1607 4363 1659 4423 ost,
1674 4369 1742 4412 eum
1757 4353 1855 4410 anima

101 4457 169 4513 quat
193 4443 269 4512 aput
295 4456 323 4496 ει
344 4439 459 4495 habetat
480 4440 565 4511 domi,
583 4439 675 4495 induit
699 4456 776 4508 eum,
791 4441 951 4510 pelliculas·
1002 4450 1063 4520 jam
1086 4446 1248 4504 coeleslibus
1268 4446 1382 4517 gaudiis
1407 4444 1533 4513 inhians,
1556 4444 1773 4501 convenientem
1794 4445 1854 4516 jam

100 4546 151 4601 qua
181 4530 324 4585 boedmum
352 4529 530 4584 circumdedit
561 4529 696 4596 manibus,
732 4534 757 4584 tt
785 4531 848 4585 cotti
876 4529 951 4584 nuda
1004 4536 1057 4593 sibi
1081 4536 1157 4607 piam
1183 4534 1361 4592 allectionem
1385 4540 1460 4592 certo
1481 4533 1608 4605 experiri
1630 4533 1743 4600 nititur,
1767 4546 1806 4589 an
1821 4532 1855 4588 de

96 4621 235 4689 preterit.
264 4619 343 4673 dedit
368 4619 547 4688 pulmentum,
582 4622 607 4672 et
632 4633 718 4688 panes
744 4634 810 4688 quos
841 4623 951 4674 roserat
1005 4619 1192 4687 carnalitatis,
1226 4619 1273 4674 cui
1301 4619 1368 4674 olim
1395 4617 1518 4687 vacavit,
1553 4617 1667 4685 ellectu,
1702 4617 1780 4687 quod
1814 4624 1855 4673 est

99 4707 228 4763 tradidit.
251 4707 378 4764 Rebecca
402 4708 474 4762 eibos
497 4707 533 4762 ad
562 4707 653 4778 patris
675 4706 857 4778 coimperat,
883 4721 949 4764 com
1005 4710 1093 4775 Esau,
1116 4721 1183 4764 vere
1199 4707 1343 4776 pmnileat,
1360 4706 1445 4763 idest
1465 4705 1488 4762 si
1513 4720 1542 4761 se
1556 4706 1635 4761 Esau
1657 4711 1852 4776 recognoscat.

100 4794 236 4867 patientia
250 4795 411 4852 meandum
434 4797 511 4867 quod
527 4796 564 4852 ab
581 4795 726 4853 intellectu
741 4797 794 4853 sibi
810 4804 854 4853 est
876 4795 949 4852 insi·
1004 4797 1109 4853 Tactus
1130 4795 1207 4851 enim
1234 4794 1299 4850 linis
1327 4808 1388 4850 esse
1412 4794 1591 4865 dignoscitur
1613 4791 1751 4858 notionis;
1781 4791 1855 4848 sicut

98 4891 161 4942 tum
185 4884 425 4955 per-passionum
454 4884 634 4941 tolerantiam
655 4885 797 4942 virtutum
819 4884 950 4941 relectio-
1004 4891 1100 4941 aulem
1114 4897 1151 4939 ex
1165 4890 1246 4953 patre
1269 4882 1414 4950 libussie
1435 4896 1470 4938 ex
1490 4881 1599 4938 ratione
1614 4880 1658 4938 vel
1684 4881 1854 4937 humanitus

99 4987 149 5029 nes
176 4974 330 5044 componit,
359 4980 386 5030 et
415 4973 545 5044 ordinat;
576 4973 657 5030 nulla
681 4982 723 5030 est
744 4973 822 5030 enim
844 4973 947 5042 virtus,
1004 4987 1055 5030 seu
1069 4971 1209 5028 divinitus
1224 4970 1371 5041 inspirata,
1388 4970 1453 5041 pius
1465 4970 1652 5038 occasionem,
1668 4975 1701 5025 ut
1715 4969 1756 5024 ita
1770 4981 1854 5039 aper-

98 5074 187 5131 quam
209 5061 401 5118 tentationum
425 5062 576 5119 tolerantia
599 5077 656 5119 non
676 5062 868 5118 commendat.
893 5062 949 5119 Ve-
1003 5060 1070 5129 tius,
1088 5059 1175 5131 juxte
1194 5060 1392 5131 Augustinum
1417 5059 1522 5124 dicam,
1545 5056 1655 5115 essendi
1677 5055 1792 5126 accipit,
1809 5055 1854 5112 vel

98 5155 154 5206 stes
180 5149 257 5206 Esau
283 5150 367 5208 valde
392 5151 482 5207 bonas
505 5165 591 5221 penes
615 5165 666 5207 nos
694 5150 835 5206 babemus
863 5149 947 5217 domi,
1004 5147 1162 5206 mundialis
1176 5147 1305 5216 allectus,
1322 5147 1403 5205 verbi
1419 5147 1521 5219 gratia,
1539 5154 1620 5203 ulex
1635 5145 1743 5202 virtute
1758 5144 1854 5201 inanis

97 5252 165 5295 cum
178 5247 348 5295 ornamenta
361 5240 401 5310 pii
417 5241 563 5310 appetitus
577 5240 660 5296 nobie
678 5238 849 5295 naturaliter
865 5237 948 5308 quasi
1003 5237 1105 5309 gloria,
1121 5238 1168 5293 vel
1182 5237 1284 5294 vitium
1296 5236 1460 5293 securitatis
1480 5236 1553 5292 acsi
1571 5250 1609 5292 ex
1624 5248 1733 5291 manna
1747 5233 1854 5290 vermis

97 5326 200 5383 mentis
222 5327 321 5384 domui
344 5328 439 5396 insita,
465 5328 527 5384 sine
549 5343 609 5399 quo
630 5327 708 5384 bona
732 5341 856 5398 quaeque
880 5334 950 5384 sunt
1002 5325 1143 5383 exoritur.
1178 5327 1254 5384 Vera
1288 5325 1377 5397 igitur
1413 5323 1642 5395 supplantatoris
1676 5322 1853 5381 contessione

95 5413 177 5471 nulla
203 5422 418 5483 conservamus,
447 5423 475 5472 el
504 5422 624 5472 vacante
651 5413 740 5471 totius
769 5413 948 5471 carnalitatis
1002 5414 1134 5486 probata,
1162 5418 1266 5471 'vocem
1295 5414 1413 5485 quidem
1441 5414 1528 5470 laoob
1558 5412 1669 5481 asserit,
1698 5412 1748 5468 sed
1774 5412 1853 5469 Esau

95 5504 271 5577 exclusoque
287 5503 402 5575 ellectu,
417 5505 462 5562 bis
477 5504 538 5559 villi
549 5503 793 5574 supplantatorem
803 5503 946 5572 animum,
1003 5517 1117 5572 manus,
1133 5503 1204 5574 quia
1221 5502 1274 5560 etsi
1294 5515 1380 5572 opera
1398 5502 1576 5560 carnalitatis
1597 5501 1727 5572 antiquae
1755 5499 1852 5557 borrel
