3818 6008
1770 166 1822 220 ast

70 170 120 228 691
279 194 282 199 ·
511 170 543 227 tt.
563 168 733 227 aulanam
752 169 899 226 sanans
916 168 947 225 S.
971 169 1092 226 ltanlAE
1111 169 1157 225 DE
1176 167 1375 229 Novtanrtro

104 306 302 362 Mobamelnm
313 321 387 362 naor
397 304 607 375 repudiandam
621 304 704 372 dicit,
724 305 775 359 aad
788 304 913 361 aemita
931 305 955 358 Α
970 305 1127 360 honestatis
1139 317 1171 360 ac
1186 303 1293 374 vigoris
1309 316 1346 358 ex
1367 301 1592 373 Evangeliarum
1606 309 1705 359 tenara
1718 302 1825 358 consti·

68 394 251 450 suasionibus
266 396 434 451 deterretur.
450 423 484 434 -
503 394 668 449 Innumeris
694 394 791 464 itaque
816 394 917 464 queri·
974 399 1076 458 tuerat,
1092 390 1217 448 crudelis
1244 397 1365 446 vacatur
1394 390 1544 447 acerbitas.
1573 391 1607 447 ht
1635 398 1822 461 praeceptum,

71 483 236 540 moniarum
257 483 347 538 modis
366 481 491 538 eremita
514 482 697 552 improperat,
715 496 841 552 nequam
865 482 917 539 sibi
973 481 1050 550 quad
1078 493 1166 535 vacca
1194 476 1307 545 detulit,
1336 477 1470 550 generale
1504 477 1675 548 appellatur,
1707 486 1735 534 et
1766 478 1828 548 ipsa

71 571 230 643 praebuisse
257 569 417 625 consilium.
449 569 486 624 tlt
518 569 573 636 ille,
605 584 671 625 cum
700 570 918 641 incomparabili
973 568 1066 624 solum
1081 569 1172 641 aRDea
1193 566 1392 623 commendata
1408 566 1533 622 libertas.
1552 566 1614 622 Nan
1639 567 1729 636 bloysi
1755 566 1828 621 anti·

73 659 262 730 praemunitus
287 663 359 712 esset
382 659 510 713 astutia:
531 678 541 706 ι
561 657 680 726 Desipis,
706 657 811 728 inquit,
827 658 917 724 fatua,
973 657 1079 726 quitos,
1103 670 1159 710 uon
1183 655 1324 711 catholica
1351 656 1464 711 navitas
1486 663 1648 724 reputatur.
1675 652 1824 724 Quidquid

72 745 144 802 dum
159 745 187 800 id
203 745 279 816 quad
294 753 337 800 est
352 745 490 801 claritatis
501 754 528 801 et
552 745 660 816 gloriae,
683 753 714 802 tu
730 755 786 802 tuae
801 747 921 803 ascribis
975 752 1040 800 ante
1056 744 1157 814 legem,
1174 745 1228 801 sab
1244 744 1314 811 ιιι),
1338 743 1480 814 quidquid
1497 744 1552 800 sub
1568 743 1672 815 gratia,
1699 742 1828 811 inexpia-

72 832 197 904 inJ'uriae.
223 836 267 888 du
291 835 392 896 nescis.
415 834 582 904 improvida,
600 833 669 904 quia
692 835 920 907 quotiescunque
975 832 1024 887 bili
1047 830 1168 887 falsitate
1195 839 1321 897 natatur,
1338 841 1374 894 ct,
1406 838 1438 885 ut
1453 829 1561 900 psalma
1577 831 1675 885 minus
1697 843 1827 900 congrue

70 919 276 989 prophetarum
303 920 448 977 mentibus
471 922 544 976 Deus
566 920 703 988 illabitur,
725 922 921 991 tatacarparis
975 929 1050 987 utar,
1067 920 1157 975 Deum
1184 934 1240 975 non
1264 919 1361 975 facisse
1384 918 1480 975 taliter
1496 919 1574 974 amni
1595 918 1716 984 nationi,
1735 918 1825 988 etiu-

71 1006 193 1062 humani
211 1020 304 1062 massa
327 1008 500 1074 concutitur,
522 1008 592 1078 quia
616 1009 688 1064 ferre
712 1024 769 1065 nan
786 1011 921 1079 praevalet
975 1008 1049 1064 dicia
1068 1022 1121 1063 sua
1143 1007 1215 1064 nulli
1242 1006 1386 1063 assecula
1410 1006 1457 1062 alii
1474 1006 1670 1062 manifestasse
1686 1013 1825 1061 cantatur

72 1095 169 1151 carnis
185 1093 348 1162 infirmitas,
370 1108 435 1151 aum
446 1095 511 1151 eise
526 1096 649 1165 applicat
662 1095 760 1152 divina
771 1097 921 1167 maiestas?
976 1094 1069 1163 (Psoi.
1095 1110 1197 1156 entim,
1222 1094 1277 1165 ιθ).
1307 1094 1451 1150 Profusiar
1475 1094 1604 1150 libidinis
1633 1092 1825 1163 adimplendae

72 1184 216 1253 Resipisce
232 1183 356 1251 tandem,
374 1198 409 1239 ne
424 1184 544 1240 insolitis
559 1185 718 1241 visionibus
736 1200 919 1255 expavescas,
976 1181 1107 1250 facultas,
1135 1190 1162 1238 et
1186 1182 1331 1237 bestialem
1358 1186 1430 1235 aad
1458 1181 1518 1253 jam
1542 1195 1684 1251 superans
1717 1180 1826 1250 appeti-

73 1271 230 1341 beatasque
258 1270 349 1325 sancti
375 1269 500 1326 hominis
538 1271 673 1327 tortiones
702 1281 849 1344 gratanter
876 1283 922 1332 at·
976 1278 1048 1338 tum,
1076 1286 1133 1327 nan
1159 1270 1361 1341 conjugiorum
1386 1271 1458 1339 jam,
1476 1270 1525 1325 sed
1543 1280 1703 1324 scortorum
1726 1283 1833 1324 nutne2

74 1357 168 1425 tende,
196 1357 352 1427 prasertim
381 1372 446 1413 cunt
470 1372 537 1413 eum
559 1365 628 1413 tuna
649 1359 741 1415 virtus
765 1362 923 1432 spiritualis
977 1360 1092 1416 rasitata
1113 1361 1255 1428 valuptas
1284 1356 1526 1428 procreandorum
1551 1358 1707 1414 liberarum
1724 1371 1826 1426 super-

75 1445 207 1501 instituat
234 1458 321 1514 super
350 1445 393 1501 his
420 1444 555 1500 amnibus
579 1459 644 1514 quae
666 1447 731 1502 sciri
756 1454 783 1503 et
808 1447 868 1504 fieri
895 1449 922 1504 in
980 1447 1040 1503 licie
1061 1448 1205 1518 palliatur.
1227 1446 1291 1511 Sed,
1313 1446 1384 1501 dum
1407 1446 1434 1500 in
1460 1445 1583 1515 hisquae
1609 1445 1691 1516 quasi
1711 1444 1827 1499 usualia

74 1534 208 1590 futurum
225 1547 242 1589 a
257 1534 337 1588 vobis
348 1534 491 1603 expediat.
508 1555 518 1580 ι
543 1533 592 1590 llis
618 1534 739 1590 leminea
761 1536 860 1593 levitas
877 1551 923 1592 re·
977 1544 1054 1604 sunt,
1071 1548 1257 1606 nequaquam
1281 1534 1380 1590 fluxus
1396 1541 1507 1589 naturae
1523 1533 1717 1604 restringitur,
1734 1546 1828 1602 usque

74 1621 168 1678 lerata
180 1621 372 1687 sermonibus,
394 1629 484 1677 totum
503 1623 562 1692 jam
589 1636 646 1678 nan
665 1624 749 1680 mado
766 1625 920 1694 tolerabile,
942 1597 1014 1680 Bad
1029 1638 1062 1680 ea
1080 1638 1146 1694 quae
1167 1637 1224 1678 nan
1249 1622 1436 1686 conveniunt,
1461 1636 1514 1677 nee
1530 1620 1672 1676 narninari
1697 1620 1827 1676 innubis

75 1710 122 1765 sed
146 1711 232 1765 etiam
254 1718 469 1765 sacrosanctum
490 1717 518 1765 et
541 1711 693 1779 spectabile
714 1713 921 1783 arbitrabatur,
976 1712 1089 1780 debent,
1118 1711 1210 1768 brutis
1233 1709 1319 1767 etiam
1348 1710 1500 1780 pecoribus
1521 1709 1679 1778 inexperta,
1700 1721 1827 1765 cancar-

75 1798 219 1869 quidquid
244 1798 325 1867 prius
349 1797 454 1854 foedum
482 1811 515 1853 aa
544 1799 716 1869 despicabile
753 1802 920 1871 putabatur.
976 1801 1061 1857 ritur.

74 1887 185 1943 Interea
209 1900 260 1956 per
288 1886 453 1942 hereticum
479 1888 627 1943 eremitam
657 1889 693 1945 ad
723 1890 842 1960 prolana
871 1892 921 1948 da·
1014 1888 1107 1958 liujus
1121 1886 1237 1943 natanta
1254 1886 1441 1942 institutionis
1454 1886 1616 1942 obscuritas
1630 1884 1827 1941 Christianum

72 1982 171 2046 grraata
185 1972 241 2040 ille,
254 1973 360 2030 diaboli
379 1974 484 2042 fistula,
498 1975 691 2041 imbuebatur,
706 1987 734 2034 et
748 1978 921 2050 ipsiusque·
975 1983 1045 2033 tuna
1071 1989 1175 2032 nomen
1191 1975 1308 2041 obtexit,
1334 1982 1361 2029 et
1383 1974 1479 2030 adhuc
1501 1974 1673 2043 pertinentia
1690 1970 1756 2044 [at.,
1778 1984 1828 2041 per

72 2077 131 2133 qua
149 2076 266 2120 versum
290 2071 436 2133 praeunte
462 2064 615 2134 praeconio,
638 2068 777 2136 propheta
796 2068 833 2124 ab
854 2069 920 2124 uni·
974 2064 1107 2135 Orientis]
1135 2078 1206 2134 pena
1230 2063 1369 2124 universi,
1393 2061 1493 2118 africae
1522 2062 1648 2133 AEgypti,
1672 2059 1827 2129 AEthiopia

71 2151 315 2209 versisureditur.
975 2153 1079 2223 nynia,
1105 2160 1132 2208 et
1148 2152 1235 2222 juxta
1262 2166 1314 2208 nas
1341 2150 1483 2220 tltspantae
1506 2150 1709 2206 remotissimas
1733 2149 1826 2217 sinus,

109 2239 920 2315 Qaaastaliafertlepem.—Cumquejamlougalateque,
974 2241 1128 2298 oblitterat.
1143 2241 1195 2296 Sed
1214 2239 1291 2294 hunc
1309 2247 1420 2294 tantum
1438 2247 1554 2307 tamque
1572 2237 1727 2293 miriftcum
1745 2235 1828 2306 legis-

72 2324 102 2381 in
117 2326 246 2383 amnium
262 2328 446 2398 opinionibus
460 2328 536 2385 fama
552 2329 726 2399 proliciente.
744 2332 920 2402 claresceret,
976 2331 1094 2386 latorem
1111 2329 1176 2399 quis
1190 2327 1286 2384 exitus
1305 2327 1339 2383 de
1356 2326 1448 2382 media
1473 2326 1580 2390 tulerit,
1601 2325 1756 2381 dicendum
1772 2331 1824 2380 est.

71 2423 99 2472 et
121 2416 182 2472 suis
197 2415 375 2473 documentis
398 2417 664 2488 cirathaceutium
686 2434 720 2475 ac
744 2430 921 2480 remotarum
975 2421 1045 2476 Cum
1073 2418 1223 2473 subitanea
1240 2417 1297 2471 ictu
1310 2415 1465 2485 epilepseos
1491 2429 1563 2483 saepe
1585 2417 1826 2483 corrueretque

73 2504 288 2574 provinciarum
314 2505 437 2561 acclines
465 2506 585 2576 populas
609 2507 812 2577 conspexisset,
841 2526 921 2568 aam-
974 2522 1041 2565 eum
1064 2507 1198 2576 superius
1213 2504 1340 2560 diximus
1356 2503 1496 2567 laborare,
1520 2502 1624 2558 accidit
1638 2501 1736 2568 semel,
1753 2501 1824 2557 dum

73 2591 221 2648 manicata
238 2607 303 2648 cum
327 2608 380 2649 suo
395 2594 510 2650 doctore
529 2595 657 2663 consilia,
686 2597 776 2666 legem
797 2599 919 2669 scripsit,
975 2597 1053 2654 solus
1069 2593 1246 2660 obambulat,
1264 2600 1295 2648 ut
1315 2592 1414 2647 morbo
1435 2590 1522 2646 elisus
1543 2590 1780 2656 eademeadem,
1798 2597 1826 2646 et

73 2680 123 2736 uhi
152 2682 213 2736 suis
231 2682 406 2752 sequacibus
438 2682 525 2737 tatius
549 2682 746 2752 turpitudinis,
772 2700 822 2755 per
844 2689 920 2757 quad
975 2683 1119 2748 inventus,
1142 2683 1210 2738 dum
1233 2682 1294 2751 ipsa
1315 2681 1445 2751 passione
1467 2686 1628 2751 torquetur,
1653 2678 1780 2748 aparcis
1797 2679 1825 2733 iu

72 2768 166 2839 magis
190 2767 384 2837 traherentur,
416 2769 498 2826 frena
519 2771 636 2827 remisit.
663 2772 724 2839 Quo
750 2773 834 2838 facta,
860 2776 920 2831 inli-
974 2778 1087 2828 tanturn
1103 2770 1274 2840 discerpitur
1298 2777 1328 2826 ut
1351 2768 1438 2824 nullae
1464 2767 1527 2838 eius
1553 2775 1657 2838 praeter
1678 2765 1827 2823 talasreli·

73 2855 345 2911 uttaemuttttudints
360 2856 468 2928 vulgus
482 2866 630 2930 aggregat,
647 2867 675 2916 et
692 2868 722 2917 ut
737 2863 828 2933 magis
846 2857 1051 2934 vagactlllfae
1086 2855 1293 2911 invenirentur·
1332 2854 1404 2909 Εθιθ
1439 2852 1538 2924 legifer
1578 2853 1714 2922 Optimus,
1754 2851 1825 2908 dum

72 2943 159 2999 aarda
174 2945 320 3013 praemissa
336 2944 471 3019 religione
493 2946 642 3015 deciperet,
668 2949 764 3005 tridua
785 2951 826 3006 eis
846 2953 922 3022 jeju·
975 2945 1160 3014 Epicureum,
1187 2956 1273 3012 quem
1299 2941 1357 2997 veri
1384 2940 1478 3007 Stoici,
1507 2939 1610 2995 Christi
1634 2940 1742 2996 scilicet
1759 2939 1826 2995 cul'-

73 3045 145 3087 nare
161 3032 291 3102 imperat,
308 3042 335 3089 et
346 3042 378 3088 ut
392 3034 482 3089 Deum
502 3041 608 3092 attente
630 3038 833 3109 pastulentpra
852 3041 922 3112 lepis

73 3120 238 3189 acceptioue
269 3121 411 3178 sollicitat.
441 3123 500 3179 Hoc
530 3123 614 3180 etiam
642 3125 682 3181 eis
707 3126 823 3197 signum
849 3127 920 3185 dat:

73 3203 147 3271 Quia
160 3206 183 3263 si
201 3208 258 3263 Dea
273 3207 327 3263 sibi
346 3208 437 3280 legem
458 3209 527 3265 dare
555 3211 704 3280 placuerit,
730 3227 809 3269 mare
825 3215 866 3270 eis
879 3216 922 3270 in·

73 3294 164 3362 salita,
181 3303 207 3351 et
232 3310 282 3365 per
303 3311 434 3364 manum,
455 3298 489 3355 de
511 3314 571 3369 qua
590 3314 647 3355 nan
663 3308 806 3370 speratur,
832 3303 920 3359 dabit.

73 3383 191 3438 interim
221 3398 337 3440 vaccam
371 3386 505 3455 habebat,
542 3402 630 3458 quam
661 3390 699 3444 ita
734 3391 833 3447 manui
862 3406 921 3449 sua

73 3471 264 3528 assuefecerat
280 3480 312 3530 ut
338 3475 567 3546 quotiescunque
590 3485 639 3533 aut
656 3476 745 3547 hujus
761 3492 858 3535 vacem
872 3493 922 3535 au-

73 3557 157 3626 diret,
173 3560 215 3615 vel
232 3562 339 3617 rideret
354 3565 546 3632 presentiam,
563 3565 613 3619 vix
627 3579 690 3621 earn
707 3566 749 3620 vis
766 3565 826 3622 ulla
840 3574 921 3624 tene-

72 3654 114 3702 ret
129 3648 200 3718 quin
215 3649 251 3704 ad
266 3664 332 3705 eum
359 3650 530 3707 intolerabili
551 3652 677 3722 quadam
704 3652 842 3710 aviditate
856 3669 922 3710 can·

72 3742 211 3791 curreret.
237 3737 355 3793 Factum
373 3738 463 3809 igitur
487 3739 614 3795 libellum
635 3740 770 3796 carnibus
787 3740 921 3797 animalis

72 3821 290 3895 circumligatet
301 3827 329 3881 in
342 3828 463 3883 tentoria
474 3842 531 3898 quo
544 3829 715 3885 vorsabatur
734 3828 805 3886 illud
825 3831 921 3887 accul-

72 3916 123 3966 tat.
141 3912 233 3968 Tertio
248 3912 373 3983 denique
387 3914 433 3969 die
447 3930 534 3985 snper
549 3930 663 3971 amnem
683 3918 733 3986 qui
748 3927 921 3976 convenerat

73 3998 211 4068 papulum
237 4000 378 4070 eminens,
398 4002 525 4059 tribunal
550 4005 687 4069 ascendit,
711 4014 738 4061 at
760 4006 921 4064 declamare

72 4086 218 4157 productis
232 4088 351 4144 vocibus
370 4090 404 4145 ad
428 4092 567 4161 papulum
584 4093 678 4163 capit.
706 4093 775 4160 Quas
794 4109 871 4162 cum,
888 4103 920 4151 ut

71 4173 114 4230 ita
137 4175 268 4240 dixerim,
295 4191 409 4234 summa
438 4193 485 4236 ore
508 4181 663 4237 verborum
684 4196 787 4238 sanum
808 4172 961 4255 abigis-⁰

976 3040 1060 3094 tores.
1084 3031 1255 3097 acciderant,
1284 3044 1401 3100 parcum
1428 3030 1598 3084 resuscitare
1617 3029 1744 3092 molitur,
1769 3028 1827 3085 ima

975 3136 1094 3192 prorsus
1121 3120 1281 3187 resuscitat,
1309 3133 1413 3189 porcus
1439 3119 1495 3188 ipse
1521 3118 1613 3187 parcis
1636 3118 1824 3174 devorandus

975 3209 1139 3278 exponitur,
1177 3215 1208 3263 ut
1237 3206 1421 3264 obscenitatis
1451 3207 1647 3276 magisterium
1683 3204 1828 3262 obscenis

974 3297 1056 3364 sima,
1074 3297 1116 3353 uti
1141 3297 1285 3362 convenit,
1313 3295 1368 3351 itne
1387 3295 1550 3351 concludat.
1572 3294 1655 3349 Talus
1674 3293 1741 3364 jure
1756 3294 1826 3349 reli·

974 3387 1048 3457 quit,
1065 3386 1134 3455 quia
1150 3384 1277 3455 perfidiae
1292 3398 1325 3439 aa
1351 3383 1539 3453 turpitudinis
1554 3382 1684 3453 vestigia,
1701 3383 1828 3452 deceptis

973 3473 1174 3532 miserabiliter
1188 3472 1339 3529 animabus
1363 3472 1466 3528 infixit.
1481 3471 1571 3541 Cuius
1593 3471 1718 3527 talorum
1741 3471 1828 3528 titula

973 3565 1123 3635 exegimus
1149 3562 1335 3626 tetrasticum,
1362 3562 1449 3633 juxta
1475 3568 1587 3631 poetam
1616 3559 1739 3630 (Hoaar.
1771 3558 1825 3616 ad.

974 3667 1042 3721 ω’
1060 3655 1083 3720 1’
1101 3654 1140 3721 2).
1186 3725 1251 3778 dire
1265 3720 1432 3794 perennius,

1116 3810 1271 3883 nepotique
1281 3809 1340 3865 sila
1352 3808 1530 3883 piramidum
1545 3808 1644 3873 allicis,

973 3925 1006 3975 nt
1026 3918 1072 3974 vir
1087 3918 1222 3989 egregius
1244 3917 1322 3972 amni
1340 3918 1399 3987 jam
1416 3930 1501 3986 parca
1523 3915 1630 3971 felicior
1650 3929 1718 3971 cum
1741 3924 1828 3986 poeta

972 4007 1071 4063 eadem
1088 4005 1185 4077 (ibid,
1197 4005 1256 4076 6-7)
1271 4005 1364 4061 dicere
1378 4005 1473 4060 valeat
1490 4019 1496 4058 :

1115 4095 1182 4149 Non
1196 4093 1290 4149 amnis
1304 4091 1423 4161 morior,
1439 4092 1589 4164 multaque
1603 4107 1674 4164 pars
1688 4091 1748 4147 mei

1211 4178 1321 4234 Vilabil
1336 4178 1503 4233 Libitinam.

72 4270 124 4331 set,
139 4277 154 4319 e
170 4265 289 4321 tentoria
315 4267 521 4339 subterjacenti
540 4269 688 4326 confestim
715 4271 871 4341 egreditur,
894 4281 921 4328 et
1012 4268 1093 4334 Quod
1106 4276 1164 4325 est:

71 4364 124 4423 per
139 4352 246 4409 medias
259 4355 488 4413 coadunatarum
500 4358 629 4428 gentium
640 4365 761 4428 turmas,
775 4359 922 4418 volumine
974 4357 1121 4414 blanditor
1133 4371 1286 4425 areanum,
1299 4355 1475 4429 quiporcom
1490 4354 1614 4419 dicarat:
1633 4355 1720 4424 bajus

71 4440 209 4497 carnibus
224 4442 366 4513 imposita,
386 4447 422 4501 ad
440 4447 525 4517 pedes
540 4447 684 4518 loquentis
698 4449 780 4518 quasi
795 4462 921 4519 congra—
1011 4445 1137 4503 alambra
1156 4445 1240 4501 baala
1248 4444 1461 4517 clnnnt,podice
1467 4445 1542 4513 susa
1555 4460 1648 4498 ntum.

71 4528 202 4584 tulatura
227 4544 313 4589 vacca
340 4535 496 4591 contendit.
521 4535 664 4591 Mirantur
682 4550 790 4604 amnes,
816 4538 919 4607 raptim
975 4535 1040 4591 aum
1053 4534 1127 4589 talos
1141 4533 1195 4601 ari,
1209 4535 1268 4588 tam
1281 4533 1416 4605 quodsus
1435 4533 1512 4595 fodit
1527 4531 1616 4598 odori,

70 4616 207 4673 ralumen
233 4619 387 4688 evolvitur,
413 4621 560 4678 anhelanti
584 4622 676 4679 turbae
696 4625 863 4694 exponitur,
878 4639 921 4694 pe·
1009 4621 1098 4695 Dipaia
1110 4621 1163 4694 qai
1176 4621 1301 4678 celebrat
1314 4623 1410 4678 cultor
1424 4621 1624 4686 honoreserat.

72 4705 195 4761 tutantia
218 4709 296 4778 turpi
324 4709 384 4780 lege
406 4709 553 4779 permissa,
579 4711 739 4781 gaudenter
765 4713 917 4784 excipitur.
1008 4711 1126 4778 Quodsi
1143 4711 1367 4767 Manichaeorum
1385 4718 1453 4767 sunt
1475 4723 1544 4765 vera
1564 4707 1703 4779 repurgia
1729 4717 1824 4772 secta,

70 4792 145 4860 Quid
173 4794 277 4865 ptura‘t
304 4797 392 4854 ablati
422 4797 488 4853 libri
516 4799 689 4855 miraculum
719 4801 919 4871 centuplicatis
973 4799 1054 4856 utin
1078 4800 1156 4855 amni
1180 4798 1258 4869 quod
1281 4799 1440 4854 comeditur
1460 4811 1527 4868 pars
1553 4798 1688 4869 quadarn
1708 4805 1826 4855 maneat

71 4881 218 4939 favoribus
232 4884 404 4942 celebratur.
972 4887 1182 4945 commaculata
1198 4887 1265 4955 Dei3
1286 4895 1313 4944 et
1332 4887 1461 4943 dentium
1479 4885 1705 4943 comminutione
1725 4894 1755 4943 et
1770 4895 1826 4944 sto-

106 4968 285 5041 Prapagatur
300 4973 409 5044 ubique
428 4974 556 5044 gentium
574 4976 656 5046 qnasi
676 4979 787 5035 coelitus
801 4978 919 5035 verricus
973 4977 1067 5033 machi
1093 4976 1272 5032 concoctione
1291 4989 1357 5046 pars
1379 4976 1440 5046 ipsa
1461 4976 1510 5031 Dei
1532 4982 1688 5046 purgetur3
1709 4982 1738 5031 et
1754 4989 1823 5046 pur-

71 5056 401 5117 iudiiierenteraoeundi
418 5077 493 5119 nava
511 5063 685 5122 licentiabit
701 5067 918 5137 quantomagis
973 5071 1039 5136 gata
1058 5066 1119 5135 iam
1143 5064 1171 5119 in
1197 5062 1313 5135 angelos
1334 5072 1529 5130 convertatur,
1557 5062 1608 5133 qui
1638 5062 1774 5119 ructibus
1796 5070 1825 5120 et

69 5142 254 5213 pollutionem
269 5161 467 5206 concessarum
479 5153 618 5209 exuberat
630 5155 721 5224 capia,
739 5160 816 5210 tauta
827 5154 920 5225 magis
972 5152 1140 5210 ventositate
1155 5160 1237 5208 extra
1254 5167 1305 5209 nas
1319 5152 1432 5222 prodire
1444 5153 1588 5216 dicantur,
1601 5165 1666 5207 sues
1682 5152 1717 5206 da
1733 5151 1825 5223 hujus

70 5232 156 5289 tacita
194 5234 327 5293 feditatis
361 5238 487 5306 nomine,
515 5242 563 5297 llei
591 5242 755 5298 remissiora
789 5249 918 5312 tempora
971 5241 1108 5298 carnibus
1137 5248 1242 5311 pastas,
1269 5242 1345 5312 quad
1374 5240 1518 5297 credimus
1554 5240 1670 5312 angelos
1696 5239 1824 5297 effecisse

72 5319 249 5390 indulgentis
273 5326 446 5393 praedicatur
469 5329 571 5399 gratia.
600 5330 670 5386 'fata
692 5329 918 5387 Christianitatis
971 5338 999 5387 et
1025 5330 1116 5401 magis
1143 5329 1211 5386 hinc
1237 5329 1304 5386 iude
1330 5329 1447 5385 datibus
1474 5328 1623 5385 emisisse?
1638 5327 1690 5384 Sed
1707 5327 1823 5385 amissis

69 5421 193 5464 censura
212 5411 344 5469 convitiis
361 5413 438 5470 mille
460 5415 626 5485 damnatur,
644 5425 672 5474 et
687 5417 830 5489 quidquid
847 5418 915 5474 alim
969 5417 1149 5490 jocularibus
1163 5432 1229 5488 quae
1243 5431 1295 5488 pra
1318 5417 1485 5488 sequacium
1502 5416 1644 5472 derisione
1668 5416 1820 5483 dicuntur,
