3818 6008
107 190 156 243 tes
548 186 580 239 V.
602 185 770 242 authenti
792 185 939 240 hahetis
959 186 985 240 S.
1009 185 1130 240 tthltlAE
1149 187 1195 240 DE
1216 183 1411 240 Rettunuto
1806 186 1853 239 tul

106 318 218 386 biberit,
250 332 308 373 nien
330 317 405 373 sitiet
429 317 505 372 ultra
532 317 629 387 (dauri.
655 331 692 383 vr,
720 317 779 385 35),
805 315 991 371 Christumh
1045 317 1130 372 Vnus.
1147 315 1253 383 15,16,
1277 316 1448 371 -lllecdam
1465 319 1540 370 intra
1554 332 1582 370 se
1597 317 1680 370 arrha
1706 319 1853 386 complane-

105 408 214 464 scilicet
231 407 313 463 benis
325 406 430 463 nostris
444 406 578 475 aper-hos
593 419 643 474 per
658 414 764 460 sanctae
780 406 837 474 spei
853 419 952 474 exspe-
1006 412 1062 473 rint,
1090 411 1114 460 rt
1136 422 1193 460 ecee
1217 405 1406 473 eyrediehatar
1427 405 1546 459 Rebecca
1571 406 1630 473 filia
1660 407 1775 460 Bathaet
1794 406 1854 474 filia

104 498 255 554 clationem
270 497 399 566 requiem
416 496 588 551 invenimus.
617 495 689 551 Nam
711 495 839 564 deaque
857 495 952 563 oppidi
1007 496 1126 562 Matala,
1151 498 1245 549 uaeris
1272 495 1390 562 Nacher,
1432 496 1532 560 fratris
1557 494 1717 561 Adraham3
1751 494 1852 549 hahens

106 588 156 656 qui
172 586 251 650 bibit,
268 585 342 641 sitiet
360 585 474 640 iterum.
496 587 568 639 Dam
583 585 705 653 superbit
726 587 836 652 impius,
859 586 953 638 inara—
1007 584 1135 651 hydriam
1161 587 1191 637 in
1208 584 1338 652 scapula,
1359 584 1450 650 praelia
1480 583 1691 650 decemminas,
1723 586 1853 652 uitaeque

105 676 181 729 ditur
195 689 300 743 pauper
313 672 394 740 (Psal.
406 687 443 741 ιιι,
462 674 508 740 23)
525 687 531 725 :
549 672 617 726 dum
646 674 769 726 matteras
791 671 952 742 {egrediun-
1005 672 1191 741 patalia-rima
1205 675 1231 723 et
1242 672 1377 735 incripta-'tv
1397 685 1463 723 rire.
1481 669 1574 724 Verba
1589 669 1720 724 absolute
1740 669 1853 739 alique·

105 770 154 818 tur
168 762 204 814 ad
231 761 410 814 hauriendam
431 777 541 829 aymam,
564 762 632 816 ilum
648 761 762 829 iraqilia
777 761 867 815 instar
890 774 952 815 mu·
1008 759 1059 814 ties
1083 759 1180 813 inania
1198 757 1332 828 quaelibet
1349 773 1450 813 vocae
1477 758 1612 825 solemus,
1634 773 1700 828 quie
1715 759 1756 813 nil
1772 759 1853 814 aliud

105 850 206 906 lterum
231 849 317 905 eorda
342 849 482 919 deprava
500 863 563 915 sua,
591 857 618 905 et
634 849 746 905 occulta
767 848 952 917 conceptione
1006 861 1094 918 quam
1114 861 1217 902 sonum
1236 846 1357 914 hahent;
1374 846 1450 902 unde
1464 855 1519 901 cst:
1550 864 1563 896 a
1577 845 1732 901 Verbadat
1757 844 1851 901 enanis

104 940 384 1008 adapertasexeunt
402 938 525 994 malitias
546 946 576 993 ut
599 938 736 994 hauriant
759 952 817 993 nau
837 937 949 1005 Christi,
1006 935 1221 1004 amathonta
1251 936 1415 1003 Antequam
1441 934 1530 989 verba
1553 935 1757 1002 commeamus,
1789 948 1853 989 ecce

104 1025 150 1080 sed
165 1024 261 1093 oppidi
286 1038 387 1093 alpius,
416 1024 443 1080 id
469 1031 510 1080 est
526 1025 660 1093 impleant
679 1025 705 1081 io
722 1025 813 1090 titulis,
841 1040 899 1080 uon
922 1024 950 1078 iu
1005 1025 1130 1080 Rebecca
1145 1022 1301 1094 egreditur,
1315 1023 1386 1092 quia
1400 1023 1570 1092 priusquam
1586 1022 1685 1078 nubila
1705 1036 1852 1092 nugarum

104 1113 187 1170 trariis
202 1113 341 1168 desideria
354 1126 417 1181 soa,
433 1128 475 1181 eo,
494 1114 624 1184 iniquam,
642 1122 777 1183 tempore,
805 1128 863 1184 iqua
890 1113 950 1169 lar·
1005 1113 1172 1182 adplenum
1191 1126 1207 1166 a
1231 1112 1314 1167 corde
1342 1112 1542 1178 excludamuS,
1570 1120 1684 1181 repente
1705 1125 1741 1166 ex
1763 1110 1853 1167 nimio

105 1205 163 1275 gito
189 1202 421 1271 sibi'pinnitendi
449 1202 540 1271 spatio
564 1202 728 1258 abutuntur
750 1203 778 1257 in
803 1202 949 1272 superbia,
1004 1199 1175 1270 repulsionis
1203 1199 1308 1266 labore,
1337 1198 1483 1255 oboriente
1515 1199 1626 1255 fastidio
1658 1199 1797 1267 Rebecca,
1824 1200 1852 1255 id

104 1293 220 1348 student
249 1292 338 1348 sancti
369 1291 479 1362 quique
501 1300 584 1347 extra
615 1292 752 1362 oppidum
777 1305 830 1348 sua
858 1292 950 1348 faeere
1003 1291 1194 1358 estpatieatia
1216 1288 1360 1357 (siceuim
1381 1288 1599 1358 iuterpretatur)
1621 1288 1758 1344 excedere
1780 1288 1853 1342 deli-

103 1394 197 1450 opera.
1003 1378 1103 1434 ciertdo
1120 1377 1231 1432 nititur.
1258 1378 1363 1432 Rectus
1378 1378 1453 1433 cuim
1471 1377 1522 1447 qui
1536 1376 1638 1432 sutlert
1666 1376 1852 1432 tentationem

140 1467 224 1522 Vnus.
253 1469 293 1523 ta.
312 1497 342 1506 -
369 1468 492 1534 Domine,
516 1468 565 1537 ait,
593 1468 697 1523 damini
720 1472 773 1522 mri
794 1469 948 1534 Abrabam,
1004 1468 1080 1536 (dae.
1099 1481 1117 1530 r,
1135 1468 1174 1534 li)
1191 1482 1196 1518 :
1215 1465 1626 1535 RathueleiryaDeidicitur,
1645 1466 1741 1535 inquo
1758 1465 1852 1520 incer-

103 1571 220 1624 eccarre,
246 1556 365 1625 obsecra,
396 1557 474 1623 mihi,
500 1557 587 1625 hodie,
612 1561 636 1610 et
664 1558 710 1623 fac
735 1557 947 1612 misericerdiam
1005 1555 1176 1626 rupteehdei
1193 1562 1284 1611 status
1303 1556 1488 1625 exprimitur,
1517 1556 1552 1610 de
1574 1569 1631 1626 quo
1656 1555 1783 1610 Rebecca
1807 1554 1853 1624 gi-

103 1661 163 1698 cam
189 1645 296 1699 damino
320 1661 377 1701 nica
403 1645 555 1700 attraham.
584 1645 665 1712 Quod
698 1655 739 1702 est
762 1646 865 1714 dicere,
894 1647 950 1703 Du·
968 1615 1113 1716 Bguitur,
1143 1643 1212 1712 quia
1233 1643 1303 1699 dum
1333 1643 1545 1711 credimushis,
1567 1658 1632 1713 qua·
1659 1657 1696 1698 ex
1725 1641 1854 1698 tidescla

103 1734 190 1799 utine,
219 1734 270 1803 qui
293 1748 362 1789 meze
387 1734 543 1790 doniiuaris
567 1734 680 1801 rationi,
708 1749 796 1805 equam
816 1735 897 1801 mihi,
923 1743 950 1792 te
1005 1736 1149 1798 leuentur,
1177 1731 1314 1799 patientia
1340 1731 1415 1788 inter
1443 1732 1518 1787 mala
1547 1732 1698 1802 prasentia
1719 1745 1771 1801 pro
1804 1745 1854 1800 spe

103 1820 232 1889 preside,
262 1822 391 1877 desidero
421 1822 505 1877 bodie
533 1821 741 1877 inhabitatione
770 1824 869 1894 utiquo
893 1831 950 1879 tuae
1004 1819 1506 1890 aeternoruminnobisprocroatur.
1532 1820 1749 1877 Unchathuel
1777 1820 1853 1876 hlius

104 1909 185 1976 lucis
203 1909 450 1980 quidiesnbique
476 1925 611 1980 praesens,
636 1919 663 1967 et
678 1925 788 1981 semper
800 1926 838 1979 es,
855 1912 951 1982 opitu-
1005 1907 1120 1964 hlelchm
1147 1908 1173 1964 id
1204 1916 1246 1965 est
1276 1912 1386 1977 repara,
1412 1910 1457 1967 vel
1478 1910 1853 1979 reyrtataraepdieiturmuia

103 1998 217 2054 lationis
234 2006 289 2054 tuae
305 1998 657 2069 mihipraebeaccursum,
677 2008 780 2056 eteam
799 2000 950 2071 quaemihi
1004 1995 1219 2064 qttodnuneln
1237 1998 1290 2053 lide
1318 2000 1391 2054 tutin
1409 2006 1584 2054 tentamenta
1615 1999 1790 2069 persistitur.
1816 2012 1853 2053 01

104 2094 207 2157 praeest
224 2102 281 2142 nou
298 2089 410 2157 nierito,
424 2089 471 2144 scd
498 2088 693 2145 misericordia
712 2089 838 2146 clarihca
863 2091 950 2147 ratic·
1004 2084 1127 2153 pellecta
1147 2086 1241 2156 surgit
1267 2086 1367 2156 gloria,
1384 2102 1472 2157 (luam
1497 2088 1651 2155 eredimus
1678 2086 1853 2158 superaete-

103 2189 177 2230 ncm.
194 2174 290 2244 (Varis.
307 2177 363 2245 ta.)
377 2180 443 2231 Ecce
462 2182 502 2231 ste
512 2183 625 2246 propter
638 2181 740 2242 tantem
755 2194 843 2246 ayne,
855 2181 951 2248 etytiae
1003 2171 1053 2226 stis
1063 2171 1239 2228 Hierusalem
1253 2174 1353 2230 matris
1367 2183 1482 2239 nostrae,
1497 2175 1556 2244 jam
1568 2189 1605 2230 en
1628 2183 1709 2244 parte
1723 2188 1852 2246 regnan-

102 2265 286 2318 habitatorum
301 2268 421 2320 civitatis
439 2267 521 2333 haias
535 2267 707 2333 eyrcdientar
719 2267 756 2320 ad
771 2269 951 2323 hamiendam
1004 2259 1049 2327 tis,
1079 2267 1106 2316 et
1131 2269 1192 2329 post
1216 2262 1317 2332 judicii
1339 2263 1413 2319 diem
1438 2263 1474 2318 ad
1500 2265 1645 2333 integrum
1672 2270 1850 2334 regnaturae.

102 2368 212 2420 aenaim.
230 2352 289 2409 Stat
313 2359 426 2423 propter
451 2356 563 2421 sentem,
581 2355 697 2424 quanda
713 2363 809 2410 nostor
832 2354 952 2411 affectus
1005 2348 1115 2404 blelclvn
1129 2358 1170 2404 est
1186 2365 1260 2406 uxor
1288 2352 1400 2407 Nacher
1421 2352 1516 2407 iratris
1540 2352 1697 2419 Abraham,
1720 2352 1791 2422 quia
1806 2351 1853 2406 illa

103 2441 209 2497 transtu
228 2441 311 2497 tontis
331 2442 431 2497 eterni
457 2442 609 2499 roboratas
633 2451 721 2498 certat
742 2443 803 2513 jam
831 2444 952 2500 viriliter
1005 2437 1143 2508 qoniam
1168 2447 1271 2509 regnat
1286 2454 1390 2509 sponsa
1416 2447 1458 2496 est
1481 2441 1554 2511 ejus,
1572 2440 1739 2510 quiveram
1765 2441 1853 2493 tamea

102 2537 203 2584 cotnra
216 2529 322 2585 diaboli
333 2538 361 2586 et
376 2530 470 2586 earnis
488 2531 744 2601 impugnationem.
773 2532 879 2587 Caoieli
901 2547 951 2589 ac-
1004 2533 1055 2588 esh
1085 2529 1115 2580 in
1140 2543 1192 2596 quo
1219 2530 1399 2598 requiescant,
1420 2529 1590 2599 quicunque
1616 2543 1685 2584 vera
1702 2542 1772 2598 pace
1787 2529 1852 2597 qui·

103 2619 487 2686 rumbunt‚etservusstat,
510 2620 579 2689 qnia
601 2620 716 2675 virtutis
742 2621 837 2676 studia
860 2621 952 2691 iuspe
1005 2623 1119 2681 080ῦῦῑὶ
1149 2623 1177 2671 Οῑ
1201 2617 1260 2685 illst
1284 2617 1397 2674 Nachor
1425 2617 1513 2674 st'aler
1543 2626 1584 2674 esi
1614 2618 1746 2685 hbrabae,
1783 2617 1853 2687 tillia

103 2705 148 2760 sai
163 2705 272 2775 praemii
288 2707 481 2776 requiescunt,
500 2708 634 2777 rytvamvis
657 2709 721 2776 pins
741 2709 885 2778 appetitus
901 2724 952 2779 pre
1006 2701 1105 2758 '⁰¹⁰0ss
1117 2704 1195 2773 qued
1216 2704 1361 2760 illuminat
1374 2706 1527 2772 mundum.
1541 2706 1610 2762 dum
1626 2719 1692 2761 &affl
1708 2705 1749 2773 slis
1766 2705 1854 2761 fiilis

103 2792 250 2863 religionis
273 2793 434 2849 defensione
460 2796 618 2865 pugnando
631 2810 660 2850 se
678 2804 826 2863 exerceat,
851 2797 952 2853 stando
1006 2788 1100 2845 sallus
1120 2799 1163 2846 081
1178 2793 1308 2847 Offilium
1336 2794 1397 2864 itui,
1420 2808 1469 2863 per
1493 2795 1854 2862 fidssfflsss0ss10ss0l0llssl³

103 2882 180 2937 caim
204 2881 329 2951 quisque
355 2890 460 2950 certat3
485 2881 658 2937 habitatores
695 2884 827 2950 civitatis,
857 2892 952 2940 nialus
971 2913 991 2968 C
1007 2877 1302 2936 imilanluthbtahae·
1320 2881 1457 2951 Hydriatss
1483 2881 1512 2937 in
1528 2882 1648 2952 Stabula
1663 2888 1765 2950 h0l1³h
1784 2881 1854 2950 qnia

102 2977 171 3024 sunt
200 2973 289 3025 nostri
317 2970 471 3025 rationales
503 2971 539 3025 ad
563 2986 637 3040 quos
663 2973 791 3042 regimen
830 2973 952 3042 pertinen
1008 2966 1119 3034 prandiis
1132 2968 1423 3039 cupiditatum,qued
1440 2971 1571 3024 talentum
1588 2970 1694 3039 plumbi
1710 2968 1739 3024 in
1752 2969 1854 3024 Zacha-

105 3056 214 3111 trientis.
243 3057 277 3111 Hi
302 3058 375 3112 sitias
408 3058 523 3124 habent,
551 3059 669 3128 equando
692 3061 744 3129 ipsi
774 3068 879 3128 motus,
908 3062 951 3118 vel
1006 3054 1201 3126 liasli'llilissal
1216 3057 1309 3126 (each.
1330 3074 1355 3125 Vs
1372 3059 1410 3129 7),
1427 3073 1493 3129 (11¹ae
1517 3057 1854 3128 SssVi⁰¹ssssi⁰sissl39fflffi

106 3146 226 3200 virtutes
244 3160 281 3200 ex
306 3160 358 3202 suo
383 3160 519 3216 prospere
538 3155 644 3203 eventu
666 3161 808 3203 vanarum
841 3149 952 3220 cogita·
1005 3157 1081 3212 aegte
1109 3144 1223 3215 toletan
1252 3147 1355 3216 hydria
1380 3147 1574 3215 cupiditatem,
1604 3160 1681 3216 aqua
1708 3145 1854 3217 significat

106 3230 216 3287 tionum
245 3230 377 3285 lascivias
392 3240 538 3301 generant.
557 3233 597 3287 Dc
623 3233 738 3289 civitate
763 3234 953 3304 egrediuntur
1005 3231 1197 3302 voluntatem
1223 3244 1363 3303 gravatur
1386 3249 1454 3306 ergo
1477 3250 1527 3306 per
1542 3235 1725 3304 voluptatum
1748 3234 1855 3304 cupidi·

105 3318 165 3372 istie
193 3318 229 3373 ad
258 3318 448 3374 inauriendam
479 3333 595 3390 avitiam,
628 3321 662 3375 de
692 3321 820 3377 interiori
848 3323 953 3379 scilicet
1006 3327 1102 3387 tatem,
1131 3322 1228 3376 deeora
1252 3323 1281 3378 in
1306 3322 1420 3389 allecta,
1437 3324 1499 3380 sine
1524 3324 1707 3394 corruptione
1726 3323 1852 3391 dareris,

105 3406 194 3461 animi
209 3420 290 3474 cura,
306 3407 450 3462 excedunt
464 3408 499 3463 ad
516 3408 615 3462 horam
633 3409 669 3463 ad
683 3408 844 3465 allectanda
859 3410 954 3467 laudis
1003 3397 1190 3478 pulcherrima
1216 3409 1246 3464 iu
1274 3410 1387 3472 ellectu,
1414 3415 1553 3478 iaeaynita
1580 3415 1649 3475 niro,
1665 3425 1731 3481 qum
1746 3410 1855 3466 scilicet

106 3495 285 3564 temporaria·
298 3496 416 3566 gaudia.
1006 3496 1134 3553 audaciae
1150 3497 1256 3553 diaboli
1272 3507 1368 3569 palere
1382 3501 1451 3555 velit
1466 3500 1495 3555 in
1512 3501 1602 3556 nulla.
1614 3499 1743 3555 Dicimus
1757 3506 1853 3555 autem

142 3584 228 3642 Vnus.
255 3585 296 3638 tt.
319 3614 352 3625 -
377 3586 466 3653 lyitar
491 3587 593 3654 podia,
622 3589 667 3640 cai
688 3587 810 3642 elicere:
849 3590 954 3642 lactina

106 3673 234 3740 hydriam
246 3677 277 3726 at
303 3672 393 3726 bibam
420 3679 445 3726 et
472 3673 520 3727 illa
536 3674 705 3743 responderit
721 3691 727 3729 :
744 3677 820 3742 Bibe,
846 3679 912 3744 quin
929 3683 954 3732 et

107 3763 214 3816 camelis
240 3763 293 3815 tais
316 3762 385 3815 datho
409 3767 512 3831 patara,
541 3766 601 3831 ipsa
627 3768 666 3816 est
695 3780 776 3831 tynam
788 3768 954 3834 praeparasti

106 3866 182 3904 seraa
195 3891 197 3896 .
211 3855 256 3903 tue
276 3851 367 3914 Isaac,
396 3855 421 3903 et
443 3865 493 3917 per
523 3850 570 3903 hac
595 3852 745 3919 intelliyain
766 3853 839 3920 qaod
856 3856 954 3920 feceris

106 3936 321 3991 miscricordiam
348 3953 408 3990 cnm
433 3939 545 3991 Domina
572 3954 627 3991 meo
642 3941 728 3993 isaac.
757 3943 809 3995 Per
830 3942 953 4010 pucilam

108 4027 228 4096 paritas,
244 4025 360 4081 eluitur
376 4039 458 4080 novae
481 4027 676 4096 conscientiam
693 4027 759 4082 truie
787 4036 818 4085 nt
840 4030 955 4087 inclinet

108 4115 241 4186 hydriam
267 4114 303 4168 ad
319 4113 475 4169 bibendum
495 4114 629 4183 dicimus,
653 4131 719 4171 cum
749 4119 956 4176 rationabiliter

1006 3601 1064 3642 nen
1080 3586 1156 3656 equod
1171 3587 1232 3642 haec
1246 3587 1344 3643 omnia
1351 3588 1411 3657 J'am
1424 3589 1470 3652 sil,
1490 3588 1539 3644 sed
1555 3588 1641 3657 ssquad
1657 3588 1694 3642 ad
1718 3587 1771 3642 boc
1795 3601 1855 3642 esse

1006 3675 1163 3745 contendit,
1176 3676 1415 3731 sicntEcclcsiam
1430 3676 1492 3733 sine
1510 3691 1584 3748 ruga
1600 3684 1628 3732 et
1643 3677 1773 3731 mascula
1788 3676 1855 3732 dicit

1007 3762 1161 3833 Apostolus
1170 3764 1279 3835 (Ephes.
1294 3780 1321 3833 v,
1338 3766 1395 3834 ιι).

1043 3851 1127 3908 Vens.
1148 3854 1251 3920 l7,18.
1277 3883 1311 3893 —
1335 3853 1515 3908 descenderat
1539 3853 1678 3908 autanad
1702 3855 1816 3920 sordem,
1831 3859 1856 3907 et

1001 3940 1166 4008 impleverat
1194 3941 1331 4008 hydriam,
1354 3957 1386 3996 ae
1406 3942 1600 3995 revertebatur.
1636 3941 1813 4011 occurritque
1832 3944 1857 3994 ei

1007 4043 1109 4095 smnus,
1137 4032 1162 4081 et
1177 4031 1240 4084 ait:
1267 4028 1428 4083 Paaaillam
1449 4031 1517 4083 mihi
1529 4030 1618 4097 yraebe
1645 4027 1856 4083 aasartmana

1007 4132 1085 4184 aqam
1103 4118 1136 4171 de
1149 4117 1250 4184 hydria
1261 4123 1321 4171 tna.
1339 4117 1404 4181 Qua
1415 4118 1554 4186 respondit
1567 4134 1573 4171 ε
1588 4117 1662 4184 Bibe,
1677 4122 1728 4171 ⁰5
1750 4117 1856 4171 (lemine

107 4204 144 4257 ad
159 4201 367 4259 buiiiiliandam
386 4201 482 4257 saculi
496 4204 685 4270 cupiditatum
703 4205 732 4260 iu
748 4208 839 4276 seipsa
858 4222 955 4276 super·
974 4207 1247 4274 animarumque
1270 4208 1395 4274 depaseit
1414 4206 1542 4275 hydriam
1554 4221 1635 4274 saper
1653 4207 1747 4260 alitem
1767 4221 1854 4271 snam,

109 4292 185 4347 biam
202 4304 400 4360 provocamus,
422 4298 454 4345 ut
480 4304 542 4344 earn
564 4291 706 4358 labamus,
733 4292 760 4347 id
782 4303 824 4349 est
841 4308 876 4348 ex
898 4301 954 4350 telo

108 4381 137 4435 in
159 4379 240 4435 nobis
258 4391 472 4434 consumamus.
497 4379 555 4435 llec
580 4381 662 4434 mido
680 4380 814 4437 israelitae
830 4381 953 4437 vitulum

107 4468 317 4523 ceritininutum
348 4466 492 4535 biberunt,
520 4475 548 4523 et
563 4469 649 4525 druco
665 4470 751 4526 datur
763 4485 828 4525 esca
843 4471 955 4539 papulis

109 4556 276 4625 AEthicpum
299 4555 373 4625 (Psal
408 4570 505 4617 anxur.
532 4557 584 4619 t-t).
602 4558 761 4627 Respondet
788 4559 860 4623 illa;
880 4560 953 4624 Bibe,

107 4659 174 4701 cum
191 4644 294 4701 rationi
307 4643 378 4699 bene
392 4646 556 4715 suggerenti
572 4645 671 4701 hilaris
684 4646 777 4702 obedit
791 4647 956 4703 benevelen-

107 4734 147 4789 tia
158 4734 195 4789 ad
208 4748 238 4788 se
249 4732 639 4803 castigandamconscientiae.
648 4734 768 4790 Camelis
782 4743 880 4804 potum
890 4736 955 4804 pol-

107 4821 220 4890 licetur,
236 4836 303 4876 cum
319 4820 474 4876 virtutibus
488 4836 522 4876 ex
539 4821 668 4892 {propriae
687 4824 856 4894 evagatione
871 4823 955 4893 cupi-

107 4910 203 4965 ditatis
219 4910 362 4965 iustaurat
377 4910 474 4965 robur.
491 4910 573 4976 Catu,
587 4911 691 4980 iuquit,
710 4912 757 4967 tali
781 4912 865 4966 modo
885 4911 955 4966 mihi

109 5013 190 5053 mens
205 4998 354 5054 munditiae
369 4998 461 5053 amica
474 5000 612 5062 arriserit,
632 4999 720 5055 sciam
736 5001 835 5069 procul
854 5000 953 5066 dubio,

106 5093 134 5141 et
152 5087 325 5155 perpendam
351 5100 409 5141 uon
430 5100 493 5140 meo
515 5087 660 5154 exercitio,
684 5087 733 5142 sed
760 5087 860 5158 gratim
899 5095 955 5142 tum

108 5174 183 5228 dono
199 5173 274 5228 hanc
289 5173 444 5242 praeparari
470 5173 498 5228 in
514 5189 558 5228 nte
576 5175 764 5241 viiluntatem,
791 5189 856 5244 qua
873 5188 954 5229 assa-

107 5260 179 5318 ciari
194 5270 340 5316 mereatur
367 5262 454 5328 isaac,
475 5261 547 5317 risui
570 5262 676 5317 seilicet
694 5263 876 5331 sempiterno,
901 5263 955 5332 qni

107 5365 188 5406 nunc
203 5349 276 5405 ridet
297 5349 325 5404 in
348 5363 406 5418 spe,
437 5350 487 5406 sed
507 5357 600 5406 tannen
615 5351 703 5406 servit
731 5351 798 5417 tuis,
822 5351 951 5418 Domine,

108 5437 378 5494 ciliciismilitando.

1007 4299 1032 4347 et
1047 4294 1122 4349 dedit
1145 4297 1287 4364 cipetum.
1312 4295 1356 4350 nd
1377 4297 1479 4360 sentem
1507 4294 1650 4351 deseendit
1671 4293 1854 4356 couscientia,

1008 4397 1075 4438 cum
1101 4397 1118 4437 a
1138 4383 1242 4439 cmlesti
1257 4383 1399 4438 desiderio
1415 4383 1576 4439 deilectitnr
1593 4383 1628 4438 ad
1655 4382 1753 4438 saeculi
1768 4383 1856 4452 hujus

1009 4471 1099 4526 iluna.
1116 4471 1217 4540 impiet
1245 4472 1381 4538 hadriam,
1402 4485 1468 4527 cum
1498 4472 1532 4526 dc
1554 4470 1655 4527 infima
1683 4471 1746 4542 ejus
1766 4472 1856 4543 gloria

1008 4559 1114 4615 satiare
1127 4559 1229 4614 nititur
1240 4559 1403 4615 avaritiam.
1427 4559 1490 4615 Post
1512 4574 1577 4629 qum
1602 4558 1765 4626 revertitur,
1789 4559 1857 4630 quia

1009 4647 1137 4717 qualibet
1166 4648 1279 4715 expleta
1303 4647 1421 4703 libidine
1433 4647 1584 4717 aliquoties
1608 4647 1724 4703 animus
1741 4647 1857 4703 admissi

1009 4737 1148 4806 paenitens
1169 4736 1204 4790 ad
1220 4750 1249 4790 se
1274 4737 1430 4792 reducitur.
1456 4736 1596 4791 Redeunti
1621 4750 1714 4790 sernas
1730 4738 1856 4803 accurrit,

1008 4835 1074 4876 cum
1095 4819 1269 4888 resipiscenti
1289 4821 1469 4876 conscientiae
1491 4820 1605 4875 virtutis
1619 4821 1764 4890 appetitus
1783 4821 1856 4877 allu-

1009 4908 1059 4965 dit.
1076 4911 1233 4964 Paneitlam
1252 4925 1329 4977 eqaaa
1348 4910 1386 4963 ad
1404 4909 1565 4963 sorbendam
1592 4908 1727 4978 pustulat,
1745 4910 1857 4979 quoties

1010 4996 1207 5053 intellectualis
1235 4996 1354 5053 allectus
1389 4998 1582 5068 cupiditatum
1615 4996 1731 5052 liuentis
1759 4998 1856 5053 sinum

1008 5085 1110 5140 mentis
1129 5085 1240 5154 deplere
1255 5086 1407 5142 desiderat.
1423 5086 1549 5143 Celeriter
1571 5099 1639 5156 erga
1655 5086 1857 5156 obtemperans

1008 5174 1134 5243 hydriam
1161 5190 1242 5243 sapher
1269 5176 1362 5229 alitam
1390 5175 1516 5245 deponit,
1541 5190 1609 5230 cum
1634 5174 1687 5230 sibi
1702 5175 1853 5245 scapulum

1007 5263 1110 5334 iniqua
1135 5263 1270 5334 patientia
1285 5265 1320 5318 ad
1352 5264 1410 5320 ima
1424 5264 1540 5320 curvari
1555 5263 1761 5319 carnalitatum
1784 5263 1856 5319 mole

1007 5352 1126 5422 respuit,
1150 5353 1197 5409 sed
1217 5353 1319 5409 debita¹
1335 5351 1512 5408 tortitudinis
1536 5351 1655 5407 brachio
1671 5351 1856 5421 voluptatum

1008 5439 1155 5498 lasciviam
1171 5441 1324 5511 regendam
1349 5440 1478 5510 suscipit,
1499 5447 1526 5496 et
1554 5439 1675 5496 rationis
1690 5453 1740 5495 ore
1755 5453 1857 5495 corisu-
