3818 6008
57 253 123 307 1197
686 251 794 308 bohht
815 254 845 308 h.
868 252 1044 311 hucherti
1064 256 1173 312 NOTAE.
1738 272 1806 323 1198

53 387 104 443 etsi
121 385 215 443 multa
229 401 290 458 prae
304 385 441 443 manibus
454 385 624 455 habeamus,
640 393 800 458 temperare
810 387 905 444 visum
921 392 940 444 t
961 391 1070 447 vientes
1087 391 1142 460 sui,
1169 392 1230 449 sine
1254 407 1374 452 assensu
1398 401 1494 452 nostro
1515 402 1543 452 et
1561 397 1727 457 officialium
1752 417 1806 458 nc-

52 484 109 545 est3
123 490 159 532 ne
173 476 256 546 periti
272 475 384 532 lectoris
398 476 580 532 stomachum
597 491 672 546 sepe
691 476 797 547 sapius
819 490 902 546 repe·
957 487 1093 544 strorum,
1120 481 1262 539 debebant
1275 483 1310 539 de
1332 484 1399 555 jure
1419 492 1553 542 metretas
1574 486 1609 543 de
1628 488 1697 546 villa
1724 491 1808 561 Pyro

55 564 106 618 tita
121 564 278 635 ingerendo
295 564 332 620 ad
347 577 485 621 nauseam
507 579 601 634 usque
618 578 795 620 moveamus.
814 565 905 636 Leges
957 567 1004 621 dio
1019 567 1053 622 ad
1070 567 1184 638 lrectum
1207 584 1320 640 parare.
1343 572 1522 644 lngelbertus
1547 583 1642 632 autem
1667 578 1702 634 de
1722 579 1809 634 huto-

56 651 156 707 l’ithoei
171 652 347 708 Glossarium
362 652 398 708 ad
414 651 822 722 Capitularia38irmundum,
838 653 901 709 Not.
958 655 1060 726 gniaco
1088 657 1140 712 uni
1173 658 1287 716 illorum
1317 659 1478 729 bominum,
1509 663 1600 720 Odoni
1628 675 1805 737 nuncupato,

56 740 92 796 ab
111 738 160 795 lib.
178 754 207 796 ru
226 739 344 810 epistola
370 742 423 810 283
448 739 566 796 Goiiridi
589 741 697 811 Vind03
721 739 854 811 Bosquet.
874 740 903 796 in
957 744 1163 815 contradicens,
1188 747 1383 805 testimonium
1408 749 1497 819 ipsius
1521 766 1608 822 super
1623 753 1677 810 hoc
1701 754 1807 810 laisum

57 828 122 883 libri
146 843 165 883 ιι
186 828 333 898 epistolam
351 831 416 895 ¹3⁸3
443 829 590 884 innocent.
614 829 669 896 1113
698 828 903 898 Spelmannum
957 844 1065 886 essese
1085 833 1275 902 probaturum
1296 835 1410 906 publice
1431 840 1573 910 asseruit3
1592 848 1620 897 et
1638 842 1688 908 sic,
1715 842 1809 897 vadiis

57 917 85 971 in
108 915 261 983 Glossario,
284 915 381 973 verbis
397 931 539 986 zedapes,
562 917 690 984 duellam,
706 925 734 973 et
755 917 902 985 judicium.
958 916 1023 972 belli
1052 919 1127 976 inter
1152 935 1199 977 eos
1227 922 1396 990 commissis,
1422 925 1458 982 ad
1494 927 1623 985 duellum
1645 929 1808 986 iaciendum

91 1008 161 1058 out
182 1003 278 1059 linum
292 1017 329 1060 ex
353 1002 452 1060 multis
474 1004 593 1075 seligere
616 1005 709 1074 piacet
738 1004 904 1075 exemplum
957 1003 1055 1059 eadem
1079 1005 1139 1062 dies
1168 1009 1287 1079 prefixa
1315 1010 1379 1067 tuit.
1410 1013 1542 1085 Cumque
1572 1015 1692 1073 victoria
1716 1018 1808 1087 primo

57 1090 179 1162 insignis
193 1090 291 1156 duelli,
311 1105 348 1147 ex
366 1091 542 1148 membranis
556 1105 658 1162 nempe
678 1092 799 1163 huiusce
819 1092 904 1148 char·
958 1091 1050 1162 pugili
1066 1101 1171 1162 nostro,
1187 1095 1442 1167 sicutprodictum
1463 1109 1514 1170 est,
1531 1103 1669 1172 cessisset,
1697 1106 1807 1176 prelati

58 1178 211 1249 tophylacii
237 1177 333 1235 Sancti
349 1177 483 1235 Germani
503 1179 680 1244 parisiensis,
701 1194 760 1250 quo
783 1179 812 1235 in
836 1180 905 1236 Gal·
959 1179 1061 1236 iratres
1084 1183 1173 1238 nostri
1198 1184 1363 1244 hainardus
1385 1196 1412 1244 et
1433 1189 1584 1261 Philippus
1610 1199 1740 1250 nostmm
1757 1210 1809 1266 pu-

59 1267 97 1322 111
134 1266 340 1323 monomachiae
375 1267 627 1337 quamdiutissime
664 1281 749 1324 usum
778 1267 906 1339 riguisse
958 1267 1053 1337 gilem,
1082 1269 1189 1326 scilicet
1218 1273 1423 1344 ingelbertum,
1453 1291 1520 1333 cum
1546 1279 1696 1337 obsidibus
1722 1282 1808 1340 bonis

60 1353 207 1411 advertere
222 1362 273 1411 est.
290 1355 380 1411 Habet
394 1355 434 1412 ita
450 1369 457 1410 :
958 1357 988 1411 in
1005 1357 1131 1414 medium
1146 1358 1330 1428 adducentes,
1346 1363 1515 1421 obtulerunt
1527 1366 1676 1436 judicibus
1691 1383 1758 1427 eum
1771 1372 1807 1428 ad

96 1441 156 1497 «ln
185 1442 290 1499 Christi
320 1443 445 1511 nomine,
477 1457 530 1514 ego
554 1441 711 1500 Gaulridus
737 1443 786 1500 bei
813 1445 906 1515 gratia
960 1442 1139 1514 probandum
1152 1448 1229 1517 quod
1246 1450 1664 1523 promiserat:atsaepedictus
1684 1456 1807 1528 Stepha-
1860 1453 1863 1457 ’

58 1531 147 1587 abbas
178 1530 273 1588 Sancti
301 1531 435 1587 Germani
464 1531 641 1597 parisiensis,
669 1533 775 1604 eteius
803 1546 905 1589 mona·
960 1546 1016 1588 nus
1043 1547 1167 1603 praesens
1188 1534 1291 1594 ibidem
1318 1552 1375 1594 nnn
1399 1539 1463 1607 luit,
1484 1554 1537 1596 nec
1560 1543 1689 1613 pugilem
1709 1559 1806 1615 suum,

57 1620 134 1675 sterii
162 1627 331 1685 conventus,
352 1628 454 1677 notum
474 1634 535 1677 esse
562 1620 697 1677 volumus
725 1621 906 1677 universitati
960 1621 1173 1690 sicutmosest‚
1197 1640 1263 1681 cum
1287 1627 1436 1684 obsidibus
1460 1631 1637 1698 pretaxatis,
1661 1633 1809 1702 judicibus

57 1708 243 1778 praesentium
268 1708 375 1779 pariter
395 1715 423 1765 et
448 1708 624 1775 luturorum,
647 1709 724 1779 quod
745 1708 907 1779 Stephanus
922 1687 942 1741 Ι*
959 1709 1102 1766 exhibuit.
1141 1711 1222 1768 Unde
1253 1714 1336 1770 iidem
1372 1716 1484 1786 jndices
1519 1718 1659 1775 iratribus
1692 1722 1807 1789 nostris,

57 1797 92 1853 de
113 1797 253 1852 Mathiacu
279 1798 353 1867 cepit
372 1798 528 1868 quemdam
549 1797 693 1854 bominem
707 1805 839 1854 nostrum
855 1799 907 1854 111-
960 1797 1106 1854 haimardo
1129 1806 1157 1855 et
1182 1801 1320 1871 Philippo,
1344 1818 1411 1859 cum
1438 1805 1586 1876 pugilibus
1610 1814 1637 1864 et
1661 1808 1809 1867 obsidibus

56 1883 230 1954 gelrannum
251 1883 286 1940 de
308 1884 907 1956 11111111111111111111111111111111-
961 1883 1222 1943 nostrisdederunt
1250 1888 1392 1945 licentiam
1427 1892 1576 1948 recedendi
1605 1906 1623 1949 a
1652 1895 1743 1950 curia.
1773 1898 1811 1953 Et

57 1971 159 2027 blicam
187 1978 306 2026 stratam
344 1970 478 2027 lossetum
515 1972 660 2042 quoddam
692 1971 823 2036 iaciebat,
855 1972 906 2028 ubi
960 1985 1027 2026 cum
1043 1971 1095 2042 ipsi
1113 1972 1225 2042 judices
1243 1988 1260 2030 a
1277 1977 1360 2032 curia
1374 1986 1513 2033 exeuntes
1529 1979 1603 2035 irent
1622 1978 1659 2035 ad
1679 1981 1806 2052 propria,

58 2059 131 2116 idem
156 2059 317 2128 Stephanus
341 2067 368 2115 et
393 2059 568 2115 Eustachius
589 2058 623 2115 de
644 2060 754 2124 bivera,
784 2074 906 2116 consan-
961 2060 1168 2128 praenominato
1204 2061 1346 2132 Stephano
1375 2064 1576 2134 obviaverunt,
1624 2082 1721 2138 quem,
1756 2083 1808 2140 pru

59 2147 183 2216 galaeus
206 2148 279 2218 ejus,
310 2147 432 2203 mediam
460 2156 568 2217 partem
596 2147 710 2202 vicariae
744 2160 774 2202 se
801 2147 907 2203 hahere
960 2140 1071 2197 delectu
1086 2143 1240 2213 utriusque
1255 2144 1342 2200 duelli
1359 2153 1487 2215 captum,
1503 2160 1570 2203 cum
1585 2148 1646 2205 suis
1660 2150 1809 2220 pugilibus

57 2236 228 2292 clamabant.
245 2235 307 2291 Non
323 2243 418 2291 autem
435 2235 510 2291 hanc
532 2235 669 2306 injuriam
687 2248 776 2305 super
798 2234 907 2306 iniusta
960 2236 987 2285 et
1001 2229 1149 2286 obsidibus
1163 2230 1192 2286 in
1207 2232 1322 2289 castello
1337 2242 1505 2304 posuerunt.
1525 2256 1535 2283 1

59 2325 189 2394 captione
214 2323 338 2379 hominis
361 2324 451 2379 nostri
475 2324 559 2379 nobis
585 2324 692 2379 illatam
707 2324 821 2379 domiuo
845 2323 906 2394 regi
995 2314 1055 2388 (¹¹⁹)
1079 2318 1148 2373 istu·
1176 2347 1213 2361 -
1240 2320 1319 2376 secra·
1344 2322 1436 2376 tattets
1454 2323 1570 2389 judicio.
1598 2325 1639 2380 tte
1664 2324 1807 2396 ejusmodi

60 2411 246 2468 ostendimus.
263 2413 325 2481 lpse
340 2425 408 2467 vero
423 2425 474 2481 per
493 2411 734 2467 submonitionem
750 2411 906 2467 incuriam
961 2405 1189 2476 probationibus,
1215 2421 1293 2479 aqua
1316 2409 1410 2465 calida
1433 2423 1467 2466 ac
1491 2411 1565 2467 terro
1579 2412 1724 2483 candenti,
1739 2429 1807 2471 con-

60 2498 168 2569 regiam
200 2498 327 2565 veniens,
362 2512 461 2554 omnes
498 2506 598 2566 terras,
635 2509 738 2567 prreter
764 2511 908 2568 arpennos
961 2492 1073 2548 sulendi
1097 2502 1227 2551 auctores
1251 2496 1336 2552 modo
1364 2496 1454 2564 nitati,
1476 2512 1529 2554 nee
1549 2514 1607 2555 non
1630 2501 1748 2558 Juretus
1771 2502 1808 2559 ad

59 2594 142 2642 extra
168 2586 266 2642 villam
296 2586 477 2658 hutogniaei,
504 2593 531 2643 et
559 2593 641 2642 extra
671 2586 755 2642 villas
781 2585 817 2641 ad
844 2599 907 2642 eam
963 2580 1057 2636 lvonis
1083 2582 1172 2651 epist,
1193 2585 1228 2637 ‘ta
1260 2591 1288 2640 et
1320 2584 1379 2640 168.
1410 2585 1668 2645 verumenimvero
1707 2590 1808 2660 probi·

61 2674 242 2744 pertinentes
266 2674 300 2731 de
324 2674 434 2730 vicaria
457 2688 546 2745 quam
572 2674 716 2731 clamabat
739 2688 800 2731 esse
831 2688 906 2730 asse·
962 2667 1050 2725 bbere
1065 2668 1161 2724 duella
1180 2677 1208 2726 et
1226 2671 1337 2741 judicia
1358 2672 1682 2745 sepriensibus,
1703 2686 1806 2748 quaest.

61 2763 155 2831 rebat;
170 2766 198 2818 et
213 2764 274 2818 ideo
291 2763 459 2833 praedictum
476 2762 620 2818 bominem
644 2768 776 2818 nostrum
798 2763 907 2832 absque
961 2756 1189 2827 bConsuluiis
1210 2758 1350 2815 Coelestin.
1378 2761 1429 2828 ΙΙΙ,
1456 2762 1550 2831 eapite
1575 2762 1652 2819 Cura
1670 2767 1806 2836 suscepti.

59 2864 111 2905 suo
127 2864 245 2906 assensu
260 2864 342 2907 secus
361 2851 437 2906 viam
459 2850 611 2906 fodientem
637 2857 761 2921 ceperat.
790 2849 906 2907 Dicebat
961 2844 1001 2899 De
1015 2851 1130 2914 purgat.
1158 2845 1255 2917 vulg-3
1276 2847 1422 2903 innocent.
1446 2849 1496 2910 111.
1521 2863 1583 2920 cap.
1600 2851 1644 2906 Ex
1653 2851 1760 2910 litteris
1774 2854 1809 2910 de

61 2939 177 3007 insuper
196 2939 273 3009 quod
298 2947 379 3009 pater
402 2954 481 2998 suus.
498 2946 526 2994 et
544 2939 603 3008 ipse
625 2947 686 3009 post
709 2947 830 3010 patrem,
854 2952 906 2994 vs·
960 2932 1125 2988 excessibus
1147 2933 1273 3003 praelat.;
1295 2935 1440 2993 Honorius
1458 2937 1508 3005 111,
1536 2939 1627 3010 eapite
1650 2941 1761 3008 Dilecti,
1780 2950 1809 2999 et

59 3026 107 3082 dia
121 3025 195 3094 belli,
212 3026 236 3082 si
253 3027 384 3098 quinque
405 3025 517 3082 invilla
537 3026 707 3098 hutogniaci
733 3026 904 3094 evenissent,
960 3019 1038 3076 alibi·

59 3110 94 3166 ad
110 3109 286 3166 voluntatem
305 3123 387 3166 suam
401 3123 438 3165 ex
452 3110 659 3167 consuetudine
683 3111 761 3181 apud
782 3110 906 3166 biathia-
995 3107 1057 3164 Non
1080 3109 1202 3179 vulgare
1221 3112 1359 3181 estquod
1383 3113 1502 3183 pmtulit
1524 3113 1667 3184 judicium
1691 3116 1807 3190 (insigni

58 3212 125 3255 cum
141 3207 169 3254 et
183 3197 261 3269 apud
276 3197 431 3254 Colliacum
447 3198 601 3255 duxerant.
624 3199 667 3255 hd
687 3198 765 3270 quod
779 3198 907 3268 proban·
961 3196 1101 3252 miraculo
1119 3197 1332 3269 consignatum)
1355 3199 1382 3255 S.
1399 3200 1518 3257 Pontius
1534 3202 1623 3259 abbas
1642 3203 1667 3259 S.
1687 3205 1808 3263 Andreae

60 3284 129 3340 dum
144 3282 217 3339 duos
231 3283 361 3339 homines
374 3283 516 3339 exhihuit.
961 3283 1160 3341 hudannensis
1186 3287 1272 3356 juxta
1297 3287 1485 3356 Arenionem,
1516 3288 1578 3346 ideo
1599 3291 1646 3347 hic
1668 3278 1808 3350 adnotan-

99 3392 110 3420 1
128 3372 215 3429 Porro
239 3385 292 3428 nos
319 3371 379 3428 baec
399 3371 496 3427 omnia
520 3386 571 3440 pro
593 3370 714 3427 ecclesia
738 3379 836 3428 nostra
857 3386 907 3429 ue-

59 3468 170 3532 gantes,
196 3473 245 3531 per
270 3460 444 3516 bandricum
469 3460 504 3515 de
523 3460 702 3531 Antogniaco
739 3473 834 3516 unum
872 3460 907 3516 de

60 3548 262 3620 probatoribus
289 3549 358 3610 suis,
393 3548 552 3604 secundum
579 3548 763 3605 lambertum
789 3549 825 3605 de
849 3548 908 3605 lda-

60 3637 166 3704 thiaeo,
181 3637 210 3691 in
234 3636 439 3708 approbatione
463 3635 593 3692 iacienda
616 3649 704 3706 quam
727 3635 907 3707 promiserat,

61 3726 231 3782 mendosum
245 3738 307 3781 esse
332 3725 567 3781 monstravimus.
592 3725 695 3796 igitur,
715 3723 847 3794 pluribus
861 3725 909 3780 in-

61 3812 290 3870 tercurrentibus
305 3810 473 3879 intervallis,
494 3812 529 3868 ad
553 3812 627 3868 diem
643 3825 660 3866 a
681 3812 797 3868 dominc
815 3818 908 3869 statu-

62 3909 124 3958 tum
143 3900 222 3956 renit
236 3898 312 3955 idem
329 3897 502 3969 Stephanus,
527 3914 594 3955 eum
606 3913 658 3954 suo
682 3898 784 3970 pugili,
805 3898 834 3955 in
856 3913 910 3955 cu-

960 3372 1050 3439 durn;
1066 3385 1168 3442 nempe
1190 3380 1277 3443 caput
1298 3375 1331 3429 l0
1347 3375 1420 3432 Vita
1436 3376 1564 3446 ejusdem
1589 3378 1712 3445 abbatis,
1733 3394 1807 3436 non·

961 3460 1030 3516 dum
1050 3460 1127 3529 typis
1149 3461 1302 3532 evulgatae,
1330 3461 1406 3517 etab
1429 3462 1535 3532 aquali
1558 3466 1736 3537 conscriptae,
1759 3469 1808 3524 de·
1878 3522 1882 3533 ,

961 3547 1168 3603 scribendum:
1200 3568 1214 3596 11
1243 3547 1300 3604 1111
1332 3550 1575 3619 pretereundum,
1610 3567 1662 3609 nec
1695 3553 1808 3613 silentio

961 3634 1165 3691 occultandum
1190 3635 1312 3707 dignum
1338 3637 1396 3692 iore
1421 3638 1611 3708 decernimus,
1637 3643 1714 3711 quod
1743 3642 1808 3699 illo-

962 3735 1028 3779 rum
1043 3723 1136 3779 relatu
1158 3723 1209 3793 qni
1224 3732 1378 3794 presentes
1402 3725 1522 3782 aderant
1541 3727 1713 3785 audivimus.
1729 3729 1807 3798 Qua·

961 3810 1028 3867 dam
1045 3823 1172 3881 namque
1186 3811 1232 3867 dte
1252 3811 1298 3868 vir
1312 3811 1419 3868 domini
1441 3813 1582 3885 (Pontius)
1598 3819 1809 3876 transeundum

962 3899 1134 3956 Rhodanum
1150 3913 1201 3969 pro
1214 3899 1388 3970 quibusdam
1399 3901 1444 3957 sni
1461 3902 1618 3974 magisterli
1629 3905 1751 3976 negotiis
1763 3908 1810 3964 di·

63 3989 136 4045 riam
149 3987 258 4044 domini
284 3986 360 4057 regis
382 3986 520 4054 Parisius,
542 3986 591 4042 ubi
613 3986 716 4042 iratres
740 3986 830 4043 nostrl
847 3986 911 4042 ilai-

62 4076 172 4133 nardus
186 4082 214 4132 et
238 4073 394 4143 Philippus,
421 4073 535 4129 anobis
553 4073 697 4142 destinati,
722 4073 784 4130 loco
808 4073 909 4143 nostri,

63 4167 138 4222 sicut
152 4165 187 4221 ad
202 4163 330 4221 duellum
347 4163 419 4219 bene
431 4162 537 4218 muniti
548 4160 714 4218 adsuerunt.
946 4163 1153 4242 descendebat
1167 4163 1204 4220 ad
1231 4163 1324 4234 ripam
1343 4178 1410 4221 cum
1430 4166 1564 4236 pluribus
1584 4168 1678 4239 sociis,
1700 4172 1811 4228 statim-

101 4252 261 4318 ‹Prcinde
291 4257 465 4322 pertractata
487 4264 575 4307 causa
601 4249 806 4321 inpraesentia
830 4250 1021 4335 Pari-„que
1054 4258 1200 4309 antaeum
1230 4252 1391 4310 adveniunt
1423 4261 1507 4311 terrm
1532 4256 1628 4314 cultor
1658 4265 1686 4313 et
1717 4268 1813 4317 custos

64 4341 202 4398 siensium
227 4340 443 4410 prepositorum
471 4338 613 4395 Guillelmi
638 4337 817 4408 deGornaio,
840 4338 910 4396 itai-
966 4341 1052 4397 boum
1078 4353 1208 4408 suorum,
1235 4340 1264 4396 in
1300 4355 1390 4398 mauu
1416 4349 1516 4399 tenens
1538 4357 1694 4409 vomerem,
1730 4348 1813 4404 alter-

65 4429 143 4485 nnldi
162 4429 197 4485 de
226 4427 407 4492 bellomonte,
437 4427 570 4485 Balduini
598 4425 791 4495 Flandrensis,
814 4427 910 4483 locum
964 4428 1133 4485 candocum
1153 4427 1229 4484 socio
1248 4442 1311 4496 suo,
1326 4429 1530 4499 proclamando
1554 4429 1637 4487 illum
1652 4430 1812 4504 latmuem3

65 4517 174 4574 domini
189 4517 265 4588 regis
286 4516 457 4582 tenentium,
482 4529 548 4572 cum
573 4529 631 4572 non
646 4522 738 4585 posset
760 4515 837 4572 inter
859 4527 911 4571 nos
965 4514 1107 4586 siquidem
1133 4515 1241 4573 nudius
1263 4516 1366 4573 tertius
1384 4516 1459 4573 idem
1483 4530 1582 4573 vomer
1601 4532 1659 4574 non
1679 4518 1763 4593 longe
1777 4523 1814 4583 ab

64 4615 92 4662 et
102 4607 272 4676 predictum
290 4604 467 4674 Stephanum
483 4617 541 4674 pax
566 4603 685 4670 ilrmari,
698 4602 842 4661 adductus
868 4608 910 4659 est
966 4608 1063 4658 aratro
1077 4602 1132 4659 sub
1146 4609 1222 4659 terra
1238 4604 1274 4660 ab
1287 4603 1386 4661 eodem
1411 4611 1524 4660 aratore
1537 4613 1689 4675 conpertus
1709 4608 1813 4681 iuerat,

66 4694 204 4751 inmedio
223 4702 344 4763 uterque
368 4691 447 4764 pugil
475 4699 502 4748 et
526 4691 562 4748 ad
585 4690 824 4748 conflictationem
855 4700 913 4748 sta·
967 4688 1080 4746 nemine
1105 4697 1242 4759 prasente
1266 4690 1312 4747 vel
1336 4689 1461 4759 vidente,
1492 4689 1547 4745 nisi
1576 4704 1629 4747 suo
1653 4694 1738 4763 socio,
1763 4698 1814 4767 qui

64 4790 159 4850 tutus3
191 4795 317 4851 cumque
346 4779 430 4836 ambo
457 4779 508 4836 diu
540 4778 724 4849 multumque
749 4778 913 4835 condictas-
964 4778 1051 4849 Juxta
1078 4777 1187 4834 aderat.
1209 4778 1375 4849 Requisitus
1399 4781 1474 4832 ⁰8¹
1502 4777 1532 4832 in
1558 4779 1727 4850 crastinum,
1756 4798 1816 4842 non

64 4877 138 4939 sent,
152 4878 180 4927 et
194 4883 253 4926 sese
269 4868 572 4939 invicemgrarisstme
586 4866 768 4935 afflixissent,
788 4869 913 4937 tandem,
967 4874 1009 4923 est
1031 4862 1166 4923 inventus
1188 4879 1240 4936 per
1254 4866 1395 4922 triduum.
1418 4864 1481 4931 Qua
1505 4865 1539 4921 de
1567 4879 1598 4923 re
1621 4867 1694 4926 alter
1716 4881 1817 4931 contra

66 4960 123 5015 bec
149 4957 319 5024 auxiliante,
346 4956 427 5027 pugil
465 4963 571 5024 noster,
600 4955 799 5012 adversarium
828 4970 914 5012 suum
969 4953 1089 5009 alterum
1105 4951 1492 5023 conquerendo,limpetebat
1517 4966 1595 5009 unus
1612 4954 1702 5014 alium
1723 4957 1816 5018 iurem

963 3995 1121 4058 sposuerat.
1147 3986 1309 4044 biatulinali
1334 3988 1432 4059 itaque
1449 3989 1596 4064 [tempore]
1620 3996 1811 4053 sacrosanctis

964 4075 1107 4146 mysteriis
1118 4074 1372 4133 secundumsuum
1384 4090 1490 4134 morem
1502 4078 1650 4136 humiliter
1660 4083 1812 4151 persolutis

65 5046 187 5104 viriliter
198 5052 226 5102 11
242 5044 381 5102 audacter
400 5043 549 5111 invadens,
570 5042 688 5099 oculum
706 5044 734 5099 ci
759 5043 876 5114 eripuit,
887 5052 916 5100 ct
968 5040 1092 5098 vomeris
1118 5040 1332 5111 proclamando.
1362 5039 1464 5097 Aiebat
1490 5054 1569 5112 ergo,
1595 5042 1740 5115 inquiens,
1766 5049 1816 5121 qui

65 5143 145 5191 tanto
166 5133 317 5190 conamine
339 5145 407 5188 eum
421 5131 564 5200 gravavit,
581 5130 669 5200 quod,
694 5131 741 5187 illo
765 5132 916 5202 pmlitente
969 5130 1158 5186 absconderat
1173 5143 1180 5183 ε
1194 5127 1275 5184 nullu
1302 5136 1450 5198 prasente,
1474 5142 1526 5184 uec
1550 5130 1579 5185 in
1600 5134 1732 5200 proximo
1753 5138 1819 5194 exi-

66 5236 96 5279 31
110 5222 218 5278 licium
234 5235 304 5286 esse,
321 5219 441 5274 victoria
456 5218 510 5274 sibi
524 5219 617 5275 cessit.
969 5224 1070 5284 stenae,
1091 5223 1209 5286 excepto
1229 5222 1255 5271 te
1275 5216 1345 5282 solo,
1368 5215 1423 5271 luit
1443 5223 1527 5273 terrae
1549 5221 1726 5291 suppositus,
1750 5239 1819 5295 pro.

104 5330 118 5362 1
149 5312 290 5367 Praeterea
319 5307 419 5363 eadem
456 5306 503 5363 dia
537 5306 723 5377 supradictus
752 5305 914 5376 Stephanus
970 5313 1034 5376 pter
1060 5304 1138 5376 quod
1164 5311 1191 5361 te
1216 5301 1296 5359 illunt
1324 5304 1476 5361 abstulisse
1503 5304 1638 5362 dicimus.
1664 5309 1820 5372 Praedtcgus

67 5397 227 5455 adduxerat
239 5397 313 5452 duos
340 5394 471 5451 homines
498 5393 528 5449 in
553 5394 691 5462 medium,
716 5408 768 5465 per
791 5407 917 5464 quorum
970 5395 1056 5450 etiam
1089 5392 1135 5448 vir
1166 5390 1279 5448 bomini
1309 5389 1506 5461 supradictam
1540 5401 1606 5450 aute
1638 5409 1668 5454 se
1700 5400 1821 5461 audiens

70 5485 264 5542 testimonium
293 5481 415 5553 probare
447 5481 560 5539 volebat
591 5481 669 5552 quod
700 5482 759 5552 ipse
785 5480 831 5538 rel
861 5493 918 5537 ser·
972 5478 1195 5551 querimoniam,
1237 5476 1379 5534 ainbobus
1417 5477 1570 5538 subridens
1605 5481 1681 5541 banc
1718 5487 1822 5547 indixit
