3818 6008
74 110 106 164 57
683 110 867 171 donatiuo
886 110 919 167 tu
938 109 1092 170 deuastat
1114 109 1177 169 titt.
1200 110 1225 168 l.
1797 113 1831 168 58
1870 104 1874 119 '

73 242 256 314 spiritualem
291 256 344 299 uos
367 247 513 313 provocat,
538 249 566 299 et
592 242 791 300 commotionis
813 251 963 314 tnagnaetl
982 243 1082 300 erebro
1108 243 1226 315 ponitur
1250 241 1280 299 in
1306 242 1395 300 veteri
1423 242 1530 315 pagina
1564 255 1613 311 pro
1640 244 1679 312 in,
1709 248 1741 299 ut
1767 250 1827 300 est:

74 331 230 403 strepitum
256 331 285 387 in
310 330 445 388 cordibus
466 330 665 401 pmnitentium
688 333 821 400 concitat,
846 346 926 388 men-

76 428 179 492 tesque
193 421 343 489 amaricat,
370 421 419 477 ubi
443 420 517 476 inter
538 420 684 476 minarum
708 421 796 477 moles
810 421 927 478 timidus

75 518 210 581 peccator
237 524 271 566 ae
297 511 321 567 si
347 509 420 565 iuter
442 508 525 565 fletus
547 516 696 566 exaestuat.
721 509 808 567 Piscis
831 518 926 567 autern

75 596 169 668 buius
183 599 273 655 maris
294 597 445 670 ingenium
471 595 614 664 naturale,
643 597 722 668 quod
745 598 809 669 ejus
830 597 928 655 abdita

77 686 242 757 investigat.

113 774 199 830 Vsus.
226 777 270 829 27.
307 804 342 815 -
366 775 479 829 creauit
510 787 579 846 ergo
617 777 684 829 Deus
717 776 868 830 bominem:
892 776 929 830 cd

76 866 225 930 imaginem
250 865 298 919 liei
330 865 432 918 creauit
461 863 548 930 illurn,
575 864 725 918 ntuscttlum
752 868 777 919 et
798 865 928 930 [eminam

77 955 184 1008 necuit
206 950 369 1009 eos'lleete
393 950 485 1022 primo
509 950 615 1008 dicitur
637 953 722 1008 bomo
744 951 930 1024 singulariter

78 1048 205 1109 creatus,
223 1040 404 1112 postmodum
422 1040 567 1097 masculus
585 1048 612 1098 et
625 1040 731 1098 lentina
746 1041 843 1109 creati,
860 1040 929 1112 quia

78 1139 146 1186 ante
162 1129 427 1202 praevaricationem
453 1130 526 1187 idem
550 1131 579 1186 in
604 1145 642 1198 se,
670 1138 696 1186 et
719 1145 865 1201 nusquam
885 1131 928 1187 di-

79 1234 182 1276 versus
199 1220 283 1275 borno
295 1227 367 1287 erat,
390 1219 441 1275 uni
468 1233 520 1275 suo
547 1219 690 1275 conditori
710 1220 841 1287 vacabat,
859 1220 930 1276 nila

78 1322 117 1374 se,
134 1307 207 1364 nila
223 1309 281 1364 Deo
292 1316 464 1365 extraneum
481 1308 624 1378 cogitabat
638 1317 806 1379 ;postquam
821 1317 928 1375 autem,

78 1404 240 1468 contempto
254 1396 469 1469 auctorisjugo‚
487 1397 531 1452 sui
544 1397 620 1467 jnris
635 1411 695 1453 esse
711 1397 812 1466 voluit,
829 1405 856 1454 et
879 1398 929 1454 Dei

77 1486 199 1553 visione,
217 1500 277 1556 qua
292 1486 392 1542 crebro
417 1484 610 1555 reficiebatur,
636 1486 738 1555 caruit,
761 1494 789 1543 et
805 1487 929 1558 seipsum

981 333 1013 390 Si
1026 348 1125 388 memor
1139 335 1184 401 sut'
1209 334 1250 388 tui
1272 336 1484 404 superstratum
1498 347 1585 387 meum
1612 333 1692 393 (Psoi.
1710 347 1775 399 exn,
1792 336 1827 395 i).

982 421 1035 478 ltoc
1048 429 1089 477 est
1105 421 1133 477 in
1148 429 1239 478 stratu
1262 436 1333 478 meo.
1360 421 1513 477 Moventur
1527 420 1687 476 animantia
1700 420 1729 475 in
1743 427 1829 487 terra,

982 510 1100 581 quando
1110 510 1146 567 ad
1162 509 1273 567 illicitos
1287 518 1382 567 motus
1398 509 1484 566 iatum
1503 509 1688 580 cogitationes
1708 508 1831 566 illiciunt

982 614 1101 671 corpora
1116 607 1223 656 nostra.
1242 602 1330 671 Super
1342 605 1451 666 terrum,
1467 599 1493 655 id
1509 605 1561 667 est,
1572 611 1687 654 cartrem
1702 604 1829 653 nostram

983 689 1140 759 precedere
1169 703 1238 745 sane
1265 696 1394 760 possunt,
1424 696 1451 745 et
1474 688 1504 745 in
1539 688 1584 744 liis
1606 702 1671 758 quaa
1693 685 1829 743 sibisunt

982 778 1129 849 contigua,
1145 778 1229 849 quasi
1254 778 1370 849 quidam
1397 778 1520 834 latrones
1536 776 1646 847 praedas
1667 789 1762 847 agere,
1780 775 1830 832 sed

984 881 1079 938 regem
1108 867 1304 937 imperiosum,
1343 868 1482 923 rationem
1517 865 1656 932 videlicet,
1690 863 1764 921 absit
1797 870 1829 919 ut

984 955 1128 1011 ullatenus
1139 963 1246 1026 queant
1261 955 1403 1025 subigere.

1020 1044 1104 1099 Vens.
1132 1045 1175 1098 19.
1201 1047 1264 1099 Εεεε
1289 1044 1355 1098 dedi
1393 1044 1468 1098 cobis
1506 1058 1608 1098 ernttent
1636 1043 1745 1096 irrident
1764 1039 1829 1110 effe·

983 1133 1085 1183 rentem
1107 1144 1194 1183 senen
1216 1145 1297 1197 snper
1321 1136 1431 1197 terrem,
1457 1135 1482 1184 el
1508 1131 1635 1183 triticersu
1668 1130 1743 1196 lipac
1771 1142 1831 1196 qttae

985 1216 1083 1271 ludent
1111 1220 1141 1272 t'n
1164 1221 1313 1287 semetipsis
1341 1223 1481 1273 sementem
1512 1221 1616 1287 generis
1645 1219 1699 1284 sui,
1722 1221 1752 1271 ut
1775 1217 1831 1270 siat

984 1306 1059 1359 vobis
1074 1307 1103 1360 in
1117 1321 1213 1371 escum,
1239 1314 1263 1361 et
1277 1309 1379 1361 curretis
1400 1307 1585 1361 animantibus
1603 1311 1689 1373 terra,
1706 1306 1831 1374 omnique

984 1396 1175 1463 volunteered,
1199 1400 1223 1448 et
1247 1398 1380 1450 nttiuersis
1404 1410 1463 1464 quar
1486 1399 1626 1448 mereatur
1645 1396 1674 1447 t'tt
1696 1396 1780 1458 terra,
1798 1391 1830 1446 ia

986 1483 1083 1552 quibus
1103 1489 1141 1538 est
1167 1485 1260 1538 eninm
1281 1487 1384 1550 utonis,
1409 1488 1439 1538 ut
1459 1484 1574 1538 babeant
1602 1482 1639 1536 od
1664 1479 1829 1536 uescendum.

77 1588 137 1630 non
154 1574 268 1641 babuit,
286 1573 355 1644 quia
370 1588 523 1646 uunquam
540 1553 965 1646 posteaplcuesuismotibusB
985 1572 1079 1628 Primo
1095 1573 1130 1628 ad
1146 1572 1269 1628 litteram
1283 1573 1521 1643 interjaciendum
1539 1571 1615 1642 qrtod
1631 1570 1749 1626 omnino
1764 1575 1831 1625 ante

78 1661 234 1728 dominari,
261 1661 313 1717 etsi
337 1661 436 1723 voluit,
472 1660 582 1732 potuit;
608 1663 678 1732 quia
704 1662 755 1719 etsi
785 1662 928 1733 spiritum,
985 1659 1831 1731 diluviumilliprimatemporiesuscarniuminusuneu

78 1749 158 1821 quod
172 1758 216 1806 est
232 1749 391 1818 masculus,
404 1749 439 1804 ad
457 1749 567 1805 lortiter
580 1751 761 1807 sentiendum
778 1758 829 1806 aut
842 1765 929 1823 agen·
986 1749 1047 1806 luit.
1063 1749 1256 1820 significative
1271 1758 1366 1807 autern
1393 1750 1466 1817 licet,
1483 1750 1641 1806 seeundum
1660 1747 1737 1818 quod
1753 1745 1831 1803 dixi-

78 1840 151 1896 dum
176 1839 292 1910 penitus
319 1852 376 1894 uon
403 1837 547 1909 perdidit;
570 1839 632 1894 Eva
657 1846 761 1906 tamen,
786 1839 891 1896 rebelle
903 1847 931 1896 et
986 1837 1087 1894 musio
1104 1845 1230 1895 tractatu
1251 1839 1305 1894 diei
1332 1839 1416 1905 tertii,
1442 1839 1549 1908 possint
1576 1839 1637 1893 baec
1652 1835 1781 1907 intelligi,
1803 1841 1831 1890 et

78 1924 254 1982 indomitum
282 1925 400 1994 animal,
417 1940 568 1997 nunquam
589 1927 731 1983 voluntati
747 1928 864 1998 spiritus
877 1941 930 1982 vo-

78 2013 207 2070 luntarie
227 2014 394 2085 acquiescit,
419 2014 468 2070 sed
490 2029 602 2086 semper
617 2015 733 2072 virtutis
748 2015 843 2071 studio
857 2016 931 2072 dura

80 2101 197 2158 resistit.
213 2102 275 2158 Era
290 2110 385 2160 autem
401 2109 443 2159 est
462 2116 529 2160 earo
550 2111 656 2170 nostra,
681 2118 747 2174 quae
758 2110 931 2175 suggerente

86 2188 195 2245 liabolo
209 2189 392 2247 lenocinatur
406 2191 520 2259 rationi,
538 2200 565 2249 et
580 2192 698 2249 inllectit
708 2192 743 2248 ad
759 2207 929 2250 consensum

86 2277 225 2347 trapetitus
251 2277 403 2335 inhonesti.
430 2278 520 2334 Adam
542 2282 622 2345 etaim,
647 2288 679 2336 ut
703 2280 743 2335 ait
767 2280 929 2352 Apostolus,

85 2365 206 2420 soluetur
218 2381 272 2420 non
298 2371 346 2430 est,
376 2367 424 2422 sed
451 2368 524 2433 Eoo,
553 2368 673 2424 undeet
703 2372 793 2423 virum
820 2369 931 2424 seducit

86 2451 189 2521 (lTim.
212 2469 243 2520 n,
260 2455 314 2524 11).
337 2453 430 2512 Primo
446 2455 475 2511 iu
501 2455 616 2511 bomine
630 2457 763 2527 quadam
780 2456 833 2512 latit
848 2456 930 2512 iden-

86 2539 157 2603 titas,
182 2541 231 2597 sed
247 2555 284 2596 ex
300 2543 411 2611 peceati
422 2556 505 2612 poena
521 2544 623 2600 accidit
638 2545 754 2600 denium
769 2533 928 2613 diversitas,

86 2632 118 2681 ut
134 2641 156 2683 n
173 2628 232 2684 duo
246 2627 423 2685 divideretur
438 2629 615 2687 humanitas.

121 2712 201 2771 Vens.
228 2719 272 2772 28.
297 2748 332 2757 -
360 2718 398 2772 Et
427 2718 567 2774 benedicit
601 2722 659 2775 eis:
684 2722 807 2783 Crescite,
831 2721 880 2783 ait,
906 2725 931 2775 et

86 2805 313 2876 muliplicemini,
349 2814 375 2861 et
405 2808 504 2878 replete
540 2814 650 2864 terrum.
675 2810 757 2867 Tunc
777 2814 931 2867 crescimus

86 2899 113 2949 et
127 2893 361 2965 multiplicamur.
378 2910 444 2952 eum
463 2897 606 2968 replemus
620 2905 735 2964 terram,
759 2900 786 2955 id
801 2906 853 2968 est,
864 2913 931 2955 cum

88 2980 154 3037 boni
170 2983 260 3054 tperis
283 2983 461 3041 exhibitione
484 2986 654 3042 exteriorem
681 2994 811 3043 nostrum
836 2987 931 3043 bomi-

87 3083 154 3127 nem
174 3080 315 3142 msquam
336 3087 440 3130 vacare
455 3073 656 3144 permittimus.
672 3075 731 3132 Aut
743 3082 818 3131 certe
832 3076 932 3132 cresci·

87 3170 163 3226 mus,
181 3172 241 3215 eim
258 3173 294 3216 ex
307 3159 482 3217 incremento
496 3168 601 3218 sanctae
616 3161 737 3218 actionis
751 3176 800 3232 spe
815 3162 931 3219 meliore

87 3247 123 3302 ad
138 3260 259 3317 superna
282 3248 467 3321 porrigimur.
493 3248 721 3320 ttutttptieamur
741 3258 930 3320 autemeam

87 3335 223 3392 virtutun
255 3337 461 3394 numerositate
496 3336 643 3394 luleimur.
674 3339 709 3394 Et
740 3339 780 3395 ita
805 3339 931 3410 repletur

89 3431 177 3491 terra,
197 3437 259 3481 cun
280 3439 419 3483 sensuum
441 3431 606 3482 nostrorum
632 3427 806 3483 universitas
827 3442 929 3484 secun·

86 3512 156 3568 dum
173 3516 249 3581 quod
260 3513 367 3584 cuique
379 3513 511 3583 competit
526 3513 562 3569 ad
579 3516 626 3584 pia
646 3522 805 3585 occupatur
816 3517 930 3573 exerci-

85 3598 134 3652 tia.
149 3602 200 3653 2³
225 3600 254 3654 ld.
281 3600 408 3670 subjicite
426 3616 493 3655 eant.
522 3600 698 3672 subjicimus
724 3611 840 3673 terram,
863 3621 930 3663 cum

85 3693 190 3743 nostrae
210 3687 305 3745 titoni
329 3688 526 3759 obtemperare
549 3692 749 3762 compellimus
773 3694 875 3763 Evam,
898 3702 930 3751 ut

85 3788 139 3829 non
156 3774 253 3832 ordini
270 3784 442 3848 prepostero
458 3778 572 3846 aneilla,
594 3779 622 3834 id
639 3788 691 3847 est,
707 3794 775 3837 caro
791 3782 928 3838 rationem

84 3862 226 3932 praecedat
250 3865 403 3922 dominam.
427 3867 464 3920 itt
490 3865 670 3923 dominamini
700 3869 820 3939 piscibus
844 3871 928 3923 inuris

84 3954 110 4004 et
135 3950 290 4008 volutilibus
321 3953 389 4019 celi,
423 3958 448 4007 et
487 3955 622 4011 aniensis
655 3957 842 4012 animantibus
869 3972 929 4027 qua

83 4043 222 4095 moenere
242 4056 322 4111 super
352 4047 462 4097 terrem.
500 4041 595 4100 Pisces
623 4045 677 4101 dici
704 4046 772 4101 item
809 4052 929 4116 possunt

981 1925 1068 1996 iuxta
1081 1940 1115 1982 ea
1130 1941 1196 1998 quat
1212 1927 1240 1982 in
1264 1928 1327 1984 aliis
1348 1928 1477 1997 exposita
1501 1933 1568 1983 sunt
1585 1925 1696 1992 diebus,
1713 1937 1779 1994 quae
1795 1922 1830 1977 ad

984 2016 1157 2071 vescendum
1188 2016 1226 2071 illi
1255 2016 1306 2086 qui
1332 2015 1392 2086 jam
1421 2028 1497 2070 nova
1533 2022 1665 2070 ereatura
1690 2019 1732 2068 est
1764 2010 1832 2066 data

985 2102 1131 2171 dicuntur,
1163 2102 1254 2159 idest
1284 2103 1319 2158 ad
1345 2102 1517 2158 imitandum
1551 2098 1755 2156 intellectualia
1782 2097 1832 2153 illa

985 2206 1050 2262 quae
1075 2191 1113 2247 ibi
1138 2191 1351 2255 describuntur,
1377 2205 1503 2260 quorum
1532 2189 1672 2260 exemplis
1691 2196 1831 2257 tanquam

986 2280 1091 2350 pabulo
1109 2281 1210 2336 debeat
1239 2279 1404 2346 sustentari,
1430 2286 1524 2334 tamen
1547 2285 1574 2334 et
1595 2278 1678 2334 aliter
1699 2273 1829 2343 forsitan,

985 2370 1007 2424 si
1031 2369 1221 2434 elaboremus,
1254 2383 1397 2438 exponere
1430 2368 1595 2439 poterimus.
1630 2366 1734 2433 Herba,
1761 2363 1832 2435 quia

985 2456 1080 2513 brevis
1093 2463 1121 2513 et
1144 2456 1178 2512 ad
1205 2469 1321 2512 uranum
1345 2455 1481 2527 contigua
1503 2462 1554 2521 cst,
1577 2454 1714 2524 numlibet
1734 2465 1831 2520 corpo·

985 2543 1056 2601 ralia
1072 2545 1147 2600 bona
1172 2559 1324 2615 possumus
1347 2544 1484 2613 accipere,
1510 2551 1541 2599 ut
1564 2549 1605 2598 est
1617 2541 1760 2613 jejunare,
1783 2539 1831 2594 bo

985 2633 1068 2704 spitio
1082 2633 1226 2695 inducere.
1252 2632 1452 2689 eleemosinam
1474 2632 1552 2699 dare,
1580 2631 1688 2686 nescios
1704 2627 1829 2693 erudire,

984 2728 1010 2777 et
1026 2729 1128 2777 cratera
1142 2736 1208 2793 quae
1224 2721 1390 2777 humanitas
1405 2721 1487 2776 babet
1502 2716 1653 2790 egentibus
1675 2714 1830 2784 exbibere3

946 2850 967 2904 C
985 2823 1050 2879 uuae
1065 2808 1181 2880 quidem
1197 2810 1266 2865 satis
1282 2809 1356 2865 bona
1379 2816 1458 2877 sunt,
1482 2808 1530 2864 sed
1548 2815 1642 2863 tamen
1662 2804 1723 2861 siue
1737 2801 1831 2860 admi-

985 2897 1080 2953 niculo
1095 2896 1261 2966 aliquarum
1275 2897 1471 2968 spiritualium
1492 2896 1634 2953 virtutum
1656 2892 1747 2949 nulla.
1764 2891 1829 2947 Pes·

985 2986 1142 3042 suntenim
1166 2992 1193 3041 et
1216 2985 1292 3042 boue
1312 2993 1339 3042 et
1362 2985 1437 3041 malo
1461 2984 1557 3041 animo
1577 2982 1648 3049 lieri,
1671 2987 1699 3037 et
1719 2979 1791 3044 ideo,
1807 2977 1830 3033 si

984 3073 1064 3140 bene,
1093 3073 1120 3129 id
1144 3078 1185 3131 est
1209 3088 1266 3128 non
1290 3088 1386 3130 amore
1417 3072 1519 3139 laudis,
1545 3079 1596 3128 aut
1620 3085 1670 3141 per
1692 3067 1830 3125 invidiam

984 3172 1016 3219 ut
1030 3162 1136 3219 scilicet
1151 3162 1270 3219 alterius
1281 3161 1595 3227 obnubileturbeuum‚
1611 3160 1664 3216 ista
1678 3173 1712 3214 ac
1725 3157 1831 3216 similia

985 3251 1064 3319 dant,
1087 3251 1171 3308 valde
1191 3250 1273 3309 utilia
1296 3258 1373 3306 sunt.
1408 3248 1460 3305 Sed
1486 3256 1580 3305 tamen
1609 3262 1705 3304 semen
1728 3243 1831 3302 allerre

983 3340 1096 3408 debent,
1113 3354 1179 3411 quae
1195 3341 1302 3395 vietum
1319 3338 1385 3395 beni
1396 3336 1519 3408 exempli
1534 3336 1677 3407 spirituali
1691 3339 1831 3391 creaturae

984 3429 1120 3498 praebent.
1146 3428 1246 3484 Semen
1278 3427 1368 3483 herba
1398 3426 1484 3482 etiam
1517 3425 1655 3482 moriente
1680 3422 1749 3479 solet
1770 3434 1830 3477 esse

984 3516 1142 3582 residuum,
1165 3516 1242 3572 uude
1267 3521 1417 3585 reparetur
1436 3528 1537 3585 genus.
1563 3511 1637 3579 Quid
1659 3510 1758 3580 berba,
1774 3508 1831 3566 nisi

983 3603 1090 3659 bonum
1114 3617 1209 3674 opus3
1232 3602 1302 3673 quid
1325 3603 1421 3659 herbae
1445 3615 1553 3668 semen,
1580 3600 1635 3655 nisi
1659 3596 1831 3668 bonioperis

983 3692 1143 3763 praemium,
1173 3690 1259 3761 eujus
1280 3690 1387 3746 intuitu
1411 3698 1438 3747 et
1462 3690 1510 3745 alii
1529 3689 1564 3744 a'd
1584 3689 1654 3745 bene
1673 3685 1830 3759 gerendum

984 3779 1126 3850 praecipue
1142 3785 1346 3850 provocantur.
1363 3778 1455 3834 Potest
1470 3777 1577 3833 bonum
1587 3791 1659 3846 opus
1674 3771 1831 3844 aliquando

982 3868 1081 3935 videri,
1098 3868 1147 3924 sed
1163 3867 1192 3924 in
1207 3867 1257 3923 Dei
1270 3867 1362 3923 oculis
1386 3865 1503 3937 praemio
1530 3872 1616 3928 caret,
1637 3863 1706 3935 quia
1720 3859 1831 3935 agentis

982 3956 1101 4013 intentio
1120 3956 1172 4013 etsi
1192 3970 1249 4012 non
1278 3969 1328 4027 pro
1353 3955 1448 4022 laude,
1471 3968 1522 4011 seu
1547 3967 1598 4024 per
1621 3951 1771 4017 invidiam,
1799 3956 1832 4006 ut

982 4045 1120 4112 diximus,
1136 4052 1187 4112 est,
1213 4053 1308 4101 tamen
1334 4045 1407 4101 bona
1434 4058 1500 4114 quire
1530 4043 1590 4114 agit
1613 4055 1669 4098 uon
1692 4037 1831 4096 desiderio

86 4126 193 4183 asotia
214 4129 375 4196 saeculares,
396 4128 505 4198 quibus
526 4132 677 4189 bominum
694 4133 809 4205 ingenio
823 4133 963 4199 callentp
981 4133 1079 4189 aeterni
1096 4133 1226 4190 muneris
1240 4139 1363 4200 exercet,
1380 4132 1428 4189 sed
1444 4140 1475 4188 ut
1499 4145 1516 4187 a
1537 4132 1595 4188 lieo
1607 4129 1660 4186 sibi
1685 4125 1833 4198 presentis

86 4228 112 4269 ai
126 4216 311 4287 vestigandas
325 4216 441 4274 semitas
451 4215 558 4286 {maris
575 4220 658 4277 idest
679 4221 794 4292 negotia
816 4221 923 4278 saeculi.

88 4298 217 4359 thueres
231 4305 316 4362 etiam
331 4305 421 4376 accipi
446 4315 557 4378 queunt
580 4306 661 4364 elatee
676 4309 865 4379 superborum
878 4323 926 4366 co-

88 4389 240 4460 gtationes,
262 4394 369 4464 quibus
392 4404 471 4454 tanto
495 4397 620 4469 quisque
645 4397 800 4453 sublimius
822 4397 925 4466 evolat,

89 4484 190 4548 quanto
204 4479 287 4537 vanis
308 4482 425 4541 inllatus
443 4485 594 4542 eventibus
607 4483 641 4540 de
656 4499 685 4540 se
700 4484 867 4556 gloriosiora
880 4499 925 4542 co·

93 4569 165 4637 glat.
180 4567 346 4626 animantia
365 4586 434 4630 vero
456 4573 525 4645 quid
551 4579 619 4629 suut
643 4572 696 4629 uisi
725 4573 926 4641 animositates,

90 4668 204 4724 uiarum
234 4658 323 4714 millia
352 4658 466 4718 infinita
502 4661 636 4718 cordibus
672 4660 764 4716 solent
792 4661 928 4716 bomauis

91 4742 215 4815 o'repere
230 4745 245 4800 l
259 4746 310 4803 Cui
327 4756 467 4805 consonat
486 4749 563 4821 quod
580 4750 704 4816 animus,
725 4749 802 4805 unde
818 4749 927 4805 animo·

91 4829 146 4888 sias
170 4840 222 4901 est,
254 4834 380 4892 Graecam
406 4837 516 4894 babens
546 4838 757 4908 etymologiam,
775 4850 793 4892 a
814 4838 929 4894 nomine

92 4920 154 4988 uod
177 4928 220 4977 est
240 4926 335 4977 centus
365 4923 524 4981 derivatur.
557 4925 593 4981 Et
622 4925 690 4994 quid
724 4925 927 4992 animositates,

92 5019 151 5075 utta
170 5016 211 5066 tet
236 5017 354 5081 tamque
386 5013 484 5069 varias
517 5013 687 5086 ineptasque
720 5013 929 5084 patimur,nisi

92 5097 262 5155 vetositates
279 5100 541 5170 congruentissime
566 5102 621 5158 diei
646 5102 759 5169 debent,
783 5115 848 5172 oure
863 5101 927 5172 oui·

93 5181 139 5239 det
155 5184 256 5242 inania
272 5200 324 5244 nos
336 5195 470 5258 appetere
489 5187 619 5247 iaciendo
635 5204 726 5261 usque
740 5189 776 5245 ad
787 5189 928 5260 crepitum

94 5274 266 5341 nosiullant,
289 5282 317 5332 et
339 5276 412 5333 nibil
431 5277 487 5334 nisi
506 5285 655 5348 peecatum
679 5278 849 5348 explicant?
863 5279 930 5336 llaec

94 5367 217 5419 Μωιεε
230 5378 315 5434 super
335 5369 447 5432 imma,
464 5365 517 5423 boc
538 5366 568 5424 in
582 5374 625 5424 est
639 5375 734 5435 terra3
756 5381 838 5438 cuper
851 5367 928 5424 enim

980 4222 1077 4279 saeculi
1102 4221 1277 4292 prosperitas
1313 4219 1432 4278 uberius
1464 4220 1638 4276 cumuletur.
1665 4217 1747 4274 Unde
1767 4213 1834 4270 diei-

981 4317 1047 4367 tur:
1072 4311 1166 4368 Oratio
1181 4312 1240 4380 ejus
1255 4313 1305 4380 pot
1328 4313 1358 4364 in
1378 4315 1518 4380 peccatum
1538 4310 1619 4376 (Psoi.
1647 4322 1722 4372 cvut,
1749 4307 1788 4370 d),
1804 4301 1832 4358 id

980 4404 1022 4452 est
1036 4411 1086 4468 pre
1100 4397 1168 4453 solis
1187 4395 1394 4467 temporalibus
1413 4403 1484 4452 oret.
1507 4386 1543 4451 rit
1568 4395 1628 4451 ibi:
1658 4393 1835 4463 Confitebitur

981 4485 1041 4551 tibi,
1074 4501 1133 4540 cum
1149 4486 1308 4552 benefeceris
1328 4485 1354 4539 ει·
1374 4484 1565 4554 (Psulxuvru,
1594 4486 1646 4549 itt).
1670 4482 1705 4538 Et
1726 4478 1833 4538 ludaeis

980 4572 1147 4630 carnalibus
1163 4565 1242 4629 'nibil
1258 4573 1287 4628 in
1312 4573 1372 4644 lege
1388 4571 1444 4630 nisi
1468 4570 1624 4642 temporale
1647 4569 1832 4642 promittitur.

982 4661 1048 4716 llaec
1062 4660 1153 4716 herba
1167 4667 1199 4717 ut
1211 4674 1307 4716 semen
1329 4659 1444 4727 babeat,
1463 4664 1591 4714 mutetur
1612 4655 1740 4724 intentio,
1757 4667 1833 4725 qua·

982 4756 1066 4806 tenus
1083 4762 1120 4805 ex
1134 4762 1168 4805 eo
1180 4748 1228 4805 alii
1250 4748 1444 4813 suscitentur:
1459 4747 1549 4803 solent
1570 4744 1647 4801 enim
1664 4743 1835 4800 intentiones

982 4837 1148 4908 aliquorum
1160 4838 1270 4908 judicio
1287 4837 1336 4893 Dei
1356 4837 1435 4907 justo
1458 4842 1509 4891 aut
1521 4835 1627 4905 apertis
1642 4830 1767 4903 llagitiis,
1783 4838 1835 4888 aut

982 4926 1124 4996 apostasia
1148 4924 1276 4997 qualibet
1300 4931 1444 4996 patescere
1466 4923 1552 4979 etiam
1587 4921 1614 4977 iu
1638 4919 1782 4992 praesenti,
1804 4927 1833 4977 et

983 5014 1045 5070 ideo
1068 5014 1180 5070 tructus
1204 5014 1270 5070 inde
1293 5013 1391 5069 nullus
1419 5019 1470 5068 est.
1495 5011 1567 5068 Nam
1583 5010 1632 5067 vix
1658 5009 1835 5066 adhibentur

982 5099 1125 5169 exemplo,
1142 5114 1266 5171 quorum
1285 5099 1349 5155 duis
1362 5099 1503 5169 reprobus
1517 5105 1569 5154 est.

1019 5188 1073 5244 Per
1087 5189 1163 5257 tigno
1179 5189 1316 5260 pomitera
1341 5187 1513 5258 spirituales,
1531 5201 1596 5258 quae
1610 5201 1666 5244 non
1688 5183 1835 5246 nisibeno

984 5276 1172 5344 auimolluut,
1193 5277 1346 5348 signantur
1369 5277 1575 5346 virtutes3nee
1599 5277 1682 5335 malis
1700 5289 1837 5335 eommu-

983 5381 1033 5424 nes
1055 5381 1116 5424 esse
1140 5373 1262 5439 queunt,
1287 5371 1320 5421 ut
1344 5364 1560 5434 suntcbaritas,
1595 5365 1754 5432 humilitas,
1781 5376 1840 5434 pa-
