3818 6008
80 140 131 193 tls

671 138 849 195 consuluit
868 138 905 194 lN
923 138 1076 195 GENESIN
1097 139 1163 196 LIB.
1183 141 1215 194 V.
1780 146 1830 200 lla

75 276 103 324 et
129 282 198 325 cum
232 267 343 338 integro
370 267 443 323 vitia
470 267 632 338 corrigendi
660 274 725 323 roto
746 274 925 337 nascuntur;
944 268 1024 324 Ario
1039 270 1138 339 pedem
1153 270 1242 326 animi
1263 272 1415 342 ponimus3
1432 289 1489 331 non
1514 274 1604 346 igitur
1627 275 1656 330 in
1685 275 1738 332 hoc
1754 283 1832 333 statu

75 356 156 412 omni
176 362 272 411 antero
295 355 356 410 loco
381 354 544 422 dimittitur,
569 369 634 411 cnm
656 354 776 410 mentia
799 369 853 412 sua
868 355 929 411 dis-

75 445 210 514 persione
232 444 367 508 collectae,
395 450 423 499 et
449 449 496 496 aa
517 443 636 498 omnino
658 443 717 514 jam
741 443 823 500 iactae
846 443 928 500 locali

73 532 256 603 indulgetur,
272 546 308 587 ne
323 531 352 586 in
366 533 506 588 deteriora
519 531 643 587 labatur.

111 621 199 678 Vens
217 623 263 688 27,
287 622 331 674 28.
361 650 395 659 -
420 622 539 690 anuur,
563 620 613 685 ait,
636 620 673 674 ud
706 622 848 675 Dominum
870 637 929 675 cum

73 714 127 766 sim
139 712 242 778 puteis,
258 714 284 764 et
296 712 374 764 cittis.
390 710 507 774 Quodsi
524 713 726 779 quinquaqinta
746 711 831 780 justis
845 712 930 782 quin-

74 816 127 868 que
139 803 229 854 minus
241 801 347 865 suerint
359 797 487 853 inuenti?
500 800 570 863 Νοο,
594 798 634 855 ait
660 799 808 867 Dominus,
828 799 928 864 delebo,

73 891 100 943 si
122 891 248 943 invenero
272 887 460 957 quadraginta
491 889 619 955 quinque.
647 887 693 941 aa
718 888 862 941 Dominum
886 887 929 942 lo·

984 357 1183 427 interfectioni,
1197 362 1245 416 sed
1259 361 1410 417 salvationi
1430 363 1508 419 loeus
1528 373 1582 419 est.
1604 392 1628 404 -
1652 364 1748 435 (Vens.
1775 365 1832 435 31.)

984 446 1120 516 Sequitur
1132 449 1296 505 vicenarius
1312 465 1451 506 numerus
1475 452 1501 506 in
1517 466 1575 522 quo
1590 452 1686 509 adhuc
1709 467 1766 508 non
1781 467 1831 523 pe·

983 535 1020 590 rit
1035 536 1153 603 civitas;
1178 538 1341 594 vicenarius
1355 553 1392 594 ex
1416 540 1583 609 septenariis
1606 540 1729 606 dnobus,
1746 549 1774 596 et
1792 556 1834 597 se

984 625 1064 680 nario
1084 633 1212 680 constat:
1236 640 1286 695 per
1303 641 1395 683 unum
1417 642 1485 698 ergo
1502 628 1694 697 septenarium
1722 636 1833 699 tempo-

984 713 1066 780 ralia,
1091 728 1157 783 οοο
1181 721 1289 783 septem
1311 715 1470 771 volvuntur
1494 715 1605 783 diebus,
1638 730 1687 785 per
1709 715 1833 773 alterum

984 809 1244 872 nostrumcorpns,
1268 811 1296 860 et
1320 804 1431 869 animan
1455 819 1505 875 per
1525 805 1671 861 senarium
1696 805 1832 880 spiritua-

984 890 1167 947 liscreaturre
1182 891 1323 961 accipitur
1337 892 1438 963 gratia,
1456 893 1503 948 cui
1513 893 1595 961 quasi
1612 894 1833 964 nagisiraesnh·

74 976 208 1048 quimur,
220 991 286 1032 cum
302 976 336 1031 de
352 982 449 1031 nostra
465 975 605 1044 pravitate
618 975 696 1044 apud
712 975 805 1044 ipsum
820 975 930 1030 orando
981 979 1100 1050 jiciniur
1116 980 1306 1051 restringendi
1322 995 1383 1048 noc,
1410 988 1437 1036 et
1457 996 1580 1051 quaeque
1603 982 1703 1037 mnndi
1724 996 1833 1038 concu-

74 1066 304 1136 conquerimur;
322 1064 468 1133 pulverem
492 1077 543 1119 rins
565 1063 699 1129 latentur,
714 1078 780 1120 curn
803 1070 854 1119 aut
878 1077 930 1118 uos
984 1068 1142 1139 piscihilia;
1159 1070 1243 1124 homo
1258 1069 1334 1124 enim
1350 1069 1442 1124 iaetus
1455 1077 1498 1124 est
1518 1070 1563 1124 die
1577 1077 1658 1125 sexta
1675 1083 1681 1123 :
1697 1069 1752 1124 suh
1773 1081 1833 1138 qua

74 1161 250 1224 peccatores,
267 1152 366 1209 autad
393 1166 505 1207 omnem
530 1151 694 1208 tentationis
717 1159 822 1208 statum
845 1151 930 1206 insta·
984 1168 1123 1220 cumnos,
1144 1160 1171 1209 et
1193 1152 1335 1209 exteriora
1360 1160 1457 1208 nostra
1482 1153 1671 1222 posuerimus,
1688 1152 1723 1208 ad
1744 1167 1831 1225 regu·

75 1241 148 1299 hiles
167 1255 220 1297 nos
242 1255 302 1297 esse
325 1241 543 1311 cognoscimus;
568 1240 696 1310 pereunti
720 1240 796 1297 enim
821 1240 927 1296 dictum
984 1242 1040 1297 lam
1063 1242 1186 1312 primam
1209 1240 1356 1296 eharitatis
1381 1240 1513 1296 videlieet
1534 1241 1674 1297 unitatem
1698 1241 1829 1312 perveni-

74 1329 250 1386 est:Putvis
278 1343 305 1383 es
336 1328 411 1399 (Gen.
440 1343 480 1392 nr,
514 1327 568 1399 19).
596 1328 761 1385 Cinisvero
786 1328 861 1399 ignis
881 1329 930 1384 ah
983 1346 1058 1396 mus,
1075 1331 1104 1384 in
1120 1344 1178 1399 qua
1198 1330 1291 1400 perire
1305 1343 1361 1384 non
1377 1342 1540 1398 possumus.

74 1417 184 1488 sumpti
208 1416 347 1472 indicium
370 1424 419 1479 est,
447 1417 525 1487 quod
546 1417 689 1487 signiticat
719 1417 929 1487 praeteritorum
1020 1419 1105 1476 Vnus.
1131 1422 1175 1473 32.
1202 1449 1232 1458 -
1257 1419 1380 1485 Obsecro,
1416 1420 1517 1488 inquit,
1551 1433 1583 1471 ne
1610 1420 1751 1485 irascaris,
1783 1421 1831 1474 lto-

74 1513 260 1575 peccatorum
275 1504 452 1572 memoriam,
476 1520 542 1575 quae
565 1505 639 1561 sieut
660 1504 733 1561 cinis
757 1505 862 1577 ignem,
887 1505 928 1562 sic
984 1510 1065 1571 minc,
1092 1512 1117 1562 si
1140 1510 1237 1576 loquar
1251 1506 1340 1561 adhuc
1355 1508 1442 1562 semet.
1462 1507 1536 1571 Quid
1552 1508 1578 1561 st
1599 1508 1706 1562 inuenti
1726 1508 1833 1574 fuerint

74 1595 152 1651 toret
167 1602 195 1650 et
206 1592 321 1650 relricat
338 1593 399 1648 vitii
416 1594 560 1664 cujusque
579 1593 713 1650 calorem.
737 1594 815 1649 cinis
829 1594 927 1664 itaque
946 1567 1024 1651 Bibe·
1038 1596 1150 1652 decem?
1164 1596 1363 1652 Animadverti
1379 1595 1470 1662 dehet,
1487 1595 1564 1667 quod
1581 1596 1661 1649 semet
1674 1609 1704 1651 sa
1724 1595 1759 1650 ad
1776 1595 1833 1651 Do-

74 1697 188 1749 sumus‚
204 1682 319 1753 quotics
329 1681 449 1752 pristina
459 1689 556 1737 nostra
571 1681 647 1736 mala
658 1681 831 1751 voluptuosa
841 1696 929 1738 recor·
984 1686 1094 1741 minum
1116 1685 1194 1756 loqui
1217 1685 1334 1755 coepisse
1357 1692 1569 1740 commemorat.
1596 1683 1686 1740 Semel
1709 1683 1740 1740 in
1755 1682 1832 1740 Scri-

74 1770 373 1837 dationenutrlmus;
388 1770 505 1826 sednon
522 1769 662 1836 delemur,
683 1773 708 1825 si
729 1772 931 1841 quinquaqinta
984 1774 1077 1844 pturis
1091 1788 1142 1843 pro
1156 1773 1276 1843 eoquod
1291 1780 1333 1828 est
1355 1771 1628 1829 incommutabiliter
1648 1771 1771 1843 positum
1787 1786 1835 1828 re-

71 1862 160 1930 iustis
184 1862 305 1930 quinque
318 1861 407 1913 minus
432 1858 568 1915 hahentes
593 1858 766 1922 invenimur,
793 1859 863 1930 quia
878 1860 931 1915 etsi
984 1863 1131 1932 perimus;
1149 1860 1422 1918 incommutabiliter
1432 1860 1522 1932 igitur
1536 1861 1572 1916 ad
1584 1860 1738 1917 Dominum
1753 1859 1833 1929 loqui

74 1956 309 2020 perpetratorum
333 1962 386 2003 nos
410 1947 538 2018 poenitet,
565 1955 592 2004 et
619 1947 797 2004 imbecillitas
812 1949 930 2005 interio-
985 1950 1082 2020 incipit
1096 1951 1229 2021 quisquis
1244 1950 1309 2006 vitae
1322 1949 1498 2020 perfectioris
1512 1949 1678 2005 institutum
1690 1948 1835 2019 precibus,

74 2039 116 2094 ris
130 2037 256 2094 hominis
269 2037 305 2092 ad
321 2036 466 2108 integrum
486 2037 659 2107 restringere
682 2037 813 2107 (quinque
835 2037 930 2093 carnis
982 2047 1010 2095 et
1031 2039 1125 2094 studio
1147 2052 1263 2107 operum
1288 2044 1504 2107 perseveranter
1528 2051 1545 2092 a
1567 2038 1622 2093 lico
1644 2036 1761 2105 expetit.
1786 2036 1838 2092 De

74 2141 179 2185 sensus
193 2140 251 2182 non
272 2125 359 2192 valet,
376 2133 472 2181 tamen
494 2126 594 2181 divina
608 2125 760 2181 clementia
785 2126 928 2182 tantillum
985 2125 1084 2181 narius
1098 2140 1166 2196 ergo
1177 2127 1211 2181 ad
1226 2134 1389 2182 extremum
1404 2125 1530 2194 ponitur,
1548 2125 1599 2195 qui
1614 2125 1643 2180 in
1659 2125 1743 2180 vinea
1761 2122 1837 2180 labo

76 2213 234 2285 poenitendi
248 2213 408 2285 appetitum
431 2227 489 2269 non
514 2221 624 2281 renuet,
642 2228 693 2269 nec
717 2214 863 2270 residuum
880 2214 930 2270 ho·
984 2215 1116 2270 rantibus
1131 2213 1307 2283 promittitur
1318 2215 1410 2283 (ituit.
1427 2228 1475 2278 xx,
1495 2215 1543 2280 2);
1561 2213 1622 2268 haec
1647 2219 1689 2268 est
1704 2212 1754 2268 illa
1769 2212 1835 2268 uni·

76 2319 121 2359 nae
146 2303 305 2359 introrsum
335 2300 492 2358 voluntatis
522 2302 605 2369 delet,
631 2316 697 2358 cum
730 2316 810 2357 mens
835 2302 931 2357 miuus
983 2299 1835 2372 versatisperfectio,aeternascilicet,culinluturoviden-

74 2406 166 2464 quarn
180 2390 316 2448 convenit
335 2390 549 2446 sensualitatem
564 2405 621 2446 non
637 2390 768 2457 audacia,
784 2392 831 2446 sed
846 2389 931 2446 insir-
985 2391 1027 2446 dre
1042 2405 1120 2446 nrrno
1136 2391 1297 2456 insudatur,
1312 2389 1362 2444 Dei
1378 2389 1460 2456 visio,
1473 2404 1538 2460 quae
1550 2388 1695 2445 estornnls
1707 2389 1837 2458 plenaria

75 2482 176 2537 mirate
189 2484 314 2536 coercet.
334 2479 526 2546 Quadraqinta
550 2487 645 2534 autem
671 2481 790 2548 quinque
805 2478 832 2533 in
849 2478 931 2541 nohis
984 2478 1127 2535 felicitatis
1142 2479 1232 2549 origo,
1249 2478 1322 2534 sicut
1338 2478 1475 2534 denarius
1490 2478 1621 2547 quadam
1643 2477 1757 2533 numeri
1772 2490 1838 2533 con-

75 2569 274 2640 reperiuntur,
290 2581 358 2623 cum
374 2565 562 2639 pergratiam
587 2566 749 2637 Evangelii,
773 2582 839 2636 quae
854 2580 930 2637 qua·
984 2572 1039 2624 stat
1054 2576 1131 2623 certa
1155 2566 1297 2637 perfectio,
1313 2573 1340 2621 et
1355 2567 1416 2621 sine
1431 2580 1488 2636 quo
1504 2565 1626 2621 aliorum
1645 2565 1694 2635 qui
1711 2579 1836 2634 sequun-

75 2658 203 2714 ternario
226 2657 370 2728 signatur,
399 2661 426 2712 et
446 2655 538 2711 ductu
570 2654 713 2724 Decalogi,
737 2656 787 2725 qui
812 2655 931 2711 denario
984 2664 1040 2717 tur,
1054 2670 1111 2711 non
1128 2655 1158 2710 lit
1176 2669 1366 2710 numerorum
1382 2653 1441 2710 ulla
1456 2653 1592 2709 collectio.
1608 2683 1643 2692 —
1666 2652 1763 2721 (Vens.
1779 2654 1834 2721 33.)

76 2745 230 2816 accipitur,
254 2744 426 2801 sensualitas
446 2743 574 2810 interior,
593 2742 620 2798 id
635 2750 677 2798 est
692 2742 859 2814 imaginatio
877 2743 932 2812 ple·
984 2745 1062 2801 Abiit
1076 2745 1214 2809 Darninus,
1226 2750 1370 2812 postquam
1386 2745 1500 2797 cessauit
1510 2743 1585 2811 loqui
1596 2741 1796 2806 adAbruham,
1810 2746 1836 2795 et

77 2848 114 2890 ne
128 2833 262 2904 regitur3
277 2832 331 2888 nisi
345 2831 422 2889 enim
437 2845 538 2888 sensus
552 2831 581 2886 hi
596 2831 722 2901 corporis
737 2831 845 2886 arctius
861 2831 932 2886 mul·
950 2861 970 2917 C
985 2834 1031 2887 itte
1044 2847 1167 2887 recusus
1183 2838 1222 2886 est
1240 2834 1269 2884 ia
1284 2833 1368 2886 tecum
1390 2846 1478 2885 suum.
1505 2831 1570 2885 Post
1591 2830 1667 2884 hanc
1679 2843 1748 2900 ergo
1762 2843 1834 2885 con-

77 2930 106 2978 to
121 2922 228 2978 animae
239 2921 374 2988 inessent,
386 2934 537 2990 nunquam
550 2934 663 2986 eorum,
678 2933 743 2990 quae
753 2919 930 2987 audivimus,
985 2922 1110 2977 scientiae
1123 2920 1352 2986 illustrationem,
1369 2932 1428 2989 qua
1437 2933 1502 2988 quae
1515 2917 1626 2989 agenda
1636 2914 1718 2973 nohis
1729 2916 1834 2973 suntin

77 3010 238 3082 tetigimus,
260 3008 419 3074 olfecimus,
443 3016 530 3065 tantae
545 3023 574 3064 se
589 3008 614 3064 ei
632 3008 796 3063 memoriter
810 3007 930 3063 delecta·
985 3010 1107 3066 diversis
1121 3009 1187 3064 vitae
1207 3008 1337 3074 statibus,
1355 3006 1439 3077 quasi
1455 3007 1509 3062 lieo
1525 3019 1576 3076 per
1597 3011 1735 3061 attactum
1750 3005 1836 3060 ratio-

77 3099 173 3155 tiones
185 3098 400 3169 immergerent.
985 3099 1030 3154 nis
1043 3113 1096 3154 nos
1108 3097 1270 3166 alloquente
1285 3095 1439 3166 vigilanter
1457 3094 1650 3150 attendimus:
1667 3093 1734 3147 Abit
1748 3093 1836 3146 mmi-

114 3186 203 3242 Vnns.
219 3186 264 3240 29.
280 3215 315 3226 -
330 3186 381 3242 Sin
393 3190 482 3240 autem
493 3185 681 3254 quadraginta
695 3187 799 3239 tricenti
815 3187 930 3251 fuerim,
984 3201 1046 3253 nus,
1063 3185 1133 3256 quia
1147 3192 1259 3240 ostenso
1273 3183 1339 3238 vitae
1361 3183 1472 3238 tramite
1494 3181 1632 3251 relinquit
1657 3179 1738 3236 uobis
1752 3179 1835 3235 liberi

77 3276 149 3347 quid
161 3275 272 3343 facies?
285 3276 353 3329 Ait:
372 3275 429 3329 Noa
442 3277 594 3344 percutiam
606 3279 719 3344 propter
733 3274 929 3343 quadraginta.
986 3274 1096 3331 arbitrii
1112 3288 1229 3339 rnunns,
1256 3280 1284 3328 ct
1307 3271 1391 3342 quasi
1412 3271 1545 3326 secedens
1564 3269 1600 3325 ad
1616 3277 1729 3339 tempus
1744 3282 1835 3338 expe-

78 3365 111 3418 ln
126 3361 361 3433 quadragenario
382 3375 493 3428 sumus,
509 3376 574 3416 curn
600 3369 650 3416 aut
672 3375 776 3430 corpus
801 3368 932 3416 nostrum
985 3363 1086 3419 riendo
1104 3376 1157 3417 nos
1169 3360 1306 3431 permittit
1321 3374 1405 3431 agere
1418 3373 1484 3430 οοο
1497 3358 1650 3427 volumus3
1667 3356 1835 3427 praesidente

77 3458 207 3523 quatuor
229 3450 387 3506 subsistens
408 3449 554 3506 elementis
578 3449 696 3504 denario
721 3449 801 3520 legis,
825 3448 930 3505 addici·
986 3451 1084 3521 itaque
1099 3452 1155 3506 lieo
1170 3450 1258 3504 menti
1273 3457 1476 3517 nostraesupra
1491 3461 1668 3510 nossemus,
1687 3445 1836 3502 recedente

78 3555 154 3607 mus,
175 3545 226 3595 aut
242 3539 312 3610 quia
326 3537 463 3595 denarius
475 3552 510 3594 ex
526 3545 631 3607 septem
645 3545 672 3592 et
689 3537 792 3601 trihus,
810 3543 929 3602 constat,
985 3547 1081 3595 autem
1096 3536 1287 3607 dispensative
1302 3538 1373 3606 ipso,
1389 3536 1424 3590 ad
1443 3535 1536 3591 locum
1561 3540 1691 3590 nostrum
1712 3532 1834 3588 reverti-

77 3627 262 3698 septenarius
275 3640 344 3682 vero
367 3641 404 3683 ex
428 3633 554 3697 quatuor
573 3634 600 3681 et
624 3625 726 3693 trihus,
753 3639 857 3695 corpus
880 3639 930 3680 no·
985 3641 1062 3694 mur,
1080 3626 1149 3695 quia
1163 3626 1199 3680 ad
1213 3639 1277 3681 eam
1290 3624 1378 3680 animi
1395 3623 1535 3693 torpidam
1549 3621 1746 3678 habitudinem
1761 3620 1835 3676 rela-

76 3725 172 3772 strum
194 3713 382 3785 quaternario
404 3713 572 3785 figuratum,
598 3712 786 3784 animamque
806 3713 931 3769 ternario
986 3715 1082 3770 bimur
1094 3713 1181 3779 illico,
1197 3727 1286 3784 qnam
1300 3727 1336 3768 ex
1352 3725 1426 3782 pura
1443 3711 1621 3767 humanitate
1644 3708 1793 3776 hahemus,
1810 3708 1834 3764 si

76 3817 127 3874 per
140 3810 272 3874 quatuor
284 3800 508 3873 Evangeliorum
533 3801 702 3869 custodiam,
729 3808 780 3857 aut
804 3808 931 3871 quatuor

77 3889 283 3962 principalium
315 3888 457 3945 virtutum
485 3888 698 3945 observantiam
720 3889 755 3945 ad
783 3889 931 3944 Trinitatis

77 3979 247 4035 inducimus
270 3975 410 4044 notitiam,
432 3991 523 4048 quam
550 3977 590 4033 nil
614 3977 693 4033 aliud
717 3977 848 4044 dicimus,
877 3976 930 4032 nisi

77 4080 207 4138 corpore.
230 4073 258 4122 et
276 4063 375 4121 anima
397 4065 453 4121 Deo
468 4064 640 4121 observandi
664 4064 852 4135 diligentiam.
872 4065 932 4122 No-

984 3803 1062 3859 enim
1078 3802 1288 3872 perpendamus
1299 3800 1370 3871 quid
1384 3815 1420 3856 ex
1442 3799 1636 3866 nobissimus,
1650 3796 1834 3854 mendacium

984 3890 1075 3958 verbi,
1092 3898 1119 3946 et
1133 3890 1225 3960 operis
1239 3889 1417 3946 solummodo
1434 3888 1463 3943 in
1478 3887 1559 3943 nohis
1575 3885 1762 3943 advertimus.

1301 3976 1416 4034 CAPUT
1436 3976 1515 4032 xlx.

1023 4072 1069 4121 aa
1082 4066 1166 4122 Vens.
1186 4069 1211 4132 l,
1226 4067 1252 4120 2.
1269 4094 1297 4106 -
1314 4067 1502 4134 veneruntque
1516 4064 1569 4118 duo
1585 4063 1676 4132 angeli
1690 4061 1834 4119 Sodomam

78 4154 160 4211 tandi
175 4160 272 4210 antem
288 4160 357 4209 sunt
380 4167 430 4224 per
453 4167 589 4209 numeros
611 4159 740 4209 statuum
766 4154 882 4225 gradus,
905 4153 933 4208 in
953 4154 1104 4225 liuespere,
1134 4154 1240 4209 sedeate
1262 4155 1312 4208 Lot
1338 4156 1367 4207 in
1389 4154 1497 4220 foribus
1530 4154 1660 4207 civitatis.
1692 4152 1745 4221 put
1775 4164 1835 4205 cum

78 4243 222 4312 quibusa
244 4242 412 4313 penitentia
430 4241 612 4298 continentia
636 4240 747 4311 prolicit
762 4241 865 4307 virtus,
882 4255 934 4296 nec

78 4331 127 4402 pia
142 4330 265 4386 intentio
275 4329 401 4400 perversi
412 4330 601 4386 actusmeritn
611 4329 744 4401 exigente
758 4329 930 4385 concutitur.

78 4449 112 4462 -
126 4420 227 4487 (Vltus.
239 4419 296 4491 30.)
310 4418 393 4484 Quid,
409 4421 512 4488 inquit,
526 4418 552 4472 si
566 4420 700 4473 inueneris
721 4418 772 4472 tibi
795 4419 933 4486 triginta?

79 4509 153 4575 Non,
170 4507 222 4574 ait,
234 4508 396 4576 interficiam
408 4512 522 4578 prepter
545 4509 672 4575 trtqinta.
696 4506 883 4578 'trigenarius
896 4521 932 4562 ax

79 4597 186 4655 sexties
199 4597 299 4667 quinis
312 4604 432 4653 constat.
446 4594 582 4653 senarius
598 4602 706 4660 autem,
722 4595 793 4665 quia
805 4608 856 4650 sex
871 4594 933 4650 die-

79 4686 136 4743 bus
148 4698 204 4741 sua
217 4684 294 4741 Deus
307 4697 395 4755 opera
416 4684 568 4757 peregerit,
584 4698 636 4754 pro
661 4683 832 4753 perfectione
856 4682 933 4737 acci-

79 4774 182 4846 pitur;
207 4772 364 4844 quinarius
383 4786 451 4829 vero
473 4786 532 4828 non
556 4770 649 4827 solum
670 4771 706 4826 ad
730 4771 886 4828 exteriores
907 4778 934 4827 et

79 4862 252 4919 intrinsecos
264 4875 375 4930 sensus,
391 4861 542 4918 sedetiam
558 4860 594 4916 ad
609 4874 696 4930 opera
716 4860 779 4931 ipsa
792 4860 931 4924 refertum

79 4949 321 5023 quinquepartita
334 4949 412 5006 enim
426 4956 469 5005 est
490 4962 692 5018 corporearum
709 4962 805 5004 rerum
823 4948 931 5014 divisio,

79 5040 110 5096 in
124 5052 281 5111 personam
304 5037 421 5108 scilicet,
446 5051 512 5108 quae
531 5036 681 5108 quippiam
697 5037 766 5108 agit,
784 5037 933 5093 materiam

79 5127 158 5185 unde
173 5126 244 5196 agit,
260 5133 371 5182 motum
383 5139 434 5197 per
449 5139 536 5197 quem
551 5124 627 5189 lacit,
650 5126 828 5182 occasionem
843 5138 933 5195 quare

80 5215 155 5279 lecit,
168 5213 305 5271 ellectum
328 5213 406 5286 quod
436 5213 512 5270 lacit.
538 5212 610 5271 Cum
631 5227 700 5285 ergo
720 5212 757 5269 ad
776 5213 933 5282 perlectum

80 5302 309 5364 sensualitatem,
331 5302 575 5375 imaginationem,
600 5316 778 5374 operumque
792 5302 932 5368 ordinem,

80 5400 168 5465 prout
180 5390 356 5450 humanitati
376 5391 513 5464 suppetit,
538 5390 734 5462 producimus,
757 5392 786 5447 in
805 5390 933 5462 trigena-

986 4244 1100 4298 aidisset
1119 4259 1171 4309 cas,
1194 4244 1315 4297 surrexit
1336 4246 1362 4297 et
1383 4244 1434 4296 icit
1457 4242 1564 4295 obuium
1584 4243 1631 4301 cis,
1654 4239 1835 4308 adoravitque

984 4348 1089 4402 pronus
1103 4335 1133 4386 in
1147 4338 1258 4395 terram,
1270 4337 1295 4385 et
1309 4331 1383 4385 dicit
1398 4345 1404 4383 :
1422 4330 1544 4397 Obsecro,
1565 4330 1678 4393 domini,
1702 4326 1835 4383 declinata

985 4423 1015 4475 in
1039 4421 1147 4475 domum
1168 4423 1250 4489 pueri
1270 4423 1363 4483 uestri,
1389 4426 1415 4473 et
1437 4423 1542 4473 menete
1557 4418 1614 4472 ibi:
1642 4417 1733 4472 lavate
1755 4415 1835 4486 pedes

986 4515 1099 4575 uestros,
1120 4515 1145 4564 et
1169 4524 1247 4563 mane
1262 4507 1472 4579 proficiscemini
1492 4510 1521 4561 tn
1543 4511 1617 4562 uiam
1638 4509 1766 4560 uestrum.
1782 4504 1835 4560 Per

987 4597 1059 4653 duris
1081 4598 1198 4669 angelos
1226 4596 1396 4653 sensualitas
1432 4601 1459 4651 et
1496 4593 1662 4667 imaginatio
1697 4592 1837 4663 accipitur

988 4701 1053 4756 quae
1069 4694 1143 4742 recte
1158 4686 1263 4757 angeli,
1280 4685 1309 4741 id
1323 4693 1365 4741 est
1378 4687 1469 4740 nuntii
1483 4683 1631 4749 dicuntur,
1650 4681 1721 4752 qnia
1734 4695 1836 4738 sensus

986 4775 1112 4831 exterior
1145 4773 1350 4846 cogitationum
1384 4772 1500 4829 nuntiat
1532 4771 1645 4838 visioni,
1673 4784 1739 4840 qua
1767 4769 1836 4826 loris

988 4862 1116 4930 senserit,
1134 4876 1295 4932 rursusque
1319 4859 1511 4932 imaginalitas
1525 4859 1609 4915 retert
1633 4855 1835 4914 intellectuali-

988 4952 1048 5015 tati,
1065 4951 1201 5021 quesibi
1222 4951 1392 5006 sensualitas
1412 4949 1544 5005 lorastica
1567 4946 1753 5018 impresserit,
1773 4946 1835 5002 hac

987 5044 1040 5095 aaa
1052 5040 1173 5095 veniunt
1189 5040 1341 5107 sodomam,
1371 5052 1437 5094 cnm
1457 5050 1594 5094 curarum
1616 5034 1832 5092 mundanarum

988 5131 1106 5185 irruunt
1127 5128 1293 5195 cecitatem,
1321 5135 1349 5183 et
1372 5140 1497 5196 vespere,
1522 5125 1628 5182 divinae
1648 5123 1755 5180 scilicet
1775 5121 1835 5190 spei

987 5216 1133 5273 deliciento
1160 5215 1264 5272 calere.
1302 5217 1351 5270 Lot
1382 5221 1479 5269 autem
1515 5215 1545 5267 iu
1569 5213 1676 5278 toribus
1715 5211 1835 5265 civitatis

986 5303 1073 5373 sedet,
1090 5304 1160 5374 quia
1175 5304 1290 5359 animus
1305 5309 1433 5359 austera
1453 5301 1530 5359 linea
1542 5300 1660 5374 iustitiae
1672 5300 1733 5372 jam
1747 5295 1836 5352 deeli-

987 5406 1070 5459 nans,
1085 5390 1343 5447 etdelectatiounm
1363 5389 1474 5447 retibus
1495 5391 1620 5454 vinctus,
1646 5388 1837 5454 dammasque
