3818 6008
111 244 164 297 935
550 239 581 294 tt.
601 239 772 296 obtentant
792 240 939 296 annulis
956 239 987 295 S.
1011 238 1132 296 UARlAE
1153 239 1198 295 titi
1217 237 1416 296 NOVlGENTO
1594 246 1597 251 ’
1810 243 1863 296 eto

111 382 190 436 tanta
204 384 399 450 praesumeret,
416 375 519 431 accidit
544 375 569 430 ei
585 374 675 445 hujrrs
701 374 824 431 itrrtunae
847 388 957 431 sucees-
975 377 998 429 ii
1053 372 1135 429 Vitia
1150 373 1284 430 (luidrici
1302 373 1478 430 euidenter.
1495 404 1529 415 -
1545 374 1703 446 (¹⁰⁶)Faeta
1715 385 1787 434 sunt
1802 378 1864 434 brec

111 483 171 526 sus,
1012 476 1089 517 anno
1117 462 1328 518 incarnationis
1356 462 1512 520 Dominicae
1535 463 1687 520 millesimo
1708 465 1865 523 centesimo

145 555 340 629 [egelrannum
359 555 387 607 et
403 551 492 609 {luido
511 550 614 606 iterem
632 551 732 608 urbem
746 550 906 606 decertant.
922 580 958 591 --
1011 550 1190 618 duodecimo,
1227 551 1298 607 laria
1333 560 1418 608 sexta
1443 552 1580 622 pascuali,
1608 554 1692 609 tertio
1719 554 1867 611 Kalendas

110 640 264 702 Atidientes
290 649 385 700 autem
412 641 604 714 ingelrannus
631 648 658 697 et
683 639 775 697 Guido
802 640 853 710 (sie
879 641 955 694 enirn
1012 638 1087 694 llaii.
1119 639 1263 695 Nimirum
1278 639 1338 710 ipse
1353 640 1504 710 episcopus
1517 640 1638 697 infinite
1648 640 1862 710 levitatiserat,

109 731 279 804 vocabatur)
293 730 432 787 Theman
463 730 500 786 ab
516 729 589 786 urbe
604 729 777 800 digressum,
806 728 957 798 populum·
1012 734 1044 783 ut
1056 727 1142 783 etiam
1157 728 1181 782 si
1200 742 1266 798 quaa
1281 728 1376 798 inepta
1395 742 1430 785 ac
1444 728 1594 786 secularia
1608 731 1763 802 cogitaret,
1787 729 1868 789 laell-

109 835 167 893 que
196 827 337 888 secutum,
363 818 537 875 laudunum
560 818 679 885 adeunt,
706 817 767 873 sine
790 815 957 873 bonrinibus
1011 814 1077 872 lime
1092 814 1192 887 lingua
1208 816 1377 874 absolveret.
1393 817 1475 875 Certe
1489 818 1548 874 vidi
1563 818 1641 875 illam
1662 832 1759 875 meam
1773 832 1865 890 quam

109 909 208 967 domos
234 908 312 964 omni
338 907 468 965 ubertate
496 906 616 963 relertas
643 904 804 962 inveniunt.
826 903 956 971 Quorum
1010 904 1160 972 praelibavi
1182 906 1395 973 consobrinam,
1410 918 1477 963 cum
1499 919 1592 976 nuper
1610 908 1642 961 in
1667 906 1743 963 urbe
1771 915 1867 978 nupta

108 1003 192 1054 tanta
216 997 298 1067 copia
327 994 392 1062 luit,
417 1002 450 1051 ut
473 995 495 1051 si
511 1000 595 1051 caute
622 994 658 1051 ab
679 994 714 1050 iis
741 994 793 1065 qui
814 1000 956 1063 preerant
1010 1006 1069 1063 quo
1094 994 1263 1064 pudoratius
1278 1001 1388 1065 potarat
1416 1009 1446 1051 ae
1464 994 1604 1052 baberet:
1621 994 1669 1053 ille
1687 995 1789 1064 etiam,
1819 1009 1867 1052 me

109 1085 311 1151 custodiretur,
343 1097 380 1140 ne
407 1083 524 1156 prodige
548 1098 566 1139 a
592 1083 726 1154 parasitis
740 1081 898 1139 actoribus
913 1081 956 1137 de-
1009 1081 1154 1150 audiente,
1179 1083 1340 1140 merdosam
1355 1091 1444 1154 atque
1454 1085 1593 1142 rusticam
1607 1083 1777 1154 appellavit,
1794 1086 1867 1154 quia

109 1174 281 1242 traheretur,
317 1173 426 1231 trustra
453 1172 593 1229 adversus
623 1171 790 1243 pradictum
816 1171 954 1242 iuvenem
1007 1182 1039 1226 se
1053 1171 1090 1226 ab
1111 1179 1278 1229 exterorum
1306 1171 1456 1244 colloquiis
1482 1186 1517 1228 ac
1543 1171 1655 1229 visibus
1677 1173 1865 1241 absentabat,

108 1263 361 1320 exterminandum
378 1262 528 1329 niteretur,
550 1274 645 1332 neque
674 1260 734 1330 ipse
746 1258 836 1317 ullam
849 1260 878 1316 in
894 1259 955 1316 vita
1008 1271 1043 1314 ac
1056 1273 1087 1315 se
1102 1260 1128 1315 ei
1140 1273 1221 1316 more
1235 1267 1405 1318 caeterarum
1421 1261 1589 1318 nullatenus
1598 1261 1763 1331 ingerebat.
1777 1261 1865 1319 Plane

108 1367 162 1409 sua
173 1352 300 1422 inopiam
316 1357 471 1422 pateretur.
493 1349 561 1416 Quis
576 1349 651 1405 euim
668 1349 754 1418 dieat,
782 1356 833 1405 aut
856 1349 955 1405 dicens
1007 1353 1036 1404 et
1051 1345 1157 1403 librum
1174 1348 1328 1418 quemdam
1341 1349 1376 1405 de
1393 1349 1655 1420 Hierosolymitaua
1677 1348 1865 1419 expeditione

109 1440 194 1497 iidem
215 1438 310 1507 iaciat,
327 1438 397 1510 quid
416 1438 617 1508 pecuniarum,
637 1436 708 1508 quid
735 1436 953 1507 vestium,quid
1007 1436 1244 1506 conscripseram,
1274 1437 1353 1508 quod
1379 1450 1447 1494 eum
1480 1437 1577 1494 videre
1604 1436 1749 1508 gestisset,
1777 1437 1863 1509 eique

108 1527 237 1585 inomni
263 1528 354 1598 speeie
369 1524 538 1583 victualium
568 1524 605 1581 ibi
632 1526 669 1581 sit
694 1525 865 1596 repertum?
882 1527 953 1582 Cum
1007 1522 1106 1580 illatus
1120 1524 1228 1592 luisset,
1257 1532 1406 1596 tantopere
1429 1538 1551 1582 exesum
1575 1525 1689 1592 babuit,
1720 1526 1860 1596 quoniam

107 1618 183 1675 onim
199 1617 306 1673 rustica
329 1629 433 1672 manus
448 1621 476 1670 et
492 1612 663 1682 suburbani,
677 1614 749 1685 quin
764 1613 851 1669 etiam
871 1614 953 1671 blon-
972 1613 1115 1722 Bdomiui
1150 1614 1204 1670 mei
1244 1612 1416 1671 suessorum
1440 1614 1565 1685 episcopi
1590 1613 1714 1671 Lisiardi
1744 1614 1859 1673 nornine

107 1703 247 1762 tiaeutani
273 1711 299 1760 et
331 1703 571 1773 Petripontenses,
610 1701 711 1758 Feraui
743 1714 860 1772 quoque
897 1702 954 1757 bue
1010 1702 1179 1770 proemium
1204 1703 1299 1772 operis
1318 1703 1488 1774 insignitum
1505 1703 1585 1771 vidit,
1614 1711 1646 1760 ut
1660 1703 1801 1775 deinceps
1815 1719 1859 1762 ne

106 1794 249 1858 venerint,
270 1799 426 1862 antequam
442 1789 637 1858 codiacenses,
667 1792 775 1846 mirum
800 1790 878 1846 dictu
894 1789 952 1846 est!
1008 1804 1158 1861 quaquam
1174 1790 1266 1862 legere
1289 1792 1470 1862 dignaretur,
1499 1805 1566 1847 eum
1588 1799 1693 1849 oaetera
1719 1793 1858 1863 opuscula

18 1944 26 1959 Ι
106 1880 177 1953 quid
193 1880 303 1951 priores
325 1878 495 1943 invenerint,
523 1877 592 1949 quid
619 1876 747 1946 tulerint,
771 1891 838 1933 eum
864 1877 954 1933 nostri
1008 1893 1081 1946 mea,
1108 1886 1135 1935 et
1154 1893 1184 1935 se
1208 1878 1285 1935 ultra
1309 1893 1425 1936 omnem
1452 1879 1606 1935 valentiam
1634 1893 1730 1935 meam
1758 1894 1856 1951 appre-

104 1968 275 2025 rccentiores
300 1965 410 2022 tardius
437 1965 630 2032 advenissent,
656 1964 768 2021 munda
793 1965 900 2031 omnia,
926 1971 954 2021 et
1007 1966 1136 2023 tiaretur.
1167 1967 1202 2022 lit
1229 1981 1296 2023 cum
1321 1965 1424 2022 eldeax
1447 1966 1593 2023 videretur
1620 1967 1649 2022 in
1671 1967 1855 2024 elaborandis
1897 1998 1901 2013 ·

103 2058 186 2129 quasi
214 2055 321 2112 illibata
344 2068 373 2111 se
400 2054 536 2124 reperisse
569 2053 753 2124 jactaverint.
791 2052 844 2109 Sed
881 2053 953 2124 quid
1005 2055 1119 2125 opibus,
1145 2062 1236 2112 totum
1256 2055 1352 2111 subito
1376 2055 1555 2125 expendebat
1582 2054 1611 2111 in
1627 2057 1728 2113 causis
1755 2056 1856 2113 inutili

104 2146 184 2217 pensi
200 2159 233 2202 ac
248 2142 386 2201 moderati
400 2142 477 2212 apud
495 2142 679 2198 belluoneset
693 2142 833 2199 scurras?
847 2142 952 2198 Vinum
1006 2143 1070 2200 bus.
1087 2143 1140 2199 Sed
1162 2143 1238 2199 mala
1254 2143 1308 2200 ista
1331 2157 1399 2201 cum
1420 2144 1509 2216 hujus
1531 2145 1710 2216 temporibus
1737 2159 1854 2216 praema-

102 2241 131 2291 et
145 2233 270 2290 triticum
287 2245 346 2303 qua
360 2230 383 2287 si
399 2230 579 2300 repertitium
593 2245 651 2286 nou
672 2229 795 2286 babebat
815 2231 951 2299 pretium,
1005 2239 1171 2289 inruerunt.

103 2332 211 2381 etcum
233 2321 305 2378 tales
330 2334 387 2377 non
408 2318 548 2376 baberent
575 2318 726 2390 vectigalia
750 2317 867 2386 ibidem,
891 2318 953 2376 libi·
1040 2322 1157 2397 Quanto
1179 2319 1262 2375 mela
1282 2319 1670 2392 bauduatpotrataseen'ct
1681 2320 1745 2379 isle
1758 2327 1856 2395 kmpe

102 2411 170 2468 dine
186 2409 422 2481 dilapidabantur
440 2407 594 2464 borreuda.
610 2406 700 2477 copta
720 2421 790 2479 ergo
811 2408 886 2465 inter
904 2422 952 2464 eos
1003 2411 1088 2464 aleb.
1104 2407 1308 2465 -Sciendum
1328 2415 1371 2464 est
1390 2409 1538 2479 quianon
1560 2409 1780 2479 soluministo,
1808 2409 1855 2467 sod

103 2515 139 2558 ex
155 2503 381 2572 proventutsn
404 2496 574 2566 rapinarum
605 2495 713 2552 oboriri
741 2495 894 2563 contentio,
923 2503 951 2553 et
1002 2512 1039 2555 ex
1059 2496 1194 2562 aliorum,
1214 2496 1502 2554 imototiussumma
1529 2497 1628 2568 populi
1644 2500 1803 2570 iniquitate
1814 2499 1854 2555 in·

57 2633 60 2639 .
102 2604 118 2646 a
134 2589 299 2662 quibusque
313 2585 449 2658 quaelibet
467 2591 551 2655 rapta
578 2585 742 2641 minoribus
756 2584 792 2641 ad
807 2584 951 2655 potentio-
1003 2592 1168 2642 creverunt.
1184 2584 1256 2642 Nam
1273 2585 1373 2643 intuta
1387 2586 1510 2642 Francia
1524 2587 1624 2657 qualia
1638 2588 1719 2656 apud
1736 2587 1855 2644 laudu-

102 2692 169 2736 rum
181 2678 250 2750 lura
266 2675 416 2732 transibat.
432 2673 552 2730 Duobus
575 2680 659 2742 certe,
685 2674 709 2729 si
725 2674 827 2731 tertius
846 2674 951 2731 obvia·
1003 2687 1105 2731 nenses
1131 2688 1276 2746 nusquam
1302 2674 1411 2731 seelera
1443 2675 1637 2748 contigerunt.
1679 2676 1855 2733 Parrissimo
1899 2676 1901 2723 l

101 2773 155 2835 ret,
167 2763 355 2835 spoliabatur.
383 2764 453 2819 Erat
478 2761 577 2833 itaque
600 2761 780 2818 miserrimus
796 2761 877 2819 urbis
890 2772 949 2819 sta·
1000 2763 1079 2819 enim
1092 2769 1250 2834 antequam
1263 2763 1317 2819 ista
1331 2763 1432 2821 tierent
1454 2773 1590 2834 tempore,
1612 2765 1767 2836 presbyter
1787 2764 1855 2837 qui·

99 2862 157 2912 tus.
179 2853 214 2909 lli
232 2853 282 2923 qui
298 2850 334 2908 ab
350 2851 422 2908 urbe
439 2850 636 2922 profugerant,
658 2850 758 2907 domos
776 2850 948 2909 elericorum
1002 2851 1068 2907 dam
1089 2851 1250 2922 inproprie
1276 2852 1360 2909 domo
1379 2866 1499 2923 spuere
1521 2867 1608 2924 quem
1634 2853 1854 2911 tantiliarioreut

97 2949 126 3000 et
140 2955 293 3014 procerum
308 2955 382 3012 quos
395 2940 526 3009 oderant,
547 2939 728 3009 diripuerant
741 2946 828 3010 atque
851 2939 948 2996 lucen·
968 2961 988 3018 ρ
1004 2939 1137 3008 babebat,
1160 2955 1226 2997 cum
1251 2941 1359 2998 sedere
1375 2942 1410 2998 ad
1426 2955 1567 3012 prunasa
1593 2950 1673 3013 tergo
1701 2955 1855 3013 percussus

99 3031 202 3089 derant
217 3045 223 3086 :
241 3038 270 3087 at
292 3028 378 3085 modo
398 3027 506 3085 residui
533 3041 663 3098 proceres
681 3026 869 3099 prologarum
898 3043 946 3085 us·
1002 3031 1120 3087 interiit.
1136 3030 1227 3100 Cujus
1241 3044 1346 3100 eorpus
1368 3028 1415 3087 ille
1438 3043 1565 3094 sumens,
1582 3030 1612 3086 in
1641 3044 1790 3088 cameram
1812 3045 1855 3088 se·

99 3134 156 3192 que
182 3119 218 3176 ad
242 3118 420 3176 opulesceras
449 3116 493 3190 [Α
521 3115 624 3189 terras]
651 3125 680 3174 et
701 3117 840 3187 pessulos,
867 3119 947 3174 omni
1001 3116 1151 3175 eretiorem
1173 3117 1331 3174 recondidit
1352 3126 1380 3175 et
1404 3132 1423 3174 a
1448 3117 1516 3176 loris
1543 3119 1694 3175 asseravit.
1723 3118 1854 3190 Cumque

98 3208 260 3266 substantia
274 3213 361 3279 atque
388 3206 561 3263 utensilibus
574 3206 801 3264 addemnabant.
1001 3218 1053 3276 per
1066 3204 1178 3275 aliquot
1201 3205 1262 3271 dies
1278 3219 1338 3261 uon
1349 3205 1411 3262 viso
1423 3206 1550 3274 domiuo,
1562 3202 1697 3276 q'uouam
1717 3207 1852 3264 abisseta

133 3297 196 3354 Non
211 3311 280 3369 ergo
300 3310 336 3352 ne
357 3296 517 3352 mouuebus
528 3295 645 3367 quidem
661 3295 739 3352 nllus
759 3303 820 3352 tuto
837 3304 947 3367 poterat
1002 3294 1109 3349 lamule
1124 3302 1297 3364 (quaererent,
1314 3295 1507 3352 mentiebatur
1523 3296 1618 3352 risseio
1634 3310 1782 3366 quorsum
1806 3296 1852 3352 bo

99 3386 210 3458 ingredi
225 3386 336 3454 urbem,
353 3384 398 3441 vel
412 3384 519 3456 egredi,
536 3385 609 3455 quin
622 3390 756 3455 anteque
770 3386 946 3455 privaretur,
1001 3383 1098 3440 niuem
1128 3386 1269 3452 expetisse
1284 3384 1410 3455 negotia.
1438 3385 1474 3440 Et
1498 3398 1566 3442 cum
1589 3398 1648 3455 prae
1663 3384 1766 3442 fetoris
1782 3384 1852 3442 inse

100 3474 289 3546 autpmprlis
311 3473 438 3530 induviis
460 3473 631 3529 nudaretur.
662 3472 706 3528 Ad
729 3481 861 3530 sanetum
877 3473 948 3532 Vin·
1001 3472 1090 3529 lentia
1112 3473 1187 3529 inter
1218 3473 1293 3530 redes
1324 3473 1415 3531 loveri
1439 3487 1496 3530 nou
1522 3481 1627 3545 posset,
1658 3473 1785 3531 collecta
1811 3473 1853 3531 iile

100 3562 226 3621 centium
250 3568 346 3620 sontes
361 3561 547 3633 insontesque
562 3576 627 3618 curn
644 3561 757 3634 peculio
776 3561 868 3619 multo
877 3562 948 3618 eole-
1002 3561 1111 3619 domini
1127 3562 1289 3619 substantia
1303 3563 1427 3620 cadaver
1447 3563 1477 3619 in
1498 3563 1613 3619 camino
1637 3563 1747 3621 domus
1770 3576 1854 3634 super

100 3661 177 3710 rant.
192 3651 277 3719 Quid,
295 3651 413 3708 bomine
438 3652 523 3719 Deus,
554 3650 719 3722 gladiorum
746 3658 880 3706 exertum
906 3659 948 3707 est
1002 3650 1112 3707 cineres
1131 3665 1220 3721 prono
1240 3665 1290 3709 ore
1308 3652 1477 3722 composuit,
1501 3660 1530 3709 et
1550 3651 1784 3711 instrumentum
1807 3653 1852 3709 de
1898 3614 1901 3683 Δ

100 3755 188 3812 super
216 3739 381 3808 monachos,
406 3754 463 3795 non
483 3746 542 3795 tarn
563 3752 667 3796 census
690 3752 779 3809 quam
811 3752 948 3810 personas
1001 3753 1090 3810 super
1103 3740 1240 3809 pendens,
1263 3742 1317 3812 (¹¹⁸)
1338 3740 1416 3812 quod
1437 3741 1604 3797 siccatorias
1632 3750 1752 3809 vocam,
1770 3754 1854 3812 snper
1898 3694 1901 3801 l

99 3829 235 3887 volentes.
264 3828 307 3884 lbi
334 3827 512 3894 Guillelmns,
538 3826 663 3884 lladuini
681 3826 767 3894 lilius,
796 3827 947 3884 immemor
1001 3842 1069 3886 eum
1090 3828 1202 3900 dejecit,
1228 3837 1262 3887 ut
1285 3837 1438 3901 putaretur
1464 3830 1535 3901 quia
1555 3830 1596 3887 sic
1618 3844 1689 3887 enm
1711 3831 1854 3888 maehina

100 3917 153 3975 sibi
181 3931 198 3972 a
222 3917 279 3973 Deo
305 3915 481 3973 liberationis
513 3914 642 3982 indulte,
676 3915 832 3986 quemdam
860 3928 947 3972 snum
1002 3930 1086 3973 casus
1099 3916 1253 3986 obtuderit,
1269 3918 1368 3989 sieque
1381 3933 1447 3976 eum
1461 3919 1549 3975 rebus
1563 3917 1690 3991 aulugit.

99 4012 285 4076 compatrem,
327 4004 374 4060 eui
414 4016 480 4059 mox
514 4003 707 4074 spoponderat
734 4002 947 4061 immunitatem
1037 4005 1141 4061 lleeani
1157 4019 1344 4076 quoqueuou
1360 4005 1443 4077 longe
1457 4014 1524 4064 aute
1539 4006 1686 4064 Kalendas
1702 4007 1854 4065 suedie-

99 4092 296 4151 membrorum
310 4099 338 4148 et
351 4092 428 4160 vitae,
444 4100 472 4149 et
484 4092 520 4148 ad
532 4107 563 4149 se
577 4106 614 4148 ex
628 4092 844 4165 lidecollegerat
857 4093 947 4150 teneri
1001 4107 1096 4150 muros
1107 4095 1339 4165 presbyterorum
1350 4095 1484 4167 agebant.
1496 4095 1629 4167 Cumque
1644 4096 1771 4167 qnidam
1786 4097 1854 4154 liur-

100 4183 193 4240 asuis
209 4181 254 4256 is,
283 4180 385 4254 aereis]
410 4181 569 4238 Guinimari
593 4188 621 4236 et
645 4181 760 4238 ilaineri
783 4193 945 4252 procerum,
1002 4183 1119 4253 gundus
1132 4182 1291 4254 presbyter,
1303 4183 1411 4255 loquax
1427 4184 1513 4240 nimis
1525 4193 1554 4241 et
1569 4184 1769 4255 promptulus,
1785 4200 1854 4242 con·
1899 4202 1901 4295 p

101 4270 153 4345 qui
167 4269 232 4327 caesi
246 4276 340 4336 erant,
366 4276 394 4326 et
415 4269 548 4326 damnari
576 4269 714 4340 permisit.
744 4269 845 4326 Atilio
869 4270 945 4326 euim
966 4303 987 4358 D
1004 4270 1117 4342 tignum
1132 4272 1187 4329 sibi
1206 4272 1404 4343 presbyterum
1416 4286 1503 4344 super
1515 4273 1642 4344 quodam
1658 4273 1717 4330 levi
1726 4274 1855 4345 capitulo
1899 4302 1901 4333 t

101 4358 210 4432 praelati
232 4357 379 4416 castellani
389 4358 424 4414 ad
439 4358 508 4429 equi
524 4357 648 4414 caudam
663 4356 784 4428 pedibus
799 4357 944 4430 alligatus,
1002 4368 1172 4429 accusasset,
1195 4375 1248 4432 pro
1271 4362 1333 4432 ipsa
1355 4361 1443 4433 culpa
1459 4362 1587 4419 decanus
1600 4362 1687 4419 abeo
1700 4376 1757 4421 sex
1777 4377 1857 4421 num

100 4447 240 4520 brevique
259 4454 354 4504 tractu
380 4446 529 4504 cerebrum
541 4460 607 4502 cum
624 4445 753 4513 ledisset,
782 4445 872 4504 turcis
887 4446 947 4502 illa·
999 4463 1062 4505 mos
1077 4453 1189 4506 tantum
1199 4449 1304 4522 exegit.
1316 4450 1372 4515 Oui
1384 4450 1411 4506 id
1421 4449 1600 4507 damnisatis
1611 4464 1767 4522 superque
1780 4464 1856 4523 egre

99 4544 148 4596 tus
165 4536 398 4595 estimabatur
421 4543 518 4592 autem
545 4534 567 4591 is
596 4533 736 4591 liebertus
756 4543 947 4607 cognomento
999 4537 1102 4604 terens,
1132 4545 1214 4595 noete
1238 4553 1305 4595 eum
1324 4539 1502 4610 burgundus
1530 4539 1697 4597 revertisset
1722 4541 1763 4598 ad
1791 4555 1854 4607 sna,

99 4625 288 4693 llaudueans,
300 4625 349 4680 vir
367 4623 447 4680 dives
468 4631 495 4680 et
511 4622 629 4693 probus.
653 4625 689 4679 At
710 4622 891 4694 dispeusator
904 4624 946 4681 vi·
1000 4626 1148 4697 presbyter
1162 4627 1214 4698 qui
1226 4626 1360 4684 denarios
1375 4627 1539 4699 perdiderat
1555 4627 1678 4685 insidias
1689 4628 1750 4700 ipsi
1765 4638 1856 4687 etcu-

99 4713 251 4782 cedomini,
266 4712 375 4784 dequo
390 4725 480 4782 supra
501 4711 639 4780 diximus,
665 4712 715 4782 qui
732 4711 900 4781 vocabatur,
915 4713 945 4769 ui
1000 4715 1091 4771 derat.
1113 4714 1168 4782 eri
1195 4730 1262 4772 eum
1286 4715 1390 4772 domus
1411 4730 1471 4773 sne
1496 4716 1606 4788 gradm
1633 4731 1705 4775 cum
1736 4717 1856 4777 lucerna

99 4801 361 4872 lallor,librardus,
388 4801 522 4873 quicum
548 4814 606 4871 quo
629 4799 676 4856 die
698 4800 759 4871 ipso
774 4803 945 4870 comederat,
1000 4803 1174 4873 ascenderet,
1203 4804 1250 4860 ille
1270 4818 1337 4861 eum
1365 4818 1383 4860 a
1415 4805 1623 4876 posterioribus
1659 4809 1691 4864 in
1720 4808 1854 4880 occipitio

99 4905 201 4948 servus
216 4890 365 4947 domiuum
378 4888 550 4960 perdiderat,
569 4896 685 4946 evectus
699 4896 740 4946 est
769 4889 798 4945 in
811 4889 945 4946 sublime.
999 4891 1082 4947 calva
1092 4892 1242 4962 percussit,
1255 4891 1307 4962 qui
1321 4905 1357 4948 ex
1371 4891 1432 4949 ictu
1446 4892 1598 4949 intestatus
1607 4893 1763 4952 occubuit.

99 4979 150 5036 llis
164 4978 319 5052 generibus
334 4977 469 5033 mortium
489 4984 516 5033 et
529 4976 577 5033 alii
590 4985 659 5034 suut
672 4978 775 5035 exacti.
788 4979 946 5035 inextriea·
1033 4979 1241 5051 Alterquidam
1260 4981 1387 5037 Exosimi
1409 4980 1469 5052 ipse
1490 4981 1649 5052 presbyter,
1670 4996 1744 5040 cum
1768 4983 1853 5041 babe

99 5067 156 5127 bile
169 5076 286 5140 estque
302 5068 330 5123 in
343 5079 521 5135 eversorum,
536 5066 582 5123 vel
600 5066 779 5131 inversorum
797 5067 946 5138 punitione
999 5076 1042 5126 ret
1063 5067 1260 5140 presbyterum
1283 5069 1439 5128 missarum
1464 5070 1603 5127 solemnia
1616 5074 1853 5145 agentem,alta·

99 5159 160 5229 geri
176 5156 285 5227 ubique
305 5153 458 5225 contigerit
485 5153 638 5223 explicare.
673 5152 826 5209 Sciendum
848 5160 946 5209 autem
999 5156 1329 5228 ribusquepraesentem.
1354 5172 1371 5214 a
1394 5159 1589 5230 quodamsuo
1608 5162 1782 5232 apparitore
1805 5175 1851 5218 sa·

100 5245 170 5317 quia
183 5245 229 5301 die
241 5251 353 5316 postero
368 5243 444 5300 necis
453 5241 537 5299 factae
550 5242 675 5298 Tbouras
690 5241 813 5298 venitin
833 5243 945 5311 urbem,
999 5245 1070 5318 gitta
1084 5244 1162 5302 leriri
1173 5245 1332 5302 mandavit.
1349 5248 1401 5311 Qui
1413 5261 1566 5317 percussus
1583 5249 1638 5304 etsi
1652 5264 1714 5306 nou
1736 5250 1849 5316 interiit,

99 5331 154 5388 boc
181 5338 223 5388 est
252 5329 323 5387 leria
357 5338 448 5398 sexta,
478 5330 660 5401 sabbatoque
684 5328 841 5396 recesserit,
862 5337 890 5387 et
916 5331 945 5388 in
999 5334 1151 5406 instigator
1165 5341 1262 5391 tamen
1276 5348 1311 5391 ac
1325 5336 1421 5406 opilex
1440 5350 1498 5393 nou
1521 5337 1585 5393 siue
1606 5337 1799 5398 interimendi
1811 5338 1849 5395 al·

98 5418 161 5490 ipsa
174 5418 324 5475 bominica
347 5417 419 5477 tend
449 5417 586 5476 facinoris
599 5433 667 5476 mox
682 5420 758 5478 Deus
771 5432 871 5490 predas
897 5419 945 5476 in·
998 5424 1074 5481 lectu
1097 5423 1162 5490 luit,
1192 5437 1246 5480 uec
1265 5423 1421 5494 homicidii,
1441 5430 1471 5481 et
1489 5425 1646 5497 sacrilegii,
1673 5430 1758 5499 apud
1775 5427 1849 5487 clin-

99 5507 229 5567 cesserit.
998 5510 1108 5569 stiauos
1124 5512 1252 5570 mundati
1278 5512 1324 5584 [s.‚
1339 5511 1491 5586 inauditi],
1511 5514 1634 5573 cristine
1650 5516 1847 5576 metabole
