3818 6008
513 107 560 164 DE
580 107 659 163 vtrll
678 106 743 164 SUd
763 105 858 164 LIBRI
875 107 976 164 TRES.
992 138 1026 146 —
1040 107 1105 164 tle.
1127 106 1148 162 f.
1660 110 1712 165 art

58 253 91 295 m
106 236 319 300 immersissem,
334 237 374 294 ita
389 244 422 294 ut
443 236 587 295 universae
601 237 707 294 divinae
722 238 807 309 pagi·
824 237 966 307 llsaepins
990 244 1084 294 tamen
1106 237 1226 294 mentito
1244 245 1371 303 auctore,
1398 237 1460 308 ipsa
1492 238 1600 311 quibus
1633 247 1716 312 pote-

58 329 94 382 ·ia
115 340 166 396 pro
190 335 246 382 tam
272 326 394 382 ridicula
419 326 547 383 vanitate
570 340 748 398 seponerem,
774 327 811 383 ad
863 339 925 382 ram
949 326 1118 394 recitabam,
1135 334 1163 382 et
1188 326 1306 382 laetabar
1325 340 1358 382 ea
1377 339 1395 381 a
1416 327 1546 384 vntlrnei
1574 329 1716 386 consorti-

58 415 149 486 ipsum
178 414 250 470 duce
283 428 348 471 mea
376 413 491 470 levitate
516 415 575 485 jam
613 428 749 472 veneram
779 422 811 470 ut
865 415 919 471 bus
931 414 1100 482 collaudari,
1126 429 1192 485 quae
1216 429 1280 471 mea
1296 415 1356 471 fore
1371 416 1456 472 rebar
1478 431 1598 487 prorsus
1613 418 1716 474 incon-

58 517 101 559 ‚ua
127 511 156 559 et
188 503 388 559 Bucolicorum
427 503 502 559 dicta
529 518 745 574 praesumerem,
783 511 810 560 et
864 503 983 560 veniens
1008 503 1145 573 proliteri,
1161 510 1190 559 et
1204 504 1282 574 quod
1297 503 1333 559 ad
1349 503 1475 560 fructum
1499 504 1589 561 ullius
1603 505 1715 562 auctori

58 606 72 648 s
99 592 254 648 amatorios
286 592 314 647 in
347 592 507 662 specierum
536 592 809 659 distributionibus,
865 606 917 648 suo
945 606 1002 648 non
1027 591 1160 662 proderat
1184 591 1289 660 laudis,
1306 592 1366 649 solo
1387 593 1512 650 restabat
1534 593 1716 663 lructu,im0

57 681 146 752 lisque
192 680 338 737 nexilibus
378 679 551 737 affectarem.
592 680 686 738 Oblita
722 683 811 754 igitur
865 678 1047 750 turpitudine
1075 680 1201 751 gaudere
1230 680 1348 751 peccati.
1372 680 1426 738 Sed
1453 680 1524 750 baec,
1551 683 1643 752 Pater,
1661 697 1718 753 pu·

58 769 144 827 debiti
170 768 282 840 rigoris,
309 772 338 825 ct
363 769 547 840 professionis
570 772 736 827 monasticar
755 785 812 841 pu·
864 768 945 835 nisti,
973 768 1092 839 quando
1115 768 1241 825 voluisti.
1270 770 1491 842 Emergentibus
1513 770 1589 828 enim
1613 779 1716 829 contra

57 860 170 934 rejecto,
197 858 303 915 talibus
319 858 471 915 virulentae
485 858 575 930 bujus
594 858 715 916 licentiae
730 859 812 916 leno·
864 868 910 911 me
934 869 1021 926 super
1049 855 1098 911 tali
1113 869 1200 926 opera
1223 856 1398 925 infortuniis,
1413 865 1441 914 et
1470 858 1563 916 multa
1584 859 1716 917 animum

78 947 253 1015 lactabatur,
283 947 336 1003 boc
363 947 457 1004 solum
491 948 646 1017 trutinans,
667 947 691 1005 si
724 955 812 1019 poetae
864 951 1033 1015 evagantem
1058 943 1230 1002 adversitate
1245 945 1370 1014 cinxisti,
1397 948 1567 1018 etcorporis
1592 948 1717 1006 infirmi-

57 1051 89 1092 .m
104 1035 276 1106 comportari
301 1042 411 1105 poterat
425 1035 503 1105 quod
524 1034 672 1092 curialiter
695 1034 812 1092 diceba·
865 1039 922 1089 tate
942 1032 1078 1102 pressisti.
1095 1033 1229 1090 Pervenit
1252 1049 1320 1106 ergo
1337 1042 1407 1091 tnnc
1433 1036 1548 1108 gladius
1571 1038 1716 1108 usquead

67 1123 234 1180 nullatcnus
263 1136 334 1179 vero
367 1122 514 1193 pensitans
537 1131 715 1194 quantopere
737 1123 811 1180 sacri
865 1120 1003 1190 animam,
1016 1121 1086 1180 dum
1099 1122 1213 1180 vexatio
1225 1123 1319 1195 attigit
1335 1122 1561 1196 intelligentiam.

58 1225 81 1280 s,
107 1211 141 1267 de
157 1225 190 1268 ea
205 1224 272 1282 quae
296 1211 516 1268 desiderabatur
540 1211 692 1279 industria,
714 1225 813 1282 propo-

75 1299 242 1357 laedebatur.
264 1299 358 1371 Cujus
371 1299 510 1356 nimirum
536 1300 689 1370 utrobique
712 1306 812 1369 rapta-

57 1388 127 1444 deest
159 1392 230 1456 sorte
261 1401 370 1456 amore,
402 1389 445 1444 vel
467 1387 638 1461 voluptate],
664 1388 733 1444 dum
754 1401 812 1443 non

71 1477 228 1535 verborum
252 1476 391 1544 dulcium,
408 1491 474 1548 quae
495 1477 614 1547 apoetis
635 1491 809 1548 acceperam,

57 1581 143 1637 ,quae
165 1581 218 1637 cgo
242 1565 426 1637 profuderam
454 1566 579 1622 lasciviis
603 1565 741 1630 irretirer,
761 1579 813 1620 ve-

57 1655 142 1712 etiam
158 1654 326 1725 perborum
350 1660 378 1710 et
392 1655 436 1710 bis
458 1653 596 1710 similium
620 1653 814 1711 revolutiones

57 1743 117 1800 dica
140 1742 292 1813 aliquoties
313 1743 410 1798 carnis
424 1757 494 1798 meae
516 1742 676 1799 titillatione
691 1750 812 1798 tenerer.

59 1843 107 1886 am
129 1830 190 1886 baec
205 1830 314 1887 terebat
340 1830 477 1886 volubilis
500 1839 528 1887 et
554 1831 641 1887 totius
656 1829 815 1887 severitatis

62 1933 133 1977 nens
163 1918 289 1987 animus,
329 1919 404 1975 alius
437 1918 562 1990 profecto
594 1934 652 1976 non
685 1926 813 1989 poterat,

75 2022 162 2079 quem
189 2008 325 2080 cogitatio
351 2015 544 2080 suggesserat,
569 2022 585 2064 e
607 2007 691 2064 labiis
715 2022 813 2078 proce-

56 2110 147 2153 tonus.

56 2187 122 2255 iptio
145 2189 171 2240 el
188 2185 277 2240 verbis
300 2185 415 2242 obscene
436 2188 552 2256 profert.
579 2185 656 2252 Quod
680 2189 706 2240 el
718 2185 816 2255 patefit

59 2279 101 2329 tus
123 2277 266 2342 magistro.
292 2304 326 2314 -
350 2275 419 2331 lnde
436 2273 539 2331 accidit
562 2283 595 2331 ut
615 2273 816 2330 effervescente

56 2362 95 2420 eri
112 2362 190 2419 rabie
205 2363 241 2418 ad
256 2361 414 2420 obscenula
428 2364 562 2434 quaedam
577 2363 666 2420 verba
682 2362 814 2420 devolve-

56 2458 77 2511 at
100 2451 214 2522 aliquas
237 2450 379 2509 litterulas
394 2451 492 2508 miuus
515 2451 596 2522 pensi
621 2465 654 2508 ac
677 2451 816 2508 moderati

55 2548 114 2608 iles,
140 2540 196 2596 imo
222 2541 308 2596 totius
332 2540 488 2597 honestatis
509 2539 621 2597 nescias
644 2539 814 2597 dictitarem.

59 2643 126 2687 oum
154 2629 191 2685 ad
206 2629 337 2701 magistri
353 2628 480 2699 predicti
507 2629 638 2685 notitiam
666 2628 816 2699 pervenis-

65 2717 180 2788 etipse
202 2717 352 2789 aegerrime
381 2716 476 2783 terret,
507 2716 536 2772 in
562 2716 639 2773 illiue
661 2716 815 2772 exacerba-

900 1256 931 1308 ll.
950 1254 1075 1322 Gregorii
1091 1257 1207 1325 scripte,
1222 1271 1274 1324 quo
1289 1254 1497 1323 tatettipenttam
1516 1257 1549 1312 S.
1566 1257 1717 1327 Scriptura

865 1342 1076 1411 adipisceretur,
1108 1345 1230 1399 renotuit.
1264 1347 1375 1399 flectcre
1404 1346 1435 1399 B.
1464 1345 1592 1399 Auselmo
1611 1345 1718 1401 eosdem

865 1432 1067 1500 interpretandi
1092 1432 1201 1487 modum
1215 1431 1347 1488 addiscit.
1371 1433 1492 1489 -Cum
1515 1434 1612 1503 itaque
1633 1447 1719 1504 poeua

832 1519 975 1595 Bpeocati
1001 1519 1176 1577 intellectum
1206 1519 1328 1577 dedisset
1354 1520 1478 1589 auditui,
1508 1528 1578 1577 tunc
1601 1522 1719 1579 demum

868 1606 979 1664 inutilis
1006 1607 1093 1664 studii
1122 1615 1266 1665 marcente
1291 1609 1430 1676 socordia,
1455 1624 1521 1666 cum
1551 1617 1644 1666 tamen
1668 1611 1718 1668 otii

868 1695 1022 1766 impatiens
1043 1711 1143 1765 essem,
1168 1697 1251 1768 quasi
1271 1712 1307 1753 ex
1330 1698 1498 1755 necessitate
1519 1699 1629 1770 rejectis
1644 1699 1720 1755 ima-

868 1784 1076 1856 ginationibus,
1111 1785 1314 1856 spiritualitate
1344 1793 1476 1856 recepta,
1510 1786 1547 1842 ad
1579 1787 1719 1843 exercitia

868 1874 1063 1930 commodiora
1088 1874 1215 1944 perveni.
1245 1872 1323 1943 Coepi
1349 1873 1438 1944 igitur
1461 1875 1523 1944 jam
1547 1888 1610 1931 sero
1633 1874 1718 1931 adid

869 1962 946 2032 quod
961 1976 1036 2032 saepe
1049 1975 1066 2017 a
1081 1961 1213 2032 plurimis
1230 1961 1299 2017 mibi
1317 1961 1400 2018 bonis
1414 1961 1581 2019 doctoribus
1594 1963 1719 2033 praesul-

869 2051 961 2107 iatum
983 2048 1087 2118 fuerat,
1103 2049 1254 2119 anbelare3
1269 2048 1376 2106 scilicet
1399 2048 1615 2121 Scripturarum
1640 2065 1717 2107 com·

869 2137 973 2195 mentis
988 2138 1144 2205 intendere,
1168 2137 1344 2209 Gregoriana
1366 2139 1452 2208 dicta,
1473 2141 1502 2195 in
1526 2141 1635 2210 quibus
1649 2140 1719 2196 artis

869 2212 1161 2298 bujus'potissimum
1187 2225 1373 2296 reperiuntur
1397 2225 1502 2294 claves,
1526 2226 1655 2283 crebrius
1675 2233 1719 2282 te-

869 2330 942 2384 rere,
961 2314 1122 2372 seeundum
1147 2322 1276 2373 veterum
1298 2323 1449 2372 auctorum
1472 2315 1598 2387 regulas,
1621 2315 1659 2371 ad
1673 2315 1718 2371 al-

869 2401 1036 2474 legoricum,
1057 2416 1108 2459 scu
1130 2403 1278 2471 moralem,
1295 2403 1367 2473 quin
1388 2411 1416 2459 et
1436 2404 1628 2475 anagogicum
1652 2417 1718 2459 sen-

868 2506 933 2548 sum
955 2491 1132 2563 prophetica,
1156 2491 1201 2547 vel
1216 2491 1383 2562 evangelica
1406 2491 1495 2547 verba
1514 2492 1716 2563 perstringere.

870 2581 902 2635 ln
917 2579 963 2636 bis
982 2580 1161 2650 praecipuum
1184 2578 1273 2634 babui
1290 2579 1464 2634 incentorem
1485 2579 1653 2635 Beccensem
1667 2579 1718 2634 ab·

869 2667 964 2724 batem
989 2666 1168 2734 Ariselmum,
1192 2674 1290 2737 postea
1310 2666 1548 2723 cantuariensem
1576 2666 1719 2738 archiepi-

69 2804 175 2863 smidii
197 2820 266 2862 eum
292 2804 367 2861 comi
391 2804 413 2861 it
436 2803 613 2863 obdormisse
648 2804 709 2872 Quo
732 2818 815 2875 som·
869 2769 989 2825 scopum
1005 2769 1041 2811 ex
1058 2753 1244 2824 transalpinis
1267 2753 1406 2853 partibus,
1422 2755 1594 2825 augustana
1615 2754 1719 2811 rideli-

85 2893 118 2950 lis
162 2894 167 2905 ,
237 2894 242 2904 ,
333 2892 338 2903 ,
371 2820 429 2903 ⁸..
489 2892 508 2949 s
548 2893 553 2903 ,
617 2846 623 2858 ·
790 2838 915 2948 Ι’111181
940 2842 1056 2915 regione
1080 2842 1247 2941 oriundum,
1272 2856 1368 2898 virum
1397 2842 1650 2941 incomparabilem
1669 2843 1721 2899 do-

56 2901 82 2994 fa
142 2909 213 2992 eise
236 2900 354 2992 ¹3¹gf³⁵⁸¹t
376 2907 459 2992 vimq'
509 2906 589 2949 e⁰¹⁰r
611 2901 724 2949 camum
749 2907 793 2991 ¹3¹¹.
870 2930 1013 2988 cumentis
1025 2937 1053 2987 et
1073 2937 1134 2986 vita
1148 2930 1371 2987 sanctissimum.
1393 2930 1446 2999 Qut
1462 2945 1529 2988 cum
1544 2931 1573 2987 in
1590 2930 1720 3002 prioratu

56 2995 128 3050 ’Μ’
161 2995 220 3126 ὲωο
246 2995 355 3125 ¹⁵d¹⁹⁵⁰’
380 2980 531 3125 ⁵¹dd'ceret
545 2980 679 3125 autdeam’
713 2994 816 3079 mm
870 3018 1013 3090 prelibati
1035 3019 1157 3075 coeuobii
1181 3019 1277 3075 adbuc
1293 3027 1399 3091 ageret,
1424 3034 1484 3077 suae
1499 3034 1544 3077 me
1564 3019 1719 3092 cognitioni

73 3084 119 3126 ¹¹¹⁶
142 3083 160 3125 a
200 3083 267 3126 ‘mm
287 3084 333 3127 ⁰¹¹¹
355 3083 406 3140 W
428 3083 578 3137 ΜΗ
605 3082 732 3124 mmmm
754 3081 818 3138 ⁸¹⁰⁸
871 3107 981 3177 ascivit,
1004 3107 1163 3163 eromuino
1183 3106 1437 3177 puerulum‚etin
1459 3122 1574 3165 summa
1588 3109 1721 3166 etaetatis

871 3202 899 3252 et
913 3209 1015 3252 sensus
1037 3195 1229 3252 teneritudine
1252 3194 1385 3266 positum,
1407 3197 1532 3268 qualiter
1555 3196 1719 3254 interiorem

872 3297 969 3340 meum
1000 3281 1146 3339 bominem
1169 3297 1294 3355 agerem,
1319 3284 1445 3355 qualiter
1464 3299 1552 3356 super
1581 3286 1722 3356 regimine

872 3372 1047 3442 corpusculi,
1072 3370 1191 3428 rationis
1203 3372 1274 3443 jura
1287 3371 1477 3439 consulerem,
1501 3371 1593 3428 multa
1608 3386 1654 3428 me
1666 3372 1721 3428 do-

872 3473 935 3516 cere
957 3458 1113 3516 intentione
1135 3459 1293 3529 proposuit.
1315 3458 1367 3526 Qui
1384 3466 1451 3515 ante
1472 3459 1628 3526 abbatiam,
1647 3467 1674 3516 et
1690 3459 1721 3515 in

872 3545 989 3603 abbatia
1012 3545 1131 3616 positus,
1149 3546 1267 3602 eumad
1289 3547 1481 3616 Flaviacense
1507 3547 1537 3604 in
1552 3562 1611 3618 quo
1630 3561 1719 3616 eram,

872 3634 1091 3701 monasterium,
1114 3633 1284 3691 familiarem
1308 3634 1453 3708 religionis
1466 3642 1494 3693 et
1508 3634 1645 3692 doctrinae
1661 3650 1721 3693 snae

873 3721 967 3796 gratia
981 3723 1098 3780 baberet
1112 3723 1281 3792 adventum,
1299 3724 1369 3781 adeo
1381 3723 1479 3781 sedule
1500 3723 1572 3780 mibi
1583 3723 1720 3781 eruditio·

873 3811 919 3868 nis
939 3810 1107 3883 indulgebat
1131 3811 1279 3882 benellcia,
1298 3819 1377 3870 tanta
1398 3812 1435 3869 ad
1454 3812 1663 3870 idelaborabat
1676 3813 1720 3869 in-

873 3899 988 3969 stantia,
1005 3906 1037 3956 ut
1052 3901 1139 3956 unica
1152 3914 1186 3957 ac
1199 3900 1358 3973 singularis
1372 3901 1462 3959 suiad
1477 3916 1530 3959 nos
1541 3902 1684 3959 adventus
1694 3907 1723 3958 et

874 3988 1112 4061 frequentationis
1125 4002 1178 4060 ego
1192 3988 1306 4047 viderer
1319 3990 1398 4047 solus
1409 4004 1469 4047 esse
1479 4004 1576 4047 causa.

65 3172 178 3228 semper
191 3158 227 3214 ad
249 3157 382 3216 futurum
406 3157 607 3228 spoponderat,
629 3155 656 3212 ei
670 3154 816 3225 apparuit,

56 3245 207 3318 issimeque
232 3246 352 3303 intulit:
373 3268 384 3295 ι
403 3245 482 3313 Volo,
500 3245 604 3316 inquit,
622 3251 654 3300 ut
670 3243 705 3299 de
718 3241 819 3298 litteris

56 3335 133 3393 lacta
146 3343 214 3392 sunt
228 3334 300 3391 mibi
312 3333 452 3391 rationem
466 3332 582 3402 reddas3
598 3346 701 3389 verum
714 3344 819 3387 manus

59 3423 168 3482 litteras
193 3424 268 3494 ipsas
290 3423 402 3493 scripsit
426 3437 484 3479 non
509 3428 550 3478 est
569 3435 623 3478 sua
640 3420 730 3490 ipsius
752 3433 818 3490 qum

55 3513 94 3571 tit.
112 3535 124 3564 ›
142 3513 222 3581 Quod
245 3527 312 3570 cunr
327 3525 345 3568 a
360 3512 498 3583 magistro
522 3510 594 3566 mibi
608 3509 729 3565 relatum
744 3505 819 3563 fuis-

55 3617 91 3674 go
105 3607 133 3658 et
147 3601 207 3671 ipse
222 3600 330 3672 pariter
343 3612 430 3670 super
446 3606 543 3655 tenore
553 3595 657 3654 somnii
672 3610 729 3652 non
740 3593 820 3651 dissi-

55 3705 68 3746 1
83 3689 279 3760 conjecturam
291 3688 461 3758 babuimus;
474 3686 529 3743 laeti
539 3687 615 3742 eninr
625 3683 820 3755 ingemuimus

56 3792 90 3849 pe
105 3784 166 3844 tua,
182 3777 311 3843 Domine,
327 3776 393 3832 inde
407 3774 682 3831 animadversionem
697 3779 776 3829 tuam
789 3771 819 3828 iu

59 3873 179 3938 paterna
202 3864 375 3922 correctione
403 3863 544 3930 videntes,
572 3861 640 3918 binc
666 3860 819 3933 cujusdam

57 3954 235 4011 alterationis
257 3952 391 4010 dduciam
416 3950 486 4008 meis
508 3949 674 4007 levitatibus
696 3958 819 4007 eventu-

57 4056 94 4100 ex
117 4041 235 4099 visionis
262 4041 420 4098 intentione
446 4046 588 4111 putantes.
615 4038 669 4096 Ubi
693 4052 821 4110 namque

55 4144 77 4188 rs
107 4145 172 4202 quae
197 4129 306 4187 litteras
330 4129 493 4200 scripserat,
526 4141 584 4185 non
607 4128 671 4200 ejus
689 4142 750 4185 esse
769 4127 862 4199 qulp
909 4124 938 4180 ls
969 4121 1068 4192 itaque
1098 4121 1241 4192 tripartito
1271 4130 1323 4180 aut
1355 4124 1566 4196 quadripertito
1597 4132 1721 4182 mentem

55 4226 127 4277 serat
158 4218 279 4285 dicitur,
304 4218 390 4288 plane
418 4231 476 4275 non
500 4230 689 4287 permansura
712 4216 741 4273 in
771 4215 820 4273 illa
873 4211 958 4269 modo
974 4211 1151 4282 distinguere
1166 4211 1279 4280 docens,
1296 4212 1351 4269 sub
1365 4211 1721 4282 aflectu‚subvoluntate,

55 4307 164 4366 niniosa
195 4322 249 4366 sua
281 4307 392 4364 actione
420 4305 540 4363 indubie
571 4305 734 4363 denotatur.
759 4305 820 4362 bfea
873 4300 927 4358 sub
942 4299 1065 4367 ratione,
1089 4299 1145 4356 sub
1161 4299 1306 4358 intellectu
1321 4301 1493 4358 commercia
1515 4301 1603 4358 totius
1616 4300 1723 4358 interni

64 4395 129 4464 fnit,
149 4403 177 4453 et
192 4409 250 4453 non
266 4403 309 4453 est
323 4394 407 4452 sicuti
426 4393 554 4466 legitur:
573 4393 687 4451 «Verte
707 4393 818 4464 impios,
874 4386 1003 4458 mysterii
1025 4394 1159 4458 tractare,
1183 4395 1212 4445 et
1227 4402 1293 4460 quae
1319 4403 1379 4446 una
1399 4389 1577 4461 aplerisque
1599 4396 1659 4446 eta
1677 4402 1723 4446 me

55 4499 83 4543 tn
108 4484 372 4554 omnifariam,
397 4484 437 4555 7),
456 4503 467 4530 »
485 4482 554 4539 dum
577 4495 612 4539 ea
627 4495 693 4552 qum
709 4480 738 4536 in
764 4494 820 4537 usu
874 4477 935 4547 ipso
967 4476 1148 4548 putabantur
1173 4477 1257 4534 certis
1285 4477 1476 4536 divisionibus
1503 4477 1638 4547 resoluta,
1663 4490 1722 4534 non

69 4587 133 4630 mea
162 4573 226 4642 luit,
262 4571 380 4630 virtutis
410 4569 506 4627 studio
537 4567 674 4640 applicita
706 4581 819 4625 omnem
874 4564 1022 4622 idemduo
1044 4562 1211 4636 primafcre
1235 4565 1505 4637 monstrabatque
1528 4573 1624 4623 tamen
1646 4578 1724 4622 acre-

55 4661 156 4718 antiam
185 4660 391 4734 indignissimae
415 4658 494 4716 illius
514 4655 697 4729 proprietatis
715 4656 819 4713 amislt.
874 4651 1010 4709 dentibus
1030 4658 1134 4723 quarto
1148 4651 1194 4708 vei
1219 4652 1301 4709 tertio
1315 4653 1414 4711 eadem
1430 4668 1498 4711 mox
1511 4668 1570 4711 esse
1584 4653 1724 4725 promptis

55 4765 68 4808 a
90 4751 165 4808 nosti
185 4758 291 4819 tanmn,
315 4749 444 4818 Domine,
468 4754 496 4804 et
518 4761 571 4819 ego
586 4745 732 4814 confiteor,
752 4743 822 4816 quia
875 4739 1081 4797 assertionibus
1093 4745 1212 4796 constat.
1229 4739 1320 4811 super
1334 4755 1393 4813 quo
1407 4756 1494 4800 sensu
1506 4756 1574 4799 cum
1588 4741 1723 4813 quaedam

61 4840 198 4910 temporis
219 4853 273 4896 nec
288 4847 338 4896 tuo
352 4838 462 4905 timore,
477 4850 530 4893 nec
544 4849 607 4892 meo
630 4833 748 4905 pudore,
770 4847 823 4891 nee
875 4827 1043 4902 evangelica
1066 4828 1192 4899 capitula
1214 4829 1285 4886 mibi
1299 4829 1489 4899 disseruisset,
1513 4832 1723 4903 cumprimum

55 4942 64 4985 a
93 4928 183 5000 buius
211 4927 331 4984 visionis
358 4926 464 4982 bonore
489 4922 672 4995 castigatiora
703 4907 823 4994 perege·
875 4917 994 4990 quidem
1009 4916 1080 4988 quid
1095 4915 1169 4973 inter
1183 4917 1255 4974 velle
1269 4925 1297 4975 et
1315 4918 1390 4976 afllci
1406 4919 1534 4989 distaret,
1555 4920 1725 4978 luculentis·

75 5017 117 5073 Ea
153 5030 256 5087 nempe
288 5014 488 5082 irreverentia,
520 5011 591 5084 quia
624 5009 746 5068 interius
777 5024 823 5067 me
876 5004 1220 5075 eimeaperuisse13quae
1238 5012 1405 5064 tamennon
1424 5022 1516 5078 exse,
1540 5009 1640 5066 sedex
1660 5011 1725 5082 qui-

54 5106 136 5176 bam,
164 5115 192 5164 et
225 5104 399 5175 scriptorum
426 5100 602 5174 nugantium
636 5113 824 5170 nequaquam
877 5093 999 5151 busdam
1026 5092 1171 5163 contiguis
1196 5092 1403 5164 voluminibus,
1428 5105 1458 5154 at
1479 5097 1575 5154 minus
1593 5106 1726 5168 patenter

78 5193 305 5252 scurrilitatibus
333 5190 537 5261 temperabam.
562 5188 695 5246 batentcr
717 5187 824 5258 quippe
877 5182 996 5255 quldern
1019 5179 1073 5237 ista
1101 5181 1293 5239 tractantibus
1315 5198 1382 5242 cum
1408 5184 1543 5242 babuisse
1565 5194 1722 5260 constaret;

74 5284 174 5341 eadem
193 5281 324 5340 carmina
342 5278 488 5344 cuderem,
510 5285 539 5334 et
562 5275 671 5334 nemini
698 5282 751 5333 aut
773 5274 824 5332 vix
877 5269 950 5341 coepi
964 5267 1146 5340 postmodum
1159 5276 1187 5325 et
1201 5283 1253 5342 ego
1267 5270 1332 5342 ejus
1344 5285 1428 5328 sensa
1442 5274 1621 5338 commentis,
1639 5285 1727 5346 prout

56 5383 95 5428 uo
127 5369 198 5428 meis
225 5366 424 5426 consimilibus
456 5363 506 5422 illa
530 5365 650 5435 prodere
675 5364 823 5434 auderem,
878 5367 1018 5431 potemur,
1032 5354 1327 5429 similibusaemulari,
1337 5369 1365 5418 et
1378 5360 1488 5434 ubique
1497 5361 1725 5435 Scripturarum,

156 5459 294 5525 Parnon.
320 5456 422 5523 cett.
1530 5458 1572 5517 28
