3794 6008
108 257 161 311 tat
553 252 582 308 V.
604 250 773 310 ebionitis
793 251 940 309 acuaris
959 250 989 309 S.
1010 250 1132 309 MARlAE
1149 253 1195 308 DE
1215 251 1407 309 uotltclirtto
1806 253 1853 305 tta

109 412 122 434 e
138 387 211 444 Ecce
234 386 350 455 optime,
376 383 479 453 lnquit,
511 383 608 452 Pyrre,
626 381 714 448 vides,
743 382 779 437 ad
794 381 856 438 baec
873 382 955 438 nobis
973 387 997 439 Α
1013 381 1104 453 llgens
1124 381 1159 439 de
1183 382 1340 439 boemundi
1367 381 1496 439 absentia
1515 382 1663 453 conqueri,
1680 395 1771 452 quarn
1790 379 1855 437 cele

106 474 256 531 cilicienda
286 470 356 542 quid
384 469 608 540 opportunitatis
636 471 771 527 arrideat.
800 471 841 527 Nc
873 486 952 543 erge,
1011 473 1081 531 riter
1110 471 1146 527 ad
1174 472 1269 527 virum
1297 472 1349 542 qui
1375 472 1525 542 petebatur
1555 477 1709 542 properat:
1738 467 1854 537 «Quid,

107 575 216 632 quaeso,
245 557 371 624 dilleras,
407 572 452 626 ne,
490 557 634 628 quidquid
666 559 859 615 communiter
887 560 955 616 utile
1010 561 1115 632 iuquit,
1132 560 1202 615 adeo
1218 559 1331 631 stupide
1345 559 1424 631 agis?
1440 560 1514 628 Quid
1536 575 1604 617 curn
1619 566 1697 616 tanto
1717 559 1857 630 languore

106 649 252 715 molimur,
277 646 300 702 si
324 661 376 717 per
405 646 541 717 aliquem,
567 646 646 716 quod
676 646 767 704 ausiti
792 648 953 720 detegatur,
1009 655 1068 705 tam
1085 648 1178 705 ardua
1201 655 1293 717 coepta
1315 648 1517 719 prosequeris?
1532 648 1605 704 Ecce
1618 648 1679 720 jam
1702 660 1755 703 nos
1771 643 1856 701 trium

105 736 228 792 amittas.
243 755 254 782 ι
271 736 388 804 Pyrrus,
408 733 565 789 Boemundl
589 733 725 806 legationi
737 736 953 807 congratulans,
1010 737 1135 794 turrium
1149 737 1299 794 custodias
1322 737 1495 803 obtinemus,
1507 745 1535 793 et
1549 744 1591 804 tu,
1613 736 1700 807 bujus
1715 735 1756 791 rei
1773 746 1858 789 even-

104 837 187 895 opem
213 836 296 879 suam
312 836 370 878 non
391 836 421 878 se
437 821 596 878 dilaturum
623 821 681 878 ullo
701 823 784 879 modo
797 824 952 881 renuntiat.
1009 830 1056 880 tus
1075 823 1172 879 adhuc
1195 823 1298 880 dubios
1321 824 1403 894 quasi
1428 823 1628 892 contemplaris
1647 820 1786 880 eminus?
1800 821 1859 878 Ex-

104 913 149 980 tlt,
168 926 204 968 ne
232 911 328 967 virum
355 910 496 967 illustrem
522 910 652 966 redderet
677 910 817 967 diuturna
838 910 956 969 effectus
1008 910 1176 983 pergiscere,
1215 925 1319 968 manus
1343 912 1472 979 admove,
1496 910 1596 967 medias
1611 911 1734 980 teipsum
1755 906 1859 965 actioni
1888 896 1891 917 ¹

103 1014 185 1058 mora
200 1012 382 1070 suspensum,
411 998 520 1068 Pyrrus
534 997 609 1053 idem
638 998 788 1067 proprium
804 997 895 1054 filiurn
911 998 956 1054 la·
1010 1002 1157 1057 intersere.
1179 1000 1291 1057 »Ocior
1312 999 1359 1056 ille
1382 999 1495 1056 lestinat
1519 1013 1586 1056 eum
1601 999 1662 1056 suis
1687 998 1724 1054 ad
1740 996 1858 1061 scalam,

104 1103 197 1154 tenter
224 1093 392 1151 Boemuudo
416 1091 526 1163 dirigit,
551 1091 627 1147 etde
651 1092 732 1148 urbis
756 1090 897 1149 deditione
923 1099 955 1151 ιιι
1008 1101 1036 1150 et
1050 1101 1108 1150 tam
1121 1093 1274 1164 proditoris
1285 1094 1351 1151 boni
1376 1107 1464 1164 quarn
1487 1106 1587 1149 eorum
1603 1092 1654 1163 qui
1669 1090 1859 1148 ascenderant
1891 1140 1894 1163 ,

104 1183 225 1240 tidenter
250 1186 378 1250 speraret
406 1177 579 1235 admonuit:
610 1200 621 1227 ι
650 1178 876 1247 incrastinum,
904 1179 953 1247 ait,
1008 1183 1304 1254 erigitinleutiouem.
1890 1200 1895 1253 q

104 1286 171 1329 cum
197 1269 290 1341 primo
312 1266 462 1333 diluxerit,
493 1265 658 1322 universam
693 1266 821 1323 Franciae
846 1266 956 1323 militiae
1044 1267 1196 1325 Conlestim
1211 1268 1262 1339 qui
1279 1267 1428 1326 subierant
1451 1268 1514 1324 illas
1535 1267 1616 1338 Pyrri
1633 1273 1741 1332 turres,
1764 1272 1858 1323 atten-
1890 1308 1893 1339 ,

103 1374 224 1418 manum
238 1357 315 1416 tubis
342 1356 543 1413 insonantibus
570 1356 707 1413 inunum
723 1371 801 1429 coge,
817 1365 844 1413 et
872 1357 954 1428 quasi
1009 1354 1108 1410 dentes
1141 1354 1266 1410 Francos
1299 1354 1493 1425 undecunque
1525 1353 1678 1417 confluere.
1709 1353 1857 1424 proprium

104 1447 322 1519 depraedaturos
363 1446 586 1502 sarracenorum
627 1453 725 1512 terras,
753 1453 785 1502 ut
821 1446 954 1510 assolent,
1010 1448 1159 1510 coeperunt
1195 1455 1262 1497 cum
1290 1439 1381 1497 multo
1409 1439 1564 1496 inclamare
1593 1439 1688 1510 jubilo
1714 1438 1855 1511 signum:

103 1535 316 1608 longiusculea
340 1534 441 1589 castris
462 1533 593 1603 progredi
607 1532 688 1602 lube.
703 1533 845 1589 Continuo
860 1540 955 1588 tantm
1009 1527 1085 1584 Deus
1114 1544 1143 1583 ro
1165 1544 1245 1596 vuer,
1274 1528 1351 1584 linus
1381 1543 1408 1583 ro
1430 1542 1511 1583 vuar.
1528 1527 1604 1583 ldem
1633 1534 1730 1583 autem
1746 1527 1857 1597 magnis

104 1625 287 1682 dextrorsum
309 1636 360 1693 per
387 1628 524 1677 montana
539 1627 690 1676 revertere.
716 1619 776 1689 Ego
796 1632 864 1675 vero
879 1619 956 1674 intra
1010 1616 1171 1671 acclamant
1193 1616 1321 1682 vocibus,
1346 1615 1397 1685 qui
1419 1614 1565 1671 ascensuri
1586 1628 1637 1684 pro
1649 1613 1857 1671 moeuibussla·
1893 1622 1896 1673 ἱ

104 1711 249 1767 civitatem
279 1717 363 1766 tuum
378 1708 563 1778 prestolabor
582 1707 751 1776 adventurn,
768 1715 832 1763 tuos
846 1708 957 1777 absque
975 1675 996 1730 B
1011 1703 1090 1760 bant.
1119 1703 1281 1760 Praevenire
1313 1711 1383 1760 tunc
1407 1703 1479 1759 alter
1501 1703 1623 1758 alterum
1652 1701 1682 1756 in
1707 1700 1856 1759 subeundo

104 1798 281 1868 dubioquos
308 1797 462 1852 immittere
482 1795 609 1861 libuerit,
627 1793 803 1864 ineasque
817 1794 958 1864 meojure
1010 1790 1116 1847 scalam
1144 1791 1258 1847 infinita
1291 1794 1470 1848 contentione
1506 1790 1642 1858 certabat,
1670 1797 1700 1846 ct
1734 1790 1856 1861 quisque

105 1898 207 1956 parere
221 1885 357 1940 videntur
373 1890 467 1938 turres
479 1880 579 1951 utique
594 1887 772 1950 recepturus.
790 1902 800 1928 ι
1010 1880 1175 1946 subvectus,
1191 1881 1232 1934 uti
1249 1881 1329 1949 prius
1343 1885 1463 1949 poterat,
1492 1885 1587 1934 turres
1606 1883 1634 1932 et
1649 1877 1722 1933 alias
1733 1890 1855 1947 occupa-

141 1972 213 2044 [tlt]
237 1972 280 2028 Ad
306 1972 367 2026 baec
387 1968 572 2026 Boemundns
599 1981 666 2038 quae
689 1969 820 2024 audierat
842 1980 955 2023 nonse-
1011 1966 1069 2022 bat.
1101 1965 1274 2036 Quicunque
1301 1965 1345 2022 bis
1372 1965 1477 2025 obvius
1501 1963 1664 2029 exstitisset,
1688 1961 1855 2018 tradebatur

105 2060 200 2130 gnller
228 2057 348 2128 exsequi
373 2062 517 2126 properat,
538 2062 566 2110 et
591 2052 682 2110 accito
708 2053 832 2124 quodam
855 2051 957 2108 cliente
1010 2054 1083 2111 neci.
1108 2056 1185 2110 luter
1199 2067 1273 2124 quos
1295 2054 1381 2108 etiarn
1397 2051 1539 2108 occiditur
1563 2050 1651 2106 irater
1665 2048 1856 2118 Pyrrilnter·

106 2160 159 2203 suc
173 2146 198 2203 ei
225 2145 353 2216 precipit
376 2151 417 2211 ut,
439 2142 523 2213 quasi
544 2143 683 2213 praeconis
711 2142 830 2199 iunctus
852 2140 955 2207 cilicio,
1010 2156 1044 2199 ea
1071 2143 1148 2198 scala
1175 2141 1377 2211 disrumpitur,
1391 2146 1418 2195 et
1435 2146 1491 2195 tota
1519 2144 1681 2193 nostrorum
1705 2134 1856 2192 multitudo

107 2234 287 2289 Francorum
326 2238 420 2286 castra
452 2231 619 2297 circumeat,
651 2230 816 2300 quibusque
845 2228 957 2284 denuu·
1010 2229 1217 2299 subterjacens,
1241 2237 1345 2298 etquae
1369 2231 1561 2298 praecesserat,
1590 2222 1671 2294 gravi
1695 2222 1856 2279 animorum

106 2320 182 2376 tians
199 2328 343 2391 quatenus
357 2332 472 2375 summa
494 2332 523 2373 se
537 2318 634 2373 cuncti
648 2317 797 2388 diligentia
813 2328 957 2385 praepara·
1010 2316 1182 2388 egritudine
1197 2316 1354 2382 sauciatur,
1384 2316 1454 2370 dum
1484 2312 1647 2382 superiores
1673 2309 1783 2367 dillerri
1807 2309 1856 2366 sibi

107 2416 173 2465 rent
197 2408 271 2464 acsi
296 2409 325 2463 in
349 2415 454 2463 terram
481 2405 705 2461 sarracenorum
727 2404 878 2474 procedere
905 2402 957 2458 de·
1012 2413 1150 2461 verentur
1170 2403 1334 2472 auxilium3
1349 2411 1377 2459 ct
1400 2403 1477 2459 iulra
1503 2401 1584 2473 positi
1605 2401 1650 2458 bis
1665 2400 1717 2471 qui
1731 2399 1858 2456 ascende

49 2520 53 2525 ·
107 2498 203 2555 beant.
219 2496 278 2554 Nec
297 2509 388 2561 mora,
409 2493 546 2564 principis
569 2493 689 2563 imperio
705 2493 958 2563 lamulisagacitas
1011 2499 1077 2547 rant
1096 2492 1195 2548 timent
1231 2490 1388 2548 detrectare
1420 2489 1602 2562 sullragium.
1633 2489 1686 2545 Sed
1717 2488 1858 2546 industria

107 2583 354 2641 irretractabiliter
383 2580 569 2647 obsecundat,
592 2594 645 2636 nec
670 2581 848 2636 Francorum
874 2593 959 2649 expe-
1010 2580 1117 2649 reperlt
1139 2579 1195 2635 cito
1215 2579 1320 2634 locum.
1348 2578 1433 2634 Porta
1455 2591 1581 2647 natuque
1597 2576 1699 2632 ibidem
1711 2575 1813 2633 clausa
1822 2582 1858 2631 at-

107 2672 175 2728 ditio
190 2671 388 2741 obtemperare
413 2668 560 2724 detrectat.
578 2667 651 2735 Quid
664 2668 741 2738 apud
762 2683 792 2724 se
813 2668 883 2724 laetae
897 2667 957 2738 spei
1011 2681 1068 2739 que
1097 2667 1264 2738 contiguae
1294 2666 1410 2722 sinistra
1433 2672 1514 2736 parte
1536 2665 1660 2734 latebat3
1676 2673 1759 2721 nocte
1782 2664 1859 2720 nimi·

106 2757 248 2828 concipiat
281 2756 466 2813 Boemundns
505 2755 572 2811 duci
598 2755 759 2823 Godeirido,
789 2755 957 2812 Flandrien·
1011 2769 1076 2812 rum
1105 2753 1294 2824 prepediente
1319 2753 1437 2822 reperiri
1459 2768 1517 2809 non
1541 2760 1660 2823 poterat,
1689 2767 1757 2823 quse
1774 2752 1858 2809 etiam

107 2845 182 2902 sium
212 2843 318 2911 comiti,
354 2842 511 2913 itidemque
539 2850 567 2899 et
591 2841 630 2897 illi
650 2841 685 2897 dc
714 2840 816 2898 Sancto
844 2841 955 2912 ngdio,
1012 2843 1147 2908 interdiu,
1172 2841 1232 2898 loco
1257 2841 1432 2912 infrequenti
1445 2841 1611 2906 constituta,
1627 2841 1724 2897 minus
1738 2841 1858 2911 patebat

96 2945 221 3013 ‚necnon
235 2938 264 2987 et
289 2929 419 2985 Podiensi
442 2931 576 2999 episcopo
599 2929 761 2993 denuntiat,
775 2928 896 2999 jamque
911 2936 956 2985 tu·
975 2961 996 3016 c
1012 2930 1158 3000 Palpando
1180 2937 1287 2996 tamen,
1312 2938 1434 3001 urgente
1459 2944 1539 2998 cura,
1564 2931 1695 2987 sentitur.
1712 2930 1755 2986 Ab
1768 2928 1859 2986 omui·

109 3019 163 3076 tior
184 3033 221 3076 ex
240 3017 444 3088 sponsionibus
464 3017 544 3087 Pyrri
571 3017 676 3072 latetur
703 3015 757 3071 sibi
777 3014 954 3071 antiochiam
1010 3017 1167 3075 busstatim
1184 3016 1219 3072 ad
1234 3031 1297 3072 eam
1313 3017 1452 3085 curritur,
1464 3017 1717 3090 lractisrepagulis
1731 3018 1859 3087 serisque

108 3118 143 3160 ea
156 3113 239 3161 nocte
265 3104 349 3159 tradi.
373 3104 415 3159 Ea
437 3103 528 3175 igitur
549 3104 679 3159 exercitu
695 3116 754 3171 qua
775 3101 904 3158 diximus
916 3116 958 3158 or.
1010 3104 1158 3174 panditur,
1183 3107 1258 3158 dost
1279 3103 1396 3159 Francis
1412 3104 1589 3161 irruentibus
1614 3104 1712 3174 pervia
1726 3103 1856 3159 ellicitnr.

109 3191 254 3248 dinatione
272 3188 418 3260 disposito,
438 3190 575 3247 militares
589 3188 722 3259 equidem
740 3188 795 3243 viri
814 3202 865 3258 per
879 3202 958 3244 cam-
1048 3189 1095 3260 [Vl
1108 3187 1119 3260 l
1134 3189 1256 3245 Audires
1286 3190 1415 3246 horribili
1441 3192 1607 3248 universam
1632 3191 1777 3248 civitatem
1800 3190 1856 3247 lra-

109 3277 216 3349 pestria
246 3276 434 3333 obambulare
455 3276 613 3347 iubentnr3
642 3275 769 3344 peditum
797 3273 959 3344 lrequentia
1012 3291 1080 3349 gorc
1099 3275 1246 3340 conlundi,
1262 3283 1289 3332 ct
1301 3276 1372 3333 dum
1393 3277 1437 3333 isti
1457 3278 1492 3333 de
1507 3285 1587 3335 tanta
1601 3278 1707 3335 laboris
1722 3279 1779 3336 line
1793 3293 1856 3336 con·

108 3379 160 3436 per
185 3373 321 3421 montana
349 3365 492 3435 processit.
518 3363 588 3418 Tota
603 3363 700 3431 itaque
715 3368 796 3418 nocte
810 3359 958 3431 proprium
1009 3362 1145 3435 jubilant,
1168 3362 1208 3419 illi
1235 3363 1379 3434 insperata
1402 3365 1519 3421 omnino
1535 3366 1579 3422 sui
1594 3366 1724 3422 omnium
1740 3366 1856 3423 snbver-

109 3453 162 3509 iter
185 3450 353 3521 expediunt,
380 3459 408 3507 et
438 3457 595 3520 antequam
622 3455 734 3517 pareret
761 3462 867 3504 aurora
894 3461 959 3503 cre·
1012 3451 1091 3508 sione
1126 3451 1341 3522 collacrymant.
1368 3452 1445 3508 Nibii
1468 3455 1603 3509 moderati
1630 3468 1756 3525 nsquam
1775 3467 1858 3524 penes

108 3539 273 3611 pusculum,
290 3552 342 3609 pro
359 3538 499 3603 turribus,
513 3549 588 3607 quas
603 3536 650 3592 ille
668 3535 737 3593 lelix
751 3535 878 3606 proditor
891 3550 960 3605 per-
1012 3542 1135 3598 victores
1158 3539 1308 3609 victosque
1331 3541 1489 3596 constabat.
1513 3541 1591 3598 lllico
1607 3541 1803 3608 Boemundns,
1829 3548 1858 3597 ut

108 3625 179 3697 vigil
194 3626 345 3682 excubans
357 3624 538 3692 observabat,
559 3623 708 3679 assistunt.
1012 3628 1151 3685 intentam
1170 3627 1224 3682 sibi
1249 3626 1379 3682 redderet
1403 3628 1514 3694 urbem,
1539 3627 1608 3684 illud
1628 3628 1730 3685 Furcis
1745 3629 1858 3686 omnino

145 3713 199 3784 [ιι]
217 3712 261 3769 lbi
285 3712 469 3769 Boemundns
493 3711 528 3767 de
552 3725 628 3781 equo
654 3710 769 3781 desiliit,
794 3720 821 3768 et
842 3712 960 3769 Francis
1013 3715 1137 3771 notabile
1172 3712 1379 3784 cognitumque
1409 3713 1558 3781 vexillum,
1585 3728 1681 3770 coram
1707 3722 1859 3784 prospectu

108 3799 223 3858 insolita
243 3800 304 3871 jam
330 3799 499 3857 auctoritate
524 3798 660 3866 intonuit,
684 3798 801 3855 dicens:
819 3822 832 3849 ι
856 3802 959 3857 Proce-
1013 3802 1128 3863 castelli,
1160 3799 1238 3871 quod
1262 3799 1358 3855 adbuc
1385 3801 1508 3871 captioni
1526 3800 1666 3858 restiterat
1681 3802 1780 3872 (suum
1801 3801 1859 3858 uti-

108 3887 176 3956 dite,
193 3895 221 3943 et
234 3888 272 3943 ab
286 3900 320 3942 ea
342 3900 431 3956 quam
446 3884 558 3941 dudum
572 3885 648 3954 passi
673 3886 740 3941 estis
759 3886 960 3957 inquietudine
1014 3891 1094 3960 quel,
1118 3889 1201 3960 jubet
1223 3888 1251 3943 in
1266 3887 1418 3958 cujusdam
1432 3889 1537 3944 montis
1549 3887 1737 3959 supremitate
1752 3888 1860 3958 praesti·

109 3973 258 4044 respirate,
281 3980 463 4043 praereptam
490 3971 572 4028 vobis
599 3970 706 4027 scalam
726 3974 915 4042 conscendite,
932 3983 960 4031 et
1014 3979 1067 4035 tui.
1093 3978 1160 4033 Erat
1185 3976 1214 4031 in
1235 3975 1306 4031 urbe
1332 3989 1454 4045 pervasa
1477 3977 1640 4047 eiulatuum
1663 3979 1792 4034 enormis
1808 3979 1858 4035 im·

110 4060 212 4116 nediu
228 4072 278 4115 vos
295 4071 398 4124 morer,
420 4057 471 4114 diu
490 4065 656 4127 exoptatam
674 4058 755 4115 vobis
780 4061 959 4117 Antiochiam
1014 4066 1159 4132 mensitas,
1174 4071 1212 4133 et,
1232 4064 1302 4121 dum
1329 4078 1379 4134 per
1400 4066 1497 4121 omnia
1520 4066 1707 4137 lugitantium
1733 4067 1764 4123 llt
1782 4069 1861 4140 angi·

110 4147 213 4217 ⁰²Pl²02
239 4145 308 4216 qnia
334 4159 400 4216 (Ιῑῑῐθ
426 4145 535 4216 Plidem
559 4146 661 4202 Tflrciss
686 4145 841 4218 sublassuib
858 4153 960 4202 lesllae
1014 4161 1097 4225 porta
1111 4166 1249 4209 occursus
1269 4151 1452 4209 incitantium
1475 4152 1617 4210 victorum
1639 4154 1676 4210 ad
1690 4153 1810 4223 eaedem
1825 4154 1860 4211 le

110 4234 140 4291 in
163 4232 305 4305 proximo,
333 4233 356 4288 si
382 4232 458 4290 neus
484 4234 630 4302 annuerit,
664 4234 745 4291 cedet
772 4233 916 4290 custodie·
944 4225 1083 4298 ›Pr-aus
1108 4240 1252 4296 terebatur
1266 4253 1299 4295 ac
1314 4239 1478 4296 truculenta
1498 4239 1645 4307 vocalitas.
1662 4240 1707 4308 ut,
1725 4241 1798 4298 uum
1813 4256 1859 4299 re-

110 4320 612 4392 Ad⁵⁰³¹³me³1¹⁰lP0lV0¹11¹1ssb
639 4337 716 4394 quae,
732 4322 876 4379 militibus
894 4321 959 4378 civi·
1012 4328 1170 4386 cordantur
1204 4341 1278 4399 quas
1317 4327 1494 4398 pertulerant
1520 4328 1550 4384 in
1584 4342 1686 4384 eorum
1710 4328 1860 4386 obsidione

110 4409 295 4466 tatislnnixa
317 4416 345 4465 θῑ
360 4408 397 4465 ad
407 4408 514 4479 leadelll
529 4408 639 4466 lortiter
660 4409 779 4480 illigata,
807 4409 959 4480 sexaginta
1012 4417 1151 4482 miserias,
1181 4431 1255 4486 quas
1286 4417 1355 4486 ipsis
1383 4416 1524 4472 mortibus
1549 4415 1709 4473 acerbiores
1737 4417 1858 4481 inedias,

110 4496 185 4554 illim
207 4496 374 4553 liminibus
396 4510 546 4553 38061130ῐῦ
573 4497 705 4566 praebnit,
738 4496 856 4568 quibus,
883 4497 959 4552 intra
1011 4517 1110 4560 omnes
1128 4518 1203 4575 quas
1217 4504 1322 4560 inlerre
1336 4504 1481 4574 potuerint
1497 4504 1701 4560 insulllcientes
1714 4505 1860 4562 arbitran-

110 4591 205 4641 turl'sss
228 4583 363 4653 exceptis,
392 4597 493 4640 earum
518 4583 586 4652 iPsis
612 4581 958 4640 h⁰ffl00ss⁸1⁰di³⁸d⁰¹e·
1012 4599 1061 4649 tur
1084 4605 1184 4648 eorum
1213 4590 1304 4648 reatui
1320 4604 1427 4661 peenas.
1452 4591 1629 4649 Puniebatur
1654 4592 1859 4651 Armeniorum

110 4673 199 4745 Falli·
228 4676 262 4729 Ᾱῑ
285 4673 346 4743 lPSP
376 4673 493 4742 Pilius,
520 4672 670 4728 attendens
686 4671 764 4742 quod
784 4671 853 4727 ³⁶0⁰
873 4669 957 4740 Pauci
1012 4678 1208 4748 Syrorumque
1242 4690 1421 4748 paganorum
1462 4680 1627 4736 cobortibus
1653 4679 1732 4735 omni
1761 4683 1860 4738 merito

109 4771 146 4815 ex
176 4756 295 4813 Francis
315 4756 509 4823 ascenderent,
537 4771 595 4812 non
621 4764 677 4811 tam
702 4755 815 4824 nostris,
839 4760 958 4824 utpost·
1011 4772 1163 4836 exaeqqaqa
1190 4765 1318 4835 perfidia,
1355 4766 1434 4836 quia,
1451 4781 1525 4837 quos
1552 4767 1589 4823 aq
1618 4780 1701 4823 suam
1730 4767 1859 4839 ipsorum

110 4845 228 4902 modum
256 4844 370 4912 claruit,
397 4858 485 4915 (luam
509 4844 563 4900 Sibi
592 4845 720 4912 timidus,
741 4857 841 4901 verens
865 4858 901 4899 ne
920 4842 958 4899 ad
1011 4852 1245 4919 internecionem,
1265 4853 1426 4909 Turccrum
1440 4853 1616 4911 adminiculo
1634 4855 1712 4911 baud
1736 4856 1861 4926 segniter

110 4933 156 4989 sui
179 4932 271 5003 ipsius
292 4932 448 5002 perniciem
475 4939 572 5002 coeptae
608 4933 776 5003 proditionis
804 4931 958 5002 trepidaret
1012 4939 1177 5011 invigilasse
1213 4947 1421 5010 compererant,
1448 4939 1566 4997 taudem
1589 4955 1607 4996 a
1630 4941 1765 5011 supplicii
1792 4957 1860 5012 pon.

110 5029 240 5078 eventus.
267 5019 446 5077 severissime
469 5020 504 5076 aa
536 5027 690 5090 presentes
723 5019 822 5077 crece
857 5019 957 5092 lingua
1011 5028 1089 5085 stone
1106 5028 1254 5098 disparare
1268 5028 1413 5085 nolebant.
1429 5029 1551 5086 secero
1574 5036 1669 5085 tamen
1684 5027 1776 5086 recor
1790 5029 1861 5102 quta

110 5110 275 5167 iniremuit:
296 5131 309 5160 α
330 5109 446 5177 Parum,
479 5108 584 5179 inquit,
612 5110 737 5166 Francos
762 5109 912 5165 habemus.
940 5129 955 5163 s
1011 5113 1138 5184 ipsorum
1158 5114 1320 5170 innumeris
1341 5115 1542 5185 pepercissent,
1576 5115 1609 5183 si,
1636 5115 1710 5172 inter
1729 5117 1862 5174 etbnicos

111 5196 220 5267 Hisque
243 5196 326 5253 dictis
351 5196 550 5285 boemundum
580 5197 763 5253 vehementer
786 5195 955 5265 inclamitat,
1010 5214 1044 5257 ac
1059 5208 1161 5257 nostrae
1187 5201 1252 5257 iidei
1267 5201 1407 5267 homines,
1426 5203 1553 5273 aliquam
1568 5202 1672 5259 babere
1691 5202 1861 5273 discrepan-

111 5284 257 5355 negotium
279 5284 416 5341 nimirum
445 5284 606 5341 accelerans
634 5285 711 5356 quod
733 5286 895 5355 gerebatur,
920 5300 957 5342 ne
1009 5289 1080 5345 tiam
1104 5291 1231 5346 scissent.
1260 5291 1291 5346 ln
1324 5297 1402 5346 tanta
1427 5289 1511 5360 plane
1532 5290 1698 5347 conlusione
1722 5293 1860 5361 temporis

110 5369 232 5437 civibus,
262 5379 418 5442 antequam
442 5370 544 5426 Franci
570 5371 753 5436 conveniant,
787 5372 954 5429 innotescat.
1010 5381 1098 5444 atque
1109 5375 1227 5447 negotii,
1242 5390 1301 5433 nox
1319 5376 1426 5447 quippe
1441 5376 1543 5444 luerat,
1559 5385 1587 5434 et
1596 5376 1769 5448 populandae
1783 5391 1858 5435 cun-

112 5457 148 5514 At
160 5457 366 5530 longobardus
385 5458 503 5529 quidam
518 5472 555 5515 ex
576 5456 702 5525 famulis,
727 5459 850 5530 Pyrrum
873 5459 955 5516 intel-
1009 5467 1070 5517 ctos
1104 5461 1228 5518 civitatis
1267 5463 1401 5532 aviditas,
1431 5470 1458 5521 et
1491 5478 1640 5523 morarum
1677 5464 1857 5536 impatientia
