3818 6008
80 111 147 166 teob
489 109 678 169 hebetant
698 111 745 171 bh
766 111 885 169 alitae.
908 114 936 170 S.
957 112 1076 170 hante
1096 114 1295 176 taonem-
1310 115 1376 175 tto.
1398 118 1445 174 ttl.
1761 123 1829 179 totto

77 261 174 316 bitatis
196 261 260 332 ejus
286 260 369 330 longe
400 259 513 331 lateque
546 260 660 328 dilluso,
694 261 829 332 prelatus
850 277 925 334 papa
943 248 1076 336 Albiga
1103 267 1259 338 statimque
1284 269 1378 340 ipsum
1391 269 1615 342 subjungentem
1640 273 1827 331 audierunt:

77 348 261 404 Innocentius
284 348 452 404 obedientie
491 349 605 406 vinculo
631 351 828 411 constrictum.
857 365 923 407 eum
981 354 1079 421 «Quia
1103 357 1250 413 auferetur
1276 372 1292 412 a
1315 358 1395 415 vobis
1425 373 1546 431 reguum
1574 361 1633 429 Dei,
1660 371 1686 418 et
1713 363 1829 420 dabitur

77 439 196 494 Romam
227 440 268 493 ire
294 439 396 509 coegit,
427 447 454 494 et
480 440 561 495 urbis
594 440 730 497 Ostiensis
760 442 924 511 episcopum
979 444 1056 515 genti
1076 444 1190 500 facienti
1213 446 1324 502 tructus
1348 447 1411 517 ejus
1431 446 1516 518 (lbid.
1534 450 1619 518 43).ι
1651 450 1713 506 Alio
1742 451 1826 508 etiam

76 527 264 583 consecravit.
349 539 352 545 '
979 534 1038 590 loco
1055 535 1193 590 Dominus
1220 536 1384 605 parabolam
1406 538 1537 607 proponit
1552 539 1586 593 de
1603 539 1706 595 arbore
1721 539 1776 605 tici,
1792 541 1827 596 ad

112 615 178 671 Car.
196 616 298 671 xxiii.
313 616 355 669 Ite
368 614 514 670 Baldaioo
527 616 629 671 abbate
644 616 848 686 lociejasdem.
978 637 1066 692 quam
1091 624 1181 679 tribus
1199 625 1283 678 anuis
1311 625 1464 690 continuis,
1492 627 1619 694 veniens,
1644 635 1671 683 et
1699 626 1829 684 fructum

113 705 243 759 Menachi
256 711 353 760 autent
369 704 464 760 Sancti
483 705 604 760 loannis
619 706 719 775 pupilli
732 706 797 761 iacti
815 706 925 777 absque
978 725 1035 766 non
1056 711 1305 782 inveniensJussit
1319 727 1380 768 eam
1410 714 1608 783 succidi3sed,
1638 717 1828 773 intercedente

74 799 165 861 patre,
181 792 320 847 domnum
337 791 511 848 balduinum
526 795 630 850 sororis
646 795 709 865 ejus
724 794 826 862 tilium,
842 803 869 851 et
888 795 924 850 ab
977 800 1086 856 cultore
1111 802 1211 867 vinea,
1236 801 1333 870 quarti
1356 801 1440 857 etiam
1475 803 1722 860 annidilatienem
1758 819 1828 860 con-

75 894 111 935 eo
125 880 228 936 ibidem
250 880 423 935 monachum
446 880 564 948 lactum,
590 881 649 938 leco
668 883 732 952 ejus
749 884 925 952 unanimiter
978 890 1070 957 cessit,
1087 888 1171 943 simili
1189 889 1272 945 modo
1286 889 1412 945 doninus
1425 890 1652 947 Bartholomaeus
1666 892 1826 962 episeopus,

76 970 130 1025 sibi
146 969 450 1039 abbatemelegcrunt,
478 978 506 1025 et
520 970 637 1040 praelato
666 971 797 1042 episcope
825 972 926 1027 confir·
978 976 1209 1032 sanctimoniales
1233 977 1296 1032 illas
1312 985 1339 1033 et
1354 991 1404 1047 per
1428 979 1621 1048 senretipsum,
1644 987 1671 1036 ct
1686 994 1735 1050 por
1761 980 1828 1036 reli·

75 1058 216 1114 mandum
241 1066 498 1126 presentaverunt,
524 1068 607 1115 vetate
629 1059 744 1130 quidem
775 1060 923 1131 juvenem,
979 1067 1072 1137 giosos
1097 1065 1172 1120 viros
1196 1065 1297 1134 primo,
1325 1073 1353 1121 et
1376 1066 1512 1134 secundo,
1547 1068 1628 1123 tertio
1651 1083 1777 1139 quouue,
1801 1076 1850 1125 et·

76 1148 125 1203 sed
156 1147 295 1213 moribus,
320 1154 347 1202 et
373 1148 509 1216 religione
533 1147 636 1204 seniles
657 1162 749 1204 aranos
772 1149 924 1218 praeteren·
978 1162 1092 1226 quarto,
1108 1166 1160 1209 nee
1176 1167 1234 1208 non
1250 1152 1361 1223 quinto,
1377 1161 1405 1209 et
1420 1163 1499 1210 sexto
1514 1156 1640 1221 annosde
1654 1157 1828 1213 correctione

76 1236 383 1306 temhdquemcum
414 1235 497 1291 multi
517 1235 707 1302 monasticum
731 1236 925 1294 habitumex·
978 1243 1144 1309 admonens
1160 1250 1188 1297 et
1214 1241 1286 1297 nihil
1309 1256 1338 1296 se
1364 1243 1500 1311 proficere
1528 1243 1638 1310 videns,
1668 1245 1826 1301 secundum

77 1333 204 1396 petentes
233 1339 270 1379 ex
302 1324 422 1379 diversis
448 1323 633 1379 convenirent
660 1324 825 1393 provinciis,
853 1325 925 1380 inter
980 1339 1150 1401 praeoptem
1172 1329 1354 1387 bominicum
1371 1331 1470 1400 utique
1492 1332 1591 1387 <lebavit
1619 1333 1827 1389 intructuosam

76 1413 147 1469 alies
178 1412 257 1469 venit
291 1412 408 1482 quidam
442 1412 477 1467 de
499 1413 626 1468 Tulleusi
654 1412 779 1483 regione,
809 1412 925 1469 nemine
979 1419 1109 1475 arborem
1124 1418 1280 1486 succidere,
1294 1420 1328 1486 :et
1345 1418 1456 1475 vineam
1477 1420 1654 1476 Dotninicam
1674 1420 1737 1477 aliis
1751 1421 1828 1492 agri-

76 1501 542 1573 liugo:quamprtetatusabbas
564 1501 725 1557 balduinus
747 1502 924 1572 videuspol-
944 1508 1047 1596 Bcelis
1072 1507 1283 1563 committere·
1319 1507 1373 1574 Qui
1408 1508 1528 1563 reddant
1552 1507 1577 1564 ei
1607 1508 1733 1565 trucium
1757 1518 1828 1566 tem·

75 1590 180 1646 lentem
196 1598 252 1645 tam
267 1589 413 1660 religionis
434 1589 553 1657 fervore,
567 1605 653 1661 guam
681 1590 840 1646 litterarum
867 1605 924 1646 nen
981 1595 1098 1666 poribus
1122 1595 1285 1663 suistlbid.
1314 1595 1370 1666 lt).
1392 1619 1405 1644 »
1435 1596 1513 1663 Quod
1540 1596 1633 1666 ipsum
1667 1597 1736 1653 dum
1771 1612 1829 1653 nou

76 1765 216 1835 gaudens,
231 1773 258 1821 et
273 1767 330 1822 lieo
344 1766 452 1837 gratias
466 1781 564 1836 agens,
581 1767 630 1836 qui
647 1767 699 1823 sibi
715 1767 797 1822 talem
809 1767 926 1823 dederat
978 1774 1107 1828 virorum
1122 1772 1204 1842 fleuit,
1223 1772 1323 1842 utique
1336 1787 1393 1827 nen
1414 1772 1644 1841 reprehensione,
1669 1774 1717 1829 sed
1744 1774 1829 1829 laude

74 1854 248 1923 adjutorem.
273 1854 324 1910 Sed
349 1870 416 1911 curu
445 1856 629 1926 supradictus
645 1869 718 1925 papa
731 1855 925 1924 innocentius,
979 1861 1098 1932 dignum
1135 1860 1198 1916 tuit.
1219 1859 1276 1916 Nec
1301 1860 1458 1916 timendum
1486 1868 1528 1916 est
1550 1875 1617 1916 eum
1638 1868 1752 1931 propter
1776 1862 1828 1917 hoc

75 1942 194 1997 consilio
223 1943 364 2013 bregenis
388 1944 525 2000 Ostiensis
547 1943 682 2013 episcopi,
707 1944 843 1999 domarim
862 1946 925 1999 llu-
979 1958 1144 2005 sanctarum
1166 1948 1337 2005 teminorum
1354 1946 1524 2018 sallabergae
1540 1957 1567 2004 et
1582 1950 1745 2018 austrudis,
1763 1965 1828 2020 quae

74 2045 179 2102 genem
195 2031 443 2087 humblariensem
459 2031 590 2087 abbatem
605 2033 723 2087 Beatam
743 2031 922 2099 accersitum,
978 2038 1106 2092 eamdem
1142 2037 1289 2092 ecclesiam
1332 2044 1529 2093 construentes
1566 2037 1828 2094 sanctimonialium

74 2127 104 2175 et
129 2119 296 2175 obediendae
325 2120 441 2177 vinculo
472 2129 613 2187 coactum,
642 2120 812 2176 hlbanensis
843 2119 925 2175 urbis
978 2125 1071 2181 ordini
1092 2124 1277 2193 deputarunt,
1295 2125 1366 2179 iram
1386 2124 1563 2180 iucurrisse:
1583 2125 1747 2194 irnopetius
1766 2141 1826 2182 cre-

74 2217 269 2264 consecrasset
293 2209 470 2279 episcopum,
494 2222 591 2278 ceper
608 2209 715 2265 litteras
742 2216 923 2279 suggerente,
978 2213 1105 2269 dandum
1136 2220 1177 2268 est
1200 2227 1301 2269 earnm
1331 2212 1463 2282 precibus
1484 2213 1568 2268 talem
1603 2214 1780 2270 veluntatem
1801 2215 1827 2270 ei

73 2297 459 2353 menachiHumblarienses
481 2298 649 2367 praedietum
670 2295 924 2367 liugouem,Sau-
978 2301 1120 2357 divinitus
1148 2301 1307 2363 advenisse,
1346 2300 1474 2370 talesque
1505 2301 1622 2356 abbates
1647 2315 1664 2356 a
1689 2302 1745 2357 Dee
1768 2302 1827 2358 lore

73 2387 113 2440 cti
127 2386 245 2441 loannis
264 2386 397 2455 priorem,
418 2385 471 2441 sibi
495 2386 626 2441 abbatem
651 2385 809 2456 elegerunt,
825 2385 925 2456 sicque
979 2391 1144 2454 destinates,
1170 2389 1221 2459 qui
1249 2397 1276 2445 et
1303 2390 1366 2456 ejus
1389 2389 1515 2456 servitio,
1545 2398 1573 2447 et
1597 2391 1687 2459 ipsius
1702 2390 1827 2447 ecclesias

73 2489 142 2529 euin
156 2475 263 2529 dornne
277 2474 416 2530 balduino
430 2475 621 2530 abstulerunt.
979 2479 1144 2534 relevationi
1158 2478 1268 2549 jugiter
1283 2477 1410 2533 insistere
1423 2479 1565 2533 studeant.

112 2564 183 2618 Ecce
212 2577 280 2633 ergo
304 2562 339 2618 de
358 2575 434 2617 nova
460 2561 664 2617 monachorum
687 2561 783 2616 Sancti
806 2558 925 2615 loannis
1015 2565 1152 2621 innuite
1193 2566 1334 2636 siquidem
1369 2565 1449 2636 regni
1473 2566 1650 2621 Francorum
1687 2567 1825 2637 coenelno,

73 2650 203 2718 eeclesia,
244 2652 303 2721 jam
340 2650 458 2706 ὃΙῑθΓῑῑῑὸ
495 2649 615 2706 ⁰OE¹¹⁰hli
644 2649 733 2704 &libas
767 2646 924 2718 ltr0⁰088513
979 2655 1056 2725 quod
1079 2654 1141 2724 ejus
1159 2655 1302 2710 duntaxat
1319 2654 1354 2709 sit
1372 2653 1568 2721 institutionis,
1594 2655 1730 2725 majorem
1757 2654 1825 2710 reli-

75 2739 155 2809 qued
171 2738 295 2810 proiecto
309 2738 344 2794 ad
360 2739 495 2794 bonorem
512 2744 618 2809 spectat
640 2736 840 2794 bartholomaei
864 2736 924 2805 epi·
980 2743 1103 2809 glanem,
1134 2742 1177 2797 vel
1206 2740 1406 2797 charitativam
1430 2741 1662 2810 hospitalitatem,
1687 2755 1775 2812 quarn
1796 2743 1825 2796 in

74 2828 152 2897 scopi
172 2829 235 2899 ejus
258 2827 423 2883 conditoris.
452 2827 504 2883 Sed
522 2826 592 2897 quta
607 2826 747 2898 quosdam
764 2826 861 2881 minus
876 2839 923 2894 pe·
942 2840 962 2894 c
979 2831 1039 2900 ipse
1055 2830 1186 2886 videmus
1211 2829 1303 2895 hodie,
1325 2828 1450 2895 terrere,
1476 2829 1531 2884 nisi
1547 2830 1623 2900 (ruod
1652 2830 1709 2899 ipse
1737 2829 1827 2885 abbas

75 2917 145 2972 rites
171 2916 196 2971 ei
220 2930 307 2986 super
331 2915 385 2972 hoc
416 2915 597 2972 detrahentes
619 2914 729 2981 audivi,
749 2922 776 2970 et
796 2914 922 2970 dicentes
978 2918 1136 2974 Balduinus
1164 2919 1193 2972 iu
1220 2918 1403 2989 requirendis
1427 2923 1453 2973 et
1484 2917 1664 2973 retrahendis
1696 2918 1826 2974 Ecclesia

75 3018 134 3060 non
155 3004 287 3060 debuisse
299 3011 408 3060 tantam
433 3003 619 3060 mutationem
643 3003 715 3070 sieri,
740 3017 792 3058 uec
807 3015 923 3073 prepter
976 3007 1211 3078 possessionibus,
1229 3019 1302 3076 quas
1326 3005 1558 3061 sanctimoniates
1581 3005 1757 3077 negligenter
1772 3007 1822 3061 de·

75 3101 190 3164 peccata
205 3093 399 3164 quarumdam
415 3093 677 3148 sanctimonialium
691 3091 775 3148 etiam
792 3091 922 3159 inculpa·
975 3091 1051 3148 trahi
1075 3092 1273 3161 permiserant,
1290 3092 1373 3148 valde
1400 3100 1566 3162 occupatus,
1594 3092 1761 3161 quotidiano
1777 3089 1822 3148 la-

77 3181 148 3237 biles
173 3179 292 3250 capelli3
323 3187 471 3250 totamque
498 3178 646 3235 ecclesiam
671 3178 819 3235 ruorrachis
836 3177 920 3246 tradi,
975 3181 1044 3238 bore
1062 3179 1209 3251 fatigatus,
1226 3180 1287 3236 nihi
1302 3180 1395 3251 magis
1408 3181 1695 3251 conqueriturquam
1719 3194 1750 3236 se
1764 3194 1823 3236 nen

76 3270 203 3326 maximo
225 3284 290 3325 curn
316 3269 451 3338 praedicta
474 3268 577 3324 nobilis
595 3275 726 3324 matrona
744 3274 843 3322 sancta
858 3266 921 3322 Sal-
975 3270 1340 3341 posseJ'ugiterconventui
1368 3269 1490 3324 tratrem
1516 3269 1660 3336 interesse,
1684 3269 1728 3324 vel
1754 3269 1823 3338 ipsis

76 3358 194 3430 taberga
216 3372 282 3414 cum
314 3357 372 3412 lilia
394 3372 448 3412 sua
475 3364 574 3412 sancta
599 3356 753 3422 austrude,
780 3355 814 3411 de
830 3352 921 3424 patri·
976 3357 1138 3427 hospitibus
1164 3356 1351 3412 humanitatis
1366 3355 1493 3413 officium
1508 3364 1593 3428 prout
1611 3356 1693 3413 vellet
1708 3358 1822 3426 impen-

75 3447 166 3503 menii
183 3445 228 3502 sui
251 3445 476 3515 possessionibus
490 3458 551 3500 earn
568 3443 793 3510 construxerint,
807 3451 833 3497 et
856 3455 921 3496 san·
975 3446 1051 3501 dere.
1077 3444 1152 3499 Dum
1177 3457 1245 3515 ergo
1271 3445 1338 3514 tpsae
1368 3452 1482 3512 sauctae,
1506 3459 1631 3515 quarum
1655 3458 1777 3515 corpora
1792 3446 1822 3501 iu

76 3535 252 3593 ctimoniales
266 3533 295 3589 in
305 3547 340 3590 ea
350 3534 498 3604 posuerint
508 3532 759 3603 plurimorumque
773 3534 921 3602 signorum
975 3534 1074 3590 eadem
1085 3540 1239 3589 servantur
1253 3533 1381 3600 ecclesia,
1396 3534 1504 3605 jugiter
1520 3533 1565 3590 die
1581 3547 1615 3590 ac
1628 3543 1710 3590 nocte
1725 3533 1822 3591 vident

75 3623 287 3682 ostensionibus
308 3635 370 3678 eam
396 3621 647 3691 splendicaverint.
671 3621 713 3676 ad
739 3633 923 3690 compescen·
978 3620 1014 3677 ibi
1028 3630 1086 3676 tam
1102 3620 1202 3677 devote
1222 3619 1352 3675 divinum
1375 3621 1501 3677 cilicium
1525 3620 1605 3690 heri3
1622 3621 1778 3688 silentium,
1795 3629 1823 3679 et

74 3715 193 3770 damet
228 3711 438 3783 reprimendam
474 3710 678 3781 insipientiam,
707 3708 750 3764 vel
784 3705 923 3777 simplici·
976 3709 1144 3780 religionem
1169 3709 1639 3779 lerventerservari3sacrificium
1656 3708 1823 3779 corperiset

75 3811 161 3859 tatem
176 3815 275 3858 eorum
292 3798 360 3856 libet
374 3813 467 3869 pauca
483 3799 588 3855 divinae
604 3797 717 3870 paginae
729 3810 816 3868 super
826 3794 923 3864 simili,
977 3797 1128 3869 sanguinis
1151 3796 1303 3865 Dominio,
1328 3812 1386 3853 non
1416 3796 1490 3854 sicut
1502 3798 1592 3868 prius,
1616 3797 1665 3854 sed
1686 3797 1822 3869 centuplo

74 3891 218 3949 veletiam
232 3888 334 3960 majori
353 3888 510 3944 mutatione
524 3887 655 3957 exempla
674 3884 807 3942 recolere.
978 3884 1110 3941 devotius
1133 3890 1161 3939 ot
1180 3883 1360 3953 frequentius
1386 3883 1541 3955 celebrari;
1557 3884 1704 3955 religiosos
1727 3883 1821 3955 hospi·

111 3984 208 4036 Nonne
227 3976 368 4050 plantatio
385 3976 436 4033 Dei
466 3976 558 4048 major
571 3983 614 4032 est
642 3973 817 4045 plantatione
832 3971 923 4028 homi·
977 3978 1019 4029 tes
1046 3971 1174 4043 quotidie
1198 3972 1431 4042 supervenientes
1456 3986 1522 4028 cum
1547 3972 1696 4029 charitatis
1723 3971 1823 4029 dulce-

75 4069 144 4125 nist
160 4069 194 4122 Et
215 4073 291 4123 certe
319 4065 353 4122 de
375 4064 482 4121 ludaeis
504 4078 555 4135 per
568 4064 669 4135 [David
685 4076 781 4135 regem
809 4069 837 4119 et
853 4074 921 4131 pro·
978 4059 1044 4116 dine
1058 4058 1189 4129 suscipi,
1210 4072 1305 4114 nonne
1326 4059 1500 4116 credendum
1522 4068 1564 4117 est
1589 4074 1638 4117 eas
1662 4064 1721 4116 tam
1746 4059 1824 4116 dulci

75 4159 190 4226 phetam
212 4155 336 4211 dicitur:
357 4176 367 4203 ι
385 4153 506 4210 Vineam
533 4153 568 4209 de
590 4152 712 4223 AEgypte
740 4148 919 4216 transtulisti,
940 4122 1026 4208 DDei
1048 4149 1163 4207 servitio
1187 4149 1336 4215 delectari3
1353 4157 1381 4206 et
1399 4149 1468 4205 dum
1498 4151 1639 4206 monache
1656 4164 1753 4206 coram
1779 4148 1824 4205 al-

76 4245 183 4318 ejecisti
199 4250 297 4313 gemes
313 4250 341 4298 et
364 4242 498 4312 plantasti
520 4232 593 4298 earn.
619 4240 684 4296 ltux
712 4239 822 4296 itineris
843 4235 923 4294 luisti
975 4239 1031 4296 tari
1061 4245 1253 4305 transeuntes,
1277 4244 1304 4294 et
1328 4237 1439 4294 feretris
1470 4239 1530 4295 suis
1554 4238 1695 4295 submisso
1732 4236 1825 4308 capito

76 4335 108 4390 in
122 4338 277 4402 conspectu
295 4330 369 4401 ejus,
385 4336 413 4386 et
431 4328 566 4400 plantasti
588 4328 699 4384 radices
722 4326 795 4397 ejus,
820 4333 847 4382 et
866 4326 923 4381 im·
976 4326 1143 4398 suppliciter
1172 4331 1295 4381 cernunt
1328 4324 1507 4391 inclinantes,
1533 4325 1699 4395 frequenter
1719 4324 1761 4380 eis
1785 4321 1825 4379 di-

77 4421 166 4492 plevit
179 4428 284 4476 terram
309 4417 574 4488 tractarenon),
590 4436 604 4466 »
620 4423 648 4472 et
668 4422 772 4471 cetera
798 4428 864 4484 quae
889 4413 924 4468 de
976 4428 1057 4471 cere:
1077 4435 1087 4463 ι
1104 4411 1265 4468 Benedictio
1279 4412 1393 4468 Domini
1411 4425 1563 4481 supervos
1589 4411 1683 4478 (Paul.
1709 4425 1824 4477 carvin,

76 4512 139 4580 ejus
159 4507 375 4565 confirmatione
404 4506 635 4577 subjunguntur.
657 4507 732 4557 55⁴
757 4501 828 4559 Cum
854 4513 924 4572 ergo
976 4502 1020 4573 8);
1037 4508 1087 4557 »et
1104 4516 1139 4555 z«
1169 4499 1313 4555 Benedicti
1327 4514 1378 4556 vos
1398 4513 1415 4554 a
1433 4499 1555 4555 Domino
1570 4499 1620 4569 qui
1636 4499 1701 4555 lecit
1721 4500 1826 4557 caelum

77 4599 124 4655 lex
149 4610 200 4667 per
221 4597 344 4666 Meysem
372 4596 413 4651 eis
438 4594 504 4650 data
525 4592 571 4661 sit,
600 4600 705 4648 terram
730 4589 926 4661 promissionis
977 4598 1006 4646 et
1020 4588 1148 4646 terram?
1162 4610 1177 4637 »
1195 4588 1288 4658 (Paul.
1305 4602 1384 4652 exiri,
1398 4587 1455 4653 24.)

77 4684 250 4755 acceperint,
265 4697 347 4754 reges
360 4689 388 4738 et
402 4681 555 4752 prophetas
578 4677 740 4750 genuerint,
760 4676 811 4747 qui
835 4675 926 4732 muita
1014 4677 1089 4742 Quid
1112 4675 1160 4732 alii
1193 4676 1317 4732 sentiant
1347 4675 1464 4746 ignor03
1496 4689 1549 4746 ego
1577 4675 1661 4731 corde
1680 4676 1774 4744 credo,
1800 4684 1828 4734 et

78 4771 220 4829 miracula
253 4770 381 4838 iecerint,
417 4777 643 4841 perpetuamque
667 4766 708 4823 eis
747 4764 924 4822 mansionem
979 4766 1098 4824 eredens
1111 4779 1159 4821 ere
1170 4765 1290 4821 tidenter
1306 4763 1471 4834 pronuntio,
1482 4770 1596 4818 sanctas
1609 4763 1724 4819 easdem
1735 4765 1828 4836 magis

78 4861 207 4934 ejusdem
222 4867 304 4916 terre
319 4858 447 4915 Dominis
471 4855 650 4929 promiserit:
667 4862 763 4911 tamen
789 4853 859 4925 quia
874 4865 926 4907 ve·
980 4854 1082 4912 tatium
1107 4852 1324 4921 monachorum,
1353 4865 1441 4922 quam
1462 4850 1735 4920 sanctimonialium,
1762 4866 1828 4923 quae

79 4951 205 5006 aientem
222 4947 436 5019 patrisfamilias
447 4947 538 5003 tilium
548 4953 632 5002 extra
640 4945 755 5001 vineam
770 4942 926 5013 ejecerunt,
981 4943 1020 4999 ibi
1034 4949 1091 4999 toto
1104 4949 1229 5011 ternpore
1251 4940 1349 4996 domni
1366 4939 1566 4996 bartholomei
1592 4938 1758 5008 manebant,
1782 4939 1829 4995 di-

80 5036 310 5104 aeacidarum,
342 5036 485 5092 dicantes:
511 5055 525 5083 α
549 5032 602 5089 llic
628 5041 670 5090 est
700 5032 801 5101 hares,
833 5029 928 5087 venite
980 5029 1057 5087 vinis
1070 5027 1171 5084 ciliciis
1200 5026 1344 5095 delectari,
1360 5034 1460 5083 ettam
1478 5026 1657 5098 proillorum
1674 5040 1761 5098 qnam
1778 5040 1829 5097 pre

80 5125 245 5183 occidamus
274 5138 359 5195 eum;
387 5131 413 5179 et
437 5130 535 5179 nostra
557 5123 612 5179 erit
636 5119 787 5179 haereditas
809 5116 927 5187 (Marta.
981 5116 1109 5187 eiusdem
1139 5114 1261 5184 episcopi
1289 5113 1381 5169 salute
1402 5112 1515 5168 Dentini
1539 5112 1763 5169 misericordiam
1779 5113 1830 5169 de-

82 5228 143 5281 xxr,
158 5213 211 5285 38).
230 5234 241 5262 ι
259 5212 336 5268 lllioo
364 5210 484 5267 bomine
510 5211 679 5281 proponenti
702 5215 801 5265 contra
823 5205 930 5276 seipsos
983 5203 1102 5275 precari.
1132 5203 1167 5259 Et
1181 5201 1254 5257 sicut
1270 5201 1361 5256 David
1377 5213 1428 5256 rex
1452 5199 1578 5256 Psalmos
1594 5213 1776 5271 componens,
1791 5200 1832 5256 di-

80 5302 224 5375 judicium
244 5301 435 5372 protulerunt,
456 5299 534 5371 quod
549 5300 666 5357 veniens
682 5314 718 5354 τι
741 5295 829 5353 blalos
856 5293 931 5350 male
983 5293 1065 5349 eebat
1081 5307 1088 5346 :
1106 5314 1120 5340 a
1142 5289 1311 5346 scribantur
1340 5288 1401 5344 hee
1425 5289 1454 5345 in
1476 5290 1659 5360 generatione
1682 5288 1780 5355 altera,
1805 5297 1833 5346 ct

82 5391 192 5462 perdet,
208 5397 235 5446 et
250 5390 364 5446 vineam
389 5402 472 5446 suam
488 5387 592 5446 locabit
608 5387 671 5444 aliis
692 5381 825 5454 agricolis
841 5378 928 5453 (thid.
984 5379 1110 5452 populus
1124 5378 1175 5450 qui
1190 5376 1336 5435 creabitur
1349 5376 1481 5434 laudabit
1496 5375 1650 5437 Dominum
1675 5377 1771 5449 (Psoi.
1781 5444 1785 5449 Ι
1795 5392 1832 5442 er,
