3818 6008
99 241 153 297 ivi

465 238 696 299 TROPOLOGIAE
713 239 751 298 lu
769 241 871 306 OSEE,
890 240 982 298 AMOS
1001 241 1044 296 ET
1063 240 1144 298 tuit.
1158 272 1193 282 -
1212 241 1276 298 atu.
1298 243 1328 297 v.
1349 243 1383 299 tii
1401 242 1477 299 tuit.

1796 243 1848 298 iva

99 371 251 428 musenim
267 370 308 427 nil
333 369 412 427 aliud
437 377 480 427 εει
505 384 593 442 quam
620 370 697 442 quod
719 370 809 443 vulgo
837 371 945 430 dicitur
961 372 986 425 Α
1002 392 1013 420 »
1032 372 1115 442 quasi
1138 371 1263 429 struthio
1293 372 1322 427 in
1351 372 1470 429 deserto.
1505 393 1515 420 ι
1544 372 1665 442 Ghimel,
1694 374 1846 429 retributio.

99 459 202 513 ladius:
219 459 269 529 qui
283 458 433 515 sinevocis
458 459 595 516 exercitio
619 460 771 517 coniicitur
794 460 908 517 chordis
920 469 948 518 ει

100 546 244 602 manibus.
274 544 353 602 Sicut
380 560 449 617 ergo
475 547 604 617 psalmus
631 560 726 616 aures,
747 549 787 603 sic
806 548 947 604 revolutio

99 633 280 705 cogitationis
306 633 432 690 mulcere
457 634 643 705 dignoscitur,
674 642 701 692 et
728 635 838 692 nutrire
864 635 947 692 rnalae

99 722 312 794 spiritualitatis
325 723 473 794 imagines.

480 824 564 864 runc.

136 896 222 953 Vnus.
239 898 333 951 61.-
350 918 360 946 ι
396 897 491 954 Redde
519 898 561 954 eis
577 897 679 965 vicem,
708 898 836 963 Domine,
861 899 947 969 Juxta

99 1007 114 1034 »
145 998 233 1056 opera
259 999 400 1042 manuum
430 999 561 1041 suarum.
589 987 714 1053 »Titan
739 986 947 1055 interpretatur

97 1077 303 1130 consummavit.
325 1075 510 1131 consummat
525 1081 621 1131 autem
637 1077 720 1142 Deus,
740 1090 865 1145 outrrutn
888 1076 947 1131 llu-

97 1163 271 1220 ctuationem
301 1163 443 1220 diutinam
468 1171 543 1219 certo
568 1163 624 1219 line
651 1163 830 1219 determinat.
857 1166 946 1219 Visam

97 1251 193 1308 reddit
218 1252 303 1321 iusta
335 1267 426 1322 opera,
451 1266 516 1308 cnm
547 1266 598 1323 per
629 1252 760 1322 singulas
783 1260 879 1309 noctes
909 1252 945 1308 ad

97 1339 276 1396 abluendum
291 1341 396 1397 lectum
411 1338 605 1410 lacrymarum
620 1341 749 1412 suggerit
764 1339 890 1397 lavacra.

135 1425 219 1482 Vnus.
238 1428 281 1480 65.
297 1455 332 1465 -
358 1426 473 1482 «Dabis
492 1426 533 1482 eis
559 1435 673 1484 scutum
701 1426 794 1483 cordis
817 1426 944 1482 laborem

98 1520 252 1569 nuum.»
280 1515 371 1570 Labor
394 1514 444 1570 Dei
458 1522 509 1581 est,
536 1515 606 1571 dum
633 1514 709 1571 vitiis
725 1514 819 1571 debita
839 1516 945 1571 vivaci·

94 1607 153 1657 tate
180 1601 333 1658 resistitur.
363 1603 418 1658 lste
433 1602 514 1659 labor
528 1611 642 1659 scutum
668 1603 762 1659 cordis
776 1603 910 1668 edicitur,
926 1615 943 1658 a

1002 458 1109 516 Meritis
1121 461 1197 515 enim
1206 460 1311 516 nostris
1321 459 1505 531 exigentibus
1520 460 1704 530 hujusmodi:
1721 462 1848 517 Casuum

1003 548 1136 605 inlamias
1151 564 1202 619 pro
1218 549 1404 606 retributione
1419 549 1565 605 sortimur.
1588 549 1639 605 Est
1652 563 1721 620 ergo
1734 549 1846 606 dicere:

1001 636 1064 693 Non
1081 637 1175 693 solum
1192 639 1219 692 in
1236 645 1349 693 terrena
1373 637 1468 693 studia
1491 636 1642 704 labuntur,
1665 637 1713 692 sed
1733 644 1761 694 et
1780 636 1848 693 iacti

1001 725 1091 780 lomim
1100 739 1254 781 mammam
1270 726 1391 791 nudant,
1408 740 1473 781 curn
1489 725 1544 781 sub
1558 726 1650 795 specie
1664 723 1849 796 benignitatis

1000 821 1029 869 et
1051 813 1122 869 alios
1149 814 1185 869 ad
1210 815 1307 870 eadem
1338 828 1403 883 ouae
1431 814 1480 882 tpsi
1510 813 1619 869 iaciunt
1646 813 1846 883 perpetranda,

1001 901 1097 958 virosa
1124 902 1278 957 verborum
1312 901 1473 970 duicedino,
1504 909 1532 957 et
1566 902 1688 957 leminea
1720 902 1846 971 quadam

1001 989 1177 1045 adultatione
1192 989 1373 1059 compellant.
1397 992 1493 1046 lamia
1508 991 1583 1046 enim
1607 993 1768 1046 monstrum
1793 996 1845 1057 est,

1001 1074 1169 1131 muliebrem
1193 1075 1309 1146 cingulo
1325 1084 1408 1133 lenus
1423 1076 1532 1132 babens
1546 1077 1676 1132 formam.
1692 1075 1847 1132 Mammam

999 1177 1069 1234 ergo
1085 1163 1207 1229 nudant,
1223 1178 1289 1219 cutn
1305 1164 1464 1219 doctrinam
1483 1165 1518 1219 atl
1534 1179 1568 1219 ea
1591 1178 1656 1234 quae
1674 1169 1766 1233 agunt
1781 1175 1845 1232 pro-

1000 1253 1134 1322 paganda
1162 1252 1355 1321 promulgant.
1379 1253 1486 1308 Catulos
1508 1252 1622 1319 lactant,
1649 1265 1715 1309 cum
1738 1251 1773 1307 ad
1794 1250 1846 1307 bo-

1000 1339 1096 1395 stiales
1111 1339 1183 1395 ritus
1195 1337 1266 1394 alios
1281 1339 1469 1395 lenocinando
1485 1347 1646 1396 attrectant.
1662 1339 1737 1395 Filia
1749 1338 1847 1407 popuii

1000 1426 1089 1497 hujus
1101 1427 1218 1482 crudelis
1232 1431 1312 1495 quasi
1332 1429 1450 1482 struthio
1465 1431 1495 1483 in
1519 1427 1633 1494 deserto,
1649 1427 1718 1496 onia
1733 1425 1774 1493 hi,
1794 1424 1845 1496 qui

999 1516 1133 1585 superius
1157 1516 1205 1570 itlii
1232 1515 1403 1571 dicebantur
1417 1524 1445 1571 ct
1469 1530 1548 1571 trunc
1569 1529 1620 1584 per
1641 1529 1754 1570 tuorum
1778 1512 1845 1570 elle-

999 1603 1185 1659 minationem
1211 1602 1339 1659 tiliarum
1362 1602 1573 1673 vocabuloJ'am
1596 1608 1760 1667 censentur,
1776 1615 1846 1657 cru-

93 1704 154 1761 qno
180 1689 285 1746 diaboli
320 1689 465 1760 spiculum
498 1705 582 1746 omne
618 1690 767 1748 recutitur.
804 1692 862 1747 lloe
890 1705 942 1761 pro
963 1666 1165 1758 Bdelessunt,
1188 1690 1258 1761 quia
1281 1705 1354 1761 quos
1377 1690 1518 1747 diabolica
1538 1690 1657 1747 suadela
1680 1687 1844 1760 genuerint,

92 1790 214 1846 operum
229 1792 347 1835 suorum
359 1779 420 1835 vice
438 1779 479 1834 eis
493 1778 632 1844 redditur,
648 1785 681 1834 ut
708 1793 766 1848 quo
788 1777 942 1835 insolenter

92 1863 283 1931 intraverant,
298 1865 363 1921 inde
375 1865 464 1937 digna
478 1866 628 1921 severitate
640 1864 795 1934 pellantur.

128 1951 215 2009 Vnus.
232 1955 276 2007 66.
293 1974 357 2001 -ι
384 1953 567 2023 persequeris
589 1952 618 2009 in
645 1952 741 2009 lurore
766 1960 794 2009 ει
819 1954 942 2010 conteris

91 2053 168 2095 »eos
192 2039 247 2096 sub
261 2040 348 2107 ctnlis,
363 2040 493 2097 Domine.
516 2062 527 2089 ι
555 2043 587 2095 la
599 2043 694 2108 surore
714 2049 939 2111 persequuntur,

90 2125 144 2198 qui
181 2126 293 2198 integra
320 2127 569 2184 animadversione
601 2128 638 2184 ab
675 2129 772 2184 animo
801 2129 942 2186 divinitus

90 2215 283 2273 extricantur.
298 2216 356 2271 sub
370 2219 443 2272 cotis
453 2230 570 2286 quoque
584 2223 785 2285 conteruntur,
797 2232 863 2273 cum
886 2218 941 2274 sub

89 2303 233 2359 virtutum
248 2302 314 2374 iure
334 2303 519 2375 tranguntur.
546 2303 636 2360 Ctnlos
658 2304 780 2361 virtutes
804 2313 895 2373 vocat,
911 2305 940 2361 in

90 2390 200 2460 quibus
214 2391 281 2447 solis
293 2399 441 2463 gratanter
454 2392 531 2448 Deus
546 2392 690 2448 mansitat.

425 2497 542 2556 CAPUT
564 2496 611 2556 tv.

467 2603 568 2645 annon.

125 2674 212 2732 Vnus.
230 2679 254 2730 l.
270 2697 338 2726 -‹
364 2675 512 2744 Quomodo
536 2677 723 2734 obscuratum
755 2685 798 2735 est
823 2693 938 2748 aurum,

90 2771 251 2821 »mutatus
271 2771 313 2821 est
336 2765 414 2821 color
437 2766 573 2835 optimus,
597 2766 716 2836 dispersi
745 2768 941 2838 suntlapides

91 2871 103 2898 ι
122 2851 279 2908 sanctuarii
300 2852 329 2908 in
344 2854 437 2923 capite
452 2853 581 2909 omnium
601 2854 784 2924 platearum?
805 2877 815 2903 ι
839 2856 937 2926 illepb,

88 2942 166 2997 sicut
190 2941 334 3010 superius,
353 2940 479 2995 doctrina
493 2948 545 3006 est,
561 2943 646 3013 cujus
659 2941 762 2999 solutio
777 2944 806 2999 in
820 2958 937 3000 versum
956 2961 976 3016 c

87 3027 193 3099 poterit
207 3027 333 3097 pendere
353 3036 530 3098 sequentem.
555 3028 699 3096 Qnaerilur
723 3044 793 3101 ergo
808 3031 939 3100 quomodo

86 3130 187 3170 aurum
212 3115 391 3183 obscuretur,
431 3117 576 3186 quomodo
612 3119 713 3188 utique
746 3119 847 3174 notitia
877 3119 936 3185 liei,

86 3218 155 3274 quae
167 3217 224 3260 non
239 3210 281 3259 est
305 3204 360 3259 nisi
375 3218 465 3272 amor,
489 3212 517 3261 et
540 3220 599 3276 oua
623 3205 695 3262 nibil
717 3207 869 3276 pretiosius
884 3215 936 3276 est,

85 3298 115 3349 et
130 3291 161 3347 in
175 3305 236 3362 qua
250 3291 336 3348 etiam
359 3293 456 3348 omnia
475 3292 592 3348 scienda
605 3301 633 3350 ει
649 3294 774 3365 gerenda
788 3295 935 3362 docemur,

86 3381 290 3450 tantoperein
311 3381 409 3437 animo
438 3395 455 3436 a
485 3381 606 3452 pristina
634 3384 725 3453 specie
750 3391 935 3439 extenuatur.

85 3469 166 3525 cotor
184 3470 303 3538 optimus
326 3476 465 3538 mutatur,
491 3484 557 3525 cum
579 3470 728 3526 sinceritas
757 3471 939 3543 cogitationis

85 3554 240 3611 avertitur.
268 3555 387 3624 Lapides
411 3557 565 3610 sanctuarii
577 3558 606 3609 in
624 3559 714 3627 capite
736 3559 855 3611 omnium
875 3558 936 3626 pla·

85 3648 192 3697 tearum
206 3642 423 3714 disperguntur,
439 3657 505 3699 oum
522 3643 701 3700 nitidissima
716 3651 744 3701 et
759 3645 937 3715 perspicaces

84 3729 209 3786 inomni
237 3738 336 3788 sancta
357 3732 511 3802 prudentia
534 3732 668 3800 rationes,
692 3746 743 3802 per
766 3733 862 3789 saeculi
884 3748 936 3790 vo-

82 3815 210 3887 lnptates
222 3825 249 3875 et
263 3819 371 3890 glorias
393 3819 465 3888 (irasc
485 3821 563 3876 enim
589 3828 658 3876 sunt
681 3821 768 3877 totius
790 3821 936 3878 saecularis

82 3904 205 3963 intentio
220 3908 314 3978 prima
337 3907 469 3978 licentiae)
485 3921 502 3962 a
518 3922 572 3965 sua
594 3908 624 3964 in
641 3911 727 3965 beurn
755 3909 936 3980 simplicitate

83 3993 269 4050 dividuntur.

468 4081 551 4123 annu.

119 4151 207 4208 Vnus.
237 4155 264 4208 2.
294 4176 357 4203 -«
384 4154 448 4210 Filii
478 4154 544 4211 Sion
572 4154 670 4226 inclyti
696 4162 724 4212 et
738 4155 835 4213 amiati
863 4170 935 4213 auro

996 1778 1051 1834 sub
1080 1786 1195 1835 terrena
1223 1779 1338 1835 levitate
1365 1779 1537 1836 recondunt.
1570 1776 1747 1834 struthionis
1768 1775 1846 1833 enim

997 1874 1113 1934 natura,
1129 1875 1171 1924 est
1184 1881 1239 1922 ova
1255 1867 1284 1923 in
1305 1875 1380 1922 terra
1395 1881 1509 1937 ponere,
1531 1874 1559 1922 et
1582 1879 1615 1922 ea
1637 1865 1755 1936 pulvere
1776 1864 1845 1921 ado·

997 1961 1077 2024 perta
1101 1956 1274 2026 relinquere.
1301 1956 1387 2011 Ferro
1407 1956 1493 2011 etiarn
1516 1956 1593 2026 pasci
1616 1955 1731 2022 dicitur,
1757 1953 1846 2010 nimi-

996 2034 1061 2098 r‘um
1092 2043 1161 2113 qnia
1189 2042 1365 2114 hujusmodi,
1394 2056 1428 2099 aa
1460 2043 1481 2098 si
1509 2043 1589 2111 cibis,
1615 2041 1845 2113 malignitatibus

994 2130 1147 2187 satiantur.

1357 2216 1481 2257 nacnrn.

1031 2289 1117 2345 Vnus.
1135 2290 1161 2343 i.
1177 2319 1210 2330 -
1227 2310 1238 2339 ι
1256 2289 1382 2345 adhaesit
1401 2288 1502 2360 lingua
1515 2289 1644 2345 lactentis
1665 2288 1699 2344 ad
1716 2286 1845 2358 palatum

998 2397 1009 2426 ι
1026 2378 1089 2448 ejus
1105 2378 1133 2432 in
1149 2379 1204 2433 siti.
1226 2377 1343 2433 Parvuli
1362 2378 1505 2447 petierunt
1528 2391 1641 2448 panem,
1657 2385 1685 2433 et
1701 2390 1759 2433 non
1782 2382 1845 2432 erat

998 2465 1077 2536 »qui
1104 2464 1249 2536 frangeret
1270 2465 1320 2520 eis.
1340 2487 1351 2513 ι
1377 2465 1489 2531 Dalctb,
1509 2464 1716 2534 iuterpretatur
1733 2462 1843 2519 tabula.

982 2552 1048 2617 .0ui
1064 2561 1132 2609 sunt
1149 2552 1264 2622 tabulae,
1282 2554 1335 2609 nisi
1352 2554 1402 2624 qui
1426 2553 1553 2609 excisos
1573 2567 1602 2608 se
1622 2553 1741 2609 internae
1758 2549 1846 2622 pleni·

995 2640 1104 2696 tudinis
1119 2641 1220 2698 robore
1235 2656 1252 2697 a
1266 2641 1499 2698 virtutisduritia
1507 2648 1703 2697 extenuantur
1717 2639 1844 2711 cogitatu

995 2736 1022 2784 ει
1044 2729 1151 2798 operei
1176 2733 1285 2798 lingua
1305 2744 1358 2801 ego
1378 2731 1502 2785 iacinctis
1522 2729 1559 2783 oti
1578 2731 1704 2798 palatum
1726 2729 1786 2797 ejus
1813 2729 1844 2782 io

995 2819 1044 2871 siti
1054 2818 1189 2884 adhaeret,
1206 2833 1273 2874 cum
1287 2818 1435 2875 deliciente
1450 2832 1529 2888 aqua
1547 2817 1694 2888 sapientise
1708 2815 1844 2873 salutaris

996 2905 1100 2961 locutio
1114 2907 1186 2977 ejus,
1203 2907 1253 2977 qui
1280 2915 1462 2964 monstruoso
1485 2906 1557 2963 lacte
1573 2907 1702 2977 pascitur
1727 2904 1844 2975 adeius

995 2993 1232 3062 conformitatem,
1256 3009 1273 3051 a
1299 3009 1358 3065 quo
1386 2994 1548 3052 virulentiae
1577 2994 1714 3050 doctrinan
1737 2992 1843 3051 salivas

992 3089 1149 3150 acceperat,
1167 3097 1196 3138 se
1217 3084 1353 3139 continet.
1376 3085 1400 3139 Α
1424 3083 1518 3153 palato
1538 3084 1616 3138 enirn
1632 3082 1724 3138 saliva
1744 3081 1842 3152 digre-

992 3169 1080 3237 ditur,
1097 3179 1125 3225 ot
1140 3171 1240 3242 lingua
1255 3171 1348 3241 palato
1367 3172 1547 3242 astringitur,
1565 3186 1632 3228 cum
1651 3171 1740 3227 verba
1754 3170 1843 3226 disci·

992 3257 1052 3327 puli
1075 3259 1199 3315 doctoris
1220 3260 1350 3329 nequitia
1366 3259 1580 3330 resculpuntur.
1606 3260 1724 3315 Parvuli
1743 3273 1843 3327 panem

993 3354 1103 3415 petunt,
1116 3361 1182 3403 cum
1200 3348 1409 3405 innocentiores
1418 3358 1446 3406 ει
1462 3350 1604 3418 pravitate
1616 3348 1712 3404 minus
1727 3346 1841 3416 imbuti,

991 3434 1197 3491 documentum
1222 3437 1309 3493 vitale
1335 3437 1502 3508 deposcunt,
1518 3438 1566 3494 sed
1591 3437 1756 3494 dissertores
1777 3450 1841 3503 om-

991 3522 1060 3577 nino
1075 3522 1220 3579 deliciunt.

1392 3627 1439 3667 un.

1027 3698 1110 3754 Vnus.
1126 3703 1151 3754 5.
1166 3729 1200 3741 -
1226 3722 1236 3750 ‹
1263 3699 1317 3767 Qui
1343 3701 1534 3757 vescebantur
1558 3699 1738 3770 voluptuose,
1766 3699 1839 3756 inte-

990 3806 1004 3835 »
1021 3786 1133 3843 aierunt
1152 3788 1181 3843 in
1198 3789 1261 3854 viis,
1278 3789 1330 3859 oui
1355 3788 1561 3845 nutriebantur
1585 3788 1614 3843 in
1637 3786 1754 3856 croceis,
1774 3802 1840 3845 ant-

992 3874 1128 3944 »plenati
1145 3883 1214 3931 sunt
1237 3883 1402 3932 stercora.»
1428 3876 1479 3943 lle,
1500 3876 1605 3932 dicitur
1620 3879 1684 3931 ista.
1713 3875 1749 3932 ut
1772 3890 1839 3947 oute

988 3965 1055 4031 ista,
1077 3963 1131 4019 nisi
1158 3963 1332 4034 praesentiai
1361 3965 1524 4034 voluptuose
1546 3964 1673 4020 vescitur
1695 3968 1770 4019 ⁸58
1786 3963 1838 4034 qui

989 4051 1095 4107 divinis
1109 4051 1231 4123 eloquiis
1255 4067 1306 4124 pro
1328 4052 1462 4123 praesenti
1485 4053 1577 4109 solum
1605 4052 1697 4125 gloria
1720 4051 1840 4110 delecta-

989 4147 1046 4196 tur.
1064 4141 1090 4196 ls
1104 4143 1198 4195 inuiis
1227 4141 1333 4209 interit,
1348 4141 1430 4211 auia
1453 4141 1523 4198 dnm
1538 4155 1626 4212 super
1648 4141 1693 4196 bis
1714 4155 1781 4212 quaa
1801 4141 1837 4199 ad

83 4238 223 4310 ,prim
251 4239 398 4308 Quom0g0
430 4244 554 4314 reputa„
581 4251 649 4300 sunt
679 4243 708 4298 ,n
736 4258 807 4300 ,353
832 4252 928 4311 testea,
950 4227 1080 4299 pileum
1104 4228 1255 4298 pertinent,
1280 4229 1402 4285 verbum
1427 4229 1476 4285 Dei
1499 4229 1698 4296 adulterando,
1724 4230 1838 4287 lavares

83 4348 94 4377 ,
117 4342 192 4399 σβυς
206 4342 347 4385 manuum
364 4330 471 4402 figuti?
492 4353 502 4380 ,
520 4332 602 4396 gem,
623 4334 755 4399 confugi,
771 4331 841 4399 Quis
855 4333 932 4389 enim
986 4315 1093 4372 scilicet
1114 4316 1297 4387 requirendo,
1315 4325 1400 4374 extra
1425 4332 1456 4373 se
1473 4317 1642 4389 digreditur,
1660 4317 1742 4388 perit.
1769 4320 1836 4377 Cro·

77 4415 190 4487 jugans
212 4417 399 4475 wnsunffiffl,
422 4434 511 4490 quam
539 4421 589 4491 qui
613 4420 648 4476 dg
678 4427 758 4476 gaug,
782 4421 872 4491 pseu„
895 4422 932 4478 ,d
985 4416 1037 4457 cus
1051 4404 1147 4460 aurosi
1163 4404 1267 4461 eoloris
1285 4413 1337 4472 est,
1354 4413 1381 4462 ει
1396 4407 1512 4463 redolet.
1529 4408 1564 4460 ln
1584 4408 1682 4462 moseia
1695 4407 1835 4475 nutritur,

80 4503 156 4561 nihil
180 4518 252 4575 pene
270 4505 435 4577 redigitur?
450 4508 593 4564 FiliiSion
616 4509 723 4577 incluti,
750 4507 932 4565 intellectua-
986 4491 1037 4561 (1111
1065 4500 1116 4547 1111
1141 4493 1424 4564 111111111111111116,
1454 4503 1504 4551 111
1530 4494 1678 4565 sapientiae
1699 4493 1834 4565 07111011

79 4592 205 4649 lessunt
234 4601 328 4649 motus
354 4595 515 4650 masculina
542 4596 647 4652 virtute
676 4595 823 4652 liberrimi.
853 4601 932 4651 Auro
985 4579 1136 4650 6101111111·
1164 4582 1195 4636 Hi
1212 4582 1419 4651 1111111111ῑῦ1
1437 4587 1564 4645 11111016
1592 4597 1659 4638 11111
1679 4582 1836 4654 1111111111

76 4682 169 4750 primo
183 4680 371 4749 amiciuntur,
397 4681 447 4752 qu}
470 4682 617 4753 sapientiae
644 4683 749 4740 djvjnae
773 4684 931 4755 privilegiis
984 4682 1013 4724 Se
1034 4669 1160 4725 Volellies
1175 4669 1307 4742 1111811181,
1333 4672 1411 4741 1111111
1432 4665 1837 4741 8011110311111131θβ1011111111

76 4768 494 4825 adornantur.looasotestea
516 4779 699 4841 reputantur,
720 4786 787 4828 autn
810 4772 870 4842 jain
893 4772 928 4828 ad
984 4758 1019 4812 111
1051 4757 1162 4825 infimi,
1192 4773 1257 4828 (1111
1290 4760 1446 4829 1618111111
1466 4759 1624 4815 arbitratur
1652 4766 1684 4815 111
1710 4765 1835 4816 11111011

75 4855 194 4927 fragilia
207 4870 295 4927 opera
308 4857 512 4914 devolvuntur.
527 4861 602 4928 opus
616 4875 747 4915 manuum
760 4862 839 4929 figuli
850 4868 928 4930 sunl,
982 4847 1065 4916 (1111·
1084 4861 1124 4913 111,
1141 4847 1176 4917 8)·
1194 4847 1348 4904 1111111111
1363 4848 1728 4917 1116111111011111111111·

74 4945 149 5016 quia
163 4953 309 5003 auctorem
333 4948 393 5019 jam
421 4948 530 5005 babent
557 4964 595 5005 ex
617 4957 675 5006 tam
698 4964 833 5020 perversa
858 4966 929 5008 oon-
1374 4970 1439 5010 vnn.

73 5035 239 5091 versatione
263 5035 420 5093 diabolum.
449 5038 532 5093 llunc
561 5038 673 5095 Pharao
698 5038 745 5095 ille
772 5039 926 5111 significat,
1018 5040 1104 5098 Vnus.
1120 5045 1147 5096 6.
1165 5063 1228 5091 -ι
1260 5043 1296 5098 Et
1322 5043 1416 5112 major
1435 5041 1535 5099 edecta
1557 5050 1600 5099 est
1614 5042 1832 5113 iniqnitastltim

73 5121 128 5194 qui
159 5123 302 5179 israelitas
334 5124 361 5179 in
390 5123 451 5181 luto
475 5133 503 5182 ει
527 5126 614 5182 latere
643 5134 671 5183 ot
708 5126 797 5198 paleis
819 5129 928 5186 servire
985 5152 995 5179 ι
1026 5129 1125 5200 populi
1154 5130 1209 5186 mei
1236 5139 1350 5200 peccato
1374 5131 1572 5198 Sodomorum,
1598 5144 1664 5202 qnae
1691 5130 1833 5187 subversa

73 5209 208 5281 cogebat.
868 5206 871 5211 ’
984 5239 995 5266 ι
1019 5227 1061 5276 εει
1076 5218 1106 5274 in
1130 5227 1285 5287 momento,
1299 5227 1326 5276 et
1345 5235 1403 5277 non
1426 5227 1565 5289 ceperunt
1586 5220 1616 5275 in
1639 5233 1674 5276 ea
1688 5234 1828 5277 manus.»

442 5314 560 5357 emuna
981 5306 1055 5375 llau,
1074 5307 1279 5377 interpretatur
1292 5309 1360 5379 ipse,
1377 5308 1580 5379 proculdubio
1604 5309 1677 5365 idem
1697 5309 1750 5380 qui
1764 5310 1829 5375 uta,

113 5384 198 5443 vias.
227 5386 253 5440 6.
290 5415 325 5431 -
354 5406 369 5435 «
402 5386 508 5445 Lamiae
543 5389 729 5447 nudaverunt
757 5405 926 5460 mammam,
980 5408 1046 5465 quaa
1069 5396 1204 5465 superius
1229 5395 1358 5454 diximus
1380 5396 1543 5469 signiticare
1562 5399 1726 5467 prpsmtia3
1748 5396 1829 5452 inve·

77 5472 290 5531 »lactaverunt
303 5473 413 5531 catulos
426 5489 503 5546 suos,
526 5476 585 5533 illia
599 5477 697 5550 populi
719 5479 775 5537 mei
789 5479 926 5554 crudelis,
979 5483 1060 5540 nitur
1080 5482 1225 5540 adestare.
1252 5484 1348 5556 liuius
1366 5486 1435 5553 tilia
1455 5487 1552 5557 populi
1571 5491 1680 5557 pemmo
1699 5484 1828 5541 Sodomo-

1558 5578 1567 5604 6

1450 5752 1457 5762 .
1498 5706 1536 5741 ’Ἣ
