3818 6008
1795 253 1847 305 ‘iti
1896 266 1899 271 ⁴

98 261 151 319 tlt
550 261 581 315 V.
601 257 765 315 GUIBERTI
785 260 976 315 abbatiss.
999 258 1119 313 titula:
1136 257 1183 312 DE
1203 255 1395 312 uovluunto

99 395 177 461 dere,
194 395 271 466 quod
286 401 327 451 est
352 392 509 463 intelligere
524 407 590 448 ιιιιιι
614 391 754 460 iaciet3et
778 403 844 445 cum
859 388 944 445 intel·
964 387 1200 444 Aexcetlentiam
1228 385 1376 458 dignitatis
1408 385 1550 442 aestimare
1588 397 1692 455 queam
1719 381 1845 438 insinua.
1894 403 1899 461 2

101 483 222 552 lexerit,
249 483 309 554 jnm
340 480 489 538 remissius
523 486 598 549 aget.
624 478 723 548 (Vnus.
754 479 948 548 balatunna
1000 478 1179 546 Cur-queris,
1197 474 1245 543 ait,
1269 490 1364 530 nomen
1382 490 1480 539 meum,
1497 472 1575 543 qnod
1596 486 1648 528 nec
1669 471 1848 538 audirc,nec
1893 476 1899 490 ¹

101 571 339 644 precaturque
355 569 436 624 trteob
448 571 478 623 in
492 570 589 622 castris
603 573 678 621 nome
693 568 742 621 itta
756 574 861 632 manet,
878 563 947 636 quia
1000 565 1025 620 si
1046 565 1147 620 audire
1163 564 1260 620 valeas
1281 577 1383 634 capere
1406 562 1519 632 possis?
1540 564 1575 616 Et
1591 561 1728 615 benedixit
1746 575 1806 613 eum
1821 561 1848 612 in
1892 630 1899 645 Ι

100 661 174 718 ιιιιο
197 659 260 714 licet
275 670 388 713 summa
406 657 468 727 jam
491 655 567 710 bona
589 654 688 725 egerit,
705 654 837 725 quandiu
860 661 949 709 tenta·
1000 653 1091 708 eodem
1114 654 1178 720 toco,
1194 652 1279 708 idest
1295 653 1437 706 virtutum
1459 663 1526 705 eum
1548 646 1759 717 multiplicitate
1773 644 1848 700 dita·
1892 648 1899 727 J

101 747 187 805 tionis
208 745 253 801 rel
268 744 364 802 saeculi
380 758 438 799 nox
454 752 505 811 est,
527 751 555 798 et
570 743 658 798 nescit
680 751 778 799 utrum
794 756 891 798 amore
910 756 948 797 an
1001 741 1052 809 rit,
1071 748 1301 810 perseverantem
1326 741 1350 792 In
1367 738 1525 804 rtrarltatis,
1542 750 1608 806 qnae
1621 735 1707 791 corda
1724 748 1784 790 una
1798 748 1849 789 ea·
1892 748 1899 815 j

100 836 164 893 odio
179 835 268 906 digna
290 840 341 890 est.
368 834 465 900 (tiocia
483 847 523 900 rx,
551 834 584 901 t),
610 832 687 888 intra
709 830 893 888 continentiae
915 844 948 886 ac
1001 831 1125 901 demque
1154 829 1230 895 lacit,
1247 842 1313 884 rere
1340 828 1430 882 solido
1449 833 1476 881 et
1500 824 1594 881 stabili
1612 823 1680 879 loco.
1708 821 1848 888 statuisti,
1892 818 1899 841 ²

101 920 521 980 timoriscastrasecontralrit.
1002 919 1051 984 ait,
1080 918 1111 973 in
1136 917 1196 973 loco
1222 916 1346 986 spatioso
1372 915 1456 984 pedes
1482 927 1560 969 uicos
1585 913 1669 980 (Psoi.
1697 926 1765 978 xxx,
1795 911 1847 980 lo).
1893 896 1899 934 ⁵

43 999 44 1003 ¹
138 1012 223 1069 Vnus.
240 1013 284 1064 tt.
301 1041 336 1049 -
351 1011 470 1078 Cumque
488 1013 593 1063 mature
607 1011 779 1076 surrecturi,
797 1011 859 1063 tulit
879 1009 948 1064 duas
1003 1007 1101 1075 (Vnus.
1130 1007 1187 1075 30.)
1205 1006 1292 1061 Vocat
1319 1019 1413 1058 rromen
1443 1004 1495 1057 toci
1518 1003 1593 1057 itlius
1618 999 1749 1062 Piranuei,
1773 1000 1849 1069 qnod
1892 984 1899 1023 ¹

101 1115 198 1155 umores
222 1114 296 1166 suos,
316 1105 341 1152 et
363 1098 473 1153 totidem
496 1099 627 1164 samaias,
648 1114 707 1152 cum
729 1098 852 1152 undecim
872 1099 947 1167 filiis,
1002 1102 1044 1151 cst
1056 1095 1141 1160 socies
1159 1096 1217 1158 Dei,
1236 1093 1306 1163 quia
1322 1092 1351 1147 in
1364 1091 1514 1147 dilectione
1532 1088 1676 1160 praecipua
1688 1087 1735 1145 Dei
1748 1088 1849 1158 cogni·
1893 1075 1899 1095 ¹

101 1195 127 1244 et
141 1191 271 1243 transivit
282 1187 383 1242 andum
397 1186 489 1241 Jacob.
505 1187 590 1242 Jacob
607 1195 703 1242 autom
719 1188 791 1240 tacta
806 1186 850 1243 vel
866 1203 949 1241 orento
1003 1185 1041 1240 tio
1056 1193 1109 1249 est,
1132 1191 1160 1240 et
1175 1183 1226 1254 qni
1251 1183 1325 1238 hanc
1349 1180 1444 1248 habet,
1472 1181 1568 1247 alteo,
1587 1179 1674 1249 juxta
1694 1177 1849 1248 Epistulam

102 1277 216 1345 dicitur,
241 1274 949 1347 inquoconllictusetconlligendilocnsnruu-
1002 1273 1127 1339 ioannis,
1152 1272 1285 1342 cognitus
1309 1278 1361 1325 est.
1380 1270 1412 1324 tn
1442 1268 1512 1324 laoie
1529 1267 1606 1323 enim
1628 1267 1729 1323 notitia
1755 1274 1807 1334 est,
1824 1274 1851 1322 ιι
1895 1276 1899 1288 ¹

103 1365 158 1421 dus
172 1363 279 1420 scilicet
293 1372 320 1419 et
337 1363 453 1419 tentatio
472 1363 536 1433 eius
551 1362 731 1433 intelligitur.
747 1362 799 1418 Sed
815 1363 884 1433 qnia
899 1376 950 1418 ea·
1004 1362 1080 1416 Deus
1096 1360 1154 1428 ipse
1180 1359 1304 1414 charitas
1326 1365 1368 1414 ιιι
1383 1357 1407 1423 (ι
1418 1358 1496 1411 toan.
1522 1371 1561 1424 ιιι,
1587 1355 1638 1423 lb).
1671 1354 1733 1408 tiidi
1761 1356 1849 1408 bomi-
1896 1427 1899 1434 Ι

103 1452 167 1509 dem
184 1465 271 1506 arena
287 1451 394 1506 vadum
405 1451 576 1519 appellatur,
591 1459 748 1520 proventus
762 1465 798 1506 ex
811 1452 867 1506 Deo
883 1465 949 1506 cum
1003 1463 1068 1502 num
1085 1447 1148 1520 [at.,
1173 1445 1278 1518 ιιιιιιι,
1299 1447 1374 1513 tercie
1398 1445 1435 1499 ad
1449 1447 1547 1512 sacient
1562 1448 1588 1498 et
1611 1445 1689 1498 sciro
1711 1445 1790 1510 sucta
1813 1447 1851 1497 ιιι
1896 1454 1899 1464 ·

106 1540 260 1596 tentatione
282 1540 400 1595 iuturus
419 1538 561 1594 innuitur.
582 1540 689 1593 Mature
712 1539 806 1610 surgit
826 1554 893 1595 cum
916 1539 951 1594 de
1005 1535 1312 1602 animamea.Qnodest
1325 1551 1331 1589 :
1344 1533 1648 1600 intellexillominum,
1663 1531 1852 1610 intelligentia
1896 1519 1899 1554 ³

104 1629 220 1686 levitate
252 1626 433 1698 cogitationis
462 1625 611 1696 gravitatis
637 1642 726 1683 manu
756 1642 785 1683 se
811 1628 947 1699 subrigit.
1007 1623 1178 1695 cognitionis
1199 1624 1262 1694 ejus
1278 1623 1439 1679 illustrante
1454 1622 1585 1678 notitiam
1608 1635 1713 1687 meam,
1734 1627 1762 1677 et
1785 1619 1854 1690 qnia
1897 1612 1899 1631 ¹

107 1719 209 1773 timores
231 1717 351 1783 (amatas
375 1731 435 1770 cum
459 1715 582 1769 undecim
604 1717 669 1783 ptris
691 1715 771 1784 toltit,
797 1731 863 1773 cum
883 1731 951 1772 con·
970 1687 992 1744 B
1008 1728 1059 1784 per
1075 1713 1128 1769 boc
1155 1712 1315 1783 quodcum
1340 1725 1435 1780 nosco,
1460 1712 1538 1767 nosci
1554 1725 1598 1766 me
1622 1709 1744 1778 abipso,
1773 1708 1855 1765 idest
1897 1701 1899 1722 ⁴

106 1805 319 1876 temptationem
342 1811 369 1860 et
383 1809 479 1859 actum
504 1818 569 1860 curn
591 1803 668 1859 vitiis
684 1804 858 1861 ancillariter
881 1805 954 1861 sub·
1007 1802 1073 1873 eligi
1088 1816 1148 1857 non
1163 1801 1274 1869 dubito,
1285 1799 1385 1856 salutis
1397 1799 1502 1856 animae
1512 1798 1632 1868 spiritus.
1644 1805 1752 1854 certam
1763 1804 1853 1852 teneo.
1898 1817 1899 1820 ¹

103 1893 282 1967 jacentibus,
307 1901 335 1950 et
365 1893 499 1962 operibus
526 1892 649 1948 necdum
678 1893 711 1948 ad
743 1894 953 1950 duodenarium
1042 1892 1186 1948 Vensil.
1204 1920 1237 1929 -
1259 1890 1392 1958 ortusque
1406 1894 1445 1943 est
1458 1891 1552 1943 statim
1567 1889 1617 1952 sot,
1630 1892 1777 1957 postquam
1791 1901 1854 1955 pro-

107 1982 288 2054 periectlonis
311 1981 472 2052 apostolice
497 1981 725 2052 attingentibus,
758 1982 786 2037 in
810 1990 954 2053 quantum
1008 1995 1115 2048 gressus
1129 1985 1168 2034 est
1182 1979 1311 2043 Pbanuet,
1334 1976 1454 2033 incaluit
1468 1976 1599 2032 videlicet
1615 1989 1682 2031 mox
1699 1973 1857 2043 mentitus

108 2072 276 2141 pravatus
296 2068 503 2140 temporalibus
522 2069 651 2137 extollit,
676 2070 817 2125 etardum
840 2071 954 2137 transit,
1010 2067 1078 2123 titim
1101 2067 1154 2122 lux
1178 2075 1206 2123 et
1228 2066 1332 2133 servor,
1356 2074 1510 2136 postquam
1539 2065 1588 2120 [lei
1608 2063 1740 2120 notitiam
1764 2061 1858 2133 attigit

108 2160 270 2215 secundnm
294 2159 400 2215 scilicet
429 2158 506 2227 quod
533 2157 631 2214 multis
658 2157 848 2215 imbecillibus
876 2172 955 2214 mare
1009 2156 1091 2211 ratio.
1116 2155 1255 2223 Phanuel,
1280 2154 1365 2211 etiarn
1383 2154 1582 2224 transgressio,
1599 2159 1764 2223 potestesse
1787 2164 1855 2221 prae·

109 2242 955 2311 turbulentissimumcst,contemptuihabeuscumtditbum
1009 2247 1052 2297 ter
1067 2241 1228 2311 generalem
1252 2240 1302 2296 [ιιι
1317 2241 1508 2311 coguitionem
1532 2239 1623 2309 ipsius
1645 2237 1855 2308 contemplatio.

108 2330 242 2387 transilit.
1009 2333 1070 2400 lpse
1083 2346 1145 2385 uero
1173 2330 1250 2386 haud
1278 2329 1401 2386 dubium
1420 2335 1492 2383 ιιι
1511 2329 1583 2399 quin
1600 2326 1771 2391 intellectus,
1787 2327 1858 2381 clau·

145 2419 231 2476 Vens.
248 2422 294 2485 ⁴23,
319 2421 365 2473 tt.
382 2447 417 2459 -
442 2417 673 2486 transductisque
694 2419 816 2473 omatibus
841 2434 901 2488 qaae
919 2417 956 2472 ad
1010 2419 1120 2474 dicabat
1143 2419 1221 2488 pede,
1243 2418 1314 2488 quia
1340 2417 1548 2473 rimamiserat
1567 2415 1725 2472 allectionis
1750 2429 1855 2485 pravae.

109 2522 136 2562 ιι
148 2507 330 2577 pertinebunt,
354 2509 490 2562 rcrrranst't
511 2507 601 2571 sotus3
624 2512 648 2560 et
663 2522 719 2560 ecce
739 2510 781 2560 ιιι·
802 2507 957 2561 luctabatur
1011 2509 1108 2581 (Vnus.
1127 2508 1184 2579 ιι.)
1202 2509 1290 2574 Quam
1310 2509 1341 2562 ob
1358 2524 1468 2563 causam
1482 2523 1534 2562 non
1550 2508 1690 2562 comedunt
1705 2507 1760 2567 atii
1773 2506 1858 2561 lsruet

109 2611 172 2651 eum
186 2610 215 2650 co
230 2611 315 2666 usque
337 2611 425 2649 marne.
440 2595 542 2650 Omnia
557 2609 622 2664 qum
638 2595 671 2650 ad
688 2610 717 2650 se
739 2597 881 2665 pertinent
894 2603 956 2651 tra·
1010 2615 1133 2661 neronem,
1150 2598 1234 2653 idest
1260 2612 1318 2653 non
1340 2597 1497 2653 admittunt
1519 2596 1718 2652 obstinationis
1743 2594 1856 2661 vitium,

110 2684 200 2752 ducit,
226 2698 291 2738 cum
315 2683 433 2752 spiritus
459 2690 485 2738 ιι
511 2683 599 2738 ιοιιιιι
622 2697 681 2738 snae
704 2683 820 2739 virtutis
847 2684 957 2739 tructus
1011 2701 1077 2759 quae
1093 2689 1223 2741 enrarcuit
1249 2686 1279 2741 in
1294 2685 1530 2754 concupiscentiis
1554 2683 1723 2751 intellectus,
1747 2684 1783 2739 ad
1807 2684 1860 2738 boc

112 2770 319 2826 transvectum
344 2769 372 2825 in
397 2778 482 2840 portu
506 2769 612 2824 celesti
637 2770 793 2826 constituit.
820 2771 958 2827 Remanct
1012 2776 1118 2832 scilicet
1147 2783 1177 2830 ut
1192 2775 1283 2830 Dcurn
1307 2789 1373 2830 vere
1399 2775 1470 2828 diem
1486 2773 1595 2844 ubique
1615 2778 1772 2843 presentem
1788 2771 1860 2827 tiber

110 2860 193 2925 sotus,
211 2858 290 2929 quia,
306 2857 375 2913 vetit
395 2857 474 2925 nolit,
500 2871 617 2927 corpore
632 2858 776 2914 detinetur
796 2859 823 2914 in
845 2866 957 2929 tempo-
1012 2864 1173 2935 attingeret,
1194 2879 1223 2917 eo
1237 2863 1309 2932 quod
1331 2862 1505 2933 mitigaverit
1521 2863 1596 2917 Deus
1610 2861 1746 2918 duritiam
1763 2860 1860 2917 libidi-

111 2945 231 3002 ralibns.
251 2948 301 3001 Vir
316 2961 375 3000 cum
393 2961 422 2999 eo
438 2960 521 3014 usquc
533 2961 610 2999 marre
626 2945 761 3011 luctatur,
777 2948 846 3003 dum
865 2948 958 3003 virtus
976 2965 1149 3027 cuasarum
1166 2950 1410 3007 consuetudinum
1433 2951 1505 3020 eius,
1522 2953 1547 3003 et
1567 2949 1749 3018 obstupuerit,
1766 2948 1794 3003 id
1819 2955 1860 3003 ιιι

112 3048 239 3103 superna
255 3034 359 3090 volenti
377 3034 440 3104 eius
455 3048 599 3089 summam
610 3035 808 3103 conscendere,
823 3044 855 3093 ut
866 3036 958 3108 magis
1011 3040 1047 3095 ad
1064 3039 1301 3109 impassibilitatis
1316 3038 1438 3109 gratiam
1453 3037 1539 3094 etiam
1555 3038 1584 3092 in
1600 3038 1654 3093 hac
1670 3037 1728 3092 vita
1740 3036 1801 3106 jam
1816 3051 1861 3091 re
1897 3065 1899 3080 ι

112 3122 249 3178 accendat
265 3121 382 3178 rationis
405 3122 543 3179 desiderio
566 3121 758 3192 dispensative
783 3124 955 3195 refragatur.
1012 3129 1094 3184 norit.
1113 3127 1175 3183 Filii
1189 3136 1284 3184 autem
1304 3126 1391 3183 lsrael
1406 3134 1475 3183 sunt
1491 3126 1542 3196 qni
1560 3127 1635 3182 vices
1649 3125 1699 3181 [lei
1711 3125 1765 3181 sibi
1782 3125 1859 3195 prin·
1898 3114 1899 3181 Ῠ

112 3211 241 3279 Quaesivi,
254 3211 293 3267 ait
303 3210 333 3266 in
344 3210 468 3268 Canticis
480 3210 536 3279 illa,
548 3216 573 3264 ιι
586 3227 639 3265 reon
652 3215 743 3267 triceni
757 3214 849 3279 ittum3
864 3217 959 3269 vocari
1013 3217 1133 3286 cipando
1145 3223 1259 3288 gerunt.

112 3303 138 3353 et
151 3314 204 3353 non
216 3298 365 3368 respoudit.
383 3299 476 3368 (Cant.
493 3314 520 3364 ι,
530 3299 570 3368 o.)
586 3298 646 3354 Non
658 3307 754 3354 tamen
766 3300 815 3356 din
827 3299 959 3357 differtur
1302 3304 1418 3360 CAPUT
1438 3304 1569 3359 XXXIll.

113 3387 219 3442 divinae
237 3386 436 3443 illustrationis
459 3400 552 3454 mane,
568 3402 634 3457 qum
655 3401 719 3457 spos
741 3403 793 3443 nos
807 3389 914 3445 excitat
931 3390 959 3444 in
1049 3394 1133 3450 Vens.
1151 3397 1178 3460 l,
1201 3396 1227 3448 2.
1244 3423 1278 3432 -
1299 3394 1403 3447 teucris
1422 3398 1512 3446 autem
1529 3392 1617 3447 ocutos
1643 3391 1712 3445 uidit
1726 3393 1804 3446 Ειαιι
1817 3406 1860 3445 ne-

113 3474 278 3531 luctamine.
1013 3485 1130 3537 trientem
1159 3488 1184 3536 ιι
1212 3499 1271 3536 cram
1298 3497 1327 3537 eo
1354 3480 1566 3550 quadringentas
1592 3483 1685 3550 niros;
1714 3479 1861 3548 divisitque

149 3563 236 3620 Vnus.
252 3567 296 3618 ab.
322 3595 355 3604 -
377 3565 432 3630 Qut
452 3580 511 3619 eum
529 3563 643 3629 videret,
668 3565 745 3621 Deus
770 3565 863 3635 plane,
888 3567 960 3637 quod
1013 3573 1083 3642 fitius
1107 3573 1161 3626 ain
1184 3576 1209 3625 et
1227 3571 1334 3636 Raetici,
1359 3569 1553 3637 amborumque
1573 3570 1753 3636 famulorum,
1768 3573 1793 3622 et
1813 3584 1859 3639 po-

115 3652 270 3711 dillerendo
296 3661 362 3708 vota
387 3668 516 3722 superare
538 3668 592 3707 non
614 3656 713 3722 posset,
736 3657 825 3721 tetigit
849 3670 960 3709 nurum
1013 3664 1069 3715 suit
1091 3665 1221 3729 utrasque
1242 3659 1370 3724 otacilius,
1394 3662 1418 3712 et
1437 3659 1508 3725 titios
1533 3672 1627 3711 earum
1650 3659 1678 3710 iu
1701 3659 1858 3727 principio3

112 3745 224 3812 temonis
246 3742 314 3812 ejas,
331 3741 416 3798 idest
437 3741 624 3798 mansueiccit
646 3741 865 3800 obstinationem
883 3744 962 3800 tasci-

114 3833 169 3887 vim
183 3830 341 3901 corporalis
367 3831 447 3900 ejus,
474 3835 498 3884 et
513 3833 606 3884 statim
628 3831 813 3901 asuperlluae
840 3833 961 3890 humore

115 3919 292 3982 remissionis
315 3920 454 3972 emarcuit.
485 3918 580 3986 (Vens.
603 3920 660 3988 iti.)
681 3922 807 3983 Dimitta-
827 3921 884 3988 ait,
909 3938 959 3988 me,

112 4009 172 4078 jum
196 4009 266 4061 enim
285 4007 408 4061 ascendit
431 4022 542 4061 aurora.
567 4011 606 4062 dc
621 4008 645 4063 si
670 4008 747 4063 dicat
764 4023 770 4062 :
787 4007 850 4065 Jam
878 4024 962 4066 mane

117 4096 187 4153 illud
211 4095 289 4165 quod
311 4095 708 4167 prestolabarishabes,jan1
732 4097 768 4152 ab
784 4098 962 4168 insequendo

116 4184 265 4255 quiescere
288 4190 374 4253 potes.
400 4185 469 4252 lton,
483 4184 533 4251 ait,
555 4184 702 4246 dimittam,
723 4187 780 4239 nisi
794 4186 962 4242 benediceris

1014 3752 1092 3805 biam
1120 3763 1182 3802 nero
1207 3753 1232 3802 et
1259 3746 1331 3817 filios
1359 3748 1416 3814 ejas
1443 3749 1472 3799 in
1498 3746 1613 3800 secundo
1640 3746 1702 3800 ioco.
1731 3745 1862 3816 Erigita

1015 3837 1136 3894 terrenis
1163 3837 1282 3907 spiritns
1313 3834 1509 3900 intentionem,
1539 3841 1566 3889 ιι
1604 3821 1740 3903 prospicit
1769 3833 1863 3889 carnis

1016 3925 1149 3982 allectum
1164 3925 1209 3980 bis
1232 3925 1437 3986 imminentem,
1454 3931 1482 3978 et
1503 3937 1569 3978 curn
1585 3937 1617 3977 eo
1638 3922 1726 3977 totius
1741 3921 1863 3978 saecula-

1016 4016 1109 4071 ritatis
1127 4014 1389 4084 praesumptionem.
1407 4014 1446 4069 lle
1471 4011 1693 4082 quadringentis
1715 4025 1806 4081 snpra
1819 4011 1864 4066 di-

1015 4103 1114 4159 ximus
1128 4102 1224 4158 latius.
1249 4101 1388 4158 Discernit
1403 4102 1477 4156 inter
1498 4114 1586 4168 opera
1601 4099 1653 4169 piae
1677 4099 1862 4164 actualitatis,

1016 4201 1043 4248 et
1057 4205 1144 4261 opera
1159 4191 1233 4247 Batae
1256 4197 1283 4246 et
1294 4189 1386 4257 Zella,
1404 4189 1535 4244 videlicet
1552 4188 1701 4244 vetustatis
1717 4194 1746 4243 et
1766 4187 1864 4259 gloriae

116 4273 199 4338 miti,
229 4271 285 4328 nisi
312 4270 443 4328 videlicet
471 4272 507 4327 ad
533 4272 732 4327 certitudinem
758 4273 961 4333 benedictionis
980 4297 1003 4352 1)
1018 4279 1112 4336 inanis
1134 4287 1161 4335 et
1176 4279 1247 4335 vitia
1261 4293 1296 4334 ιιι
1313 4278 1449 4347 vitiisque
1467 4276 1589 4332 orientia
1603 4275 1738 4346 qnalibet
1754 4275 1781 4331 in
1799 4289 1861 4345 pro-

116 4368 230 4417 aeternae
250 4374 295 4416 me
318 4361 496 4430 perduxeris.
513 4361 609 4426 (Vnus.
631 4359 688 4430 it.)
713 4361 789 4428 Quod
803 4378 907 4430 nomen,
922 4364 962 4420 in·

117 4449 190 4522 quit,
215 4454 254 4504 est
274 4450 349 4504 tibi?
376 4449 406 4504 ld
431 4455 472 4504 est
496 4449 678 4505 reminiscere
701 4450 744 4505 tui
762 4451 961 4520 protessionem

117 4538 261 4610 propositi.
287 4538 353 4593 ait:
370 4539 461 4592 Jacob.
477 4537 519 4593 Ad
544 4537 770 4605 subversionem,
798 4540 902 4610 inquit,
918 4542 961 4597 vi·

115 4642 183 4684 ιιιι
198 4626 353 4684 deliberari
376 4626 522 4682 vitiorum.
550 4625 644 4694 (l'nns.
660 4627 716 4698 tt.)
743 4628 805 4684 Non
828 4629 959 4686 attritio

116 4730 181 4773 rum
216 4715 494 4786 supplantandorum
519 4714 570 4770 tibi
607 4715 689 4771 modo
721 4717 882 4774 sollicitudo
915 4719 962 4775 in-

116 4806 242 4874 cumbet,
267 4804 295 4860 id
311 4811 373 4869 est,
395 4819 449 4857 non
471 4803 552 4858 Jacob
571 4803 724 4870 vocaberis,
739 4805 787 4860 sed
811 4808 906 4869 lsrael,
934 4806 962 4862 ul

115 4903 158 4952 est
173 4895 304 4966 princeps
320 4907 387 4949 cum
403 4893 471 4961 Deo,
490 4890 535 4948 vel
550 4891 671 4948 dilectus
693 4894 752 4960 Dei,
768 4902 801 4950 ιιι
812 4894 872 4965 jam
889 4909 961 4966 qna·

116 4983 183 5040 dam
198 4982 331 5039 collativa
354 4981 457 5037 deitate
477 4980 620 5051 cumipse
644 4981 720 5037 intra
742 4990 766 5038 te
791 4983 883 5053 ipsum
904 4984 961 5039 tteo

117 5072 311 5142 principatum
326 5077 435 5138 teneas,
450 5077 477 5125 et
492 5070 637 5139 consopito
648 5071 814 5140 passionum
830 5070 960 5140 strepitu,

114 5173 152 5215 ex
168 5160 224 5216 Deo
246 5160 280 5215 ad
296 5159 386 5215 Deum
409 5166 435 5214 te
450 5158 569 5229 dirigas,
584 5166 612 5215 et
633 5160 741 5230 pacatis
763 5159 898 5217 omnibus
916 5159 962 5215 llis

116 5248 167 5304 uni
188 5247 331 5318 intendas,
357 5247 494 5320 quonlam
524 5249 547 5304 si
571 5256 786 5318 perseveranter
809 5249 846 5304 ad
869 5249 959 5304 Deum

116 5336 204 5393 anxie
237 5338 425 5406 quaerendum
462 5337 767 5407 complectendumque
799 5337 878 5394 tortis
910 5351 959 5405 ιι,

1017 4368 1115 4438 patulo
1138 4381 1189 4437 per
1203 4366 1408 4422 contessionem
1432 4366 1534 4434 ponit,·
1546 4365 1615 4434 qnia
1630 4365 1722 4432 justus
1739 4362 1766 4418 in
1784 4364 1862 4434 prin-

1015 4457 1089 4529 cipio
1115 4462 1256 4511 accusator
1271 4459 1310 4509 est
1333 4457 1377 4509 sui
1398 4454 1490 4521 (Pron.
1514 4468 1593 4518 xvrn,
1620 4455 1672 4520 tr).
1691 4452 1751 4519 bia,
1769 4452 1796 4508 id
1821 4459 1863 4508 cst

1016 4546 1119 4612 activa,
1144 4558 1210 4600 curn
1229 4543 1303 4610 titiis,
1320 4543 1347 4598 id
1367 4552 1408 4599 est
1422 4542 1524 4598 studiis
1545 4542 1606 4598 suis
1620 4544 1648 4595 in
1665 4541 1780 4596 secundo
1795 4543 1861 4608 ioco,

1017 4642 1049 4691 ut
1063 4634 1104 4690 sic
1120 4633 1196 4688 inira
1215 4632 1380 4688 deserviant
1396 4630 1536 4701 proximo,
1554 4638 1586 4687 ut
1609 4630 1744 4700 superins
1767 4631 1861 4686 inten-

1018 4723 1122 4778 tionem
1145 4721 1273 4777 deierant
1288 4722 1354 4776 Deo.
1385 4721 1488 4774 Ructat
1504 4724 1593 4774 autem
1611 4724 1636 4773 et
1657 4720 1755 4789 insepti
1770 4722 1862 4773 nocis·

1016 4814 1096 4867 simos
1126 4809 1214 4879 ponit,
1243 4809 1376 4880 qniallei
1405 4808 1674 4878 contemptationem
1698 4808 1819 4864 sinceris
1836 4816 1864 4864 et

1017 4897 1149 4967 perlectis
1184 4897 1348 4960 mentibus,
1376 4911 1441 4968 qum
1472 4896 1563 4951 tilium
1587 4895 1710 4965 ioseph,
1741 4895 1769 4951 id
1798 4903 1862 4962 cst,

1016 4987 1142 5043 trucium
1167 4986 1332 5056 sempiterni
1355 4985 1504 5056 augmenti
1523 4999 1635 5054 semper
1657 4991 1766 5053 spectat
1780 4984 1865 5055 perti·

1016 5089 1084 5131 nere
1098 5076 1160 5131 scit.
1178 5076 1274 5145 (Vnus.
1292 5077 1328 5141 3.)
1344 5075 1383 5129 Ει
1397 5078 1454 5142 ipse
1468 5073 1643 5143 progrediens
1657 5072 1786 5129 adorauit
1800 5089 1863 5142 pro-

1015 5178 1065 5218 nus
1088 5165 1118 5218 in
1144 5170 1245 5219 terram
1269 5165 1378 5233 septies,
1402 5162 1484 5217 donec
1511 5145 1747 5231 appropinquaret
1774 5165 1864 5228 stater

1014 5253 1083 5321 eius,
1108 5252 1259 5323 proficiens
1281 5251 1389 5307 scillcet
1403 5257 1431 5305 et
1454 5249 1513 5319 ipse
1535 5249 1570 5304 ad
1588 5249 1718 5305 eamdem
1733 5256 1861 5306 conum·

1016 5340 1179 5409 piationem,
1197 5347 1224 5395 et
1250 5340 1287 5395 ad
1303 5339 1432 5409 perlectae
1454 5337 1573 5393 visionis
1594 5345 1796 5408 augmentum.
1812 5339 1861 5393 Se·

115 5431 225 5496 quanto
241 5425 333 5497 magis
346 5433 445 5483 contra
460 5426 589 5482 homines
604 5425 782 5497 praevalebis.
799 5426 961 5483 contrabu-
1012 5431 1100 5498 pties3
1116 5428 1193 5498 quod
1214 5435 1256 5484 est
1275 5435 1303 5483 ιι
1315 5441 1446 5497 corpore,
1459 5432 1486 5482 et
1501 5426 1599 5481 anima
1615 5425 1790 5483 humiliatur
1802 5439 1861 5497 pro

116 5513 262 5571 munitatis
283 5514 388 5572 scilicet
412 5515 589 5571 tentationes.
606 5514 700 5582 (Vens.
721 5514 778 5585 ιι)
801 5518 835 5572 nt
854 5516 960 5572 tacet:

117 5603 170 5659 Dt'r
185 5603 254 5658 mibi
266 5619 319 5674 quo
334 5602 484 5674 appetieris
506 5604 621 5669 nomine,
639 5600 667 5659 id
687 5609 729 5659 est
741 5601 884 5674 quomodo
902 5612 960 5662 tuae

1014 5531 1070 5573 nus
1097 5516 1134 5572 ad
1160 5517 1250 5573 solam
1278 5516 1397 5572 vilitatis
1428 5516 1551 5586 propriae
1580 5515 1859 5580 considerationem,

1013 5604 1146 5676 quaudiu
1171 5612 1291 5662 terrenae
1321 5604 1462 5675 superbiae
1490 5603 1535 5661 bis
1563 5603 1683 5662 silemus
1711 5604 1859 5673 imminet,
