3818 6008
110 207 179 266 lota

625 209 673 263 Ab
693 209 768 264 0PP.
789 208 867 262 VEN.
888 206 1050 262 culunnrl
1071 205 1115 260 DE
1133 203 1337 260 uovlusuro

1793 199 1864 258 tort

110 342 253 411 medendi,
270 341 318 399 lib.
337 359 356 408 1,
380 355 442 412 cap.
471 345 507 411 93
536 342 651 399 Aristot.
682 344 720 398 be
743 348 869 413 generat.
895 341 954 397 aui·
971 341 1178 398 Aseutentiam
1198 353 1278 410 papae
1304 338 1464 395 iunocentii
1489 339 1537 407 ΙΙΙ,
1561 338 1611 395 ΙΙΙ).
1637 353 1675 394 ιι.
1704 337 1746 394 De
1770 336 1862 393 misse

111 430 250 501 mal;lib.
270 445 298 498 v,
325 443 387 500 cap.
411 428 483 499 ult.;
509 429 684 500 Hippocrat,
708 439 775 487 sect.
800 429 848 486 lib.
872 445 903 486 ιιι
918 431 957 485 Dc

112 519 257 584 carnibus,
273 526 338 574 ante
352 517 426 573 med.

149 608 212 662 Huc
226 606 349 675 pertinet
374 605 451 675 quod
478 605 597 661 tradunt
618 614 750 662 auctores
775 606 839 676 ipsi,
865 606 956 661 haud-

112 707 260 765 quaquam
272 693 369 749 deutes
379 693 518 763 quosdam
529 692 684 749 infantium
695 694 861 750 necessitate
877 702 960 750 natu·

111 780 175 848 rali,
211 782 259 838 sed
297 783 496 838 tautummodo
523 796 560 837 ex
585 783 787 839 alimentorum
802 784 959 839 mutatione

112 869 334 939 corruptioncve
348 869 487 926 excidere.
504 869 576 936 Quid
593 870 681 941 igitur
695 886 799 937 causae,
820 871 890 941 quid
906 886 960 926 ιιι-

113 956 251 1013 cessitatis
266 957 368 1012 Christi
390 957 418 1012 in
434 971 560 1027 corpore,
586 959 633 1013 cui
658 959 707 1014 illa
730 961 876 1029 corruptio
901 973 959 1015 non

113 1045 299 1114 competebat,
329 1059 434 1100 novam
457 1045 584 1101 dentium
609 1046 712 1102 luctam
745 1047 960 1117 productionem

114 1134 264 1188 asserere?
283 1133 324 1189 Ac
339 1133 458 1201 proinde
473 1132 627 1189 Guibertus
642 1135 760 1190 minime
783 1143 825 1191 est
850 1135 878 1190 ln
903 1136 962 1191 cul-

113 1233 179 1291 pam
192 1227 220 1276 et
242 1220 352 1275 crimen
371 1220 568 1285 adducendus,
593 1222 642 1291 qui
668 1223 782 1278 dentem
807 1223 962 1280 salvatoris

113 1306 208 1365 ullum
232 1308 261 1364 in
288 1307 526 1364 Saumedardensi
552 1309 682 1365 cmnobio
714 1311 793 1366 baud
830 1325 961 1382 unquam

113 1396 265 1463 exstitisse,
292 1405 321 1452 at
347 1395 417 1452 laiso
446 1397 499 1452 boc
521 1396 636 1452 nomine
668 1406 837 1456 veneratum
869 1399 963 1469 potius

116 1485 198 1542 beato
214 1485 339 1554 cuipiam
354 1485 570 1540 attribuendum
587 1485 741 1541 contendit.

150 1571 196 1641 (¹¹)
208 1572 273 1628 Car.
286 1573 308 1639 l,
321 1571 335 1643 ἓ
347 1588 376 1627 ιι.
386 1570 826 1644 -Capt'llnmdccupilenostro
836 1590 964 1644 nonper-

112 1657 222 1715 itcrum
231 1659 354 1717 άὶιιναι.
368 1661 399 1716 in
411 1660 581 1716 sententiam
596 1661 635 1716 ire
647 1661 759 1717 videtur
769 1661 845 1718 beati
857 1666 961 1733 dugu-

115 1747 194 1813 stim,
205 1749 350 1805 Encbirid.
367 1762 429 1818 cap.
442 1751 475 1803 87
486 1755 593 1818 etseq..
610 1749 753 1818 precipue
764 1748 890 1806 verolib.
903 1765 962 1806 xxn

118 1835 157 1891 be
171 1835 290 1893 Civitatc
306 1837 365 1904 Dei,
381 1850 444 1906 cap.
463 1839 495 1890 ro
510 1844 536 1891 et
551 1839 594 1890 ιθ.
612 1836 722 1893 Scilicet
738 1852 795 1892 non
817 1838 962 1893 membro-

116 1937 192 1991 rum,
205 1939 261 1980 ncn
274 1925 532 1995 partiumcorporls
542 1925 742 1994 quantitatem,
752 1926 962 1982 sednumerum

119 2010 251 2067 instituta
263 2025 316 2067 sua
332 2010 465 2082 professis
479 2011 610 2068 Christus
624 2027 653 2067 se
678 2010 733 2067 illis
754 2013 847 2068 verbis
873 2014 964 2069 reddi-

118 2107 218 2156 turum
242 2099 400 2168 pollicetur.
424 2099 551 2170 Corpora
574 2100 717 2170 siquidem
750 2101 899 2157 beatorum
934 2103 963 2156 in

119 2188 337 2255 resurrectione,
353 2202 420 2244 cum
435 2189 493 2244 sint
515 2187 644 2244 ultimam
670 2189 869 2259 perlectionem
893 2204 962 2245 con-

119 2278 264 2339 secutura,
281 2279 309 2328 et
324 2273 351 2326 iu
370 2271 530 2327 substantia
551 2273 663 2342 integra
685 2281 855 2342 reparentur
877 2287 961 2344 opor·

120 2367 168 2429 ιιι,
195 2368 282 2431 atque
308 2359 378 2415 adeo
400 2360 483 2431 longe
506 2361 607 2430 potiori
624 2359 690 2431 Jure
716 2361 769 2416 boc
791 2361 820 2415 iu
853 2361 964 2417 Christo

118 2449 291 2520 completum
317 2457 359 2504 est
383 2449 500 2519 quando
523 2448 690 2514 resurrexit,
715 2457 812 2519 utpote
834 2450 964 2506 omnium

119 2537 267 2606 exemplar
294 2536 543 2608 perfectissimum.
567 2537 594 2593 S.
619 2538 719 2593 Tuom.
746 2538 774 2593 in
799 2539 816 2591 4
839 2546 911 2593 sent.
935 2538 963 2593 d.

119 2627 163 2692 ll,
179 2641 207 2696 q.
237 2629 271 2692 t.,
297 2625 379 2681 artic.
404 2627 430 2679 ι.
455 2625 614 2695 Gaeterique
639 2625 665 2679 in
696 2626 830 2681 nunidem
859 2625 965 2681 librum

119 2711 253 2782 theologi.

155 2800 242 2856 Porro
275 2800 344 2856 dens
374 2799 420 2856 ille
448 2799 606 2856 salvatoris
641 2801 668 2855 in
699 2810 774 2857 terra
801 2801 965 2866 derelictus,

1011 428 1173 499 mysteriis:
1214 427 1314 494 «Quid
1351 427 1386 482 de
1414 426 1634 483 circumcisione
1665 424 1804 496 praeputii
1820 424 1862 480 vel

1013 518 1141 576 umbilici
1172 517 1336 587 precisioue
1362 517 1497 572 dicetur‘l
1526 530 1564 571 au
1591 515 1621 571 ln
1654 515 1864 571 resurrectione

1012 608 1114 665 Christi
1137 606 1267 662 similiter
1291 605 1374 661 rediit
1398 605 1433 660 ad
1459 605 1607 660 veritatem
1633 603 1773 658 humanae
1792 599 1864 656 sub-

1012 697 1147 754 stantiaei
1162 696 1293 752 Creditur
1311 695 1386 748 enirn
1417 695 1446 749 in
1472 694 1653 749 lateranensi
1679 690 1803 747 basilica
1827 703 1866 744 re

1012 786 1130 853 servari,
1147 784 1212 841 lieet
1225 797 1242 838 a
1257 786 1432 853 quiescam
1455 783 1568 838 dicatur
1587 782 1666 851 <ruod
1687 779 1866 850 praeputium

1013 877 1067 932 luit
1082 875 1110 929 in
1128 872 1304 929 llierusalem
1319 871 1445 927 delatum
1459 871 1495 926 ab
1512 871 1616 941 angelo
1631 868 1736 924 carolo
1749 867 1865 937 Magno,
1908 889 1909 897 ι

1014 964 1064 1035 qui
1081 961 1227 1018 transtulit
1246 959 1317 1014 illud
1338 959 1530 1028 aquisgrani;
1556 959 1603 1013 scd
1630 964 1692 1027 post
1719 969 1738 1009 a
1764 953 1867 1008 carolo

1013 1052 1100 1109 Calvo
1115 1050 1240 1119 positum
1254 1047 1285 1103 in
1299 1047 1416 1102 ecclesia
1431 1046 1588 1101 saluatoris
1603 1044 1680 1114 apud
1694 1042 1864 1098 carosium.

1015 1138 1116 1194 Melius
1130 1144 1172 1191 est
1187 1143 1282 1190 tamen
1301 1135 1357 1189 Deo
1381 1140 1471 1188 lotum
1495 1133 1672 1188 committere
1695 1143 1790 1200 quam
1818 1127 1867 1182 ali-

1015 1226 1085 1296 quid
1109 1232 1214 1280 temere
1234 1221 1396 1278 definere.»
1422 1221 1544 1276 Consule
1566 1222 1662 1276 'litum
1686 1219 1868 1273 bostrensem

1015 1321 1043 1370 et
1057 1310 1258 1381 Theophylact.
1277 1307 1307 1363 in
1323 1321 1387 1377 cap.
1410 1321 1430 1363 ιι
1446 1310 1539 1374 anae,
1562 1321 1596 1362 ac
1622 1306 1809 1371 bollandum,
1833 1305 1868 1359 De

1016 1400 1095 1455 Actis
1110 1407 1286 1464 sanctorum,
1311 1405 1378 1453 tom.
1402 1398 1424 1465 Ι,
1451 1398 1487 1453 ad
1511 1397 1586 1451 diem
1612 1398 1623 1449 l
1652 1392 1802 1458 ianuarii,
1822 1406 1868 1463 qur

1017 1487 1178 1544 testimonia
1206 1487 1235 1541 in
1264 1485 1339 1540 hauc
1362 1499 1421 1540 rem
1443 1484 1630 1554 antiquorum
1657 1490 1686 1538 et
1711 1481 1868 1537 recentium

1018 1577 1161 1647 permulta
1177 1574 1287 1631 retexit.

1054 1661 1100 1734 (⁸⁸)
1111 1664 1178 1718 Car.
1196 1662 1242 1728 ΙΙΙ,
1259 1660 1273 1732 5
1288 1675 1326 1716 rr.
1342 1689 1376 1702 -
1395 1659 1476 1714 Sicut
1490 1657 1622 1715 Lauduru'
1644 1658 1727 1729 apud
1751 1674 1807 1713 noa
1827 1658 1868 1712 lec

1015 1749 1107 1823 ipsius
1124 1747 1283 1804 Benedicta
1295 1747 1326 1802 in
1340 1748 1472 1805 columba
1483 1746 1659 1801 cristallina.
1675 1746 1744 1802 Non
1762 1746 1816 1801 abs
1837 1760 1863 1801 re

1018 1841 1118 1909 utique
1135 1838 1181 1893 bic
1195 1837 1326 1893 nonnihil
1339 1838 1477 1892 adnotare
1491 1837 1653 1891 absterreor
1668 1849 1704 1890 ae
1723 1835 1864 1895 detrecto:
1908 1900 1909 1913 1

1017 1926 1122 1983 etenim
1140 1924 1312 1995 plurimisin
1328 1923 1454 1979 ecelesiis
1477 1923 1656 1978 Gallicanum
1681 1937 1735 1992 per
1759 1923 1863 1988 orbem,
1908 1917 1909 1962 l

1017 2023 1045 2070 et
1058 2013 1137 2078 alibi,
1158 2012 1287 2082 guttulas
1308 2012 1388 2067 lactis
1408 2016 1483 2065 ὅτι
1504 2011 1631 2079 Deiparae
1656 2009 1793 2079 religiose
1818 2009 1864 2065 coli

1017 2102 1104 2158 audio
1134 2101 1263 2172 legeque.
1293 2099 1449 2155 Guibertus
1482 2106 1599 2153 econtra
1632 2105 1804 2153 constanter
1837 2098 1863 2152 B.

1017 2189 1163 2259 Virginem
1179 2201 1302 2257 usquam
1315 2203 1330 2242 e
1344 2186 1432 2242 sacris
1445 2186 1583 2243 uberibus
1608 2186 1652 2241 lac
1676 2187 1862 2255 expressisse,

1018 2277 1096 2346 quod
1112 2274 1288 2331 venerationi
1301 2273 1372 2330 loret
1382 2273 1549 2342 aliquando,
1562 2281 1658 2343 negat.
1672 2271 1771 2338 Quam
1784 2272 1866 2341 igitur

1019 2364 1048 2420 iu
1073 2370 1183 2432 partem
1213 2358 1411 2431 propendam‘l
1437 2359 1595 2428 Utrobique
1618 2373 1690 2415 sane
1712 2359 1865 2430 negotium,

1019 2451 1175 2521 utrobique
1189 2449 1344 2518 scrupulus
1360 2461 1456 2502 meum
1471 2447 1598 2502 lancinat
1613 2445 1760 2501 animum.

1054 2539 1159 2593 Verum
1173 2537 1250 2591 enim
1267 2549 1334 2590 vero
1348 2534 1450 2590 volunt
1466 2532 1566 2602 aliqui,
1583 2532 1747 2602 etquidem
1765 2533 1869 2604 gnaris

1019 2624 1084 2681 simi
1097 2625 1258 2693 scriptores,
1274 2622 1318 2677 lac
1333 2621 1403 2677 illud
1416 2628 1617 2676 conservatum
1630 2618 1868 2675 candidissimum

1019 2727 1080 2769 esse
1103 2711 1254 2781 liquorem,
1275 2709 1325 2779 qni
1351 2722 1368 2764 a
1396 2707 1426 2762 B.
1448 2706 1565 2776 Virgine
1587 2706 1649 2777 jam
1674 2705 1705 2760 iu
1731 2706 1806 2762 coelo
1832 2721 1870 2761 rc-

1021 2810 1137 2872 guanle,
1150 2800 1210 2856 suis
1220 2813 1249 2855 se
1258 2799 1341 2854 uuice
1352 2793 1664 2853 amantibusdlllusum
1676 2801 1729 2849 est.
1741 2793 1871 2849 Elbocin

119 2885 164 2942 vel
183 2894 324 2956 putrescet
338 2888 495 2958 aliquando
510 2888 596 2953 (sieut
611 2897 712 2958 argute
728 2890 828 2958 probat
841 2891 964 2959 auctor),
985 2909 1005 2965 c
1021 2897 1114 2945 vetere
1128 2886 1346 2943 carnotensium
1362 2897 1560 2954 episcoporum
1569 2881 1641 2938 serie
1652 2882 1870 2953 consignatum,

119 2973 164 3031 vel
180 2990 246 3030 eum
262 2984 386 3031 resumet
401 2977 531 3032 Christus
545 2985 607 3046 post
629 2985 790 3033 extremum
810 2978 963 3048 judicium,

121 3069 150 3118 at
166 3062 334 3120 utrumlibet
347 3064 506 3119 absurdum
524 3063 582 3119 lore
599 3077 691 3133 perse
707 3072 791 3134 patet.

155 3151 217 3208 Non
233 3165 301 3207 sane
317 3165 369 3222 par
381 3158 422 3207 est
437 3152 508 3208 ratio
526 3151 560 3207 de
581 3151 686 3209 Christi
709 3160 796 3222 atquc
819 3152 853 3207 de
880 3161 966 3208 caete-

119 3249 220 3293 rorum
234 3237 383 3293 honrinum
399 3238 585 3308 corporibus3
602 3238 647 3294 ille
664 3251 790 3308 namque
815 3241 967 3310 resumptis

121 3336 179 3378 nou
194 3323 277 3378 modo
292 3339 357 3394 quae
372 3325 407 3379 ad
431 3324 633 3395 integritatem,
658 3326 815 3381 sedetiam
840 3342 906 3396 quae
930 3328 966 3383 ad

120 3410 257 3481 majorem
271 3412 317 3467 sui
331 3427 458 3483 corporis
482 3413 681 3482 perlectionem
709 3414 967 3483 pulchritudinem·

120 3512 178 3568 qne
192 3500 322 3567 attinent,
340 3502 462 3571 seipsum
480 3502 631 3557 amortuis
653 3501 752 3557 dirlna
775 3502 882 3559 virtute
903 3518 966 3560 sus-

120 3585 228 3643 citavit.
247 3589 282 3643 lli
298 3603 445 3646 varocum
462 3590 590 3645 nondum
614 3591 766 3645 amortuis
780 3590 906 3658 excitati,
922 3590 968 3645 id-

121 3673 196 3728 circo
218 3674 362 3745 quidquid
383 3675 510 3745 corporis
532 3674 629 3743 luerit,
651 3682 719 3731 sunt
740 3683 821 3731 extra
845 3676 966 3732 dubium

121 3761 262 3829 recepturi
274 3762 303 3817 in
317 3761 418 3833 J'udicii
434 3763 498 3832 ‹lie3
516 3777 550 3819 ac
563 3771 713 3833 propterea
728 3778 882 3834 corporum
899 3779 967 3835 par-

120 3854 162 3903 tes
187 3849 329 3905 universae
353 3850 382 3905 in
410 3850 538 3906 loturam
565 3850 612 3905 hic
635 3860 821 3907 asservantur
844 3865 969 3907 resurre-

122 3935 253 3993 ctionem.
715 3994 719 4001 .

156 4022 201 4093 (⁰)
228 4023 294 4080 Car.
321 4024 343 4089 Ι,
362 4022 375 4093 5
393 4040 431 4079 ιιι.
457 4026 573 4080 —Non
588 4024 683 4079 aniane
697 4024 800 4079 etenim
814 4024 849 4079 de
875 4025 966 4079 umbi-

1020 2991 1055 3032 ιιι
1071 2990 1130 3047 qua
1143 2976 1348 3046 lragmentum,
1365 2971 1501 3029 beneflcio
1515 2973 1619 3026 loann.
1637 2971 1721 3040 capr,
1738 2969 1871 3026 Soucheti

1020 3067 1098 3123 omni
1114 3066 1276 3121 litteratura
1290 3064 1374 3129 docti,
1390 3062 1548 3118 emittimus
1571 3060 1599 3114 in
1625 3059 1720 3115 lucem
1738 3074 1745 3113 ε
1775 3081 1790 3109 a
1805 3058 1871 3115 Ful-

1021 3157 1129 3219 bertus,
1145 3161 1210 3218 etc,
1237 3154 1329 3221 ipsum
1355 3153 1383 3207 B.
1412 3152 1497 3222 Virgo
1521 3158 1661 3219 tauquam
1690 3149 1868 3218 praecipuum

1019 3240 1170 3295 alumnum
1187 3238 1217 3292 iu
1233 3237 1358 3306 quadam
1373 3235 1546 3306 egritudine
1568 3232 1760 3304 personaliter
1777 3233 1869 3289 visita·

1020 3328 1072 3394 vit,
1089 3333 1116 3382 et
1137 3325 1268 3394 liugnam
1290 3324 1354 3394 ejus
1376 3323 1436 3393 jam
1460 3335 1540 3377 sacro
1567 3321 1632 3391 igne
1656 3328 1867 3390 consumptam,

1020 3412 1103 3470 lactis
1117 3412 1151 3467 de
1171 3408 1298 3465 mamilla
1314 3416 1441 3465 recenter
1455 3407 1576 3464 extracti
1590 3407 1736 3463 inlusione
1752 3407 1867 3463 sanarit

1022 3502 1103 3558 Unde
1118 3498 1220 3556 accidit
1240 3504 1297 3553 tres
1324 3503 1421 3567 guttas
1444 3496 1524 3552 lactis
1549 3509 1635 3564 super
1662 3495 1738 3551 lacic
1764 3508 1869 3551 reman-

1020 3589 1098 3653 sisse,
1116 3599 1190 3656 quas
1216 3582 1370 3652 recollegit,
1399 3591 1427 3638 et
1454 3581 1483 3636 in
1514 3583 1635 3651 pretioso
1658 3594 1730 3637 vase
1760 3582 1799 3637 ad
1820 3582 1868 3636 hoc

1022 3683 1089 3747 apto
1102 3674 1230 3745 reponit;
1244 3686 1309 3743 quae
1324 3670 1464 3743 usquead
1483 3683 1607 3740 praesens
1618 3670 1646 3723 in
1661 3670 1795 3726 Ecclesia
1818 3684 1871 3725 cer-

1022 3767 1058 3821 tis
1074 3760 1251 3832 temporibus
1266 3766 1451 3814 venerantur.
1469 3779 1479 3805 ι
1498 3757 1571 3812 Huic
1590 3757 1630 3812 rei
1649 3757 1801 3814 calculum
1823 3758 1872 3814 ad·

1020 3852 1083 3926 jiclt
1095 3849 1207 3907 Guillel.
1223 3846 1425 3907 blalmesburi..
1442 3843 1492 3900 lib.
1509 3859 1539 3901 ιιι
1552 3846 1590 3900 Dc
1602 3853 1676 3915 gest.
1697 3844 1871 3917 anglorum.

1058 3939 1119 3994 Non
1139 3935 1275 3991 dissimile
1295 3933 1366 4004 quid
1391 3933 1497 3989 lactum
1520 3933 1569 3988 lib.
1595 3933 1824 3989 membranaceo
1838 3936 1872 3988 ilc

1023 4024 1171 4083 miraculis
1187 4026 1216 4080 u.
1234 4022 1426 4089 Marlae,anuo
1444 4021 1555 4077 circiter
1570 4022 1635 4075 ll00
1660 4020 1780 4091 scriptis
1792 4036 1872 4076 man-

121 4109 186 4176 lieu,
202 4113 229 4164 el
244 4110 400 4165 decaterts
413 4127 474 4182 quac
485 4111 520 4166 de
533 4112 598 4182 ipso
609 4111 715 4166 babere
725 4110 870 4178 dicuutur,
880 4128 968 4183 qoam
1024 4115 1134 4177 datum,
1159 4129 1222 4184 cap.
1243 4117 1295 4169 76:
1317 4118 1356 4169 lle
1383 4111 1520 4167 moncello
1547 4110 1630 4178 cujcts
1653 4109 1758 4164 ulcera
1789 4108 1874 4180 Virgo

121 4193 251 4250 dedente
265 4196 407 4267 apodians
420 4201 527 4270 agitur.
544 4200 592 4255 Nae
610 4213 663 4270 ego
679 4198 748 4268 qnid
776 4200 810 4253 de
834 4199 968 4254 umbilico
989 4203 1106 4258 Dbeala
1118 4203 1193 4258 lacte
1207 4219 1258 4258 erro
1272 4200 1386 4273 epacte.
1407 4223 1417 4249 ‹
1436 4201 1505 4256 Erat
1520 4199 1636 4269 quidam
1655 4198 1747 4252 irater
1773 4197 1823 4267 qui
1847 4198 1874 4252 iu

122 4283 261 4351 limffflffl
278 4298 329 4340 uec
353 4285 454 4352 habeb
482 4301 533 4343 1¹9⁰
558 4287 649 4342 Video
675 4287 790 4353 Verum,
820 4293 852 4343 ui
876 4286 969 4341 dicant
1023 4293 1151 4348 coenobio
1165 4292 1306 4347 militabat
1320 4291 1457 4347 coelorum
1474 4288 1601 4352 boulino,
1624 4286 1674 4341 Dei
1697 4286 1787 4342 Matri
1810 4295 1874 4342 tan-

123 4371 199 4440 quod
223 4373 323 4436 sentio,
349 4373 466 4442 quando
488 4389 544 4429 uon
567 4375 667 4430 eadem
692 4375 739 4428 via
765 4388 824 4444 qua
848 4373 970 4429 iurantes
1023 4393 1112 4450 quam
1128 4389 1155 4435 er
1169 4378 1249 4441 Filio,
1266 4378 1431 4434 decreverat
1446 4374 1554 4431 servire
1573 4372 1684 4429 sedulo.
1711 4374 1790 4429 Cum
1813 4386 1875 4429 mc

122 4457 179 4525 alii,
196 4473 232 4514 ιιι
250 4459 512 4531 virgineoclaustro
527 4462 556 4517 in
569 4460 662 4516 lucem
678 4461 813 4531 prodierit
827 4461 967 4528 Christus,
1022 4473 1127 4522 ventus
1142 4466 1188 4521 illa
1206 4464 1317 4521 linierat
1337 4479 1402 4534 quae
1428 4470 1544 4518 cantare
1565 4467 1646 4516 nocte
1671 4469 1874 4525 consueverat,

121 4547 268 4602 dissonum
284 4555 311 4602 et
337 4548 495 4604 abhorrens
516 4549 587 4605 milri
610 4549 734 4611 videtur,
762 4558 823 4606 tum
846 4549 969 4605 allatre
1021 4551 1551 4614 coramarabicsolusaderat,l1erae
1571 4563 1631 4604 suae
1654 4547 1776 4605 solvens
1799 4548 1874 4619 qnod

121 4635 246 4706 Virgine,
264 4636 425 4690 tumeliam
448 4636 484 4690 ab
510 4635 695 4692 immaculata
719 4637 969 4708 mundissiruaquc
1021 4651 1150 4699 voverat.
1163 4642 1211 4698 llic
1221 4657 1289 4698 vero
1302 4655 1350 4711 per
1362 4637 1596 4708 horasslngulas‚
1609 4646 1673 4706 post
1683 4636 1820 4706 expletas
1831 4638 1876 4691 bo

122 4723 184 4779 Filii
213 4722 370 4788 nativitate,
398 4723 528 4779 excisum
550 4738 566 4779 e
592 4738 710 4793 corpore
735 4727 825 4796 ipsius
849 4725 967 4782 umbili-

121 4826 187 4867 cum
200 4810 319 4867 edicerc.
336 4811 458 4880 Ecquid,
472 4825 520 4868 oro
537 4821 572 4878 te,
588 4812 647 4868 baec
669 4813 729 4882 ipsa
757 4813 883 4870 umbilici
905 4829 966 4871 am·

120 4899 240 4970 putatio,
256 4899 398 4969 siquidem
420 4898 479 4968 ipse
493 4900 561 4957 solis
573 4900 664 4957 instar
677 4901 749 4957 radii
761 4902 868 4957 vitrum
886 4917 968 4972 pene-

120 4987 233 5054 trantis,
258 5000 294 5042 ιιι
328 4993 408 5040 utero
430 4985 554 5057 Virginis
572 4987 751 5043 sanctissimo
772 4989 881 5058 absque
907 4989 966 5044 ulla

119 5074 253 5147 puritatis
268 5073 382 5131 laesione
395 5073 518 5131 exierit?
534 5076 578 5132 Ab
592 5074 636 5131 bis
652 5090 720 5146 crgo
740 5090 859 5132 manum
879 5084 966 5133 retra·

120 5166 235 5222 hamus.

153 5252 193 5308 De
207 5249 349 5322 praeputio
363 5251 478 5320 pariter,
494 5253 571 5322 quod
588 5253 681 5321 ipsum
706 5266 736 5308 se
762 5251 867 5308 habere
891 5266 963 5309 nou-

119 5340 191 5396 nulli
206 5339 375 5411 glorientur,
389 5341 575 5411 scribamque
589 5347 720 5397 auctores
734 5355 790 5396 nou
811 5341 895 5410 pauci
917 5340 963 5397 di-

118 5429 209 5484 versis
224 5429 252 5483 in
265 5425 335 5482 locis
347 5429 487 5484 asservari
519 5437 644 5485 statuere
666 5428 707 5484 nil
732 5429 838 5491 ausim.
859 5438 964 5499 praeter

1021 4745 1068 4788 ras
1085 4731 1248 4796 canonicas,
1270 4728 1401 4800 gloriosae
1424 4727 1520 4783 blarlae
1543 4725 1675 4796 proprias
1697 4725 1874 4783 decantabat

1020 4817 1161 4873 laudeset
1189 4816 1305 4887 gratias.
1330 4815 1416 4870 llulto
1434 4813 1551 4884 quidem
1575 4812 1628 4868 linc
1647 4811 1706 4882 egit
1735 4821 1873 4883 tempore,

1020 4919 1078 4960 non
1093 4903 1251 4974 negligens,
1269 4902 1316 4959 sed
1332 4900 1523 4964 devotissime,
1533 4899 1625 4955 dtiuec
1635 4899 1768 4969 quadam
1780 4909 1874 4957 tentus

1019 4993 1177 5065 gravedine
1212 5006 1270 5047 nou
1293 4990 1405 5047 valebat
1433 4989 1562 5044 debitum
1583 4987 1720 5056 reddere;
1756 4989 1875 5045 morbus

1019 5080 1127 5151 quippe
1139 5079 1260 5136 nimium
1276 5078 1409 5141 alduens,
1427 5077 1466 5132 ita
1481 5082 1582 5147 guttur
1602 5083 1687 5132 extra
1714 5077 1873 5134 interiusve

1018 5174 1216 5235 occupaverat,
1243 5174 1275 5223 ut
1298 5180 1392 5236 neque
1412 5163 1482 5219 cibis
1505 5176 1598 5231 neque
1623 5162 1745 5231 potibus
1767 5173 1873 5234 peteret

1018 5253 1132 5320 aditus;
1162 5254 1211 5310 sed
1235 5261 1261 5311 et
1289 5260 1384 5323 partes
1408 5250 1495 5306 totius
1519 5248 1646 5319 corporis
1677 5249 1760 5306 inira
1789 5251 1873 5309 breue

1017 5341 1143 5412 spatium
1160 5342 1295 5413 temporis
1308 5340 1482 5396 videbantur
1501 5339 1583 5408 quasi
1608 5340 1777 5407 exanimes,
1796 5351 1873 5400 tanta

1016 5439 1078 5486 erat
1093 5431 1137 5486 vis
1151 5429 1341 5500 aegritudinis.
1359 5427 1535 5484 Praevalentc
1549 5426 1649 5483 dolore
1674 5429 1806 5488 lebrium
1833 5431 1874 5486 la-
