3818 6008
537 107 720 165 uouatlbtt
739 109 774 165 ΙΝ
793 109 941 165 Genusia
959 109 1026 165 alh.
1043 109 1116 166 vul.
1656 114 1709 168 all

63 259 132 303 cum
150 245 223 302 inter
243 242 942 315 tnlinmturbasjurgtorumdesudantitumre
969 244 1063 312 stude,
1097 250 1129 300 ut
1159 242 1215 300 illis
1247 242 1414 301 assimileris
1442 243 1605 314 animabus,
1643 261 1709 317 quae

55 348 105 391 um
120 332 262 389 incutitur
281 331 434 402 patientiae.
449 333 512 398 Qun
537 338 632 387 tamen
656 330 807 400 praeleritae
861 331 952 389 nitore
965 333 1100 402 puritatis
1114 346 1172 387 non
1188 332 1272 388 fluxu
1290 331 1419 388 libidinis
1434 332 1499 389 tiliae
1517 341 1584 391 sunt
1599 335 1708 390 cando-

56 421 130 479 tntim
159 421 266 477 damna
289 434 402 489 verens,
438 420 590 490 praemium
617 419 728 476 caeleste
756 433 806 488 pro
861 421 901 476 ris
925 421 1034 484 aeterui,
1048 420 1084 477 ad
1108 421 1193 491 cuius
1221 420 1440 492 germanitatem
1466 436 1516 491 per
1544 423 1709 480 tolerantias

61 518 89 567 et
98 510 194 577 mittit,
216 523 265 580 per
288 509 342 565 hoc
360 508 440 579 pium
458 509 616 578 appetitum
630 508 664 563 ad
691 521 721 563 se
737 522 805 563 con·
860 508 984 578 suspiro.
1002 508 1079 563 Vade
1093 522 1161 579 ergo
1175 510 1204 561 in
1217 511 1437 576 Mesopotamiam
1455 510 1552 575 Seria,
1567 510 1707 567 elevatam

78 605 107 654 ιι
129 605 230 654 contra
251 597 427 653 imminentis
449 596 622 653 ferocitatem
648 596 805 651 carnalita-
859 596 965 653 scilicet
983 596 1020 652 ab
1041 596 1105 651 imis
1127 595 1333 665 cupiditatibus
1360 597 1547 659 vocationem.
1574 599 1651 668 quod
1666 607 1708 655 est

56 686 119 743 init.
148 686 328 757 Obtempera,
356 685 462 756 inquit,
493 685 649 741 tolerantiae
681 683 805 741 coelestia
860 684 1073 741 abrenuntiatio
1090 683 1197 751 saeculi,
1221 684 1387 756 aggredere,
1414 685 1491 741 unde
1506 685 1637 742 sublimis
1658 702 1709 758 per

56 775 143 841 ttenti,
179 781 206 830 et
235 774 270 829 ab
302 773 409 829 intimis
436 785 613 844 consurgens
645 772 803 840 desideriis,
859 772 1127 841 contemplationem
1148 773 1244 828 valeas
1263 773 1395 828 eminere.
1410 773 1613 842 Mesopotamia
1630 774 1707 830 enim

56 861 107 918 tria
122 864 196 929 page,
215 862 335 918 tendens
349 860 480 918 videlicet
497 861 533 916 ad
554 861 725 932 {candorem
747 860 804 917 imo
858 863 962 916 eleuata
975 863 1087 927 occatio,
1111 860 1197 931 Syrio
1216 861 1339 916 sublimis
1358 861 1472 918 dicitur.
1491 862 1602 919 Dicitur
1620 863 1706 919 etiam

56 948 211 1006 ‚ndidaium
237 948 371 1005 Ecclesia
395 947 525 1004 coelestis
558 947 729 1014 exercitum,
753 947 804 1017 qui
858 949 954 1005 Graece
978 949 1189 1018 Mesopotamia,
1207 950 1284 1021 quod
1313 949 1348 1005 sit
1375 950 1465 1004 media
1488 952 1560 1004 inter
1581 953 1705 1019 pumina,

56 1045 106 1095 atre
120 1038 178 1094 Deo
196 1035 283 1093 irater
298 1041 393 1092 noster
409 1042 461 1101 est,
476 1049 573 1106 quem,
596 1034 666 1089 dum
681 1033 802 1102 advivis,
859 1037 937 1108 quod
948 1036 1031 1092 valde
1046 1037 1181 1108 congruit
1196 1039 1298 1094 animae
1318 1038 1459 1095 laboranti
1475 1039 1549 1096 inter
1570 1040 1707 1096 tentatio-

66 1134 95 1183 ot
108 1125 196 1182 electe
211 1125 332 1196 agendo,
354 1124 438 1194 quasi
451 1123 479 1179 iu
496 1124 575 1179 Aren
591 1122 720 1193 degendo
738 1122 802 1178 imi·
858 1140 930 1182 num
943 1124 1120 1190 discrimina,
1137 1125 1198 1182 haec
1215 1134 1311 1182 tamen
1324 1142 1376 1184 nos
1384 1128 1513 1184 evehunt
1527 1127 1563 1183 ad
1582 1127 1705 1198 Syriam,

62 1214 151 1281 decet,
169 1213 370 1283 habitabisque
392 1226 515 1279 cumea,
533 1211 590 1268 tuis
615 1211 719 1280 ineptis
744 1212 803 1267 uti·
859 1215 887 1270 id
915 1222 957 1270 est
984 1214 1018 1269 ad
1047 1213 1192 1270 sublimia.
1222 1216 1254 1269 ln
1282 1215 1327 1270 bis
1355 1215 1528 1272 sublimibus
1549 1216 1708 1273 domusest

56 1302 223 1359 >minaberis
248 1300 373 1357 motibus
392 1300 427 1355 ad
451 1300 616 1370 exenrplum
638 1299 713 1370 eius,
733 1298 804 1371 quia
859 1302 990 1369 Bathuel,
1015 1302 1121 1358 seilicet
1146 1302 1267 1373 virginis
1285 1302 1344 1370 liei,
1362 1303 1494 1359 Ecclesiae
1518 1318 1586 1359 saue
1602 1318 1706 1374 super-

56 1390 130 1462 petit
147 1388 405 1460 paucitasdierum
429 1389 524 1445 saeculi
551 1387 649 1459 huius,
670 1396 703 1444 ιιι
722 1387 803 1458 pravi
858 1392 978 1448 coelestis
1014 1404 1128 1461 rugam,
1158 1398 1187 1446 et
1222 1391 1366 1447 maculam
1403 1406 1521 1461 prorsus
1553 1392 1613 1462 jam
1648 1406 1707 1448 non

56 1479 263 1548 comprimatur
286 1475 415 1544 aflectus,
439 1484 467 1533 ιι
494 1476 588 1548 gratia
609 1475 729 1533 rationis
750 1477 801 1533 de·
858 1479 990 1536 habentis
1014 1479 1123 1550 (inies.
1146 1494 1174 1546 v,
1195 1481 1252 1547 ιι),
1276 1493 1335 1549 qua
1354 1478 1394 1534 nil
1410 1479 1552 1536 sincerius
1577 1479 1638 1549 jam
1654 1484 1705 1535 est.

56 1583 79 1635 s,
103 1568 206 1637 prioris
227 1566 353 1622 lascivia
376 1579 436 1636 qua
459 1565 612 1621 iraudatus
632 1572 673 1622 ιιι
696 1565 803 1622 oblivi-
857 1570 885 1625 ls
899 1567 1018 1625 Bathuel
1034 1567 1121 1623 irater
1136 1573 1178 1623 est
1192 1567 1292 1623 matris
1306 1575 1420 1632 nostrae,
1437 1567 1507 1638 quia
1522 1568 1648 1638 populus
1661 1568 1707 1625 ille

56 1653 802 1725 .Labanautemcandidasdicitur3Haran,etectns,
857 1657 978 1713 cmlestis
1004 1669 1143 1727 germana
1174 1655 1314 1711 affinitate
1351 1656 1542 1728 conjungitur
1576 1656 1706 1712 Ecclesiae

56 1760 98 1802 em
119 1748 248 1813 irascens,
273 1744 391 1800 iorsitan
406 1744 530 1800 innuens
553 1742 631 1813 quod
659 1741 721 1798 lieri
745 1757 803 1798 non
858 1746 942 1802 matri
960 1751 1075 1812 nostrae,
1089 1758 1155 1814 quae
1168 1751 1210 1800 est
1224 1743 1358 1800 interris.

56 1834 166 1900 eiectus,
179 1832 232 1889 nisi
244 1832 442 1903 corporalibus
452 1830 592 1888 illecebris
601 1830 802 1900 semperinve·
895 1834 977 1891 Vens.
994 1836 1020 1898 3,
1036 1834 1062 1886 l.
1085 1862 1116 1873 -
1141 1833 1305 1901 Multipticet
1328 1837 1362 1898 te,
1387 1832 1481 1903 lnquit
1504 1832 1707 1900 nominasset

59 1923 160 1979 iratus.
177 1923 347 1989 Irascimini,
363 1917 800 1990 etnaiitepeccare(Psal.1v,i).
855 1924 881 1975 si
905 1924 936 1976 in
968 1922 1062 1976 turbas
1090 1922 1264 1991 populorum,
1296 1926 1322 1975 et
1352 1921 1396 1976 det
1429 1921 1480 1975 iiii
1512 1920 1706 1975 benedictiones

56 2025 75 2067 ι.
91 2011 136 2066 ia.
162 2040 193 2050 -
220 2011 314 2065 Postea
335 2013 452 2073 mittam,
481 2013 507 2062 et
533 2008 669 2062 adducam
690 2012 715 2063 te
739 2006 802 2061 inde
855 2010 985 2076 Abrabae,
1009 2014 1036 2064 et
1060 2011 1157 2063 semini
1171 2014 1216 2063 tuo
1237 2013 1300 2077 posi
1327 2013 1362 2070 ιι,
1389 2013 1420 2064 ιι
1438 2008 1579 2079 possideas
1603 2013 1704 2063 terram

56 2099 102 2156 lde
118 2106 181 2169 post
195 2098 320 2168 sopitum
341 2098 419 2154 Esau
440 2097 566 2153 iurarem
580 2095 668 2152 iacob
682 2095 801 2152 adduci·
854 2099 1082 2169 peregrinationis
1116 2102 1177 2163 ιιι,
1210 2112 1293 2165 qaam
1319 2097 1459 2166 pollicitus
1492 2105 1531 2152 est
1563 2113 1613 2151 coo
1646 2098 1701 2151 too.

56 2203 94 2246 lm
109 2189 143 2244 de
155 2186 276 2243 victoria
297 2186 472 2257 passionum,
497 2198 531 2240 ac
552 2184 575 2240 si
599 2184 634 2240 de
653 2185 760 2250 Marah,
774 2193 802 2240 et
853 2186 932 2254 Quod
946 2193 989 2241 est
1004 2183 1119 2240 dicere:
1140 2185 1232 2240 Tanta
1252 2192 1277 2240 ιι
1296 2186 1371 2241 bens
1390 2183 1478 2240 anirni
1505 2184 1612 2241 virtute
1635 2199 1702 2241 con-

83 2274 203 2333 coelestis
222 2273 364 2340 contuitu,
389 2272 467 2343 quod
497 2280 540 2329 est
564 2272 598 2328 de
624 2272 733 2336 haban,
763 2273 799 2328 ad
854 2274 954 2331 solidet
968 2280 999 2330 ut
1017 2272 1064 2338 sis,
1094 2273 1186 2329 idest
1211 2272 1351 2329 subsistas
1376 2273 1470 2329 valide
1493 2273 1568 2329 inter
1597 2272 1703 2329 turbu-

57 2363 325 2426 considerationem
349 2360 621 2433 qualesaliquando
649 2360 798 2426 fuerimus,
853 2362 956 2419 lentias
982 2361 1131 2429 vitiorum,
1168 2369 1195 2417 et
1234 2361 1365 2429 Abrabae,
1401 2361 1557 2418 intellectui
1597 2361 1704 2417 scilicet

56 2467 90 2510 rs.
119 2452 204 2510 Mittit
229 2465 297 2507 vero
326 2451 462 2518 Rebecca,
492 2458 525 2506 ιιι
552 2450 638 2506 iacob
668 2449 797 2517 reducat,
834 2451 977 2520 scientiae
991 2464 1099 2506 munus
1114 2449 1278 2520 amplificet,
1305 2455 1330 2504 et
1349 2452 1456 2515 semini,
1482 2449 1573 2505 idest
1598 2449 1701 2505 merito

56 2539 161 2597 ationis
182 2540 284 2596 nuntio
305 2544 460 2609 praeunte,
488 2538 624 2607 patientia
648 2537 729 2593 bonae
747 2552 799 2592 vo·
852 2546 902 2596 tuo
916 2546 980 2609 post
993 2540 1104 2595 obitum
1127 2552 1203 2594 verae
1227 2537 1432 2594 benedictionis
1453 2538 1529 2592 dona
1562 2544 1701 2608 repenset,

89 2641 125 2682 ne
156 2627 227 2697 quid
257 2639 397 2697 magnum
426 2625 461 2681 de
493 2639 523 2680 se
550 2625 680 2690 aestimet,
713 2625 749 2680 ad
769 2639 799 2680 sc
851 2628 1033 2697 atpassidecs
1054 2633 1158 2683 terram
1176 2627 1303 2697 corporis
1323 2625 1352 2681 in
1375 2641 1433 2696 quo
1454 2625 1656 2697 peregrinatus
1673 2640 1703 2682 es

56 2715 132 2772 idum
160 2714 297 2771 insinuat.
333 2714 387 2770 dur
412 2718 526 2783 atraque
544 2713 659 2769 orbabor
684 2714 741 2784 titio
768 2716 797 2767 in
855 2723 926 2771 m
942 2715 1118 2787 resurgendo
1132 2713 1262 2780 feliciter,
1275 2714 1351 2785 quod
1364 2713 1508 2785 pollicitus
1517 2721 1559 2770 est
1572 2727 1622 2784 per
1642 2728 1704 2784 pro

56 2803 167 2871 cicun,
194 2802 297 2873 inquit,
321 2802 529 2859 momentaneis
554 2810 581 2858 et
605 2802 689 2872 quasi
707 2802 797 2857 unius
817 2801 1088 2880 gphetas'Christq
1113 2803 1284 2859 universalis
1305 2801 1405 2858 matris
1428 2802 1561 2858 Ecclesiae
1578 2801 1653 2871 patri
1674 2808 1701 2857 et

56 2891 148 2960 indiis,
162 2899 190 2948 et
205 2891 319 2948 lluxum
337 2892 493 2962 appetitum
507 2890 642 2947 brevibus
656 2890 798 2946 illecebris
851 2893 972 2961 auctori,
994 2900 1021 2949 et
1049 2892 1115 2948 inde
1143 2897 1191 2947 tua
1218 2891 1343 2946 liliorum
1373 2890 1502 2946 videlicet
1527 2890 1620 2960 ipsius
1645 2890 1699 2945 lic-

55 2981 122 3047 lam,
133 2979 248 3050 etquod
261 2979 330 3035 mihi
344 2986 473 3048 superest
491 2978 570 3034 bonae
581 2977 740 3034 voluntatis
753 2978 797 3033 in·
851 2981 944 3037 clasiae
960 2996 1020 3035 aaa.
1045 2979 1144 3048 (Vens.
1170 2979 1208 3049 5.)
1225 2981 1343 3047 dumque
1364 2979 1511 3033 dimisisset
1533 2993 1593 3032 earn
1607 2979 1700 3044 Isaac,

55 3070 103 3125 m‘l
131 3068 227 3140 (Vnus.
242 3069 298 3134 ab.)
310 3067 520 3121 Taedctmeuita
529 3071 711 3135 meaeproptcr
723 3067 798 3137 tilios
850 3072 987 3139 profectas
1000 3070 1110 3122 venitin
1134 3069 1366 3136 Mesopotamiam,
1381 3073 1448 3133 etc,
1474 3081 1540 3137 quae
1566 3065 1701 3136 superius

56 3156 263 3211 dieitadlscae
282 3155 495 3210 aeternalium
512 3153 658 3225 patientia,
684 3154 798 3225 gaudiis
850 3164 973 3214 tractata
1004 3156 1136 3213 sulficere
1166 3162 1287 3226 queunt.
1318 3154 1462 3210 Dimittere
1488 3161 1584 3210 tamen
1620 3155 1701 3209 Isaac

58 3247 238 3310 basinum,
257 3260 324 3302 cnm
348 3245 393 3300 his
414 3244 490 3301 acsi
514 3258 581 3301 cum
598 3258 652 3300 suo
667 3245 748 3301 lsaac
763 3245 798 3301 de
851 3246 891 3302 nil
919 3245 999 3303 aliud
1023 3253 1065 3302 est
1091 3259 1180 3316 quam
1204 3259 1241 3302 ex
1270 3245 1391 3301 coelestis
1419 3243 1517 3315 gaudii
1545 3244 1702 3301 intentione

56 3349 87 3391 ¹ut
113 3334 281 3391 difficultate
315 3333 458 3404 taedioque
485 3333 685 3403 conqueritur.
707 3334 798 3389 Filias
851 3335 933 3391 bonae
953 3333 1112 3391 voluntatis
1135 3332 1267 3390 ellectum
1295 3333 1428 3405 dirigere.
1455 3332 1554 3408 (Vens.
1584 3331 1623 3402 6.)
1653 3334 1702 3388 Vi-

56 3421 205 3486 desideria‚
223 3422 311 3488 Heri,
338 3428 494 3490 stuporem,
511 3422 665 3490 reprobum
692 3421 798 3476 scilicet
851 3424 916 3478 dens
953 3428 1042 3478 cotem
1074 3423 1161 3490 Esau,
1194 3422 1267 3491 qaod
1304 3422 1484 3477 beraedicisset
1520 3426 1600 3490 pater
1636 3435 1701 3475 saus

56 3525 68 3567 1
96 3510 168 3567 satis
192 3510 330 3566 diximus.
362 3512 392 3566 Si
419 3512 553 3578 acceperit
578 3509 658 3564 iacob
687 3524 798 3563 oaorem
850 3511 943 3579 tacet,
963 3516 989 3567 et
1012 3513 1129 3567 misisset
1156 3514 1186 3565 in
1210 3513 1433 3582 Mesopotamiam
1456 3511 1554 3580 Syrie,
1578 3514 1608 3564 at
1637 3509 1702 3564 inde

56 3613 95 3667 pe
123 3597 205 3667 bajas
228 3601 316 3665 ierrae,
335 3598 395 3651 noia
413 3599 513 3652 cicere.
538 3597 566 3653 Si
593 3597 641 3668 pia
664 3597 798 3653 voluntas
851 3616 963 3655 acorem
983 3600 1101 3666 dncmet,
1116 3604 1140 3654 el
1156 3599 1228 3669 qaod
1245 3598 1533 3669 post1benedictionem
1554 3600 1698 3667 precepis-

56 3685 98 3742 ·iis
124 3686 244 3742 terrenis
282 3685 436 3752 inhaeserit,
466 3685 632 3756 patentibus
671 3694 798 3742 monstro
852 3691 939 3757 setei,
957 3689 1070 3745 dicens:
1087 3690 1145 3745 Non
1169 3690 1284 3759 accipies
1301 3687 1334 3741 de
1351 3686 1461 3756 filiabus
1477 3687 1617 3743 chanaan.
1640 3686 1700 3741 Moe

56 3786 123 3830 rme
147 3780 266 3830 mortem
286 3780 422 3830 aeternam
444 3772 558 3844 eligere.
586 3775 676 3829 Tadet
701 3782 797 3831 autem
851 3785 944 3835 totum
958 3777 1117 3834 secundnm
1139 3776 1216 3846 quod
1240 3776 1374 3845 superius
1397 3775 1586 3830 disseruimus
1610 3780 1697 3844 patet.

56 3862 153 3918 nvitae
167 3876 237 3928 suae,
254 3862 324 3918 dum
337 3862 433 3917 cultus
451 3860 563 3932 pietatis
579 3877 645 3933 quaa
659 3876 725 3919 vere
738 3862 799 3918 vita
852 3882 869 3923 a
904 3867 989 3922 modo
1013 3865 1171 3920 videamus.
1195 3863 1293 3931 (Vnus.
1319 3864 1358 3933 8.)
1383 3862 1506 3917 Prabcns
1530 3865 1604 3918 Esou
1627 3861 1701 3933 qaod

56 3949 147 4008 >lestis
162 3950 305 4006 malorum
320 3949 493 4006 irruentium
514 3951 665 4022 ingruente
686 3950 799 4021 paticn-
852 3971 905 4011 non
939 3955 1051 4009 libenter
1082 3955 1215 4022 aspiceret
1240 3952 1312 4022 iiiios
1350 3953 1481 4009 chanaan
1513 3957 1595 4020 pater
1623 3965 1698 4018 snos,

56 4039 137 4111 teipit
150 4054 186 4096 ιιι
199 4039 330 4096 humana
342 4037 534 4095 imbecillitate
549 4039 661 4095 taedere.
853 4048 1006 4113 postquam
1021 4041 1122 4112 utique
1140 4039 1266 4096 carnalis
1281 4038 1400 4096 aflectus
1414 4053 1451 4095 ex
1467 4039 1548 4096 bonae
1561 4038 1700 4095 volunta-

820 4121 890 4186 litis
920 4135 1086 4200 augmento,
1115 4135 1141 4184 et
1169 4127 1352 4184 exsecutione
1380 4127 1495 4184 virtutis
1530 4139 1697 4189 concussus,

242 4179 357 4236 CAPUT
376 4180 507 4238 mm·
853 4218 992 4274 adversus
1029 4215 1162 4285 spiritum
1193 4214 1354 4272 coelestibus
1389 4214 1547 4270 inhiantem
1580 4214 1700 4286 gravius

56 4319 76 4362 s.
104 4308 130 4372 l,
157 4307 183 4359 ι.
214 4335 248 4344 -
282 4306 395 4360 Vocacit
413 4307 507 4376 itaque
538 4308 616 4361 isaac
647 4306 738 4371 iacob,
774 4312 799 4361 et
852 4304 1044 4369 excandescit,
1067 4318 1100 4360 ιι
1120 4304 1221 4360 mundi
1237 4303 1387 4369 desideria,
1412 4316 1477 4373 quae
1500 4303 1573 4358 ratio
1599 4302 1701 4358 lortius

56 4393 93 4448 cit
115 4394 148 4446 ei.
176 4395 359 4462 Precepttqae
386 4395 412 4448 ci
435 4393 527 4449 dicens
552 4410 559 4448 ι
589 4394 652 4451 Noli
680 4393 800 4464 accipere
854 4395 951 4451 horret
964 4392 1095 4450 crebrius
1109 4392 1216 4463 objicit,
1233 4392 1321 4463 (Vnus
1344 4391 1382 4463 li),
1409 4391 1485 4447 unde
1507 4391 1590 4446 etad
1610 4393 1701 4445 isma-

56 4495 92 4535 ιι
108 4479 248 4546 deamere
263 4481 409 4546 chanaam
430 4480 477 4535 sed
501 4480 579 4545 cade,
596 4487 621 4535 et
632 4481 800 4552 proficiscere
853 4484 918 4537 elem
939 4482 970 4548 it,
998 4482 1033 4537 ad
1058 4479 1305 4549 saeculifproiecto
1330 4478 1576 4549 concupiscentias
1600 4477 1699 4541 tendit,

56 4570 231 4638 rcpcmmiam
253 4568 342 4639 spite
360 4568 398 4623 ad
415 4568 523 4623 damiam
546 4570 660 4624 Retinet
681 4572 800 4636 fratrem
854 4570 963 4641 quibus
990 4584 1047 4625 non
1074 4569 1141 4636 Deo,
1168 4567 1217 4623 sed
1241 4567 1294 4624 sibi
1320 4566 1446 4637 quisquo
1467 4565 1572 4621 obedit.
1600 4565 1701 4620 ismael

74 4660 137 4720 tuae,
166 4661 192 4710 et
214 4655 308 4726 accipe
333 4656 386 4711 tibi
409 4656 473 4711 inde
498 4672 609 4710 acorem
630 4657 663 4710 de
690 4657 800 4714 atteias
853 4656 1187 4715 enimdiciturobediens
1211 4656 1274 4710 sibi.
1292 4655 1327 4710 lit
1345 4653 1472 4722 exceptis
1487 4653 1531 4708 his
1547 4651 1698 4720 uxoribus,

61 4745 191 4799 connecti
213 4747 264 4800 ini.
280 4747 360 4802 Isaac
382 4746 464 4800 iacob
482 4745 612 4812 advocat,
631 4759 698 4801 eum
717 4744 800 4801 coele·
854 4745 957 4802 mnndi
984 4745 1086 4815 utique
1105 4743 1183 4800 curis
1207 4757 1240 4800 ac
1257 4741 1518 4800 necessitudinibus
1538 4740 1645 4811 quibus
1661 4741 1702 4797 illi

56 4832 165 4903 spirans
193 4834 333 4905 gaudium
363 4834 467 4890 bonam
501 4833 537 4888 ad
560 4847 590 4888 se
625 4833 801 4890 voluntatem
855 4833 1081 4905 astringebatur,
1104 4833 1193 4903 filiam
1226 4833 1333 4896 ismael,
1369 4831 1517 4887 lasciviam
1547 4828 1703 4899 voluptatis

66 4921 168 4978 anima
187 4923 321 4980 concitat.
347 4922 491 4979 Benedicit
512 4924 546 4983 ei,
569 4935 636 4977 com
665 4921 800 4978 virtutem
858 4935 1003 4992 corporeae
1021 4920 1212 4991 amplectitur.
1241 4919 1293 4976 Sed
1313 4920 1474 4975 notandum
1496 4918 1574 4989 qnod
1601 4917 1703 4975 lsmael

56 5009 148 5066 sititur
178 5011 325 5082 adaugere
357 5011 469 5068 virtuti.
503 5010 650 5066 [lictorum
685 5012 749 5081 ejus
778 5010 802 5066 is
856 5010 1094 5067 iilinsAbraham
1118 5009 1234 5075 dicitur,
1275 5007 1346 5078 quia
1373 5022 1410 5064 ex
1446 5020 1553 5078 magna
1584 5007 1705 5062 rationis

74 5105 127 5154 est.
154 5097 218 5154 Noli
241 5098 388 5154 adherere
413 5098 552 5155 illecebris
565 5098 749 5169 voluptatum
767 5099 802 5154 de
856 5099 963 5156 virtute
978 5098 1081 5170 ingens
1090 5097 1264 5167 cupiditatis,
1280 5102 1331 5151 aut
1344 5095 1517 5162 cenodoxiae,
1538 5108 1591 5150 nec
1603 5109 1659 5151 noo
1677 5102 1705 5150 et

64 5185 215 5253 chanaan,
233 5185 261 5240 id
285 5193 327 5242 est
341 5186 562 5257 negotiatorum,
584 5186 613 5242 in
628 5201 687 5257 quo
703 5186 802 5258 procul
856 5188 981 5246 carnalis
1003 5187 1155 5259 aliquoties
1183 5184 1431 5255 concupiscentiae,
1459 5190 1487 5239 et
1507 5183 1593 5239 etiam
1611 5183 1706 5240 acrior

57 5273 249 5332 conformeris
271 5274 313 5329 eis
336 5275 386 5345 qui
410 5275 494 5331 lldern
507 5289 541 5331 ac
555 5275 631 5331 bona
645 5289 732 5345 opera
751 5289 803 5346 pro
857 5276 988 5333 exoritur
1010 5283 1115 5343 motus,
1141 5274 1224 5346 qnasi
1252 5272 1370 5345 quidam
1391 5285 1517 5343 nequam
1533 5284 1567 5325 ac
1582 5269 1706 5339 degener

56 5361 324 5432 itateexsequenda
342 5361 520 5433 expendunt,
538 5362 588 5420 sed
602 5363 638 5419 ad
661 5365 714 5420 hoc
734 5377 803 5433 prce
859 5364 950 5430 lilius3
980 5363 1042 5435 ipsa
1068 5369 1165 5420 autem
1198 5362 1267 5430 iilia,
1297 5361 1434 5419 voluntas
1460 5357 1589 5415 videlicet
1615 5354 1705 5418 fluxa,
