3818 6008
110 199 159 252 toa
555 196 589 250 ll.
609 193 773 250 obtestari
793 194 939 250 tuearis
957 194 986 251 S.
1007 193 1127 248 HARIAE
1146 191 1192 249 DE
1211 192 1405 251 noviceuro
1809 202 1858 254 toi

110 331 283 401 quarnerius
298 326 410 384 Domini
418 328 497 396 Agar
510 327 542 380 de
556 327 628 381 culo.
644 324 765 381 Moritur
779 338 861 395 puer,
889 338 955 380 oum
972 323 1145 380 Aaestuauti
1164 322 1238 380 idem
1267 324 1444 394 impenditur
1466 325 1566 396 gratiae
1594 327 1718 397 donum;
1742 327 1857 399 luitque

111 417 299 475 sacularibus
309 419 419 472 intenta
431 429 548 484 prorsus
580 414 668 469 alico
683 414 859 470 interimitur
875 427 954 483 spes;
1010 427 1077 468 cum
1090 426 1132 481 eo,
1149 413 1220 482 quia
1234 428 1302 469 eum
1317 413 1353 468 ad
1374 415 1486 483 pietatis
1503 428 1630 471 amorem
1645 416 1737 472 solum
1762 418 1858 489 vergit

111 521 170 563 nou
185 505 248 563 vult
262 507 359 574 itaque
373 503 470 559 ridere
489 505 644 557 morimtem
667 517 790 572 pucrnm,
806 515 873 558 oum
892 514 955 555 car·
1009 499 1130 569 affectio,
1142 501 1294 557 individua
1306 502 1367 571 spei
1382 517 1449 559 mox
1465 503 1621 560 comitatur
1635 505 1757 574 devotio,
1779 508 1858 577 quod

111 595 185 651 nalis
211 592 321 650 allectio
348 592 438 648 divini
456 591 565 647 timoris
579 606 636 646 non
651 590 749 659 inscia,
766 604 823 645 non
847 588 957 659 patitur
1009 590 1086 645 enim
1102 597 1129 646 te
1144 590 1282 660 consequi
1298 604 1378 659 posse
1391 592 1525 661 desperas
1542 594 1630 649 miror
1641 592 1664 649 si
1682 594 1732 650 diu
1746 608 1858 650 concn-

110 682 280 753 contemptis
295 678 459 736 coelestibus
474 694 502 736 se
519 679 683 735 omnimoda
699 693 747 749 spe
766 680 800 734 ad
821 678 866 734 sui
888 691 954 747 prr·
1010 677 1115 745 piscere
1137 692 1237 748 queas,
1252 684 1279 733 et
1296 692 1359 747 spes
1377 681 1478 735 crescit
1505 683 1708 737 atransitoriis
1723 682 1759 738 ad
1773 690 1857 739 aeter-

111 771 212 827 niciem
228 769 336 825 ambire
352 769 506 824 mundum.
527 768 590 824 Vox
609 767 734 823 carnalis
748 768 955 836 estappetitns,
1009 778 1057 831 ua,
1071 773 1099 821 et
1118 773 1247 821 moratur
1272 766 1300 821 in
1316 766 1480 835 solitudine,
1503 767 1574 824 dnm
1599 777 1756 825 removete
1774 783 1804 825 se
1820 771 1857 825 ad

110 857 282 913 desiderium
301 855 457 912 mundialis
480 863 624 926 quaestus;
639 855 713 912 banc
726 868 794 925 ergo
818 868 896 908 snam
909 868 956 907 eo-
1009 851 1066 908 Deo
1081 853 1132 908 soli
1144 869 1174 910 se
1188 854 1389 924 porrigendam
1405 856 1542 925 strepitus
1556 857 1746 913 conscientie.
1769 857 1857 913 Porro

108 962 163 1001 ccm
177 944 278 1012 elevat,
300 954 367 1000 cum
399 943 580 1014 atemporali
607 944 643 999 ad
659 950 799 999 eternum
821 941 955 998 allectum
1009 938 1075 995 inde
1103 945 1134 1005 fit
1152 944 1262 1011 juvetis
1276 945 1440 1009 sagittarius
1468 958 1532 1000 cnm
1554 944 1654 1001 talium
1678 945 1857 1015 experientia

109 1033 264 1102 cupiditate
279 1032 400 1101 exaltat;
417 1032 465 1087 sed
478 1032 555 1087 sodet
571 1039 680 1099 contra,
699 1031 768 1100 quia
783 1030 835 1086 etsi
847 1044 954 1086 secun·
1009 1044 1130 1086 casuum
1145 1030 1180 1085 ad
1191 1029 1310 1100 spiritus
1329 1030 1531 1087 discernendos
1551 1032 1674 1089 officitur
1686 1033 1858 1104 ,intellectus

110 1120 179 1176 dum
196 1119 341 1175 bominem
358 1118 461 1175 inflecti
478 1118 604 1189 quadam
629 1118 748 1189 indigna
774 1131 803 1174 se
831 1116 955 1174 sessione
1009 1118 1069 1188 spei
1094 1126 1198 1174 nostrae
1225 1117 1338 1175 subtilis
1367 1126 1394 1174 et
1414 1119 1548 1176 disertus.
1577 1121 1702 1192 lignum
1728 1135 1857 1193 namque

110 1208 187 1264 videt
201 1208 237 1263 ad
254 1207 363 1274 intima,
382 1207 431 1264 ubi
453 1208 625 1278 pugnaciter
652 1214 728 1262 stare
750 1206 894 1272 decuerat,
920 1218 957 1261 ex
1009 1207 1147 1276 corporis,
1173 1205 1243 1262 dum
1267 1205 1375 1262 chorda
1394 1207 1515 1264 rationis
1537 1207 1703 1277 inllectitnr,
1729 1209 1773 1266 vis
1788 1209 1856 1265 inde

109 1297 229 1352 rationis
247 1302 343 1351 tamen
365 1303 431 1351 roto
451 1296 595 1351 exclamat
623 1302 733 1350 contra.
759 1292 819 1349 Flet
847 1301 955 1362 autem,
1008 1295 1220 1365 spiritualitatis
1243 1296 1368 1360 aeuitur,
1382 1304 1409 1352 et
1424 1299 1507 1368 quasi
1523 1299 1558 1354 ad
1571 1306 1681 1356 eertum
1705 1300 1857 1357 sententiae

109 1399 176 1440 cum
198 1384 339 1440 interioris
366 1382 463 1439 llrrxus
485 1397 587 1453 aquas,
619 1398 670 1453 per
684 1382 771 1438 animi
785 1382 870 1452 iuges
895 1395 956 1438 ase
1008 1383 1112 1453 sagitta
1135 1383 1280 1455 dirigitur,
1297 1392 1423 1441 attamen
1439 1386 1503 1441 licet
1518 1386 1683 1443 solitudinis
1694 1388 1754 1458 iam
1771 1389 1857 1458 quie-

110 1472 214 1529 emittit
228 1473 388 1543 angustias.
411 1471 576 1528 Notandum
605 1486 673 1527 vero
688 1472 766 1541 quod
781 1485 837 1526 non
857 1484 955 1526 vocem
1010 1478 1065 1526 tem
1087 1480 1212 1542 appetat,
1237 1473 1390 1543 aliquoties
1411 1473 1440 1528 in
1467 1473 1577 1530 deserto
1594 1475 1709 1531 Pharan
1733 1476 1856 1543 habitat,

110 1563 219 1629 matris,
235 1562 282 1616 sed
297 1562 377 1631 pueri
405 1561 480 1616 Deus
500 1560 607 1616 dicitur
620 1559 783 1625 exaudisse,
813 1559 954 1628 quianon
1009 1558 1156 1616 horrorem
1198 1562 1299 1631 utique
1334 1561 1487 1618 lenocitatis
1519 1562 1655 1620 vitiorum
1702 1564 1856 1620 molestum
1895 1613 1899 1634 ,

110 1651 275 1721 appetitum.
302 1649 402 1720 quiex
423 1664 510 1705 earne
538 1657 680 1716 movetur,
712 1650 759 1704 sed
783 1662 872 1717 spem,
889 1661 955 1717 quae
974 1619 1091 1704 Bvalde
1117 1649 1231 1713 tolerat;
1250 1656 1341 1705 mater
1354 1649 1430 1706 euim
1456 1664 1509 1705 sua
1533 1651 1857 1724 concupiscentiaque

109 1739 271 1808 paupertati
295 1737 414 1807 spiritus
438 1737 557 1803 intenta,
583 1744 646 1792 eta
675 1736 824 1805 praesentis
858 1735 955 1791 saeculi
1008 1737 1196 1807 sequendam
1215 1737 1244 1792 in
1264 1739 1387 1807 peccatis
1412 1739 1648 1808 genuinumne
1664 1740 1705 1796 illi
1734 1740 1856 1796 deterre

110 1827 216 1897 gaudio
229 1825 288 1896 iam
312 1825 493 1881 destituenda
512 1833 566 1893 est,
586 1825 726 1881 exaudire
747 1825 823 1880 Deus
838 1831 955 1894 gratan—
1008 1827 1122 1895 AEpypti
1146 1826 1264 1895 accepit,
1286 1840 1401 1882 carnem
1421 1827 1527 1883 scilicet
1541 1829 1605 1898 ejus
1628 1829 1769 1885 lenocinio
1783 1828 1857 1886 mol·

111 1914 217 1971 tissime
242 1914 401 1970 consuevit.
425 1913 523 1969 Oratio
568 1927 695 1984 namque
722 1912 867 1984 pauperis,
897 1927 957 1966 cum
1009 1912 1095 1968 liatur
1110 1912 1199 1967 animi
1214 1913 1302 1983 rigor,
1320 1928 1385 1984 qnae
1405 1915 1441 1970 ob
1455 1916 1628 1972 terrenitatis
1650 1918 1772 1987 propriae
1789 1932 1857 1987 pon·

110 2003 241 2055 coriatus
268 1998 329 2072 [al.,
358 2000 469 2070 anctus]
484 2001 580 2067 (ucrit,
607 2005 633 2054 rt
661 2016 751 2055 corum
764 2002 815 2054 beo
828 1999 957 2068 effuderit
1009 2001 1064 2056 dns
1078 2000 1156 2056 omni
1173 2001 1356 2058 tribulatione
1369 2011 1578 2074 coangustatur
1592 2005 1728 2061 admovit.
1745 2006 1856 2061 Admo-

106 2104 212 2159 precem
238 2104 316 2143 suom
341 2089 427 2159 juxta
452 2088 555 2158 psalmi
584 2088 701 2145 titulum
734 2088 820 2156 (Psoi.
846 2089 894 2156 ct),
919 2086 955 2142 ad
1009 2097 1056 2145 vet
1079 2103 1159 2156 saue,
1184 2091 1253 2160 quia
1282 2090 1511 2148 indesinentibus
1544 2093 1670 2150 stimulis
1689 2094 1726 2149 ad
1747 2092 1856 2150 malum

110 2176 199 2232 Deum
215 2176 297 2247 quasi
312 2176 420 2231 clamor
436 2175 565 2245 pervenit
581 2175 676 2242 (ibid,
693 2177 731 2242 t).
748 2174 829 2231 Unde
844 2174 956 2242 capetus
1009 2187 1102 2249 urget.
1126 2178 1239 2234 Pharan
1262 2186 1357 2235 autem
1385 2180 1591 2250 interpretatur
1604 2184 1733 2249 senatos
1753 2198 1856 2248 eornm

110 2260 223 2314 Domini
237 2260 269 2313 de
283 2261 432 2329 cetodpor
447 2268 538 2327 vocat,
555 2259 625 2331 qnia
639 2272 732 2315 sermo
749 2259 866 2314 divinus
880 2258 957 2315 bona
1009 2268 1159 2338 aegyptus,
1172 2268 1314 2322 nebularia
1327 2274 1517 2338 coanpnstans,

109 2362 234 2419 quaeqne
248 2350 387 2404 nuntians
401 2349 435 2405 de
450 2362 538 2405 sacrae
554 2348 712 2418 scripture
725 2347 874 2404 excellenti
893 2362 955 2417 my·
1045 2361 1095 2411 sa
1111 2356 1194 2412 Vens.
1219 2359 1264 2422 aa,
1289 2359 1333 2410 23.
1351 2387 1386 2397 -
1412 2358 1513 2412 Eodem
1528 2359 1858 2429 temporediaitdbinre-

110 2435 195 2493 stelio
217 2436 252 2491 ad
280 2449 314 2492 ea
331 2450 396 2506 (111ae
411 2443 542 2507 agullini
567 2435 644 2491 lulla
666 2449 719 2491 nos
734 2448 905 2501 ⁰0¹¹S⁰¹1³1182
921 2434 957 2490 (1⁰
1010 2445 1078 2507 lecit,
1093 2449 1119 2499 et
1137 2445 1235 2499 Plu'col
1257 2448 1383 2514 princeps
1402 2449 1536 2501 coercitus
1551 2448 1610 2516 ejus
1624 2447 1662 2501 nd
1687 2449 1857 2504 Abrabam:

110 2531 208 2580 nostro
225 2531 302 2580 statu
317 2524 484 2594 interrogat.
509 2523 568 2580 ileo
582 2524 686 2580 cretum
700 2522 868 2580 extenditur
883 2523 958 2578 sicut
1010 2535 1079 2588 neus
1094 2537 1179 2587 cecum
1194 2538 1232 2588 est
1255 2536 1285 2587 tn
1301 2536 1436 2589 optumis
1460 2551 1520 2605 φη»
1535 2537 1605 2604 apis.
1622 2537 1697 2590 ,rura
1711 2551 1775 2604 erpo
1789 2537 1858 2592 mint

110 2611 192 2682 pellis
206 2612 292 2679 (Psoi.
308 2627 368 2678 cru,
385 2612 423 2683 3).

146 2743 219 2813 Quid
237 2746 308 2810 opis,
325 2743 431 2813 inquit,
454 2746 553 2811 Aper?
571 2744 635 2798 Noli
646 2745 748 2797 timere.
765 2741 807 2798 Ao
816 2741 840 2797 si
855 2742 932 2798 dicat
949 2755 955 2796 :

112 2831 202 2888 Pensa
215 2833 305 2887 Deum
318 2846 398 2901 spem
417 2845 501 2887 suam
515 2831 543 2886 in
559 2846 589 2887 se
610 2830 784 2902 ponentibus
796 2830 957 2902 adjutorem
1033 2880 1038 2890 .
1106 2883 1108 2887 .
1407 2883 1412 2893 .
1558 2884 1563 2895 .
1781 2886 1786 2896 .
1814 2886 1819 2896 .

871 2918 906 2974 ab
923 2931 956 2974 eo
975 2914 996 2971 c
1011 2889 1136 2979 vretonae
1150 2895 1263 2951 sempor
1277 2890 1318 2938 est
1333 2882 1429 2938 aliems
1446 2884 1601 2953 superbiae,
1616 2893 1643 2940 et
1656 2899 1722 2941 cum
1740 2899 1856 2954 oprnto-

111 2920 179 2989 iore,
202 2927 230 2975 et
250 2919 311 2977 ideo
338 2920 467 2990 penuriae
491 2921 654 2990 cuiuspiam
681 2927 761 2975 motu
785 2918 843 2974 noli

110 3008 244 3081 delicere;
266 3011 342 3082 quod
358 3008 449 3080 igitur
476 3009 539 3081 agis
566 3007 685 3064 insiste:
714 3007 868 3063 anndinit
884 3011 955 3064 enim

111 3103 247 3157 Dominus
272 3114 360 3154 vocem
374 3100 454 3168 pueri
475 3097 509 3152 de
524 3098 578 3152 loco
594 3100 623 3152 in
638 3112 690 3166 quo
705 3101 754 3151 est.
779 3096 956 3164 Exauditur,

111 3205 177 3247 cum
194 3197 296 3246 nostrae
313 3186 485 3243 desiderium
501 3185 742 3254 voluntatisspeut
759 3184 793 3240 de
807 3184 956 3255 profundis

111 3279 239 3335 attollere
262 3276 413 3347 cupientis,
444 3275 479 3331 de
507 3274 564 3331 situ
589 3273 672 3330 bonas
700 3272 956 3344 intentionisque

110 3363 190 3422 locus
205 3372 299 3421 noster
323 3370 374 3430 est,
387 3369 416 3419 et
429 3376 490 3419 esse
504 3361 597 3429 debet,
614 3360 644 3416 iu
658 3374 717 3430 quo
736 3360 805 3416 dum
828 3361 957 3418 constite-

111 3455 211 3522 rimus,
227 3453 263 3509 ad
279 3465 380 3509 rerum
391 3465 451 3508 esse
465 3450 619 3517 tendimus,
641 3464 658 3505 a
676 3449 733 3505 Deo
744 3449 867 3521 benigue
881 3450 956 3505 acci·

111 3543 244 3614 pitur.—
255 3542 352 3612 (vens.
367 3542 422 3608 tit.)
432 3540 525 3608 Surge
538 3537 587 3602 ait,
602 3538 796 3608 tollepnernm,
812 3543 956 3593 etmunum

109 3633 195 3700 illius,
206 3634 272 3701 quio
287 3633 316 3685 in
334 3635 438 3698 pentem
457 3643 586 3697 magnam
603 3629 708 3694 socium
727 3643 795 3681 eum.
808 3627 895 3693 Surge
919 3626 955 3680 ab

110 3718 297 3776 haesitationis
326 3715 500 3784 diffidentia,
518 3715 582 3771 totle
606 3729 685 3785 spem
707 3715 744 3772 ab
768 3714 832 3771 imis
855 3714 891 3770 ad
911 3729 957 3769 so·

111 3822 190 3879 pera,
232 3809 267 3864 sit
295 3808 324 3863 in
358 3807 421 3876 ipsa
456 3818 589 3874 superne
625 3803 685 3875 spei
719 3817 819 3870 manu,
858 3801 886 3857 id
914 3809 956 3858 est

110 3897 239 3954 virtitute
253 3894 435 3952 continentie
450 3892 672 3963 perseverantia,
689 3891 759 3962 quia
773 3890 879 3947 talibus
892 3889 955 3945 olli-

114 3985 165 4042 ciis
184 3985 214 4041 in
235 3991 403 4041 sanctarum
419 3980 621 4052 operationum
644 3980 816 4050 propagines
832 3986 873 4034 est
889 3977 957 4034 dila-

111 4072 208 4130 tanda.

1010 2636 1059 2690 per
1085 2623 1235 2687 bominum,
1258 2637 1291 2676 ne
1311 2638 1405 2677 nocens
1420 2625 1499 2691 mibi,
1520 2628 1546 2678 et
1562 2626 1676 2693 posteris
1700 2627 1778 2691 meis,
1793 2627 1858 2680 stir-

1008 2712 1093 2778 pique
1110 2725 1184 2777 mee,
1208 2710 1257 2764 sed
1270 2709 1356 2781 juata
1379 2712 1596 2766 misericordium
1615 2715 1780 2782 quemfecit
1795 2715 1855 2780 tibi,

1017 2797 1103 2861 socies
1116 2796 1195 2864 milri,
1217 2802 1242 2850 et
1253 2803 1330 2851 terra
1344 2799 1374 2851 t'a
1383 2814 1438 2866 quo
1452 2805 1574 2854 versutus
1589 2816 1616 2855 es
1631 2801 1745 2856 advena.
1762 2801 1858 2858 Gloria

1009 2982 1055 3025 ms
1068 2982 1141 3024 aura
1151 2969 1328 3039 discurrerit,
1346 2971 1456 3041 impetit
1466 2972 1596 3029 animum
1621 2965 1664 3028 ris
1677 2974 1856 3044 cenodoxiae3

1010 3059 1107 3115 codem
1130 3073 1199 3131 ergo
1227 3067 1365 3130 tempore,
1391 3059 1452 3131 ipso
1474 3060 1605 3116 videlicet
1630 3068 1706 3116 statu
1733 3061 1857 3118 victricis

1010 3148 1114 3203 animae
1147 3163 1206 3219 quo
1231 3163 1261 3203 se
1282 3148 1580 3220 audacterladrersus
1607 3149 1757 3219 prelibata
1783 3149 1856 3206 mala

1009 3236 1123 3300 extulit,
1139 3236 1268 3307 loquitur
1281 3238 1452 3303 'abimeleclq
1477 3243 1503 3292 et
1515 3236 1618 3306 Pittaci,
1646 3238 1781 3309 superbia
1800 3239 1856 3295 soi-

1010 3325 1084 3393 lioet,
1093 3326 1292 3382 aoceuodoxia
1306 3326 1446 3396 spirituali
1462 3328 1644 3398 suggestione
1656 3327 1694 3382 od
1704 3328 1855 3383 aoraton.

1010 3413 1095 3480 Deus,
1120 3413 1266 3484 inquiunt,
1288 3415 1349 3471 sive
1365 3428 1511 3486 prospera,
1531 3415 1592 3472 sive
1607 3415 1729 3472 adversa
1743 3415 1795 3472 tibi
1818 3415 1856 3472 ir·

1010 3509 1107 3569 ruant,
1124 3501 1154 3557 in
1169 3501 1278 3559 bonum
1290 3502 1342 3558 tibi
1356 3511 1536 3573 cooperatur,
1553 3517 1605 3559 nec
1618 3503 1706 3559 ullius
1722 3504 1786 3561 vitii
1801 3505 1856 3560 irn-

1009 3589 1096 3659 pulsu
1111 3590 1185 3647 scias
1211 3590 1260 3647 tibi
1282 3605 1363 3662 posse
1386 3591 1579 3661 perniciosum
1607 3598 1659 3647 aut
1679 3591 1857 3663 desperabile

1009 3677 1163 3733 discrimen
1189 3678 1327 3743 accidere,
1348 3693 1434 3749 quem
1462 3678 1492 3734 iu
1509 3686 1548 3735 tot
1563 3680 1668 3735 mentis
1691 3679 1857 3737 incursibus

1010 3765 1128 3837 contigit
1143 3765 1284 3822 divinitus
1302 3766 1452 3823 victoriam
1471 3768 1619 3823 meruisse.
1635 3771 1705 3825 iuro
1728 3784 1792 3841 erqo
1811 3784 1858 3839 per

1010 3854 1167 3921 Dominum,
1188 3854 1263 3925 quod
1289 3862 1331 3911 est
1356 3855 1468 3912 dicere:
1503 3855 1644 3923 Quoniam
1671 3863 1782 3913 tantam
1808 3858 1856 3914 Dei

1009 3954 1080 4013 erga
1092 3948 1118 3997 te
1129 3943 1269 4013 experiris
1284 3943 1474 4011 clementiam,
1489 3957 1609 4000 secruus
1631 3944 1775 4015 opinionis
1789 3952 1855 4012 tua,

1010 4044 1077 4101 quae
1088 4034 1144 4101 'per
1156 4030 1285 4086 omnium
1301 4045 1352 4087 ora
1370 4031 1480 4098 volitat,
1496 4032 1597 4102 excipe
1611 4033 1743 4103 gloriam,
1760 4041 1857 4105 utpote

1011 4114 1063 4184 qui
1082 4121 1158 4170 eerto
1172 4128 1255 4170 nosse
1275 4115 1376 4184 possis,
1393 4115 1471 4187 quod
1490 4130 1548 4172 non
1566 4116 1628 4173 sine
1643 4117 1692 4173 liei
1708 4117 1856 4175 voluntate

39 4190 42 4202 Χ
144 4207 229 4263 Vens.
248 4208 290 4274 19,
307 4206 351 4271 20,
368 4206 411 4258 nt.
431 4233 465 4242 -
484 4202 653 4272 aperuitque
673 4201 760 4255 oeulos
787 4201 845 4269 eius
872 4203 951 4256 Dens.
972 4201 1147 4269 plaudens,
1171 4204 1249 4259 unde
1273 4206 1498 4274 pedaminum,
1525 4204 1553 4261 id
1579 4213 1620 4261 eat
1643 4219 1693 4275 per
1715 4221 1780 4263 eam
1797 4220 1855 4277 qua

110 4298 174 4366 Qua
194 4293 288 4348 uideas
305 4297 416 4362 putenm
439 4306 530 4361 oque,
557 4290 638 4358 obiit,
661 4294 686 4343 et
713 4289 835 4358 impleuit
855 4293 953 4350 utrem,

109 4383 237 4452 deditque
263 4396 347 4451 puero
370 4380 475 4447 bibere;
487 4385 513 4434 et
535 4381 592 4445 suit
616 4393 675 4432 cnm
689 4391 735 4445 eo;
753 4380 801 4447 qui
819 4380 912 4444 creuit,
929 4381 955 4432 et

108 4477 229 4526 moratus
249 4475 288 4524 est
309 4471 339 4523 in
362 4468 520 4536 solitudine,
553 4470 698 4536 sectusque
714 4464 825 4536 juvenis
840 4469 955 4534 sagitto-

108 4563 177 4615 rt‘us.
195 4558 337 4614 Habitonit
360 4560 389 4611 in
409 4557 513 4612 deserto
532 4556 655 4624 Pboron,
670 4559 695 4609 et
714 4557 818 4624 occepit
833 4555 878 4608 illi
892 4570 954 4613 mo-

110 4653 215 4703 tresue
233 4662 343 4701 oaorem
369 4646 403 4701 de
421 4650 495 4700 terro
515 4646 638 4714 AEqypti.
663 4643 704 4699 nd
725 4642 884 4699 videndum
904 4656 955 4712 pu·

110 4747 285 4807 reumaque
310 4736 386 4792 Dens
405 4735 470 4806 ejus
499 4733 597 4790 oeulos
621 4733 722 4804 aperit,
746 4731 865 4789 eumad
885 4745 955 4789 eum

109 4825 369 4898 persentiscendum
392 4822 620 4894 sapiendumque
649 4822 700 4893 qui
721 4820 784 4877 lons
803 4827 847 4877 est
870 4833 954 4890 aque

108 4914 312 4985 rivaeetorigo
336 4912 484 4984 sapientiae
503 4925 536 4967 ao
557 4909 694 4976 scientiae,
712 4909 857 4966 Christum
882 4906 955 4963 scili-

109 5010 162 5071 cet,
182 5002 233 5074 qui
259 5002 299 5058 nil
315 5000 395 5057 aliud
420 5013 508 5071 quam
531 4998 610 5069 qnod
624 4997 702 5054 mitis
722 5004 765 5053 est
792 5004 820 5052 et
835 4994 954 5053 humilis

108 5091 193 5149 corde
217 5104 280 5147 ase
293 5104 346 5146 nos
373 5088 482 5144 discere
506 5087 607 5155 votuit,
625 5086 728 5143 mentis
743 5082 873 5140 velamen
909 5083 955 5138 de

110 5181 193 5251 tegit3
215 5179 326 5235 ambitu
348 5177 445 5248 itaque
472 5183 605 5232 votorum
630 5174 707 5230 bunc
730 5172 830 5228 adiens
856 5171 955 5242 implet

70 5275 74 5292 “
107 5275 213 5336 utrem,
230 5273 345 5336 reparat
359 5264 490 5322 videlieet
505 5263 581 5320 vires
591 5261 717 5318 scientiae
732 5260 809 5316 intra
823 5259 954 5316 animum

105 5356 166 5428 lam
178 5355 280 5424 utique
300 5360 516 5424 temperantem.
542 5351 625 5407 Potat
647 5362 781 5419 puerum,
797 5346 953 5404 allectnali-

108 5452 165 5503 tate
185 5442 261 5501 enim
284 5443 319 5499 ad
350 5443 442 5500 Deum
467 5453 561 5502 versa,
590 5439 649 5510 spei
676 5444 781 5496 nostre
803 5436 953 5494 desideriis

1008 4293 1065 4348 Deo
1089 4292 1225 4348 inniteris
1259 4292 1403 4360 tiduciam,
1441 4295 1517 4360 mibi,
1545 4293 1641 4364 inquit
1676 4294 1852 4352 Abimeleeb.

1008 4381 1087 4451 quod
1106 4388 1148 4437 est
1171 4380 1317 4451 superbia,
1338 4380 1479 4450 pollicere,
1497 4382 1575 4452 qnod
1597 4396 1649 4438 uec
1662 4383 1733 4437 mitt
1746 4398 1852 4450 noceas,

1007 4469 1038 4524 in
1059 4469 1114 4525 tuis
1128 4482 1173 4524 me
1186 4469 1319 4539 operibus
1331 4469 1503 4525 destruendo
1520 4483 1572 4525 neo
1583 4473 1708 4539 posteris,
1735 4470 1851 4527 laudern

1008 4557 1124 4625 scilicet,
1140 4572 1206 4627 quae
1232 4571 1319 4626 opera
1343 4558 1483 4627 seqnitur,
1509 4556 1669 4628 abjiciendo
1699 4572 1752 4614 uec
1771 4559 1855 4627 stirpi

1008 4660 1080 4710 mea,
1110 4644 1306 4711 intentionem,
1333 4659 1398 4715 quae
1422 4645 1505 4700 radix
1519 4652 1562 4701 est
1584 4658 1715 4715 operum,
1745 4646 1853 4702 exstin-

1008 4733 1132 4805 guendo.
1148 4731 1314 4790 Abimelecb
1329 4733 1533 4803 interpretatur
1543 4735 1636 4804 patris
1661 4736 1715 4788 mei
1728 4750 1852 4803 regnum,

1008 4821 1087 4893 quod
1100 4828 1143 4877 est
1156 4821 1301 4891 superbia,
1319 4821 1366 4878 cui
1381 4829 1482 4893 regnat
1502 4822 1644 4890 diabolus,
1659 4822 1737 4879 unde
1758 4831 1811 4891 est,
1827 4830 1854 4879 et

1008 4908 1066 4979 ipse
1087 4917 1127 4965 est
1149 4924 1303 4980 rexsuper
1323 4924 1421 4966 omnes
1445 4910 1518 4966 tilios
1542 4909 1684 4981 superbie
1708 4911 1767 4982 (dod
1797 4926 1853 4977 xer,

1007 4998 1063 5066 25).
1096 4997 1193 5054 Pbicol
1218 4997 1324 5054 dicitur
1353 5013 1381 5053 os
1410 5002 1539 5059 omnium,
1569 4998 1599 5054 in
1627 5014 1685 5070 qno
1714 4999 1856 5071 accipitur

1008 5084 1103 5140 inanis
1124 5084 1224 5156 gloria,
1240 5100 1305 5156 quae
1330 5100 1360 5142 se
1374 5086 1503 5141 omnium
1518 5087 1623 5156 quaerit
1647 5086 1793 5145 celebrare
1806 5100 1856 5159 per

1007 5186 1067 5228 ora.
1083 5172 1178 5229 Gloria
1205 5173 1291 5230 etiam
1307 5173 1424 5230 diilmiri
1439 5174 1519 5241 solet,
1543 5175 1678 5246 frequens
1694 5175 1729 5232 de
1757 5176 1855 5246 aliquo

1007 5261 1085 5318 lama
1096 5276 1163 5318 cum
1179 5261 1273 5318 laude.
1289 5261 1454 5319 Abimelecb
1471 5263 1620 5323 nobiscum
1633 5264 1856 5321 misericorditer

1008 5350 1084 5420 iacit,
1099 5365 1167 5408 cum
1178 5351 1343 5423 temporalis
1359 5352 1581 5409 exuberantiam
1594 5352 1692 5424 gloriae
1709 5353 1853 5425 suggerit3

1008 5438 1084 5495 idem
1118 5438 1172 5495 sibi
1207 5438 1409 5510 impendimus,
1434 5455 1501 5497 oum
1532 5440 1683 5512 ingestioni
1710 5440 1854 5498 bonorum
