3794 6008
498 222 544 277 DE
562 223 644 281 vlrn
664 223 732 282 SUA
752 226 850 281 LIBRI
867 227 964 283 TRES.
978 226 1084 283 -LlB.
1104 228 1152 284 lll.
1652 233 1705 287 ete

52 361 65 410 t
77 366 220 424 egressus,
238 351 305 408 villa
318 365 355 408 ex
369 359 446 422 parte
459 354 524 424 ejus
536 352 691 425 grandium
702 353 802 411 llumi·
820 357 844 410 Α
860 354 956 412 lidiam
967 363 1114 426 tantopere
1128 355 1216 413 coluit
1231 364 1263 412 ut
1277 355 1354 426 quod
1370 354 1478 412 ludaeis
1501 362 1608 412 metum
1631 356 1704 413 hde-

52 439 149 510 tpecies
171 438 358 509 apparebant,
374 453 519 509 quaeum
535 439 669 511 progredi
685 440 803 497 omnino
858 442 929 498 lium
946 443 1212 514 impraesumptibile
1238 452 1309 512 erat,
1340 443 1398 514 ipse
1420 444 1527 500 diceret
1550 445 1585 500 de
1608 444 1705 502 Salva·

52 534 101 583 tut.
858 535 916 585 tore
931 530 1049 587 nefaria.
1071 531 1163 599 Quam
1190 533 1263 588 male
1277 540 1373 588 aulem
1390 534 1420 589 in
1446 532 1549 589 cmlum
1578 534 1704 603 posuerit

52 628 90 670 tm
113 628 182 685 ergo
207 613 289 671 illum
317 614 447 670 recedere
478 613 540 670 siue
563 614 621 671 ullo
651 615 727 672 lurlo
757 614 803 671 sul
856 633 990 676 ossuum
1015 621 1112 690 (Psel.
1140 635 1229 688 uxxrr,
1256 623 1291 687 9),
1319 620 1438 692 intelligi
1462 626 1641 692 potestlm
1666 637 1703 678 ex

54 703 145 760 shaee
157 703 340 759 invisibiliter
354 703 407 758 sibi
424 704 570 773 preposita
593 704 704 760 lluenta
717 719 802 775 coge·
857 719 919 760 meo
932 705 979 762 illo
994 705 1089 763 hoello
1104 720 1191 775 quent
1213 715 1313 763 contra
1329 707 1424 777 ipsum
1447 716 1549 778 rogatu
1565 707 1703 765 Bemardi

54 790 198 859 Quocum
215 798 334 847 ventum
360 790 440 856 louet,
467 791 502 846 de
525 804 555 847 se
575 791 649 847 nolle
673 791 803 847 recedere
856 793 956 848 decani
971 795 1082 864 scripsi.
1103 795 1172 861 Quae
1196 796 1336 864 quonlam
1356 796 1399 852 eri
1420 794 1582 852 Christiano
1599 796 1703 853 indici·

52 895 89 937 tm
109 878 300 937 luriosissima
314 877 435 949 loquens
448 878 565 943 diceret,
589 893 715 949 cumque
736 892 802 934 eum
857 880 924 936 bilia
939 892 1008 939 sunt
1022 891 1050 939 et
1065 883 1118 953 piis
1130 883 1253 940 auribus
1271 883 1486 940 exsecrabiliter
1509 884 1702 954 exhorrenda,

51 982 105 1039 pus
126 966 219 1038 magis
237 975 363 1037 urgeret,
378 965 463 1035 coepit
478 964 562 1035 quasi
575 973 659 1022 extra
673 980 703 1021 se
724 965 801 1036 posi-.
856 968 1074 1038 supprimimus.
1091 970 1163 1027 Cum
1177 970 1291 1026 ludaeos
1315 970 1468 1039 attolleret,
1483 985 1500 1026 a
1521 972 1627 1028 ludaeis
1652 987 1702 1042 pro

52 1055 180 1120 essitare,
207 1054 341 1124 quaedam
357 1067 386 1109 se
407 1052 513 1109 scilicet
528 1052 624 1109 adhue
637 1052 712 1108 scire
733 1064 802 1120 quta
857 1053 958 1111 insano
976 1056 1146 1122 habebatur,
1171 1058 1240 1113 dum
1262 1058 1348 1114 verbo
1363 1066 1454 1114 sectas
1474 1073 1575 1115 eorum
1597 1073 1702 1130 appro-

52 1152 112 1201 ssct
128 1143 232 1200 dicere.
249 1141 330 1209 Quod
348 1156 415 1197 cum
432 1156 484 1212 per
502 1140 715 1197 vicedominum
729 1139 803 1196 didi·
855 1143 947 1212 haret,
962 1153 990 1202 et
1005 1154 1101 1202 nostra
1117 1146 1147 1200 in
1163 1152 1299 1215 promptu
1309 1153 1487 1216 sequeretur.

52 1230 202 1302 episcopus
216 1231 394 1286 occasionem
415 1238 528 1297 nactus,
549 1229 688 1300 queniam
704 1242 734 1284 se
749 1228 803 1299 ju·
891 1231 983 1298 Οιιαιιι
1004 1232 1134 1298 nefanda
1149 1232 1261 1304 profert
1282 1230 1399 1304 agitque
1413 1248 1514 1290 comer.
1531 1233 1703 1289 Generoeum

52 1327 71 1376 lt
84 1318 124 1376 nil
140 1318 206 1389 plus
223 1320 306 1386 scire,
332 1317 437 1374 solidos
458 1332 531 1388 quos
559 1317 585 1373 ei
615 1325 803 1388 proposuerat
855 1318 952 1375 aramis
965 1319 1194 1393 ipsimscctum.
1207 1350 1241 1359 —
1251 1320 1287 1377 Et
1300 1329 1376 1377 corte
1396 1321 1425 1377 in
1438 1320 1531 1378 Natali
1546 1329 1574 1377 et
1589 1321 1702 1377 Passio·

52 1406 202 1474 subtraxit,
219 1413 246 1462 et
261 1406 369 1463 carceri
389 1405 536 1477 relegavit.
551 1404 606 1472 Qui
621 1405 707 1461 etiam
729 1417 801 1474 sup
855 1421 891 1463 ne
906 1405 1325 1478 Dominica,etinhu1usmodi
1339 1407 1703 1479 tambumilemseprtebe

76 1494 205 1562 adactus,
235 1507 349 1565 gemma
375 1493 513 1550 contracti
542 1493 636 1563 operis
657 1507 687 1551 se
716 1506 802 1562 penes
855 1496 914 1564 bat,
931 1505 963 1554 ut
977 1496 1028 1553 vix
1044 1496 1186 1567 perddum
1215 1504 1393 1568 putaremus.
1420 1498 1507 1555 Nocte
1524 1499 1649 1568 paschali
1672 1513 1702 1557 se

52 1595 106 1638 tere
122 1580 215 1637 lassus
229 1589 280 1637 est.
299 1580 334 1636 Et
344 1580 379 1636 ad
394 1578 489 1635 limum
504 1584 552 1635 '00⁸
570 1581 690 1647 ducens,
706 1587 801 1636 osten·
855 1584 884 1641 in
898 1583 1017 1642 ecclesia
1044 1584 1080 1641 ad
1104 1584 1283 1657 vigilandum
1298 1585 1467 1653 contulerat,
1484 1584 1615 1657 religioso
1638 1584 1702 1642 cui-

52 1683 71 1725 s
95 1668 123 1723 in
148 1667 264 1723 linteolo
288 1667 343 1723 sub
369 1680 439 1751 saxo
477 1667 627 1736 pendente.
657 1667 730 1723 Cum
757 1666 801 1722 his
818 1647 922 1729 Bdarn
936 1673 1048 1743 clerico,
1065 1680 1097 1731 ut
1118 1673 1153 1730 de
1174 1671 1309 1743 mysterio
1332 1672 1444 1729 dierum
1459 1671 1575 1730 illorum
1604 1673 1703 1744 aliqua

52 1770 91 1812 tus
103 1769 220 1825 quoque
245 1754 422 1826 phylacteria
436 1767 518 1810 satra
532 1752 720 1821 subduxerat,
736 1767 802 1824 quae
855 1759 910 1817 sibi
925 1760 1040 1830 diceret,
1061 1766 1268 1832 suggesserat:
1285 1757 1339 1826 Qui
1363 1774 1430 1815 cum
1455 1759 1580 1830 qualiter
1602 1773 1703 1829 passus

52 1842 87 1901 iu
102 1843 203 1910 tenuit,
230 1842 355 1899 dormire
377 1857 433 1898 uon
448 1850 569 1912 poterat,
597 1843 665 1913 quia
694 1841 801 1898 sanctis
854 1847 891 1904 sit
904 1848 1053 1914 Dominus,
1067 1856 1095 1904 et
1114 1847 1257 1918 quomodo
1272 1847 1440 1911 resurrexit,
1457 1847 1625 1916 intimasset,
1649 1863 1703 1905 ex-

52 1947 72 1988 u
84 1932 216 1989 animum
230 1931 471 1996 concutientibus,
488 1932 558 1986 tanti
571 1945 639 1987 eum
659 1930 801 2001 sacrilegii
855 1932 974 1989 sibilans
988 1948 1083 1990 comes
1104 1934 1163 1989 ait:
1182 1936 1252 1991 Ecce
1267 1934 1377 2002 labula,
1393 1949 1458 1990 ecce
1476 1942 1592 1991 ventus.
1618 1934 1645 1990 Si
1659 1938 1701 2003 tu,

52 2019 219 2076 invaserat.
237 2017 328 2088 igitur
343 2026 371 2074 et
387 2017 444 2088 ipse
460 2018 487 2073 in
503 2016 626 2074 sublime
638 2024 799 2088 provectus,
855 2020 959 2092 inquit,
976 2034 1027 2091 pro
1039 2028 1124 2077 vento
1135 2029 1163 2078 et
1178 2021 1287 2088 fabula,
1302 2035 1368 2092 quae
1383 2021 1506 2077 dixerim
1520 2019 1618 2085 habes,
1630 2019 1702 2090 quid

54 2111 101 2162 lus
114 2113 156 2162 est
171 2105 207 2162 ad
224 2115 318 2175 patres
331 2120 408 2170 suos,
426 2105 510 2175 plane
520 2104 657 2163 diabolos.
854 2108 901 2164 hic
914 2108 1040 2181 vigilas?
1056 2109 1205 2176 Pulchras,
1224 2110 1274 2178 ait,
1291 2110 1435 2175 mulieres,
1452 2123 1519 2179 quae
1535 2110 1598 2165 istic
1611 2123 1699 2165 coex-

273 2194 389 2251 ChPUl'
405 2194 480 2250 xlll.
854 2196 971 2264 cubant,
995 2196 1114 2253 libenter
1139 2197 1265 2253 attendo.
1288 2196 1368 2253 Certe
1389 2211 1455 2253 cum
1479 2197 1632 2269 coniugem
1654 2194 1702 2267 jn·

52 2277 97 2335 'ris
109 2280 421 2348 Joannis,8uessorum
436 2279 558 2348 concilis,
574 2284 799 2351 octusnequam.
854 2281 1006 2339 venculam
1025 2284 1179 2353 speciosam
1202 2282 1330 2350 haberet,
1346 2296 1379 2338 ea
1398 2291 1558 2353 contempta
1573 2283 1702 2354 rugosis-

52 2366 202 2424 m'setiam
222 2373 325 2424 mater.
349 2373 522 2426 -leannes
545 2369 663 2437 interea,
684 2367 800 2425 Suesso-
854 2373 957 2427 simam
986 2373 1025 2427 ita
1053 2370 1205 2427 allectabat
1226 2385 1327 2438 anum,
1348 2379 1380 2427 ut
1401 2385 1467 2426 cum
1485 2371 1560 2426 intra
1583 2370 1701 2426 domum

52 2470 129 2515 omes
141 2457 186 2528 (ut
202 2458 262 2528 jam
285 2459 390 2528 stylum
415 2459 450 2514 ad
475 2458 613 2527 promissa
631 2455 800 2527 vertamus),
854 2460 1006 2531 cujusdam
1022 2459 1112 2515 ludaei
1126 2459 1229 2515 lectum
1244 2459 1307 2526 sibi,
1335 2466 1363 2515 et
1384 2459 1426 2515 illi
1440 2458 1546 2529 sepius
1565 2459 1701 2528 apparari

52 2564 57 2599 t
78 2545 167 2600 solers
182 2545 319 2615 pacisque
340 2546 487 2601 studiosus
510 2544 574 2612 luit,
598 2544 683 2614 cujus
704 2551 801 2598 laureo
854 2546 968 2611 laceret,
985 2550 1245 2618 uunquamtamen
1260 2545 1488 2602 stratucohibcri
1506 2552 1627 2616 poterat,
1650 2545 1699 2602 sed

52 2634 72 2688 ie
87 2632 148 2688 sola
163 2646 217 2689 sua
233 2632 340 2688 utilitas
365 2633 427 2688 luit.
452 2633 525 2690 Nam
549 2640 667 2701 patema
682 2638 708 2686 et
723 2630 801 2686 avita
855 2636 883 2691 in
900 2635 1026 2706 aliquem
1040 2634 1183 2705 angulum
1199 2643 1324 2704 turpem,
1336 2641 1387 2689 ant
1401 2641 1476 2688 certe
1487 2633 1563 2689 intra
1578 2633 1700 2703 apothe-

52 2720 84 2775 ia
96 2719 125 2776 ln
138 2720 260 2776 exitium
276 2720 502 2789 matrissemper
513 2717 646 2775 Ecclesiae
661 2718 803 2773 redunda-
854 2737 916 2779 cam
933 2722 1061 2793 aliquam
1075 2736 1133 2791 prae
1154 2721 1250 2778 lurore
1268 2720 1395 2777 libidinis
1409 2735 1439 2776 se
1459 2735 1525 2776 cum
1541 2719 1588 2776 illa
1606 2719 1699 2776 sordi·

52 2821 108 2863 ure
123 2816 214 2863 mater
231 2806 372 2880 [loannis]
385 2808 458 2863 inter
473 2815 575 2863 caetera
592 2804 723 2876 potenliae
740 2817 800 2860 suae
853 2809 971 2867 dissime
984 2809 1183 2865 einlrudebat.
1198 2807 1282 2875 Quid,
1299 2806 1375 2878 quod
1391 2821 1457 2862 cum
1473 2821 1564 2863 uxore
1578 2820 1631 2862 sua
1645 2819 1700 2876 pa·

52 2895 94 2951 1¹²
109 2896 174 2966 (49).
200 2894 330 2967 linguam
354 2896 473 2952 diatono
496 2894 611 2951 cuidam
636 2908 653 2950 o
682 2900 799 2965 gullure
817 2898 1034 2999 crasitastrum
1051 2895 1217 2964 quemdam,
1232 2893 1380 2950 exstinctis
1393 2894 1453 2963 jam
1467 2900 1548 2948 necte
1563 2891 1699 2960 lucernis,
1723 2940 1726 2947 .

52 2991 114 3040 llam
130 2984 240 3041 succidi
254 2983 329 3050 lecit,
341 2983 497 3053 oculosque
512 2980 644 3039 convelli.
654 2980 798 3036 Nimirum
853 2984 907 3040 sub
920 2982 1013 3053 specie
1025 2981 1071 3037 sui
1082 2981 1213 3037 cubitum
1227 2982 1266 3036 ire
1282 2981 1441 3048 mandavit,
1459 2987 1491 3036 ut
1503 2979 1636 3036 adulterii
1654 2979 1699 3035 sui

52 3074 178 3144 sumpsit
190 3072 367 3144 parricidalis
380 3069 690 3129 audaciallamludaei
702 3069 799 3138 cujus·
853 3072 960 3129 crimen
985 3070 1179 3141 impingeret?
1193 3071 1261 3134 011ae
1283 3083 1347 3125 cum
1370 3084 1428 3123 non
1442 3083 1503 3125 esse
1517 3067 1647 3124 comitem
1663 3082 1699 3124 ex

52 3161 136 3218 tudio
161 3162 278 3219 tratrem
300 3160 449 3231 proprium
469 3159 626 3229 cupiditate
645 3158 799 3214 comitatus
852 3158 964 3230 corpori
993 3159 1132 3229 qualitate
1160 3160 1277 3214 sentiret
1308 3158 1379 3227 (erat
1408 3157 1484 3212 enim
1513 3170 1607 3212 comcs
1626 3152 1699 3212 stede

52 3248 229 3305 succiderat.
245 3248 337 3313 Quam
351 3246 387 3303 ob
402 3260 519 3303 causam
535 3255 561 3304 et
576 3247 706 3303 luteum
725 3245 800 3316 ignis
853 3246 1063 3318 pruriginosus)
1084 3260 1137 3301 suo
1153 3260 1211 3317 quo
1225 3245 1316 3301 valuit
1336 3245 1412 3305 nisu.
1423 3253 1450 3301 et
1461 3244 1698 3314 pedissequarum

54 3335 118 3406 psit,
130 3344 158 3392 et
174 3337 235 3406 ipsa
258 3334 348 3405 pridie
368 3350 455 3405 quam
475 3342 562 3404 caput
578 3334 681 3405 jejunii
697 3347 798 3403 seque-
853 3333 973 3399 auxilio,
990 3345 1120 3388 scurram
1137 3333 1210 3388 dure
1224 3332 1333 3388 cecidit.
1345 3330 1419 3398 Quid
1435 3331 1542 3401 plura?
1557 3329 1620 3386 Nou
1635 3342 1700 3385 san-

86 3432 238 3496 postquam
271 3423 374 3480 eximie
402 3429 577 3491 coenaverat,
605 3422 632 3477 in
664 3421 724 3490 ipso
753 3420 798 3476 sui
851 3420 1055 3482 alimonialem.
1073 3434 1129 3475 non
1147 3420 1316 3475 monacham
1336 3432 1353 3474 a
1376 3433 1429 3474 sua
1448 3418 1585 3475 abusione
1598 3417 1698 3474 exclu-

76 3520 157 3568 nocte
184 3512 341 3582 primordio
375 3509 498 3579 paralysi
529 3522 672 3578 percussa,
705 3507 799 3563 olilcia
852 3517 935 3574 serat,
952 3509 1139 3565 neclratrum
1158 3507 1419 3577 planesanetorum
1451 3518 1580 3576 unquam
1597 3505 1698 3562 rivali-

52 3613 61 3655 ι
76 3598 207 3668 perdidit,
222 3597 308 3653 totius
318 3596 445 3667 corporis
466 3596 684 3653 invalitudinem
699 3596 798 3653 incur·
852 3597 903 3654 tali
920 3603 1095 3667 pepercerat.

52 3685 161 3757 aedque
174 3685 354 3756 potissimum
369 3691 420 3745 cst,
444 3683 485 3739 nil
500 3682 634 3752 deinceps
661 3683 738 3753 quod
761 3683 798 3739 ad
886 3682 1067 3757 impiissime
1078 3686 1105 3737 et
1118 3681 1234 3753 infelici
1240 3684 1332 3737 morte
1340 3680 1428 3754 periit
1441 3698 1535 3737 amnes
1542 3681 1699 3738 illc-llu-

62 3772 337 3842 pertineretsapuit,
363 3778 391 3827 et
419 3771 567 3826 decaetero
582 3784 700 3840 porcum
716 3770 797 3826 vixit.
849 3775 898 3845 jus
923 3770 1096 3843 putidissimi
1126 3770 1319 3839 blasphemias
1341 3783 1406 3825 cum
1438 3769 1494 3838 pati
1520 3769 1580 3840 jam
1609 3769 1697 3839 Virgo

52 3859 105 3916 lam
121 3859 199 3930 iusto
214 3859 261 3915 liei
285 3858 404 3929 iudicio,
419 3858 502 3928 quasi
526 3872 577 3928 pro
594 3857 712 3925 medela,
727 3872 797 3926 pene
851 3861 950 3926 llater,
979 3859 1109 3913 omnium
1135 3856 1245 3926 regina,
1273 3870 1330 3911 non
1357 3862 1459 3925 posset,
1476 3854 1608 3912 redeunti
1620 3856 1646 3910 ei
1660 3855 1697 3912 ab

52 3949 179 4005 desecta
193 3955 245 4004 cst.
278 3946 323 4004 Sic
348 3961 377 4002 se
403 3947 439 4002 ab
461 3946 541 4002 initio
565 3944 797 4017 Quaeragestmae
851 3945 1031 4018 expeditione
1046 3945 1134 4016 regia,
1150 3942 1326 4014 collegarum
1338 3956 1458 3999 suorum
1483 3942 1646 3999 daemonum
1660 3944 1697 3999 ad

58 4037 94 4094 ad
110 4045 226 4094 octavas
242 4037 368 4103 Pascha,
383 4050 451 4092 eum
464 4035 540 4090 diem
555 4035 668 4096 clausit.
684 4035 795 4093 habuit.
852 4035 951 4093 urbem
962 4034 1022 4104 jam
1038 4033 1245 4105 propinquanti
1257 4030 1469 4102 lugensglobus
1483 4031 1628 4101 apparuit,
1646 4031 1697 4102 qui

53 4140 133 4197 psam
150 4135 257 4193 autem,
283 4135 310 4182 et
324 4126 404 4183 harno
426 4127 576 4192 loannem,
591 4133 619 4180 et
632 4125 797 4195 episcopum
852 4122 929 4179 hirta
941 4134 1033 4187 coma,
1047 4133 1134 4176 sensu
1161 4117 1248 4176 edero
1272 4118 1391 4176 domum
1412 4119 1540 4186 veniens,
1557 4131 1591 4174 ea
1615 4126 1697 4175 nocta

52 4227 121 4278 sem,
140 4213 212 4270 hlios
226 4215 299 4284 elus,
316 4227 373 4268 non
394 4213 477 4269 medo
494 4211 663 4278 simultates,
684 4213 733 4270 sed
755 4213 796 4269 le·
815 4235 837 4289 ῃ
853 4208 1108 4282 conjugerepulsa,
1121 4223 1187 4265 cum
1203 4222 1262 4265 anu
1275 4202 1586 4278 praedictaconcuhnil,
1598 4207 1698 4278 inqua

54 4299 227 4363 edisserant,
243 4307 270 4356 et
285 4300 345 4356 haec
361 4301 497 4371 genuina.
524 4300 595 4357 Nam
613 4315 704 4372 genus
726 4301 796 4357 illud
850 4310 878 4360 et
894 4298 990 4357 lethali
1005 4307 1095 4356 morte
1107 4298 1253 4355 decubuit.
1270 4302 1400 4370 cumque
1425 4299 1537 4354 anxiari
1557 4297 1696 4369 caepisset,

52 4401 76 4443 m
94 4384 211 4443 infestos
224 4401 255 4444 se
268 4388 383 4444 habent.
404 4387 485 4444 Certe
507 4388 577 4444 dum
599 4388 633 4444 ad
652 4389 797 4446 tumulum
852 4389 1019 4462 praedictum
1035 4387 1169 4444 clericum
1186 4402 1252 4443 cnm
1266 4402 1325 4458 quo
1336 4388 1365 4443 in
1380 4386 1486 4459 vigiliis
1499 4393 1597 4457 egerat
1610 4399 1698 4455 super

68 4473 178 4543 luisset,
203 4475 277 4531 iuter
302 4474 496 4545 sepeliendum
511 4477 579 4531 mihi
599 4492 693 4534 comes
708 4479 798 4534 isdem
851 4479 1004 4536 urinarum
1026 4489 1148 4533 suarum
1175 4475 1403 4531 consideratione
1430 4474 1585 4530 consuluit.
1601 4473 1654 4541 Qui
1671 4474 1697 4530 ei

53 4574 119 4631 qnae
132 4569 201 4617 sunt
216 4561 350 4632 superius
370 4560 460 4617 relata
473 4564 620 4633 narrabat,
636 4565 795 4635 adjiciens:
850 4566 885 4623 de
899 4571 988 4621 morta
1007 4562 1181 4632 respondens
1207 4576 1273 4618 cum
1299 4576 1353 4618 sua
1375 4564 1483 4627 anima,
1498 4567 1526 4616 et
1542 4560 1576 4615 de
1596 4574 1697 4630 perpe-

63 4733 126 4807 ipsa
138 4735 176 4790 nil
191 4736 315 4791 voluerit
330 4736 484 4807 dilargiri?
851 4739 956 4811 inquit,
973 4747 1004 4794 nt
1016 4737 1206 4794 leccatoribus
1222 4736 1360 4808 (gulosis).
1385 4733 1491 4790 scilicet
1514 4733 1696 4804 presbyteris,

52 4820 799 4895 auuuemillum,ludaicaeperfidiaseclulorem,rcaa'-
852 4844 915 4885 mea
929 4826 1069 4899 emgem?
1084 4840 1120 4881 ne
1134 4825 1250 4882 obolum
1275 4824 1391 4895 quidem
1426 4822 1572 4879 Amultis
1592 4823 1696 4879 discre-

52 4910 565 4969 ubertuslracletumcontradodaeos.
575 4915 800 4986 —llcniquece
852 4916 973 4973 tionibus
989 4922 1016 4970 te
1031 4913 1117 4970 didici
1132 4927 1232 4968 omnes
1243 4912 1364 4969 lentinas
1376 4912 1478 4969 debere
1492 4926 1552 4968 esse
1567 4925 1699 4968 commu-

52 5013 93 5068 se,
109 4999 156 5057 cui
183 5007 258 5057 recte
273 4999 328 5056 dici
350 5007 451 5069 posset,
477 5008 586 5070 «pater
602 5009 671 5060 tuus
692 5004 798 5060 Amor·
851 5019 912 5072 nes,
928 5011 956 5061 et
969 5002 1024 5059 hoc
1047 5001 1157 5058 nullius
1189 5000 1325 5057 momenti
1345 5015 1405 5058 esse
1434 5007 1592 5070 peccatum.
1610 5000 1698 5066 Dixit,

52 5093 175 5144 etmater
187 5095 237 5145 tua
248 5087 361 5145 Cethaea
373 5087 488 5157 (Ezech.
499 5102 561 5153 xvi,
577 5090 704 5158 ³)‚iuon
715 5093 799 5148 modo
852 5099 880 5148 et
892 5090 961 5147 nihil
979 5089 1058 5146 aliud
1071 5101 1158 5158 quam
1184 5088 1294 5144 rabiem
1320 5093 1416 5157 postea
1439 5085 1523 5154 dixit,
1552 5093 1602 5142 aul
1623 5086 1698 5143 tecit.

52 5181 148 5231 entem
174 5170 352 5246 regeneravit
368 5183 535 5247 utrumque,
560 5176 609 5233 sed
633 5177 723 5236 multo
747 5180 798 5235 de·
851 5182 922 5238 Nam
948 5186 1089 5235 astantem
1112 5176 1167 5233 sibi
1193 5175 1347 5249 coniugem
1372 5177 1444 5248 pede
1472 5174 1571 5233 voleus
1587 5174 1700 5246 propel-

52 5262 188 5334 tperegit.
204 5263 445 5333 lpsetudaeornm
461 5271 489 5320 et
508 5264 708 5321 haereticorum
733 5280 797 5336 per·
852 5267 919 5334 lere,
944 5260 1059 5323 cuida'm
1085 5264 1166 5320 mihti
1198 5263 1296 5334 (deest,
1326 5262 1451 5334 alapam,
1475 5264 1528 5318 nul
1554 5263 1698 5335 pugnum)

58 5437 176 5493 ironice.
