3818 6008
76 234 144 286 1089
718 227 827 285 cotim
847 229 876 284 L.
897 227 1070 285 u’ttcuultl
1091 229 1200 284 NOTAE.
1687 286 1691 298 ,
1757 233 1828 287 {090

74 367 145 422 adeo
160 365 215 422 init
229 373 373 435 aceeptus,
391 374 424 424 ut
445 365 519 421 inter
532 365 596 434 ejus
620 363 764 434 principes
787 363 823 418 ad
848 362 928 433 pacis
945 361 1109 432 Apeeunia
1123 375 1252 431 rausum,
1266 376 1324 418 non
1344 364 1377 418 ut
1402 362 1510 418 divinis
1537 362 1664 420 cultibus
1677 365 1827 424 servitium
1878 355 1890 375 “

75 455 190 526 negotia
210 455 408 524 componenda
433 463 461 510 et
484 453 512 508 in
537 453 674 519 Ecclesia,
693 460 721 506 et
743 452 770 506 in
793 465 881 522 regno
897 450 926 506 in
981 450 1173 520 impendatur,
1194 450 1242 506 sed
1260 458 1291 507 nt
1305 450 1366 507 suis
1383 451 1492 520 usibus,
1508 452 1544 508 ad
1558 451 1761 509 dominationis
1775 468 1828 510 vo-

74 544 250 614 longinquas
264 557 356 613 usque
371 552 468 615 gentes
482 555 594 611 semper
606 540 691 597 luerit
704 540 822 609 priruus.
839 561 853 588 »
981 547 1043 594 tum
1054 538 1245 605 deserviatur,
1258 547 1313 594 etc.

110 633 155 686 Vl.
187 630 360 687 llinemarus
386 645 423 687 ex
449 629 590 686 monacho
620 628 716 683 Sarrcti
746 627 872 698 Dionysii
896 627 926 683 in
1019 628 1150 683 ·uatum
1174 634 1217 683 est
1241 627 1268 682 id
1298 627 1440 699 privilegii
1472 642 1540 684 ann.
1562 628 1712 698 vituperii
1735 629 1830 686 Ludo·

76 719 207 787 Francia,
238 727 270 777 ut
298 718 383 776 relert
422 717 599 775 Flodoardns
628 717 700 773 libro
731 730 771 784 ιιι,
795 730 858 786 cap.
887 721 925 771 t:
979 715 1036 771 vici
1055 715 1398 785 11,cnristtverosto‚

77 810 192 879 «Regis
221 808 329 865 ascitus
346 807 492 880 obsequiis
521 806 648 877 regimen
672 805 836 862 monasterii
858 809 927 863 sau·
1014 804 1089 860 lllll.
1124 805 1276 876 ansigisus
1311 805 1356 860 vir
1383 804 1528 875 religione,
1558 804 1688 861 doctrina
1714 820 1830 877 usuque

74 906 127 955 ota
143 898 190 954 liei
211 897 345 954 Genitriei
371 896 477 963 Maria,
501 902 529 951 et
549 894 640 950 sancti
668 894 813 961 Germani,
836 893 926 966 regali
979 907 1078 950 rerum
1098 902 1246 963 prestans,
1264 893 1392 949 bumana
1412 893 1542 963 deposuit
1560 906 1638 949 anno
1651 895 1713 950 882.

73 995 102 1044 et
122 986 283 1057 episcopali,
310 994 399 1056 atquc
426 984 538 1041 abbatis
562 984 606 1039 sui
632 982 769 1039 ludovici
797 983 927 1054 jussione
1014 987 1091 1037 doit
1122 982 1258 1038 Pluribus
1290 982 1463 1051 posternis,
1490 995 1591 1051 nempe
1617 984 1692 1039 circa
1719 997 1829 1040 annum

73 1076 239 1145 suscepit.»
257 1075 420 1145 legendum
441 1087 508 1129 vero
523 1072 570 1127 bic
586 1071 680 1129 Sancti
694 1070 851 1139 Geremari,
863 1084 928 1127 sna·
979 1071 1042 1137 900,
1068 1083 1176 1140 susque
1199 1071 1293 1140 deque
1320 1086 1453 1127 eversum
1476 1081 1517 1127 est
1538 1072 1590 1127 abs
1612 1071 1828 1129 Nortbmannis.

74 1165 143 1220 dent
169 1177 235 1234 ona
258 1162 356 1218 eodem
397 1160 458 1228 lib,
484 1174 547 1230 cap.
572 1159 681 1215 decimo
704 1167 806 1217 octavo
829 1158 928 1215 scribit
979 1157 1066 1214 Sacra
1081 1165 1175 1214 autem
1192 1157 1268 1215 beati
1293 1158 1438 1214 Geremari
1461 1171 1525 1214 ossa
1542 1157 1691 1226 translata,
1717 1174 1751 1216 ac
1768 1158 1829 1215 eol·

74 1252 135 1323 ipse
163 1250 351 1318 Flodoardus,
374 1249 419 1306 bis
443 1249 538 1306 verbis
555 1264 592 1304 :c
620 1249 690 1304 item
719 1248 830 1319 (scribit
853 1248 927 1303 liin·
980 1243 1073 1301 iocata
1090 1245 1121 1301 in
1155 1246 1276 1303 ecelesia
1302 1245 1476 1313 deiracensi,
1506 1245 1556 1302 nbi
1578 1246 1661 1302 bodie
1682 1247 1829 1304 visuntur.

75 1341 212 1411 emarus),
229 1354 279 1409 pro
302 1337 383 1402 cella,
415 1338 460 1394 vel
485 1337 657 1393 monasterio
681 1337 823 1404 Flaviaco,
848 1335 927 1407 qnod
1015 1334 1051 1391 At
1075 1348 1152 1391 anuo
1191 1337 1259 1390 loeo
1296 1342 1412 1391 strenue
1436 1335 1502 1404 pins
1527 1334 1614 1405 juxta
1634 1348 1668 1391 ac
1704 1335 1831 1405 prudens

75 1430 152 1486 idem
167 1443 218 1486 rex
235 1428 298 1495 sibi,
313 1428 384 1484 dum
407 1427 436 1482 in
457 1426 547 1496 ipsius
560 1433 627 1482 ante
652 1425 847 1496 episcopatum
863 1439 927 1481 mo-
980 1421 1068 1478 droco
1093 1423 1309 1480 Belvaceusinm
1337 1423 1491 1493 episeopus
1518 1423 1555 1478 ad
1581 1423 1829 1492 instaurationem,

73 1526 191 1575 raretur
205 1516 331 1580 servitio,
348 1517 523 1585 donaverat;
538 1523 565 1570 et
590 1521 622 1571 nt
637 1515 665 1569 in
693 1515 755 1570 vita
782 1528 836 1571 sua
855 1512 926 1569 illud
979 1523 1031 1566 scu
1062 1511 1159 1567 verius
1183 1509 1448 1577 exadidcationem,
1478 1512 1608 1567 animum
1637 1511 1763 1581 appellit,
1791 1511 1832 1568 ita

73 1614 193 1675 teneret,
210 1604 600 1676 praceptoeondrmaverat3
617 1602 925 1673 quodqueaquodam
981 1597 1102 1654 lelieiter
1122 1605 1150 1654 et
1174 1597 1336 1669 magnilica,
1358 1606 1390 1654 ut
1427 1597 1506 1653 brevi
1538 1597 1686 1653 ecclesiam
1708 1606 1737 1655 et
1762 1599 1831 1655 uni·

74 1695 207 1750 invasore
222 1694 399 1750 destructum
415 1700 602 1758 restruxerat,
615 1698 642 1747 et
658 1690 825 1761 religionem
841 1691 927 1760 prout
945 1665 966 1720 Β
981 1700 1064 1743 versa
1077 1686 1143 1743 vita
1158 1685 1322 1743 monastiea
1346 1686 1496 1742 commoda
1515 1685 1637 1742 aedilicia
1663 1686 1830 1757 periecerit;

76 1782 178 1854 potuit,
205 1782 233 1838 in
259 1798 293 1839 eo
318 1789 540 1847 restauraverat,
564 1802 575 1827 ι
598 1788 652 1835 etc.
680 1779 768 1834 Plura
794 1779 829 1835 de
854 1779 926 1832 llin-
980 1790 1038 1845 quo
1053 1790 1112 1831 nou
1129 1783 1242 1832 tanturn
1260 1783 1387 1831 vetustas
1405 1775 1490 1837 ades,
1506 1774 1554 1829 sed
1570 1774 1654 1830 etiam
1670 1774 1833 1845 precipuas

74 1885 172 1927 emaro
183 1870 315 1928 Remensi
328 1868 541 1939 archiepiscopo
556 1867 680 1923 seribere
693 1867 924 1937 supersedemus,
980 1862 1078 1920 Gallia
1093 1872 1153 1919 tum
1169 1862 1369 1933 amplitudine,
1385 1869 1446 1918 tum
1461 1862 1604 1933 elegantia
1618 1870 1776 1933 superaret.

31 1970 34 1975 ·
74 1956 182 2026 quippe
221 1954 333 2011 notiora
365 1961 392 2010 et
420 1952 576 2009 celebriora
620 1960 687 2007 sunt
715 1950 805 2020 ipsios
841 1951 925 2016 lacta,
1015 1951 1184 2009 Constructo
1209 1951 1305 2022 itaque
1334 1958 1361 2006 et
1391 1950 1531 2007 instructo
1559 1951 1723 2007 monasticis
1745 1951 1832 2008 rebus

72 2042 238 2112 scriptaque
253 2041 376 2110 (duobus
390 2039 588 2097 voluminibus
605 2037 822 2108 comprehensa)
838 2051 927 2108 qnam
980 2049 1008 2097 et
1026 2055 1108 2097 sacra
1130 2040 1298 2109 supellectili
1316 2039 1455 2106 canobio,
1474 2054 1525 2095 uec
1544 2054 1600 2094 nou
1622 2039 1744 2108 prediis,
1766 2053 1832 2111 qua

76 2138 109 2188 ut
122 2145 157 2186 ea
171 2131 305 2188 deterere
315 2129 482 2186 debeamus.
981 2129 1143 2201 antiquitus
1156 2129 1339 2199 possederant
1365 2128 1523 2193 cenobita,
1547 2127 1674 2195 redditis,
1708 2126 1833 2185 accersi-

111 2220 168 2275 llll.
190 2218 249 2276 Odo
263 2232 300 2276 ex
315 2218 420 2275 abbate
436 2215 598 2274 corbeiensi
614 2218 644 2272 iu
658 2216 799 2284 Picardia,
814 2215 926 2286 episco·
981 2220 1023 2275 vit
1046 2235 1062 2275 e
1090 2217 1263 2274 monasterio
1305 2215 1400 2272 Sancti
1424 2215 1518 2271 biauri
1547 2215 1706 2272 l‘ossatensi
1730 2229 1831 2272 mona·

76 2307 335 2392 pusBelvacensis,
365 2305 573 2362 monasterinm
597 2305 791 2374 Flaviaeense,
809 2313 837 2362 et
854 2304 926 2361 alte·
980 2307 1060 2374 obes,
1085 2305 1194 2377 quibus
1217 2305 1408 2362 Guntberium
1431 2303 1563 2373 praelecit.
1591 2306 1632 2359 Ae
1661 2304 1776 2361 tandem
1799 2311 1832 2361 ut

75 2409 141 2453 rum
154 2395 334 2462 Nonnarum,
352 2404 512 2465 utrumque
535 2395 594 2449 solo
616 2407 703 2464 prope
729 2394 925 2465 atlaquatnm,
980 2408 1063 2451 sarra
1099 2394 1320 2450 restituerentur
1350 2391 1441 2448 sancti
1474 2390 1619 2448 Geremari
1657 2405 1731 2459 ossa,
1767 2391 1832 2449 totis

71 2483 133 2555 juri
148 2483 302 2553 episcopali
320 2483 425 2548 addici,
441 2491 587 2553 quatenus
602 2483 702 2539 elatea
730 2497 819 2539 mann
832 2483 926 2553 eripe·
980 2483 1093 2541 viribus
1114 2482 1213 2538 enisus
1232 2489 1284 2548 est,
1309 2480 1358 2537 sed
1375 2480 1493 2547 trustra,
1516 2480 1699 2549 reclamante,
1724 2494 1832 2550 prapa-

74 2579 165 2639 retur,
181 2585 300 2642 suaque
316 2571 418 2641 inopia
430 2571 646 2638 subveniretur,
664 2571 701 2627 ab
715 2585 782 2642 rege
799 2573 927 2627 Franco-
981 2573 1135 2640 dienteoue
1149 2571 1265 2641 populo.

74 2674 141 2717 rum
157 2659 292 2730 primum,
309 2659 441 2716 deindea
466 2659 583 2716 Nicolao
598 2661 699 2729 primo,
726 2672 811 2729 papa,
834 2659 925 2729 impe·
1016 2660 1067 2716 lx.
1098 2657 1254 2715 Gunterins
1280 2656 1480 2714 exmonacho
1508 2655 1677 2724 Fossatensi,
1704 2656 1832 2714 asceticae

75 2748 172 2804 travit.
192 2770 203 2797 ι
224 2748 266 2803 Εο
281 2754 377 2804 antem
392 2748 492 2804 ordine
507 2748 571 2817 (lert
587 2746 713 2818 diploma
726 2760 841 2803 sumina
855 2761 927 2816 pon·
980 2748 1047 2804 vita
1062 2760 1164 2803 norma
1186 2746 1358 2815 postliminio
1382 2753 1514 2801 revocata
1530 2744 1558 2799 in
1575 2744 1668 2800 sancti
1687 2741 1832 2802 Geremari

75 2836 170 2906 tiliois)
187 2844 218 2892 nt
234 2837 267 2893 de
284 2836 513 2907 rebnsejusdem
543 2836 706 2893 monasterii
721 2835 840 2903 cellatis,
866 2836 928 2893 sive
981 2835 1119 2904 canobio,
1145 2848 1282 2906 magnam
1317 2833 1370 2890 sibi
1406 2832 1549 2890 virtutum
1574 2847 1608 2889 ac
1644 2832 1831 2889 scientiarum

75 2923 266 2992 conferendis,
282 2924 416 2980 Ecclesia
430 2924 609 2981 belvacensis
624 2924 841 2982 necessitatibus
854 2925 924 2982 sub·
946 2924 1096 3021 Claudem
1120 2922 1191 2979 inibi
1219 2921 1342 2993 collegit,
1368 2922 1439 2977 adeo
1463 2927 1494 2977 nt
1517 2920 1680 2991 praetentis
1701 2920 1832 2990 discipli-

75 3013 222 3080 vcniatur,
237 3020 323 3082 prout
342 3013 479 3069 voluntas
505 3020 533 3069 et
545 3012 689 3084 judicium
714 3013 850 3084 episcopi,
876 3013 926 3084 qui
982 3028 1027 3069 na
1051 3012 1172 3082 permoti
1198 3011 1284 3077 lama,
1309 3010 1394 3067 etiam
1427 3009 1527 3077 exteri,
1555 3009 1660 3066 saculo
1688 3007 1829 3078 abdicato,

77 3099 225 3171 praeiuerit
238 3101 330 3157 eidem
347 3100 480 3157 Ecclesia
507 3101 680 3171 decreverit3
700 3109 731 3157 et
754 3101 928 3158 monasteria
980 3115 1040 3158 sese
1054 3099 1143 3170 ipsius
1166 3099 1330 3170 magisterio
1352 3098 1530 3155 subderent:
1548 3097 1621 3169 quin
1644 3105 1672 3153 et
1696 3097 1831 3154 mulieres

75 3188 148 3259 ipsa,
165 3202 216 3245 nec
232 3188 260 3244 in
280 3189 408 3245 adificiis
422 3189 583 3256 domorum,
596 3191 656 3253 tneo
673 3190 702 3244 in
720 3190 928 3248 restauratione
981 3189 1137 3256 nonnulla,
1154 3188 1252 3244 eodem
1269 3195 1365 3259 postea
1387 3188 1473 3243 odore
1484 3187 1602 3251 allecta,
1619 3186 1649 3242 in
1672 3185 1829 3256 adjacenti-

76 3277 272 3344 eeclesiarum,
289 3291 341 3333 uec
365 3278 395 3333 in
410 3278 629 3334 necessitatibus
644 3279 701 3334 Deo
725 3277 782 3334 illic
796 3278 952 3334 serviem.
980 3278 1034 3334 bns
1056 3276 1181 3332 ecelesia
1213 3276 1342 3331 adiectis
1364 3280 1592 3344 commanerent3
1624 3287 1727 3343 nempe
1750 3286 1832 3330 soror

77 3365 150 3423 tium
166 3365 525 3436 subsidiadeirandentnr3
540 3366 587 3422 sed
605 3366 755 3422 itarerum
780 3365 927 3436 dispositio
981 3364 1091 3436 sugerii
1111 3364 1227 3436 prioris,
1255 3368 1345 3420 maier
1372 3363 1498 3420 Guiberti
1527 3363 1640 3420 abbatis
1666 3361 1830 3433 Novigenti,

76 3455 126 3510 ilat
140 3454 176 3510 ab
190 3455 320 3525 episcopo
336 3453 518 3511 Belvaeeneis
537 3453 680 3520 Ecclesia,
698 3461 729 3510 ut
742 3462 769 3509 ct
790 3455 851 3523 ipsa
864 3469 925 3510 mo·
981 3452 1181 3523 leodegardis.
1208 3452 1247 3506 lle
1270 3451 1378 3522 onibus
1407 3451 1480 3507 idem
1513 3451 1670 3506 Guibertus
1698 3449 1831 3506 lib.1de

75 3542 202 3598 nasteria
221 3544 306 3614 jutta
333 3541 450 3598 modum
476 3541 645 3598 laenitatem
671 3540 730 3610 lsibi
757 3539 926 3596 collatarum
980 3540 1047 3598 Vita
1063 3553 1125 3597 sua.
1142 3541 1271 3609 itemque
1289 3538 1494 3609 posterioribus
1515 3539 1627 3594 saculis
1649 3536 1775 3594 albreda
1795 3537 1831 3593 de

75 3639 284 3696 restaurentur,
301 3637 328 3685 et
353 3637 572 3696 conserventur,
597 3636 625 3685 et
647 3628 704 3684 illie
727 3628 781 3684 Deo
798 3627 928 3682 militan-
981 3627 1008 3684 S.
1025 3627 1101 3684 0niu
1125 3640 1275 3688 conversa.
1307 3640 1380 3683 naor
1408 3625 1551 3682 Guillelmi
1580 3626 1615 3682 dc
1641 3624 1830 3696 Heuouville;

75 3719 148 3776 tium
165 3718 301 3774 subsidiis
314 3717 500 3788 adjuventur,
515 3725 660 3788 quatenus
674 3717 735 3772 loca
750 3717 807 3773 Deo
822 3715 926 3783 dicata,
980 3730 1057 3773 uxor
1079 3715 1189 3773 dirardi
1211 3716 1245 3771 de
1267 3714 1433 3780 llanuciles,
1454 3724 1481 3771 et
1503 3714 1566 3769 alite
1589 3713 1831 3785 quamplurium

74 3814 102 3862 et
119 3821 164 3863 res
188 3806 244 3862 illis
271 3806 397 3862 ecclesiis
420 3804 530 3861 collata
549 3804 587 3860 ibi
621 3805 801 3875 potissimum
828 3803 927 3860 deser·
980 3818 1047 3876 qna
1059 3803 1227 3860 contraditis
1247 3803 1318 3859 inibi
1333 3803 1394 3858 suis
1409 3803 1521 3872 opibus,
1537 3801 1702 3859 monasterii
1723 3802 1831 3872 stipen-

75 3895 166 3963 viani,
183 3893 234 3952 ubi
248 3895 305 3950 beo
329 3895 455 3951 ildelinm
479 3893 637 3950 oblationes
659 3907 720 3949 esse
739 3892 849 3949 collata
872 3906 928 3948 no·
980 3892 1044 3960 diis,
1060 3906 1112 3950 seu
1128 3900 1160 3949 nt
1178 3891 1301 3947 codicilli
1323 3891 1494 3961 loquuntur,
1518 3890 1689 3960 praebendis,
1716 3872 1832 3946 nomine

74 3992 198 4040 scuntnr
213 3997 220 4038 :
235 3983 304 4054 qnia
320 3997 372 4039 nee
384 3982 473 4053 pium,
490 3996 542 4037 nee
561 3981 672 4053 justum
694 3995 754 4038 esse
778 3979 928 4050 cognosci·
981 3994 1173 4037 conversano
1201 3979 1316 4047 sororis,
1342 3978 1603 4036 sanctimonialium
1619 3978 1721 4035 babitu
1746 3978 1831 4049 dege-

76 4080 135 4137 tur,
152 4079 185 4128 nt
200 4071 326 4128 ecelesia
352 4070 478 4141 praelata
502 4071 541 4127 ita
556 4070 616 4128 suis
644 4069 732 4126 rebus
758 4069 926 4139 spolientur,
982 4070 1061 4126 bant.
1076 4068 1275 4125 AEdicularum
1291 4069 1320 4124 iu
1334 4067 1506 4125 hodiernum
1531 4082 1625 4139 usque
1645 4068 1721 4125 diem
1743 4066 1832 4125 vesti-

75 4167 105 4217 et
130 4159 250 4217 alterins
278 4160 403 4217 eeclesia
443 4159 662 4216 necessitatibus
693 4159 867 4219 deserviant,
896 4163 929 4213 ut
982 4158 1164 4229 giaexstant.

76 4262 180 4305 earum
196 4248 277 4306 nulla
294 4263 412 4319 prorsus
435 4262 506 4305 eura
527 4248 659 4305 videatur
688 4246 823 4318 impendi.
848 4246 970 4313 Undep
1017 4246 1093 4304 Obiit
1108 4245 1265 4303 Gunterius
1289 4245 1387 4302 ldibns
1413 4245 1518 4315 Martii,
1542 4246 1736 4304 annocbristi
1751 4247 1831 4312 tosa,

75 4336 217 4394 sollicitus
243 4338 339 4394 videat
358 4337 508 4407 episopus
522 4336 737 4403 bellovacensis,
755 4343 788 4392 ut
815 4334 876 4392 sive
891 4335 927 4391 de
980 4342 1008 4392 et
1023 4334 1279 4392 administrationis
1294 4335 1337 4389 ᾖ.

76 4426 191 4483 ieiriinis
205 4425 260 4481 illis
276 4427 332 4482 ileo
347 4426 584 4493 deservientibus,
600 4425 660 4482 sive
674 4426 709 4482 de
723 4425 926 4496 cujuscunque
1015 4423 1051 4479 Χ.
1065 4423 1222 4481 Garnerius
1238 4421 1376 4479 Guntorio
1403 4421 1554 4491 successit;
1571 4423 1617 4478 vir
1644 4421 1746 4492 utique
1760 4434 1830 4491 pro-

75 4514 186 4571 ordinis
212 4514 292 4581 viris,
319 4515 380 4570 sive
401 4514 436 4570 de
455 4513 693 4571 monasteriorum
718 4513 926 4570 restauratione
980 4511 1076 4580 bitate,
1098 4511 1238 4579 doctrina,
1263 4510 1483 4567 administrandi
1508 4510 1661 4580 prudentia
1683 4508 1829 4580 insignis:

73 4612 104 4660 et
116 4603 341 4668 conservatione,
357 4616 419 4658 eam
435 4615 535 4659 curam
554 4602 702 4671 suscipiat,
729 4609 874 4672 qnatenus
898 4607 927 4657 et
979 4598 1031 4671 qui
1050 4599 1229 4669 disciplinam
1250 4599 1411 4670 regularem
1428 4599 1499 4654 mire
1522 4597 1687 4664 illustravit,
1709 4589 1831 4654 adauxit

73 4689 182 4746 divina
206 4690 303 4746 domui
325 4690 443 4762 diguam
482 4690 587 4746 babere
611 4689 665 4747 sibi
693 4689 926 4760 procurationem
980 4703 1025 4745 res
1035 4688 1209 4744 monasterii.
1226 4688 1265 4742 Eo
1281 4701 1399 4758 quoque
1415 4686 1584 4756 prasidcnte
1598 4685 1761 4755 complures
1780 4699 1830 4742 ec-

74 4777 212 4848 gaudeat,
227 4784 255 4832 et
277 4777 337 4847 ipse
362 4777 413 4847 qui
429 4776 577 4847 praluerit
591 4783 693 4842 rector,
709 4789 842 4846 superna
856 4789 926 4832 ceu-
980 4775 1081 4842 etesia,
1111 4789 1163 4831 sen
1185 4775 1338 4844 prioratus,
1365 4771 1486 4828 Faviaoo
1505 4771 1694 4828 conteruntur
1707 4786 1717 4841 ;
1748 4771 1831 4841 queis

74 4879 152 4921 sura
169 4865 313 4936 judicium
336 4872 452 4935 propter
477 4864 680 4936 negligentiam
701 4878 758 4919 non
785 4864 924 4920 incurrat.
979 4863 1106 4920 colonias
1141 4861 1360 4927 monachornm,
1403 4859 1455 4930 qni
1486 4859 1650 4915 orationum
1682 4859 1828 4928 subsidiis,

74 4955 107 5009 ln
123 4954 307 5010 sacularium
335 4967 404 5009 vero
423 4967 531 5010 munus
554 4960 642 5024 atque
672 4959 847 5022 potestatem,
865 4952 927 5021 ipsa
979 4952 1128 5022 verboque
1149 4958 1177 5007 et
1204 4949 1337 5020 exemplo
1367 4949 1507 5019 populum
1533 4956 1693 5016 tuerentur,
1731 4947 1829 5005 erudi·

72 5042 248 5099 monasteria
262 5042 344 5098 nulla
364 5041 497 5112 deinceps
512 5041 622 5097 ratione
636 5039 680 5095 vel
694 5039 841 5096 occasione
858 5052 926 5109 per-
980 5048 1112 5111 rentque,
1138 5038 1294 5095 Garnerins
1324 5037 1414 5094 abbas
1445 5037 1565 5093 addixit.
1586 5039 1701 5094 constat
1730 5037 1758 5093 id
1783 5050 1831 5106 po

73 5128 693 5201 veniant3quianooestleveanteoculos
721 5128 827 5184 summi
852 5127 927 5198 judi·
979 5129 1123 5186 tissimum
1159 5142 1195 5184 ex
1223 5127 1388 5182 narratione
1422 5125 1600 5181 fundationis
1628 5124 1773 5195 prioratus
1798 5125 1827 5181 S.

74 5220 116 5275 eis
131 5219 284 5276 discrimen
300 5218 440 5291 religiosis
467 5219 544 5287 loeis,
560 5226 587 5274 et
601 5216 783 5274 monasteriis
804 5217 861 5272 ileo
879 5215 927 5271 di·
979 5215 1108 5286 sepulcri
1124 5216 1159 5271 de
1184 5212 1349 5279 Villaribus,
1366 5226 1384 5267 a
1401 5211 1578 5269 nobilissimo
1600 5214 1703 5269 comite
1716 5212 1829 5279 ,Belva-

75 5307 159 5375 eatis,
173 5307 341 5364 secularem
361 5308 505 5378 praiiccre
519 5313 698 5377 potestatem,
712 5312 740 5360 et
755 5303 781 5361 ei
809 5312 926 5361 contra·
980 5304 1057 5360 censi
1085 5301 1252 5359 lanscelino
1273 5300 1392 5370 conditi,
1407 5308 1434 5358 et
1452 5300 1583 5357 eamdem
1608 5315 1660 5357 nos
1687 5301 1828 5366 chartam,

74 5396 141 5452 dere
163 5395 314 5467 pastoralis
337 5409 415 5452 cura
442 5394 675 5458 sollicitudinem,
704 5392 766 5464 qni,
795 5391 866 5464 quid
890 5392 928 5449 sit
981 5399 1080 5464 utpote
1092 5403 1236 5447 suminam
1253 5389 1374 5460 hujusce
1399 5389 1511 5447 comitis
1534 5388 1668 5459 pietatem
1697 5389 1828 5447 redolen-

75 5492 183 5556 pastor,
203 5484 317 5556 ignorat
342 5498 396 5542 nec
419 5482 524 5557 quarit
544 5481 658 5539 lucrum
685 5480 862 5551 animarum,
877 5481 927 5538 sed
982 5487 1050 5548 tom,
1061 5480 1248 5536 internectere
1262 5475 1393 5534 delectat.
