3818 6008
517 213 547 297 ν,
568 213 736 270 uuluutt'll
759 213 905 269 nuul'tls
924 215 953 268 S.
974 212 1097 268 baulei
1116 214 1162 269 ult
1183 212 1379 269 Noviduu'ro

625 506 696 556 ¹³⁵
719 506 897 589 luerem
925 505 1067 579 exeun
1095 505 1258 579 nouus

454 699 881 805 MORALIUM
935 699 1016 804 IN
1075 698 1434 805 GENESIM.

108 1041 210 1098 Nonne
235 1047 381 1096 auctorem
419 1038 448 1093 in
480 1037 691 1107 scripturarum
719 1036 918 1108 disquisitione
937 1037 1082 1108 Arigore,
1104 1036 1169 1094 talis
1192 1037 1314 1093 aviditas
1337 1044 1530 1107 comparatur.
1553 1040 1683 1094 Tunicam
1699 1041 1821 1109 polymi-

72 1129 222 1200 proliteor;
245 1129 293 1185 sed
320 1135 487 1184 sanctorum
514 1127 630 1198 regulas
658 1126 705 1197 pia
730 1126 783 1183 lide
806 1140 920 1182 consec·
975 1131 1040 1189 tem,
1057 1126 1137 1183 idest
1159 1126 1365 1183 multicolorem
1381 1127 1406 1181 ei
1421 1127 1495 1194 iecit,
1512 1127 1582 1196 quia
1597 1127 1685 1184 vitam
1702 1127 1823 1184 diversis

71 1226 146 1286 tans,
163 1217 187 1274 si
216 1218 287 1288 quid
311 1216 380 1272 utile
406 1216 511 1272 ibidem
542 1215 666 1286 reperire
682 1215 842 1286 contigerit,
868 1215 922 1285 piis
975 1216 1118 1271 virtutum
1151 1214 1306 1286 generibus
1334 1214 1494 1270 institutam
1530 1215 1649 1285 spiritus
1679 1216 1740 1286 ipse
1768 1216 1822 1272 sibi

72 1305 229 1361 humilium
254 1314 281 1361 et
304 1305 412 1361 discere
438 1303 597 1361 volentium
620 1303 768 1361 desideriis
792 1317 854 1360 mea
878 1318 920 1360 se·
974 1303 1143 1374 composuit.
1170 1303 1325 1359 Possumus
1352 1303 1439 1359 etiam
1465 1317 1515 1372 per
1536 1304 1638 1373 ioseph
1665 1305 1823 1375 intelligere

72 1393 202 1451 cundum
229 1394 319 1449 iteum
358 1405 441 1447 sensa
477 1393 653 1461 propinans,
683 1392 821 1449 disserere
856 1406 922 1462 quae
974 1391 1121 1463 religionis
1135 1391 1279 1459 allectum,
1296 1392 1347 1462 qui
1360 1405 1472 1461 semper
1486 1391 1589 1448 nititur
1601 1392 1637 1448 ad
1653 1392 1822 1463 protectum.

72 1489 238 1552 sequuntur
257 1481 382 1537 intendo.
411 1480 533 1536 illenim
553 1480 692 1550 proximis
715 1480 812 1536 debeo.
837 1480 921 1536 Exsi-
975 1479 1073 1552 (Vnus.
1090 1481 1129 1551 i.)
1157 1482 1284 1536 Videntes
1309 1484 1399 1534 cuiun
1420 1482 1523 1546 scobes
1545 1481 1604 1550 ejus
1620 1483 1825 1551 quodcpcire

75 1567 143 1623 uitet
158 1568 209 1637 qui
227 1567 290 1624 vuit
305 1568 380 1624 istud
396 1575 423 1623 et
443 1568 544 1635 rideat,
560 1574 588 1623 et
609 1568 697 1625 veluti
718 1569 752 1623 ad
766 1569 922 1624 novitatem
971 1571 1037 1640 pius
1062 1575 1165 1624 cunctis
1185 1571 1251 1639 filiis
1275 1574 1424 1632 emeretur,
1445 1570 1560 1624 odmurrt
1580 1587 1649 1632 eum,
1678 1587 1726 1626 nee
1746 1577 1823 1641 pete·

72 1654 166 1712 Saulis
182 1656 381 1726 prophetantis
408 1656 534 1724 insultet,
555 1655 625 1711 dum
649 1656 733 1713 modo
748 1657 800 1713 uni
822 1656 921 1713 saltem
975 1663 1039 1713 runt
1054 1663 1078 1713 ei
1092 1659 1243 1725 quidquam
1264 1661 1408 1728 pociacum
1425 1659 1509 1724 loqui.
1532 1657 1593 1724 Quo
1612 1658 1687 1714 enim
1705 1659 1824 1729 spiritus

73 1744 190 1801 cuilibet
202 1745 355 1815 protutura
366 1752 525 1801 cantemus.
540 1744 676 1815 Sequitur
691 1759 769 1815 ergo.
976 1755 1071 1803 noster
1096 1747 1208 1817 pietatis
1229 1746 1367 1803 desiderio
1393 1753 1421 1802 et
1443 1746 1535 1803 cultui
1560 1747 1652 1818 magis
1678 1747 1822 1812 institerit,

542 1888 552 1901 ,
976 1844 1055 1892 tanto
1074 1836 1166 1906 magis
1188 1835 1350 1906 frequentia
1376 1834 1579 1891 carnalitatum
1604 1835 1688 1905 quasi
1714 1835 1741 1889 in
1761 1835 1824 1905 ejus

323 1888 379 1959 (¹³)
395 1887 511 1945 CAPUT
530 1888 674 1944 XXXVU‘
976 1923 1073 1980 odium
1096 1923 1227 1994 insurgit.
1241 1922 1287 1977 Nil
1306 1927 1451 1992 pacificum
1474 1922 1645 1992 loquuntur,
1666 1924 1736 1993 quia
1751 1937 1823 1978 sem·

112 2013 196 2070 Vens.
213 2015 240 2067 2.
265 2044 300 2053 -
327 2013 425 2084 ioseph
456 2029 516 2066 cum
545 2014 657 2067 sedecim
685 2017 753 2068 esset
776 2028 921 2077 ‹tnnc-rum,
977 2027 1028 2084 per
1047 2021 1146 2068 contra
1161 2012 1303 2068 interioris
1319 2011 1578 2081 nominisquietem
1596 2012 1739 2068 teruntur.

71 2103 201 2172 pascebat
219 2118 326 2171 gregem
346 2118 406 2156 cnm
427 2103 563 2168 frattribus
578 2106 636 2155 suis
657 2102 748 2155 adbuc
760 2118 840 2171 puer,
862 2118 923 2156 cum
1014 2102 1098 2158 Vnus.
1123 2105 1148 2155 5.
1172 2132 1206 2140 -
1225 2101 1335 2155 Accidit
1354 2116 1461 2166 queque
1475 2105 1506 2154 ut
1526 2103 1614 2155 cisum
1633 2104 1769 2154 somnium
1782 2116 1825 2154 rc·

74 2191 140 2260 tiliis
161 2192 236 2246 liele
250 2194 275 2244 et
299 2192 379 2256 Zeifae
407 2207 524 2245 unorum
546 2192 711 2260 patrissui.
736 2190 851 2259 ioseph,
872 2189 922 2259 qui
976 2195 1062 2259 ferret
1080 2191 1216 2257 frutribus
1231 2194 1304 2252 suis;
1323 2205 1383 2256 quae
1396 2205 1481 2243 ceusu
1497 2189 1610 2257 rncjcra's
1631 2189 1689 2243 odii
1708 2193 1827 2243 seminu-

74 2277 282 2348 interpretatur
296 2281 447 2348 adaugens,
470 2278 601 2348 spiritum
624 2287 753 2334 ncrstrum
769 2277 921 2348 significat,
978 2285 1051 2333 muni
1065 2281 1130 2345 tuit.
1147 2280 1286 2334 somnium
1310 2277 1395 2335 reiert
1415 2278 1561 2343 frutribus,
1582 2277 1653 2332 dum
1667 2291 1710 2344 ea,
1728 2290 1827 2348 quea

75 2366 126 2436 qui
155 2381 267 2438 semper
294 2367 458 2439 augmentis
485 2364 685 2436 spiritualibus
707 2366 802 2421 instat.
823 2366 878 2421 Sex
896 2376 923 2422 ct
942 2336 1117 2423 Biorasticis
1131 2365 1309 2431 dormiendo,
1333 2373 1361 2422 et
1384 2365 1420 2421 ad
1436 2364 1548 2421 interna
1567 2365 1717 2436 vigilando
1739 2365 1827 2436 spiri-

75 2453 171 2510 decem
190 2462 231 2510 est
247 2469 402 2522 annorum,
424 2455 495 2510 dum
510 2455 683 2510 exteriorem
703 2453 925 2523 interioremque
978 2455 1094 2511 tualiter
1112 2455 1212 2519 sentit,
1237 2454 1362 2510 motibus
1383 2468 1419 2509 ex
1440 2468 1493 2510 sua
1514 2454 1696 2524 corruptibili
1721 2462 1828 2512 natura

75 2542 219 2598 bominem
239 2550 321 2599 sexta
335 2543 411 2598 enim
432 2542 477 2598 die
492 2545 583 2609 factrus
604 2546 644 2596 est
658 2541 735 2596 tiemo
750 2545 779 2595 in
804 2545 924 2596 animuin
979 2543 1188 2615 prodeuntibus
1201 2541 1312 2613 objicit;
1330 2542 1405 2598 unde
1422 2541 1529 2612 maJore
1542 2556 1590 2598 eos
1603 2541 1684 2598 rabie
1697 2543 1828 2599 accendit

73 2635 206 2685 viventem
231 2631 307 2697 (Gerr.
336 2647 363 2698 r,
389 2633 437 2696 ti;
467 2646 504 2698 u,
533 2630 559 2701 7)
588 2629 695 2685 diuinae
724 2627 925 2700 legisdenario
979 2647 1036 2702 quo
1051 2631 1159 2688 arctius
1173 2629 1328 2701 restringit.
1349 2629 1448 2698 (Vens.
1467 2631 1506 2699 7.)
1523 2631 1658 2685 Putabam
1677 2647 1725 2686 nos
1741 2632 1828 2699 ligere

74 2719 201 2790 subjicit,
227 2718 265 2774 ob
282 2706 490 2789 assequendam
514 2718 723 2788 plenitudinem
739 2717 925 2787 mysticorum
978 2721 1132 2789 mecniputcs
1156 2724 1186 2773 in
1207 2735 1283 2787 equo,
1314 2723 1339 2773 et
1365 2723 1445 2785 quusi
1470 2733 1631 2787 concerpere
1654 2720 1827 2789 manipulum

75 2820 230 2863 annorum.
251 2806 343 2863 Pascit
366 2823 474 2876 gregem
501 2807 591 2861 adbuc
610 2822 681 2876 puer
705 2822 766 2860 curn
788 2807 925 2873 frutribus
978 2826 1083 2871 menan,
1111 2815 1137 2864 et
1156 2814 1246 2871 sture,
1270 2813 1426 2875 vestrasque
1446 2811 1601 2879 manipulos
1622 2812 1827 2864 circumstantes

74 2896 142 2956 suis,
158 2895 228 2950 dum
253 2894 451 2966 cogitationem
475 2895 529 2952 sub
555 2895 655 2952 divino
680 2896 779 2952 timore
801 2895 925 2950 constrl-
980 2899 1096 2952 edocere
1114 2900 1285 2968 nmccipuium
1305 2913 1405 2953 meum.
1422 2897 1462 2953 Ac
1485 2895 1506 2952 si
1523 2897 1630 2954 diceret
1646 2912 1652 2952 :
1671 2897 1728 2954 Vos
1746 2897 1828 2954 vobis

76 2990 161 3051 ctam,
177 2983 205 3040 in
225 2982 325 3054 primis
347 2984 443 3039 adbuc
468 2983 650 3063 protractibus
669 2985 778 3055 positus
792 2998 926 3054 supernae
979 2987 1067 3042 animi
1083 2986 1234 3057 imperium
1252 2986 1376 3042 indebite
1390 2985 1541 3056 arrogatis,
1559 2986 1606 3042 sed
1621 3000 1674 3058 ego
1689 2986 1829 3056 putabam

76 3071 260 3143 aspirationis
283 3080 310 3128 et
332 3072 424 3128 divini
446 3072 553 3143 eloquii
576 3072 682 3143 pabulo
706 3073 767 3139 elit,
784 3071 926 3127 cumaliis
979 3074 1056 3146 quod
1071 3082 1098 3131 et
1120 3088 1221 3130 verum
1244 3082 1295 3141 est,
1319 3089 1372 3130 nos
1396 3074 1502 3144 pariter
1528 3081 1692 3130 nostrorum
1716 3073 1829 3131 tructus

76 3175 113 3219 ex
126 3160 225 3217 eadem
243 3160 347 3233 genitis
362 3168 456 3218 mente
475 3161 642 3228 virtutibus,
657 3160 701 3217 vel
715 3177 775 3215 cum
790 3161 925 3227 (rutubus
979 3178 1098 3234 operum
1122 3163 1177 3219 sub
1205 3163 1252 3219 Dei
1277 3163 1388 3219 timoris
1409 3161 1559 3232 disciplina
1585 3163 1759 3233 restringere
1784 3162 1830 3218 de

75 3254 144 3317 cuis,
175 3249 341 3306 carnalibus
365 3249 470 3307 seilicet
500 3250 634 3317 motibus,
665 3250 716 3320 qui
743 3264 779 3305 ex
808 3248 877 3304 ltala
899 3256 926 3305 et
981 3252 1056 3318 bere,
1082 3251 1131 3307 sed
1151 3259 1246 3307 tamen
1266 3265 1312 3307 me
1333 3250 1474 3307 rationem
1499 3249 1643 3320 opprobrii
1660 3249 1830 3322 dignitatem

76 3336 162 3405 Zella,
179 3337 207 3393 id
227 3345 269 3394 est
294 3337 424 3394 saeculmi
447 3346 598 3407 vetustate,
618 3344 646 3395 et
669 3337 807 3394 instinctu
831 3337 928 3393 inanis
979 3339 1065 3395 cincii
1095 3338 1265 3410 precellere,
1293 3345 1321 3394 et
1349 3352 1400 3408 pro
1424 3338 1506 3394 vobis
1530 3337 1695 3408 jacentibus
1721 3338 1831 3409 ubique

77 3425 185 3497 gloriae,
207 3426 354 3482 oriuntur.
372 3427 411 3483 De
435 3427 568 3498 utrisque
586 3441 676 3497 supra
690 3427 760 3482 satis
778 3426 925 3495 diximus3
979 3429 1160 3498 voluptatum
1186 3428 1339 3494 decertare,
1362 3434 1389 3483 et
1414 3440 1458 3483 me
1482 3426 1589 3496 previa
1604 3427 1640 3482 ad
1663 3426 1738 3482 idem
1754 3441 1831 3498 prae-

76 3512 139 3570 haec
156 3513 233 3570 enim
254 3514 410 3585 precipue,
434 3513 539 3571 scilicet
564 3515 713 3570 mundana
734 3514 875 3583 voluptas,
899 3521 927 3570 et
980 3517 1052 3574 lium
1074 3517 1178 3573 debere
1203 3530 1253 3572 vos
1273 3529 1436 3588 assurgere,
1460 3523 1487 3572 et
1509 3518 1611 3572 vestrae
1626 3514 1832 3572 cervicositatis

76 3603 235 3659 cenodoxia
259 3602 474 3674 proficientibus
499 3603 602 3660 intesta
614 3609 691 3658 sunt.
715 3602 787 3658 Nam
803 3610 927 3673 utraque
946 3606 1051 3684 cmibi
1067 3605 1139 3662 eolla
1164 3619 1295 3662 curvare.
1321 3603 1418 3674 (Vens.
1444 3603 1483 3674 8.)
1508 3604 1655 3670 Nunquid,
1680 3603 1829 3676 inquiunt,

77 3691 167 3762 patris
197 3692 309 3754 nostri,
335 3692 427 3762 ipsius
454 3692 585 3748 videlicet
612 3691 772 3748 intellectus
799 3690 925 3761 legitimo
981 3711 1030 3749 rec
1057 3699 1149 3749 noster
1170 3698 1299 3756 crisitot
1321 3693 1498 3761 subjiciemur
1519 3693 1619 3747 ditioni
1641 3695 1718 3747 tua?
1740 3691 1771 3748 ld
1789 3699 1831 3748 est

77 3779 222 3852 conjugio,
249 3782 296 3838 sed
322 3794 378 3836 non
410 3781 535 3851 legitime
565 3781 656 3837 abusa
685 3789 761 3837 sunt.
792 3781 872 3838 Unde
900 3789 927 3837 et
980 3784 1124 3854 quomodo
1144 3783 1204 3838 lieri
1229 3788 1329 3852 potest,
1348 3790 1379 3836 ut
1403 3789 1441 3837 tot
1463 3780 1702 3851 concupiscentiis
1727 3794 1832 3851 corpo-

79 3882 183 3926 uxores
193 3869 276 3926 dictae
291 3876 370 3934 sunt,
386 3869 461 3925 sicut
474 3877 502 3926 et
518 3869 650 3940 quinque
670 3869 724 3925 viri
739 3868 927 3925 Samaritanae
981 3884 1037 3926 ree
1052 3869 1227 3926 necessitatis
1241 3869 1400 3935 exstinctis,
1417 3868 1495 3925 solus
1511 3870 1571 3938 ipse
1585 3867 1760 3925 domineris?

78 3956 147 4013 dicti
171 3963 249 4014 sunt.
279 3958 480 4023 Accnsucnquc
507 3960 609 4024 (ratres
627 3973 690 4012 suos
717 3958 793 4028 apud
819 3963 927 4027 putrem
1017 3959 1102 4016 Vnus.
1120 3961 1146 4012 e.
1163 3989 1197 3998 -
1211 3958 1299 4011 Aliud
1315 3973 1421 4024 quoque
1435 3958 1661 4019 ciditsomnium,
1678 3957 1831 4023 quodncc-

77 4049 189 4099 crimine
208 4050 336 4115 pessime.
350 4045 422 4101 Nam
445 4060 529 4116 penes
544 4045 816 4102 intellectualitatem
832 4054 927 4103 motus
981 4063 1047 4114 runs
1070 4046 1215 4112 frutribus,
1239 4050 1279 4100 uit
1304 4061 1310 4098 :
1338 4045 1402 4100 Vidi
1415 4061 1467 4114 per
1485 4048 1620 4100 somnium
1634 4048 1716 4111 qatusi
1736 4046 1830 4107 sotem,

78 4132 217 4199 carnales,
236 4133 340 4202 quiex
363 4133 461 4189 eadem
484 4141 576 4189 mente
601 4133 773 4204 gignuntur,
798 4134 929 4190 criminis
982 4141 1008 4190 et
1034 4137 1136 4196 lunam,
1168 4138 1193 4188 et
1218 4135 1311 4188 stetius
1335 4134 1460 4188 undecim
1485 4133 1602 4188 edocere
1628 4149 1679 4188 me.
1704 4138 1776 4187 tao
1804 4132 1832 4188 Si

78 4234 211 4291 arguere,
230 4221 378 4291 proprium
396 4221 524 4292 ejusdem
538 4221 700 4279 intellectus
712 4231 762 4279 est.
779 4223 927 4293 lpscenim
981 4224 1094 4294 ioseph,
1126 4231 1158 4279 ut
1186 4221 1411 4293 prelibavimus,
1440 4222 1510 4278 bene
1539 4222 1644 4293 agendi
1671 4221 1833 4293 appetitum

79 4309 165 4365 adse
196 4309 293 4364 earnis
324 4309 460 4380 subjectae
489 4309 578 4366 detert
609 4311 793 4381 questiones.
823 4311 929 4381 Nempe
982 4312 1150 4383 accipimus,
1175 4312 1211 4367 ad
1236 4318 1425 4381 augmentum
1447 4309 1523 4367 enirn
1547 4309 1657 4381 spirare
1680 4310 1831 4381 proprium

80 4398 170 4454 isdem
183 4398 306 4455 tbronus
320 4405 372 4466 est,
388 4398 416 4454 id
433 4406 475 4454 est
487 4398 589 4469 iudex,
604 4400 655 4470 qui
669 4400 801 4470 praesidet
814 4400 927 4457 throno.
981 4409 1023 4457 est
1038 4402 1118 4472 ejus3
1133 4402 1215 4456 sotem
1240 4399 1425 4466 intellectum,
1450 4400 1544 4454 ternum
1558 4399 1736 4455 voluntatem
1759 4398 1833 4455 diei-

80 4485 239 4542 Pessimum
266 4491 361 4541 autem
398 4492 439 4541 est
474 4485 552 4555 quud
589 4486 646 4541 Deo
672 4485 794 4543 scienter
823 4486 929 4542 adver·
981 4490 1238 4560 mus3quiasicut
1258 4487 1648 4551 lunaasole.sicvoluntas
1668 4487 1833 4544 illustratur

80 4580 172 4630 satur.
983 4592 1000 4634 a
1024 4577 1143 4634 ratione.
1170 4577 1298 4633 Undecim
1320 4577 1413 4630 stelias
1442 4574 1592 4632 interiores
1616 4575 1833 4646 exterioresque

115 4661 201 4720 Vsus.
232 4664 258 4717 3.
274 4690 310 4703 -
337 4662 424 4717 lsrael
446 4667 536 4717 cutem
567 4663 697 4731 ditigebat
722 4663 819 4733 ioseph
847 4679 930 4733 super
984 4676 1078 4722 motus
1103 4664 1301 4736 intelligimus,
1328 4672 1356 4721 et
1380 4665 1450 4735 quia
1473 4663 1655 4720 undenarius
1677 4677 1715 4720 ex
1742 4677 1793 4720 sex
1807 4669 1835 4719 ct

79 4765 170 4806 annes
184 4751 254 4820 iiiios
269 4765 342 4812 suos,
366 4766 394 4803 eo
410 4751 484 4815 qnod
502 4754 531 4804 in
545 4754 680 4805 senectute
695 4755 832 4819 genuisset
850 4766 929 4813 eum:
983 4752 1252 4825 quinqueremem,
1269 4751 1416 4809 senarium
1440 4752 1476 4807 ad
1493 4752 1574 4808 bonae
1598 4750 1755 4808 voluntatis
1768 4765 1835 4821 per-

80 4845 198 4911 fecitque
225 4846 250 4896 ei
281 4845 402 4896 tunicum
425 4842 598 4911 pacientiam.
627 4842 751 4912 Spiritus
778 4852 873 4899 noster
900 4843 929 4897 in
984 4841 1145 4909 lectionem,
1161 4841 1330 4911 quinarium
1354 4840 1389 4896 ad
1405 4854 1542 4897 sensuum
1568 4839 1695 4910 corpmis
1718 4839 1834 4896 mobili-

82 4939 226 5002 quantum
242 4944 309 4988 cum
326 4931 382 4986 lico
400 4930 594 5001 principatum
611 4932 697 4988 lsrael
711 4931 787 4988 euim
800 4936 929 5002 princeps
949 4911 1072 4987 1>tactem
1099 4929 1285 4986 conterimus.
1307 4929 1443 4986 senarius
1466 4930 1544 4984 enirn
1570 4927 1647 4985 omui
1676 4942 1731 4985 sua
1755 4936 1836 4998 parte

83 5034 143 5072 cum
171 5020 225 5074 ltec
255 5017 470 5087 interpretatur,
496 5017 611 5089 ioseph,
640 5019 668 5074 id
692 5026 734 5075 est
759 5023 854 5074 aterni
879 5035 931 5073 uu·
986 5019 1093 5076 solidus
1107 5025 1173 5087 stat,
1197 5017 1351 5089 quinarius
1366 5017 1494 5075 minime.
1513 5017 1593 5073 linde
1607 5024 1634 5073 et
1652 5031 1688 5073 ex
1706 5016 1836 5089 inequa-

81 5110 184 5174 penentt
210 5107 392 5168 desiderium,
422 5105 580 5178 plusquam
607 5123 698 5162 omnes
725 5109 815 5178 filios,
844 5121 931 5178 opera
985 5108 1064 5164 litate
1083 5115 1209 5178 utraque
1225 5107 1430 5174 undenarium,
1455 5105 1506 5176 qui
1520 5104 1779 5177 transgressionem
1795 5105 1835 5162 si-

82 5194 189 5250 scilicet
203 5208 256 5250 sua
270 5194 374 5266 diligit,
385 5195 456 5266 quia
467 5195 517 5252 ubi
533 5208 590 5251 uon
600 5203 642 5252 est
657 5203 808 5266 provectus
817 5201 931 5265 votum,
985 5204 1066 5269 gnat,
1091 5195 1230 5252 eiflciunt.
1256 5195 1335 5253 Velle
1358 5195 1435 5252 enim
1459 5196 1570 5265 adjacet
1594 5195 1680 5262 (Rom.
1708 5208 1760 5263 rur,
1781 5194 1835 5263 18),

82 5282 194 5339 lacilem
214 5283 330 5351 babent,
356 5284 380 5340 si
396 5290 465 5341 suut
480 5283 519 5340 ibi
534 5284 609 5340 bona
629 5282 739 5354 aliqua,
755 5291 879 5341 motum.
898 5285 930 5338 ln
985 5288 1034 5343 sed
1061 5285 1213 5342 exterioris
1241 5285 1366 5342 bominis
1394 5284 1524 5340 membra
1554 5282 1745 5353 prepediant.
1770 5283 1835 5340 liaec

82 5373 217 5424 senectute
242 5384 369 5440 namque
395 5369 419 5426 is
445 5370 598 5442 gignitur,
625 5385 692 5427 nam
721 5372 930 5429 deterrescentc
984 5375 1081 5431 omnia
1103 5381 1200 5430 autem
1222 5374 1344 5429 adorant
1365 5370 1478 5442 pietatis
1493 5370 1638 5438 allectum,
1658 5370 1729 5440 quia
1754 5378 1782 5427 et
1796 5384 1837 5427 ra·

82 5457 379 5529 concupiscentiarum
394 5464 476 5527 aestu,
501 5458 930 5533 acpraesumptionisjuveuilis
985 5464 1034 5530 tio,
1064 5470 1092 5519 et
1120 5462 1264 5530 voluntas,
1286 5461 1473 5532 interiorque,
1501 5457 1641 5525 etetiam,
1670 5457 1739 5515 velit
1760 5458 1830 5516 nolit

117 5581 171 5652 (lt)
187 5581 410 5639 Pratermittitur
423 5594 486 5651 cap.
502 5584 546 5638 td.
