3818 6008
26 275 29 282 .
74 198 129 253 etit
250 173 257 181 .
540 191 571 249 V.
588 191 749 248 GUIBIIIITI
766 188 958 248 tsesrlss.
979 189 1100 248 tihbtm
1118 190 1164 246 DE
1189 189 1388 247 ttovtsttttro
1782 191 1830 246 680

9 340 13 347 '
73 329 145 387 dicit
160 329 191 386 in
213 328 294 395 coelo,
320 325 369 382 sed
387 349 397 374 ι
415 323 444 380 in
469 324 602 395 paradiso
627 323 706 393 (buc.
729 337 809 389 ιιιιιιι,
834 321 892 389 43).
909 332 967 385 »Α
1017 320 1095 379 Sicut
1117 336 1186 393 ergo
1229 321 1401 377 sensualitas
1443 333 1492 390 per
1528 321 1650 391 seipsam
1692 320 1829 378 rationem

74 420 231 476 Paradisus
261 418 338 472 enim
360 422 411 481 est,
442 414 492 470 ubi
517 413 597 484 jugis
621 413 725 469 Christi
759 412 831 468 visio
858 419 922 482 cst;
977 419 1065 482 atque
1090 411 1265 467 intellectum
1290 424 1348 467 uon
1377 408 1440 466 dico
1465 409 1680 480 superordinat,
1701 409 1753 467 sed
1780 423 1830 465 nec

72 508 152 580 quod
167 519 311 576 nusquam
328 504 381 559 nisi
405 503 434 558 in
451 503 499 558 illo
515 500 657 571 spirituali
670 501 775 558 saeculo
794 510 846 558 est.
864 501 921 557 Ne·
976 507 1127 572 penetrat:
1149 521 1159 549 ι
1178 498 1317 555 animalis
1331 499 1408 557 enim
1434 497 1518 554 homo
1540 512 1598 554 non
1619 497 1741 569 percipit
1766 512 1830 567 qua
1868 524 1870 539 ι

73 608 262 669 quonamque
280 592 387 648 coelum
404 589 555 660 discipulis
565 588 807 657 videntibusddeo
826 601 923 643 ascen·
976 589 1026 645 Dei
1054 596 1123 646 sunt
1151 590 1181 660 (Ι
1204 591 1271 643 cor.
1300 603 1330 653 n,
1357 586 1410 656 te),
1435 607 1446 635 ι
1475 587 1548 642 ratio
1568 594 1667 642 autem
1690 593 1720 643 ct
1741 585 1828 642 iutel-

71 683 122 749 dit,
146 688 186 747 ut,
210 688 291 749 perte
310 677 442 734 inleriore
465 686 595 744 vacante,
616 676 691 747 parti
709 675 851 747 superiori
873 676 920 731 iu·
975 676 1065 734 lectus
1079 691 1136 733 non
1151 676 1244 732 sulum
1260 676 1314 732 ista
1328 675 1383 733 sub
1399 689 1429 731 se
1451 674 1598 742 discernit,
1620 675 1710 732 sedet
1729 673 1829 730 divina

71 768 170 835 sidcat,
192 766 240 822 sed
255 765 339 836 quasi
354 765 513 836 digniorem
529 765 623 821 locum
642 764 771 821 obtinere
793 778 823 822 se
837 779 918 820 mon·
974 766 1130 832 subintrat,
1148 765 1274 821 sicbcus
1287 763 1520 834 etsancti,quasi
1531 762 1827 829 intellectusetratio,

70 863 149 923 stret,
179 868 216 910 ex
240 868 298 925 quo
327 853 424 910 miuus
445 853 672 924 intelligentibus
706 854 783 923 apud
807 854 920 911 Patrem
974 867 1110 924 corporea
1125 861 1230 909 cuncta
1243 853 1415 924 dijudicant,
1429 850 1469 908 ita
1480 859 1576 909 tamen
1591 860 1623 908 ut
1634 858 1756 909 neutros
1765 865 1827 907 eor·

72 944 222 1016 praesidere
253 956 283 999 sc
315 942 429 1010 inclinet,
445 957 512 999 curn
538 942 616 1013 apud
643 942 808 999 interiorem
838 943 920 1000 illurn
975 956 1061 1015 porea
1075 942 1124 999 illa
1137 941 1316 1013 contingant.

71 1031 226 1098 mundum,
255 1045 350 1100 neque
377 1031 478 1095 altum,
496 1045 590 1102 neque
618 1030 720 1098 imum,
752 1040 803 1087 ant
830 1030 920 1088 locale
1011 1031 1151 1088 llaecsine
1167 1030 1333 1102 prejudicio
1356 1028 1482 1087 melioris
1500 1027 1649 1086 sententia
1672 1027 1828 1100 bucusque

71 1117 181 1189 aliquid
196 1132 257 1175 esse
277 1125 396 1184 constet,
421 1118 578 1190 presertim
601 1118 652 1189 qui
668 1127 795 1190 tempera
815 1128 843 1177 et
858 1120 921 1177 loca
974 1122 1105 1189 decursa,
1122 1134 1180 1177 non
1202 1120 1356 1177 verborum
1377 1118 1499 1188 ambitu,
1523 1118 1574 1175 sed
1594 1117 1657 1175 sola
1679 1117 1738 1175 ilde
1758 1132 1827 1176 utu-

71 1205 238 1264 nonhabet.
978 1211 1084 1266 nimus.

901 1358 993 1405 stitis·

648 1741 879 1816 HISTORIA
917 1740 1030 1829 QUAE
1067 1742 1265 1818 DICITUR

225 1972 559 2122 GESTA
641 1978 821 2123 DEI
906 1979 1115 2124 PER
1195 1979 1679 2127 FRANCOS

896 2238 1001 2293 EDITA

670 2406 715 2489 Α
743 2405 887 2490 villi.
918 2406 1233 2490 titiimh'o

417 2589 580 2656 melun
605 2588 860 2656 uounsruuu
886 2589 1056 2656 stucrn
1080 2590 1221 2657 usum
1244 2591 1479 2659 uovtcuurr.

651 2889 917 2975 EPISTOLA
962 2891 1227 2977 GUIBERTI

478 3085 532 3151 Ab
556 3083 790 3150 ulsttttbutt
811 3083 1146 3152 SUIISSIONIINSEM
1170 3084 1409 3153 EPISCOPUII.
1503 3037 1508 3050 Β

109 3371 182 3423 w
202 3363 279 3421 Patri
293 3372 321 3421 ct
335 3362 450 3421 domino
465 3370 571 3419 sanctae
587 3361 800 3419 suessionensis
822 3361 919 3418 Eccle-
939 3362 1146 3434 discriptorum
1170 3378 1300 3422 meorum
1325 3367 1465 3434 notiones,
1494 3375 1544 3424 aut
1566 3369 1652 3426 etiarn
1675 3370 1828 3442 opiniones

72 3454 123 3511 siae
145 3454 276 3525 episcopo
311 3456 458 3519 Lusitano,
488 3452 656 3518 Gurnnurus,
692 3458 829 3520 perpetuo
860 3464 920 3506 sum
976 3452 1140 3523 attigerant.
1169 3452 1220 3508 llis
1247 3461 1322 3510 certe
1349 3455 1488 3524 sepositis,
1511 3457 1548 3512 ad
1576 3463 1604 3513 te
1629 3471 1748 3514 summa
1773 3458 1828 3516 luit

73 3541 236 3599 liberalitati
251 3542 371 3611 debitor,
388 3541 530 3612 quidquid
546 3540 629 3596 dulce
645 3548 672 3596 et
687 3539 806 3596 unicum
825 3541 921 3596 credi·
975 3541 1155 3597 concurrisse
1166 3541 1310 3598 voluntas.
1326 3543 1360 3598 ln
1375 3556 1434 3613 qua
1448 3543 1500 3600 tibi
1512 3553 1555 3600 est
1566 3544 1686 3603 lectione
1700 3560 1828 3617 pensan-

72 3638 121 3688 tur
137 3633 166 3688 in
181 3629 294 3687 ellectu.
976 3628 1045 3685 dum
1059 3630 1146 3700 quod,
1172 3631 1195 3686 si
1209 3631 1296 3687 etiam
1322 3631 1475 3703 aliquoties
1490 3647 1535 3689 mc
1556 3647 1573 3689 a
1588 3633 1705 3705 vulgari
1728 3650 1828 3708 gram-

108 3721 266 3793 Lgsiardus
280 3718 430 3776 nobilitate
450 3723 479 3773 et
500 3715 623 3773 scientia
648 3715 756 3771 clano.
771 3746 805 3757 -
826 3714 922 3783 Quare
977 3718 1082 3774 matica
1095 3719 1272 3789 peregrinari
1294 3720 1456 3791 onntIgerit,
1474 3721 1578 3778 idcirco
1601 3723 1728 3792 fecerim,
1749 3724 1828 3796 quod

71 3809 231 3882 elegantior
245 3809 363 3880 hujusce
378 3807 501 3863 historia
512 3806 607 3873 stilus,
624 3821 711 3878 quam
725 3805 756 3859 in
769 3803 839 3859 eliis
854 3802 923 3858 (ιίιὶ-
976 3805 1056 3870 vitia.
1075 3806 1131 3862 imo
1151 3806 1222 3863 illud
1246 3808 1328 3864 humi
1343 3822 1461 3879 serpens
1475 3809 1624 3880 eloquium
1638 3812 1829 3882 praeoedentts

71 3896 145 3952 herti
162 3897 302 3969 operibus.
320 3927 355 3938 —
368 3899 439 3952 Cum
455 3896 490 3951 ab
506 3894 605 3951 amicis
618 3894 688 3950 meis
699 3905 920 3964 saepesuggere-
976 3895 1158 3965 corrigebam
1180 3894 1464 3953 historionibus
1482 3897 1575 3965 rideo,
1591 3899 1688 3968 urbes,
1714 3913 1752 3958 ac
1774 3916 1828 3972 op-

71 3989 119 4040 tur
133 3984 289 4055 aliquibus,
304 3997 395 4054 quare
407 3982 579 4053 opusculum
596 3996 722 4053 praescus
737 3981 852 4051 proprio
862 3993 920 4034 nun
976 3981 1044 4051 pida
1058 3983 1162 4039 studiis
1177 3983 1286 4039 fervere
1311 3984 1517 4055 grammaticae.
1544 3986 1625 4043 Unde
1646 4000 1664 4043 a
1679 3989 1828 4047 veteribus

72 4071 243 4144 insignirem
263 4072 388 4140 nomine,
416 4070 568 4141 hucusque
592 4070 697 4140 repuli,
713 4069 798 4140 plane
813 4067 921 4124 veritus
976 4067 1118 4125 historIcis
1139 4070 1306 4138 noluissem,
1329 4071 1353 4127 si
1377 4072 1499 4130 lacultas
1520 4082 1693 4145 suppeteret.
1714 4076 1827 4134 discre-

72 4159 149 4230 piam
172 4160 330 4228 historiam,
359 4173 487 4231 personae
509 4159 624 4215 odibilis
645 4158 752 4216 lmdare
768 4156 918 4213 vocabulo.
977 4172 1054 4228 pare.
1071 4158 1163 4214 Pensa
1177 4160 1302 4230 denique
1317 4162 1395 4231 quod
1410 4161 1485 4218 inter
1503 4161 1544 4218 rei
1562 4161 1713 4219 lamiliaris
1726 4178 1825 4234 curas,

72 4248 163 4304 Ratus
179 4255 275 4305 autem
292 4249 382 4318 ipsam
401 4262 451 4318 per
470 4263 499 4304 se
513 4247 621 4303 claram
643 4247 773 4318 praeclari
798 4245 921 4302 hominis
975 4253 1002 4302 et
1017 4246 1132 4303 crebras
1151 4247 1312 4304 auditiones
1330 4263 1495 4318 causarum,
1517 4251 1645 4308 dictandi
1669 4252 1753 4322 mihi,
1770 4254 1827 4311 imo

73 4336 155 4393 titulo
171 4351 251 4405 posse
267 4335 327 4392 lieri
351 4336 512 4402 clariorem,
528 4335 565 4391 ad
587 4343 612 4391 te
631 4334 745 4390 taudem
770 4333 879 4403 appuli,
893 4338 921 4388 et
975 4334 1053 4405 quod
1068 4335 1186 4406 gravius
1200 4344 1251 4405 cst,
1268 4337 1458 4395 translatandi
1481 4341 1624 4396 aestuabat
1649 4339 1785 4410 intentio,
1798 4349 1827 4400 et

72 4425 150 4495 operi
167 4426 213 4483 sui
228 4425 354 4482 auctoris
369 4432 435 4480 nota
448 4425 591 4495 depresso,
611 4421 857 4494 iucundissimum
876 4421 921 4477 lu·
975 4424 1045 4480 dum
1062 4424 1185 4493 diversa,
1202 4439 1260 4481 non
1281 4425 1342 4481 sine
1362 4427 1488 4483 mordaci
1513 4427 1740 4498 importunitate,
1758 4431 1826 4488 loris

72 4514 183 4571 minare
208 4514 360 4585 praeposnt.
382 4514 454 4571 lium
478 4512 555 4569 enim
581 4518 638 4569 tnae
653 4510 854 4567 vetustissimae
869 4523 920 4565 no·
975 4511 1076 4568 audire
1088 4512 1282 4583 compellerer,
1298 4513 1697 4586 stabiliterintusquaeorsus
1712 4518 1826 4576 ineram

72 4602 184 4670 bilitati,
210 4600 327 4658 scientia
360 4600 500 4668 litteralis,
535 4599 673 4655 serenitas
696 4597 835 4668 specialis,
861 4610 920 4652 mo·
975 4607 1067 4670 coepta
1082 4606 1176 4656 tenere
1191 4600 1322 4672 cogebar.
1342 4604 1435 4674 Longe
1450 4602 1515 4672 alio,
1539 4618 1627 4674 quam
1647 4605 1677 4662 in
1699 4606 1825 4680 Exposi-

71 4690 220 4762 destiaque
249 4690 365 4747 moralis
401 4689 556 4754 accederet,
589 4687 646 4743 Deo
681 4687 759 4758 juste
792 4686 921 4742 creditur
939 4661 960 4718 C
976 4686 1099 4742 tionibus
1115 4688 1250 4745 Geneseoe
1265 4689 1307 4746 vel
1324 4689 1388 4747 aliis
1409 4692 1557 4762 opusculis
1582 4695 1767 4764 tractatoriis,
1781 4710 1826 4753 me

71 4780 215 4849 provisore
245 4779 423 4848 dispositum,
454 4784 486 4834 ut
511 4783 597 4832 tantae
620 4775 788 4832 reverentiae
813 4789 921 4832 munus
976 4791 1061 4832 nsum
1085 4777 1157 4848 stylo
1183 4792 1269 4834 uerno
1297 4779 1433 4850 miretur;
1474 4781 1554 4838 decet
1579 4783 1667 4852 enim,
1701 4784 1826 4856 licetque

72 4867 210 4939 pontificii
230 4867 357 4938 dignitas
379 4866 552 4922 honestaret.
573 4863 701 4934 Sequens
723 4864 821 4934 itaque
839 4863 921 4918 sche-
976 4879 1093 4935 prorsus
1107 4880 1225 4936 operosa
1249 4867 1396 4924 historiam
1411 4869 1565 4926 verborum
1585 4871 1731 4942 elegantis
1746 4888 1825 4931 coor-

71 4954 141 5010 dula
157 4962 205 5010 tuo
220 4953 417 5025 amplectendo
431 4954 547 5009 nomine
573 4952 741 5021 infloretur;
756 4967 821 5023 quac
840 4952 921 5008 adse
975 4952 1057 5024 nari;
1071 4954 1145 5010 sacri
1162 4962 1260 5011 autern
1280 4955 1387 5026 eloquii
1413 4958 1549 5027 mysteria
1574 4973 1633 5015 non
1654 4963 1825 5033 garrulitate

72 5043 188 5113 quidem
201 5042 357 5112 incondita,
371 5043 424 5110 tui,
436 5041 636 5110 cniscribitur‚
649 5040 920 5109 amorecondiatur‚
976 5042 1095 5112 poetica,
1124 5043 1172 5098 sed
1200 5043 1392 5100 ecclesiastica
1423 5044 1605 5115 simplicitate
1635 5049 1765 5105 tractari.
1796 5048 1825 5105 td

71 5138 99 5187 et
114 5130 200 5186 oltleii
224 5146 282 5203 quo
302 5132 479 5202 praeemines,
502 5131 670 5188 auctoritate
694 5131 835 5186 ilrmetur.
858 5129 921 5186 Non
974 5143 1042 5201 ergo
1058 5138 1121 5200 peto
1141 5137 1221 5201 grate
1241 5131 1390 5201 suscipias,
1410 5140 1438 5190 et
1460 5147 1511 5204 pro
1535 5134 1654 5204 perenni
1675 5136 1719 5193 tui
1733 5137 1823 5195 nomi·

72 5216 191 5274 deerant
204 5232 273 5277 sane
289 5220 426 5291 praesules
439 5228 467 5277 et
480 5220 540 5288 alii,
554 5233 627 5291 quos
639 5217 729 5289 hujus
739 5217 922 5288 aliorumque
975 5217 1021 5273 nis
1034 5217 1210 5276 monimento
1223 5218 1357 5277 retineas.

782 5424 927 5471 EXPLICIT
949 5424 1112 5471 ttt’tstottt.
