<?xml version="1.0" encoding="UTF-8"?>
<!DOCTYPE html PUBLIC "-//W3C//DTD XHTML 1.0 Transitional//EN"
    "http://www.w3.org/TR/xhtml1/DTD/xhtml1-transitional.dtd">
<html xmlns="http://www.w3.org/1999/xhtml" xml:lang="en" lang="en">
 <head>
  <title>
</title>
<meta http-equiv="Content-Type" content="text/html;charset=utf-8" />
  <meta name='ocr-system' content='tesseract 3.04.00' />
  <meta name='ocr-capabilities' content='ocr_page ocr_carea ocr_par ocr_line ocrx_word'/>
</head>
<body>
  <div class='ocr_page' id='page_1' title='image "./patrologiaecurs05unkngoog_0561.png"; bbox 0 0 3818 6008; ppageno 0'>
   <div class='ocr_carea' id='block_1_1' title="bbox 104 204 1862 305">
    <p class='ocr_par' dir='ltr' id='par_1_1' title="bbox 104 204 1862 305">
     <span class='ocr_line' id='line_1_1' title="bbox 104 204 1862 305; baseline -0.005 -2"><span class='ocrx_word' id='word_1_1' title='bbox 104 249 169 305; x_wconf 83' lang='lat' dir='ltr'>rur</span> <span class='ocrx_word' id='word_1_2' title='bbox 619 250 666 304; x_wconf 76' lang='lat' dir='ltr'>eu</span> <span class='ocrx_word' id='word_1_3' title='bbox 685 204 762 305; x_wconf 75' lang='lat' dir='ltr'>unu.</span> <span class='ocrx_word' id='word_1_4' title='bbox 784 249 863 304; x_wconf 84' lang='lat' dir='ltr'>vno.</span> <span class='ocrx_word' id='word_1_5' title='bbox 884 244 1046 302; x_wconf 81' lang='lat' dir='ltr'>cursuum</span> <span class='ocrx_word' id='word_1_6' title='bbox 1064 241 1110 298; x_wconf 89' lang='lat' dir='ltr'>uu</span> <span class='ocrx_word' id='word_1_7' title='bbox 1128 240 1330 299; x_wconf 81' lang='lat' dir='ltr'>uovtumro</span> <span class='ocrx_word' id='word_1_8' title='bbox 1537 208 1540 212; x_wconf 49' lang='grc'>“</span> <span class='ocrx_word' id='word_1_9' title='bbox 1797 241 1862 299; x_wconf 86' lang='lat' dir='ltr'>uu</span> 
     </span>
    </p>
   </div>
   <div class='ocr_carea' id='block_1_2' title="bbox 34 373 1866 2647">
    <p class='ocr_par' dir='ltr' id='par_1_2' title="bbox 34 373 1866 2647">
     <span class='ocr_line' id='line_1_2' title="bbox 102 373 1862 450; baseline -0.002 -16"><span class='ocrx_word' id='word_1_10' title='bbox 102 378 245 436; x_wconf 91' lang='lat' dir='ltr'>aiiaturus</span> <span class='ocrx_word' id='word_1_11' title='bbox 266 385 318 446; x_wconf 91' lang='lat' dir='ltr'>est,</span> <span class='ocrx_word' id='word_1_12' title='bbox 345 393 431 448; x_wconf 91' lang='lat' dir='ltr'>super</span> <span class='ocrx_word' id='word_1_13' title='bbox 444 379 561 435; x_wconf 80' lang='lat' dir='ltr'>calicem</span> <span class='ocrx_word' id='word_1_14' title='bbox 582 387 667 448; x_wconf 89' lang='lat' dir='ltr'>tenet,</span> <span class='ocrx_word' id='word_1_15' title='bbox 687 373 774 436; x_wconf 89' lang='lat' dir='ltr'>aiiam</span> <span class='ocrx_word' id='word_1_16' title='bbox 796 379 827 435; x_wconf 91' lang='lat' dir='ltr'>in</span> <span class='ocrx_word' id='word_1_17' title='bbox 848 378 945 450; x_wconf 83' lang='lat' dir='ltr'>pixide</span> <span class='ocrx_word' id='word_1_18' title='bbox 963 383 985 433; x_wconf 81' lang='grc' dir='ltr'>Α</span> <span class='ocrx_word' id='word_1_19' title='bbox 1001 374 1231 433; x_wconf 83' lang='lat' dir='ltr'>Christianorum</span> <span class='ocrx_word' id='word_1_20' title='bbox 1248 386 1341 431; x_wconf 91' lang='lat' dir='ltr'>mores</span> <span class='ocrx_word' id='word_1_21' title='bbox 1354 373 1468 430; x_wconf 88' lang='lat' dir='ltr'>aiiioere</span> <span class='ocrx_word' id='word_1_22' title='bbox 1483 374 1667 432; x_wconf 78' lang='lat' dir='ltr'><strong>conabantur</strong></span> <span class='ocrx_word' id='word_1_23' title='bbox 1683 373 1777 446; x_wconf 77' lang='lat' dir='ltr'>(quod</span> <span class='ocrx_word' id='word_1_24' title='bbox 1797 375 1862 431; x_wconf 88' lang='lat' dir='ltr'>scite</span> 
     </span>
     <span class='ocr_line' id='line_1_3' title="bbox 104 462 1862 538; baseline -0.003 -15"><span class='ocrx_word' id='word_1_25' title='bbox 104 468 231 538; x_wconf 88' lang='lat' dir='ltr'>reponit;</span> <span class='ocrx_word' id='word_1_26' title='bbox 246 475 275 524; x_wconf 95' lang='lat' dir='ltr'>et</span> <span class='ocrx_word' id='word_1_27' title='bbox 290 476 359 524; x_wconf 92' lang='lat' dir='ltr'>tunc</span> <span class='ocrx_word' id='word_1_28' title='bbox 374 467 411 523; x_wconf 94' lang='lat' dir='ltr'>ab</span> <span class='ocrx_word' id='word_1_29' title='bbox 430 467 557 523; x_wconf 91' lang='lat' dir='ltr'>armario</span> <span class='ocrx_word' id='word_1_30' title='bbox 578 475 637 524; x_wconf 92' lang='lat' dir='ltr'>tam</span> <span class='ocrx_word' id='word_1_31' title='bbox 659 483 764 524; x_wconf 91' lang='lat' dir='ltr'>manus</span> <span class='ocrx_word' id='word_1_32' title='bbox 787 467 951 534; x_wconf 83' lang='lat' dir='ltr'>sucerdotis,</span> <span class='ocrx_word' id='word_1_33' title='bbox 1005 463 1169 520; x_wconf 79' lang='lat' dir='ltr'>observavit</span> <span class='ocrx_word' id='word_1_34' title='bbox 1188 463 1289 519; x_wconf 89' lang='lat' dir='ltr'>doctus</span> <span class='ocrx_word' id='word_1_35' title='bbox 1313 462 1468 518; x_wconf 83' lang='lat' dir='ltr'>admodum</span> <span class='ocrx_word' id='word_1_36' title='bbox 1493 464 1574 519; x_wconf 87' lang='lat' dir='ltr'>ioan.</span> <span class='ocrx_word' id='word_1_37' title='bbox 1591 462 1627 518; x_wconf 93' lang='lat' dir='ltr'>de</span> <span class='ocrx_word' id='word_1_38' title='bbox 1647 462 1786 533; x_wconf 79' lang='lat' dir='ltr'>baunoy)</span> <span class='ocrx_word' id='word_1_39' title='bbox 1804 481 1818 512; x_wconf 85' lang='grc' dir='ltr'>ι</span> <span class='ocrx_word' id='word_1_40' title='bbox 1834 471 1862 518; x_wconf 93' lang='lat' dir='ltr'>ut</span> 
     </span>
     <span class='ocr_line' id='line_1_4' title="bbox 104 548 1861 626; baseline -0.005 -15"><span class='ocrx_word' id='word_1_41' title='bbox 104 569 192 626; x_wconf 93' lang='lat' dir='ltr'>quam</span> <span class='ocrx_word' id='word_1_42' title='bbox 216 554 277 625; x_wconf 89' lang='lat' dir='ltr'>ipse</span> <span class='ocrx_word' id='word_1_43' title='bbox 298 553 374 609; x_wconf 83' lang='lat' dir='ltr'>eaiix</span> <span class='ocrx_word' id='word_1_44' title='bbox 396 554 509 610; x_wconf 91' lang='lat' dir='ltr'>iinteoio</span> <span class='ocrx_word' id='word_1_45' title='bbox 527 555 716 611; x_wconf 91' lang='lat' dir='ltr'>mundissimo</span> <span class='ocrx_word' id='word_1_46' title='bbox 737 555 951 626; x_wconf 85' lang='lat' dir='ltr'>cooperiuntur.</span> <span class='ocrx_word' id='word_1_47' title='bbox 1006 549 1165 606; x_wconf 76' lang='lat' dir='ltr'><strong>conformes</strong></span> <span class='ocrx_word' id='word_1_48' title='bbox 1181 550 1281 605; x_wconf 85' lang='lat' dir='ltr'>iterent</span> <span class='ocrx_word' id='word_1_49' title='bbox 1296 548 1430 621; x_wconf 82' lang='lat' dir='ltr'>imaginis</span> <span class='ocrx_word' id='word_1_50' title='bbox 1446 550 1509 606; x_wconf 76' lang='lat' dir='ltr'>eiiii</span> <span class='ocrx_word' id='word_1_51' title='bbox 1520 549 1570 606; x_wconf 88' lang='lat' dir='ltr'>Dei</span> <span class='ocrx_word' id='word_1_52' title='bbox 1583 551 1681 620; x_wconf 82' lang='lat' dir='ltr'>(Rom.</span> <span class='ocrx_word' id='word_1_53' title='bbox 1701 564 1763 617; x_wconf 84' lang='grc' dir='ltr'>ιιιι,</span> <span class='ocrx_word' id='word_1_54' title='bbox 1781 550 1836 620; x_wconf 68' lang='grc'>29),</span> <span class='ocrx_word' id='word_1_55' title='bbox 1850 572 1861 597; x_wconf 77' lang='lat' dir='ltr'>o</span> 
     </span>
     <span class='ocr_line' id='line_1_5' title="bbox 104 636 1863 714; baseline -0.003 -15"><span class='ocrx_word' id='word_1_56' title='bbox 104 642 131 699; x_wconf 90' lang='lat' dir='ltr'>Si</span> <span class='ocrx_word' id='word_1_57' title='bbox 149 651 217 699; x_wconf 90' lang='lat' dir='ltr'>tunc</span> <span class='ocrx_word' id='word_1_58' title='bbox 231 650 391 698; x_wconf 88' lang='lat' dir='ltr'>conventus</span> <span class='ocrx_word' id='word_1_59' title='bbox 413 643 441 697; x_wconf 91' lang='lat' dir='ltr'>in</span> <span class='ocrx_word' id='word_1_60' title='bbox 466 642 553 699; x_wconf 91' lang='lat' dir='ltr'>cboro</span> <span class='ocrx_word' id='word_1_61' title='bbox 573 648 625 711; x_wconf 88' lang='lat' dir='ltr'>est,</span> <span class='ocrx_word' id='word_1_62' title='bbox 646 644 763 714; x_wconf 91' lang='lat' dir='ltr'>quando</span> <span class='ocrx_word' id='word_1_63' title='bbox 784 642 903 700; x_wconf 79' lang='lat' dir='ltr'>discedit</span> <span class='ocrx_word' id='word_1_64' title='bbox 916 644 953 699; x_wconf 87' lang='lat' dir='ltr'>ab</span> <span class='ocrx_word' id='word_1_65' title='bbox 1006 646 1059 694; x_wconf 90' lang='lat' dir='ltr'>ete.</span> <span class='ocrx_word' id='word_1_66' title='bbox 1075 637 1229 708; x_wconf 78' lang='lat' dir='ltr'><strong>Apostolus</strong></span> <span class='ocrx_word' id='word_1_67' title='bbox 1244 652 1252 692; x_wconf 90' lang='lat'>:</span> <span class='ocrx_word' id='word_1_68' title='bbox 1268 636 1414 707; x_wconf 76' lang='lat' dir='ltr'>Siquidem</span> <span class='ocrx_word' id='word_1_69' title='bbox 1435 637 1536 695; x_wconf 80' lang='lat' dir='ltr'>«dura</span> <span class='ocrx_word' id='word_1_70' title='bbox 1550 646 1578 695; x_wconf 92' lang='lat' dir='ltr'>et</span> <span class='ocrx_word' id='word_1_71' title='bbox 1594 652 1712 708; x_wconf 87' lang='lat' dir='ltr'>aspera,</span> <span class='ocrx_word' id='word_1_72' title='bbox 1731 651 1863 709; x_wconf 82' lang='lat' dir='ltr'>perque</span> 
     </span>
     <span class='ocr_line' id='line_1_6' title="bbox 34 725 1864 803; baseline 0.002 -15"><span class='ocrx_word' id='word_1_73' title='bbox 34 757 37 760; x_wconf 52' lang='lat'><strong>&gt;</strong></span> <span class='ocrx_word' id='word_1_74' title='bbox 103 731 198 799; x_wconf 88' lang='lat' dir='ltr'>altari,</span> <span class='ocrx_word' id='word_1_75' title='bbox 216 739 292 787; x_wconf 91' lang='lat' dir='ltr'>totus</span> <span class='ocrx_word' id='word_1_76' title='bbox 310 731 424 787; x_wconf 82' lang='lat' dir='ltr'>veniam</span> <span class='ocrx_word' id='word_1_77' title='bbox 447 745 497 801; x_wconf 93' lang='lat' dir='ltr'>pro</span> <span class='ocrx_word' id='word_1_78' title='bbox 515 733 674 787; x_wconf 84' lang='lat' dir='ltr'>reverentia</span> <span class='ocrx_word' id='word_1_79' title='bbox 695 733 953 803; x_wconf 84' lang='lat' dir='ltr'>Dominicicorpo-</span> <span class='ocrx_word' id='word_1_80' title='bbox 1007 725 1065 782; x_wconf 80' lang='lat' dir='ltr'>iiiii</span> <span class='ocrx_word' id='word_1_81' title='bbox 1088 725 1123 781; x_wconf 83' lang='lat' dir='ltr'>ed</span> <span class='ocrx_word' id='word_1_82' title='bbox 1146 726 1247 793; x_wconf 78' lang='lat' dir='ltr'>Deum,</span> <span class='ocrx_word' id='word_1_83' title='bbox 1273 735 1389 796; x_wconf 84' lang='lat' dir='ltr'>propter</span> <span class='ocrx_word' id='word_1_84' title='bbox 1413 727 1641 782; x_wconf 67' lang='lat' dir='ltr'>emendationem</span> <span class='ocrx_word' id='word_1_85' title='bbox 1662 726 1821 791; x_wconf 88' lang='lat' dir='ltr'>vitiorum,</span> <span class='ocrx_word' id='word_1_86' title='bbox 1839 735 1864 782; x_wconf 84' lang='lat' dir='ltr'>ei</span> 
     </span>
     <span class='ocr_line' id='line_1_7' title="bbox 102 814 1864 890; baseline -0.003 -14"><span class='ocrx_word' id='word_1_87' title='bbox 102 819 142 876; x_wconf 89' lang='lat' dir='ltr'>ris</span> <span class='ocrx_word' id='word_1_88' title='bbox 162 819 239 890; x_wconf 92' lang='lat' dir='ltr'>petit.</span> <span class='ocrx_word' id='word_1_89' title='bbox 265 819 401 876; x_wconf 79' lang='lat' dir='ltr'>Similiter</span> <span class='ocrx_word' id='word_1_90' title='bbox 425 819 591 890; x_wconf 89' lang='lat' dir='ltr'>ubicunque</span> <span class='ocrx_word' id='word_1_91' title='bbox 615 821 739 877; x_wconf 90' lang='lat' dir='ltr'>viderint</span> <span class='ocrx_word' id='word_1_92' title='bbox 758 836 824 878; x_wconf 91' lang='lat' dir='ltr'>eum</span> <span class='ocrx_word' id='word_1_93' title='bbox 851 822 953 878; x_wconf 80' lang='lat' dir='ltr'>iratres</span> <span class='ocrx_word' id='word_1_94' title='bbox 1006 815 1252 871; x_wconf 88' lang='lat' dir='ltr'>conservationem</span> <span class='ocrx_word' id='word_1_95' title='bbox 1274 814 1432 881; x_wconf 76' lang='lat' dir='ltr'>charitatis,</span> <span class='ocrx_word' id='word_1_96' title='bbox 1449 835 1463 864; x_wconf 89' lang='lat'>»</span> <span class='ocrx_word' id='word_1_97' title='bbox 1489 815 1573 885; x_wconf 83' lang='lat' dir='ltr'>piune</span> <span class='ocrx_word' id='word_1_98' title='bbox 1597 829 1645 871; x_wconf 92' lang='lat' dir='ltr'>eos</span> <span class='ocrx_word' id='word_1_99' title='bbox 1671 815 1725 885; x_wconf 88' lang='lat' dir='ltr'>qui</span> <span class='ocrx_word' id='word_1_100' title='bbox 1751 814 1864 871; x_wconf 85' lang='lat' dir='ltr'>Christo</span> 
     </span>
     <span class='ocr_line' id='line_1_8' title="bbox 102 902 1865 974; baseline -0.004 -10"><span class='ocrx_word' id='word_1_101' title='bbox 102 914 298 964; x_wconf 88' lang='lat' dir='ltr'>transeuntem</span> <span class='ocrx_word' id='word_1_102' title='bbox 320 907 438 963; x_wconf 91' lang='lat' dir='ltr'>iaciunt.</span> <span class='ocrx_word' id='word_1_103' title='bbox 457 908 567 963; x_wconf 90' lang='lat' dir='ltr'>interea</span> <span class='ocrx_word' id='word_1_104' title='bbox 581 916 700 965; x_wconf 89' lang='lat' dir='ltr'>curatur</span> <span class='ocrx_word' id='word_1_105' title='bbox 716 917 747 966; x_wconf 94' lang='lat' dir='ltr'>ut</span> <span class='ocrx_word' id='word_1_106' title='bbox 762 910 869 966; x_wconf 86' lang='lat' dir='ltr'>infirmi</span> <span class='ocrx_word' id='word_1_107' title='bbox 883 911 952 966; x_wconf 89' lang='lat' dir='ltr'>buo·</span> <span class='ocrx_word' id='word_1_108' title='bbox 1005 903 1106 960; x_wconf 81' lang='lat' dir='ltr'>dedere</span> <span class='ocrx_word' id='word_1_109' title='bbox 1130 916 1235 959; x_wconf 84' lang='lat' dir='ltr'>nomen</span> <span class='ocrx_word' id='word_1_110' title='bbox 1258 903 1402 971; x_wconf 87' lang='lat' dir='ltr'>coudecet,</span> <span class='ocrx_word' id='word_1_111' title='bbox 1422 903 1462 959; x_wconf 86' lang='lat' dir='ltr'>ait</span> <span class='ocrx_word' id='word_1_112' title='bbox 1486 917 1548 973; x_wconf 83' lang='lat' dir='ltr'>cap.</span> <span class='ocrx_word' id='word_1_113' title='bbox 1576 906 1610 958; x_wconf 85' lang='lat'>58</span> <span class='ocrx_word' id='word_1_114' title='bbox 1629 912 1657 959; x_wconf 90' lang='lat' dir='ltr'>et</span> <span class='ocrx_word' id='word_1_115' title='bbox 1688 905 1716 958; x_wconf 89' lang='lat' dir='ltr'>in</span> <span class='ocrx_word' id='word_1_116' title='bbox 1748 902 1865 974; x_wconf 85' lang='lat' dir='ltr'>prologo</span> 
     </span>
     <span class='ocr_line' id='line_1_9' title="bbox 103 990 1863 1068; baseline -0.003 -17"><span class='ocrx_word' id='word_1_117' title='bbox 103 1009 137 1052; x_wconf 89' lang='lat' dir='ltr'>ea</span> <span class='ocrx_word' id='word_1_118' title='bbox 151 996 266 1052; x_wconf 91' lang='lat' dir='ltr'>iavetur</span> <span class='ocrx_word' id='word_1_119' title='bbox 278 994 420 1065; x_wconf 88' lang='lat' dir='ltr'>recepturi</span> <span class='ocrx_word' id='word_1_120' title='bbox 434 995 526 1065; x_wconf 91' lang='lat' dir='ltr'>ipsum</span> <span class='ocrx_word' id='word_1_121' title='bbox 538 996 718 1054; x_wconf 88' lang='lat' dir='ltr'>Dominicum</span> <span class='ocrx_word' id='word_1_122' title='bbox 738 1013 852 1068; x_wconf 90' lang='lat' dir='ltr'>corpus.</span> <span class='ocrx_word' id='word_1_123' title='bbox 869 999 953 1055; x_wconf 92' lang='lat' dir='ltr'>Prius</span> <span class='ocrx_word' id='word_1_124' title='bbox 1005 992 1113 1062; x_wconf 85' lang='lat' dir='ltr'>reguiae</span> <span class='ocrx_word' id='word_1_125' title='bbox 1135 1000 1253 1047; x_wconf 88' lang='lat' dir='ltr'>sanctus</span> <span class='ocrx_word' id='word_1_126' title='bbox 1273 990 1452 1059; x_wconf 82' lang='lat' dir='ltr'>Benedictus,</span> <span class='ocrx_word' id='word_1_127' title='bbox 1474 1014 1485 1040; x_wconf 74' lang='grc' dir='ltr'>ι</span> <span class='ocrx_word' id='word_1_128' title='bbox 1507 992 1685 1048; x_wconf 77' lang='grc' dir='ltr'>Αιειιεειιιιιε</span> <span class='ocrx_word' id='word_1_129' title='bbox 1708 993 1783 1047; x_wconf 84' lang='lat' dir='ltr'>Vitae</span> <span class='ocrx_word' id='word_1_130' title='bbox 1804 1005 1863 1046; x_wconf 93' lang='lat' dir='ltr'>ma-</span> 
     </span>
     <span class='ocr_line' id='line_1_10' title="bbox 103 1079 1865 1155; baseline 0.001 -15"><span class='ocrx_word' id='word_1_131' title='bbox 103 1091 200 1140; x_wconf 90' lang='lat' dir='ltr'>autem</span> <span class='ocrx_word' id='word_1_132' title='bbox 219 1098 307 1154; x_wconf 90' lang='lat' dir='ltr'>quam</span> <span class='ocrx_word' id='word_1_133' title='bbox 331 1083 460 1153; x_wconf 87' lang='lat' dir='ltr'>recipiat,</span> <span class='ocrx_word' id='word_1_134' title='bbox 482 1085 627 1151; x_wconf 81' lang='lat' dir='ltr'>Confiteor</span> <span class='ocrx_word' id='word_1_135' title='bbox 642 1086 758 1155; x_wconf 86' lang='lat' dir='ltr'>dicitur,</span> <span class='ocrx_word' id='word_1_136' title='bbox 772 1095 799 1142; x_wconf 92' lang='lat' dir='ltr'>et</span> <span class='ocrx_word' id='word_1_137' title='bbox 815 1087 952 1144; x_wconf 86' lang='lat' dir='ltr'>iratribus</span> <span class='ocrx_word' id='word_1_138' title='bbox 1005 1080 1237 1151; x_wconf 88' lang='lat' dir='ltr'>gisteroptimus,</span> <span class='ocrx_word' id='word_1_139' title='bbox 1255 1099 1269 1129; x_wconf 82' lang='grc'><strong>»</strong></span> <span class='ocrx_word' id='word_1_140' title='bbox 1285 1093 1303 1134; x_wconf 81' lang='lat' dir='ltr'>e</span> <span class='ocrx_word' id='word_1_141' title='bbox 1317 1080 1421 1151; x_wconf 70' lang='lat' dir='ltr'>Magno</span> <span class='ocrx_word' id='word_1_142' title='bbox 1435 1079 1573 1151; x_wconf 78' lang='lat' dir='ltr'>Gregorio</span> <span class='ocrx_word' id='word_1_143' title='bbox 1589 1080 1696 1147; x_wconf 90' lang='lat' dir='ltr'>dietus,</span> <span class='ocrx_word' id='word_1_144' title='bbox 1720 1079 1774 1136; x_wconf 84' lang='lat' dir='ltr'>lib·</span> <span class='ocrx_word' id='word_1_145' title='bbox 1794 1095 1822 1135; x_wconf 80' lang='lat' dir='ltr'>tv</span> <span class='ocrx_word' id='word_1_146' title='bbox 1837 1081 1865 1135; x_wconf 87' lang='lat' dir='ltr'>io</span> 
     </span>
     <span class='ocr_line' id='line_1_11' title="bbox 103 1166 1280 1245; baseline 0.002 -17"><span class='ocrx_word' id='word_1_147' title='bbox 103 1174 300 1228; x_wconf 89' lang='lat' dir='ltr'>incommune</span> <span class='ocrx_word' id='word_1_148' title='bbox 316 1172 488 1226; x_wconf 77' lang='lat' dir='ltr'>Misereaior</span> <span class='ocrx_word' id='word_1_149' title='bbox 501 1171 589 1227; x_wconf 73' lang='lat' dir='ltr'>veniri</span> <span class='ocrx_word' id='word_1_150' title='bbox 604 1174 843 1243; x_wconf 83' lang='lat' dir='ltr'>respondentibus</span> <span class='ocrx_word' id='word_1_151' title='bbox 854 1191 861 1245; x_wconf 90' lang='lat'><strong>;</strong></span> <span class='ocrx_word' id='word_1_152' title='bbox 874 1176 952 1232; x_wconf 85' lang='lat' dir='ltr'>solus</span> <span class='ocrx_word' id='word_1_153' title='bbox 1004 1166 1077 1223; x_wconf 82' lang='lat' dir='ltr'>libio</span> <span class='ocrx_word' id='word_1_154' title='bbox 1093 1168 1160 1238; x_wconf 78' lang='lat' dir='ltr'>Reit-</span> <span class='ocrx_word' id='word_1_155' title='bbox 1177 1181 1239 1237; x_wconf 77' lang='lat' dir='ltr'>ooo·</span> <span class='ocrx_word' id='word_1_156' title='bbox 1255 1170 1280 1221; x_wconf 87' lang='lat'>9.</span> 
     </span>
     <span class='ocr_line' id='line_1_12' title="bbox 103 1255 1865 1332; baseline 0.003 -15"><span class='ocrx_word' id='word_1_157' title='bbox 103 1260 236 1317; x_wconf 88' lang='lat' dir='ltr'>sacerdos</span> <span class='ocrx_word' id='word_1_158' title='bbox 251 1259 455 1330; x_wconf 80' lang='lat' dir='ltr'>prosequitur:</span> <span class='ocrx_word' id='word_1_159' title='bbox 472 1261 688 1332; x_wconf 71' lang='lat' dir='ltr'>Indulgendum</span> <span class='ocrx_word' id='word_1_160' title='bbox 707 1266 733 1318; x_wconf 88' lang='grc' dir='ltr'>ει</span> <span class='ocrx_word' id='word_1_161' title='bbox 752 1262 951 1320; x_wconf 77' lang='lat' dir='ltr'>remissionem</span> <span class='ocrx_word' id='word_1_162' title='bbox 1042 1255 1115 1311; x_wconf 80' lang='lat' dir='ltr'>Hioo</span> <span class='ocrx_word' id='word_1_163' title='bbox 1131 1255 1159 1311; x_wconf 87' lang='lat' dir='ltr'>io</span> <span class='ocrx_word' id='word_1_164' title='bbox 1172 1255 1277 1311; x_wconf 77' lang='lat' dir='ltr'>scholio</span> <span class='ocrx_word' id='word_1_165' title='bbox 1291 1255 1499 1311; x_wconf 88' lang='lat' dir='ltr'>monachorum</span> <span class='ocrx_word' id='word_1_166' title='bbox 1514 1256 1565 1326; x_wconf 80' lang='lat' dir='ltr'>oili</span> <span class='ocrx_word' id='word_1_167' title='bbox 1578 1271 1644 1313; x_wconf 90' lang='lat' dir='ltr'>cum</span> <span class='ocrx_word' id='word_1_168' title='bbox 1663 1257 1786 1326; x_wconf 70' lang='lat' dir='ltr'>iiieiele</span> <span class='ocrx_word' id='word_1_169' title='bbox 1805 1264 1865 1312; x_wconf 94' lang='lat' dir='ltr'>tum</span> 
     </span>
     <span class='ocr_line' id='line_1_13' title="bbox 102 1344 1866 1420; baseline -0.002 -17"><span class='ocrx_word' id='word_1_170' title='bbox 102 1348 231 1405; x_wconf 83' lang='lat' dir='ltr'>omnium</span> <span class='ocrx_word' id='word_1_171' title='bbox 243 1352 426 1420; x_wconf 84' lang='lat' dir='ltr'>peccatorum</span> <span class='ocrx_word' id='word_1_172' title='bbox 445 1351 570 1415; x_wconf 80' lang='lat' dir='ltr'>tuorum,</span> <span class='ocrx_word' id='word_1_173' title='bbox 589 1359 642 1406; x_wconf 87' lang='lat' dir='ltr'>ete.</span> <span class='ocrx_word' id='word_1_174' title='bbox 667 1352 764 1420; x_wconf 90' lang='lat' dir='ltr'>ipsum</span> <span class='ocrx_word' id='word_1_175' title='bbox 785 1361 880 1408; x_wconf 89' lang='lat' dir='ltr'>autem</span> <span class='ocrx_word' id='word_1_176' title='bbox 896 1354 950 1408; x_wconf 87' lang='lat' dir='ltr'>Do·</span> <span class='ocrx_word' id='word_1_177' title='bbox 1005 1345 1107 1402; x_wconf 89' lang='lat' dir='ltr'>litteris</span> <span class='ocrx_word' id='word_1_178' title='bbox 1122 1344 1339 1411; x_wconf 84' lang='lat' dir='ltr'>imbuebantur,</span> <span class='ocrx_word' id='word_1_179' title='bbox 1355 1345 1412 1401; x_wconf 89' lang='lat' dir='ltr'>aite</span> <span class='ocrx_word' id='word_1_180' title='bbox 1431 1346 1502 1401; x_wconf 93' lang='lat' dir='ltr'>adeo</span> <span class='ocrx_word' id='word_1_181' title='bbox 1524 1347 1552 1402; x_wconf 88' lang='lat' dir='ltr'>in</span> <span class='ocrx_word' id='word_1_182' title='bbox 1580 1354 1677 1402; x_wconf 90' lang='lat' dir='ltr'>mente</span> <span class='ocrx_word' id='word_1_183' title='bbox 1697 1345 1866 1402; x_wconf 84' lang='lat' dir='ltr'>retinebant</span> 
     </span>
     <span class='ocr_line' id='line_1_14' title="bbox 103 1433 1864 1510; baseline 0.001 -16"><span class='ocrx_word' id='word_1_184' title='bbox 103 1437 176 1494; x_wconf 89' lang='lat' dir='ltr'>mini</span> <span class='ocrx_word' id='word_1_185' title='bbox 190 1452 295 1507; x_wconf 87' lang='lat' dir='ltr'>eorpus</span> <span class='ocrx_word' id='word_1_186' title='bbox 310 1437 340 1493; x_wconf 90' lang='lat' dir='ltr'>iu</span> <span class='ocrx_word' id='word_1_187' title='bbox 354 1438 421 1492; x_wconf 91' lang='lat' dir='ltr'>vino</span> <span class='ocrx_word' id='word_1_188' title='bbox 436 1451 519 1508; x_wconf 85' lang='lat' dir='ltr'>aqum</span> <span class='ocrx_word' id='word_1_189' title='bbox 536 1437 669 1507; x_wconf 89' lang='lat' dir='ltr'>permisto</span> <span class='ocrx_word' id='word_1_190' title='bbox 688 1438 873 1510; x_wconf 91' lang='lat' dir='ltr'>intinguitur.</span> <span class='ocrx_word' id='word_1_191' title='bbox 890 1440 951 1508; x_wconf 88' lang='lat' dir='ltr'>Quo</span> <span class='ocrx_word' id='word_1_192' title='bbox 1005 1448 1071 1504; x_wconf 84' lang='lat' dir='ltr'>quae</span> <span class='ocrx_word' id='word_1_193' title='bbox 1087 1433 1151 1489; x_wconf 81' lang='lat' dir='ltr'>visu</span> <span class='ocrx_word' id='word_1_194' title='bbox 1165 1448 1199 1489; x_wconf 81' lang='lat' dir='ltr'>ee</span> <span class='ocrx_word' id='word_1_195' title='bbox 1212 1449 1267 1490; x_wconf 83' lang='lat' dir='ltr'>oso</span> <span class='ocrx_word' id='word_1_196' title='bbox 1282 1433 1451 1501; x_wconf 71' lang='lat' dir='ltr'>didicerant,</span> <span class='ocrx_word' id='word_1_197' title='bbox 1468 1433 1507 1490; x_wconf 84' lang='lat' dir='ltr'>uti</span> <span class='ocrx_word' id='word_1_198' title='bbox 1525 1443 1622 1505; x_wconf 89' lang='lat' dir='ltr'>postea</span> <span class='ocrx_word' id='word_1_199' title='bbox 1633 1441 1693 1490; x_wconf 86' lang='lat' dir='ltr'>toto</span> <span class='ocrx_word' id='word_1_200' title='bbox 1709 1435 1784 1490; x_wconf 69' lang='lat' dir='ltr'>vite</span> <span class='ocrx_word' id='word_1_201' title='bbox 1800 1449 1864 1490; x_wconf 87' lang='lat' dir='ltr'>cut-</span> 
     </span>
     <span class='ocr_line' id='line_1_15' title="bbox 103 1520 1864 1598; baseline 0 -17"><span class='ocrx_word' id='word_1_202' title='bbox 103 1533 216 1595; x_wconf 83' lang='lat' dir='ltr'>epotato</span> <span class='ocrx_word' id='word_1_203' title='bbox 229 1525 320 1581; x_wconf 83' lang='lat' dir='ltr'>ebibit</span> <span class='ocrx_word' id='word_1_204' title='bbox 333 1539 451 1596; x_wconf 87' lang='lat' dir='ltr'>qnoque</span> <span class='ocrx_word' id='word_1_205' title='bbox 464 1526 639 1582; x_wconf 77' lang='lat' dir='ltr'>ablutionem</span> <span class='ocrx_word' id='word_1_206' title='bbox 655 1527 761 1594; x_wconf 81' lang='lat' dir='ltr'>calicis,</span> <span class='ocrx_word' id='word_1_207' title='bbox 779 1536 805 1584; x_wconf 86' lang='lat' dir='ltr'>et</span> <span class='ocrx_word' id='word_1_208' title='bbox 822 1529 844 1583; x_wconf 81' lang='lat' dir='ltr'>si</span> <span class='ocrx_word' id='word_1_209' title='bbox 862 1536 952 1598; x_wconf 91' lang='lat' dir='ltr'>potest</span> <span class='ocrx_word' id='word_1_210' title='bbox 1006 1520 1096 1576; x_wconf 86' lang='lat' dir='ltr'>neuin</span> <span class='ocrx_word' id='word_1_211' title='bbox 1114 1534 1148 1575; x_wconf 86' lang='lat' dir='ltr'>ea</span> <span class='ocrx_word' id='word_1_212' title='bbox 1171 1522 1232 1577; x_wconf 89' lang='lat' dir='ltr'>suis</span> <span class='ocrx_word' id='word_1_213' title='bbox 1256 1521 1387 1578; x_wconf 83' lang='lat' dir='ltr'>moribus</span> <span class='ocrx_word' id='word_1_214' title='bbox 1407 1520 1612 1592; x_wconf 82' lang='lat' dir='ltr'>exprimerent·</span> <span class='ocrx_word' id='word_1_215' title='bbox 1634 1520 1782 1576; x_wconf 88' lang='lat' dir='ltr'>omnium</span> <span class='ocrx_word' id='word_1_216' title='bbox 1806 1523 1864 1576; x_wconf 82' lang='lat' dir='ltr'>vice</span> 
     </span>
     <span class='ocr_line' id='line_1_16' title="bbox 103 1608 1864 1684; baseline 0.005 -16"><span class='ocrx_word' id='word_1_217' title='bbox 103 1613 281 1670; x_wconf 86' lang='lat' dir='ltr'>ablutionem</span> <span class='ocrx_word' id='word_1_218' title='bbox 296 1613 452 1684; x_wconf 87' lang='lat' dir='ltr'>digitorum</span> <span class='ocrx_word' id='word_1_219' title='bbox 470 1614 634 1682; x_wconf 89' lang='lat' dir='ltr'>sacerdotis,</span> <span class='ocrx_word' id='word_1_220' title='bbox 656 1623 683 1671; x_wconf 92' lang='lat' dir='ltr'>et</span> <span class='ocrx_word' id='word_1_221' title='bbox 697 1615 793 1672; x_wconf 88' lang='lat' dir='ltr'>adhue</span> <span class='ocrx_word' id='word_1_222' title='bbox 805 1617 910 1682; x_wconf 85' lang='lat' dir='ltr'>calicis,</span> <span class='ocrx_word' id='word_1_223' title='bbox 928 1618 949 1672; x_wconf 92' lang='lat' dir='ltr'>si</span> <span class='ocrx_word' id='word_1_224' title='bbox 1007 1608 1093 1665; x_wconf 68' lang='lat' dir='ltr'>‘iterii</span> <span class='ocrx_word' id='word_1_225' title='bbox 1113 1609 1275 1665; x_wconf 65' lang='lat' dir='ltr'>hildovinus</span> <span class='ocrx_word' id='word_1_226' title='bbox 1295 1609 1417 1665; x_wconf 77' lang='lat' dir='ltr'>Gioeeoe</span> <span class='ocrx_word' id='word_1_227' title='bbox 1438 1609 1618 1665; x_wconf 85' lang='lat' dir='ltr'>Francorum</span> <span class='ocrx_word' id='word_1_228' title='bbox 1641 1622 1706 1675; x_wconf 72' lang='lat' dir='ltr'>fe¹2</span> <span class='ocrx_word' id='word_1_229' title='bbox 1737 1623 1864 1679; x_wconf 69' lang='lat' dir='ltr'>quemn</span> 
     </span>
     <span class='ocr_line' id='line_1_17' title="bbox 103 1670 1863 1774; baseline -0.002 -18"><span class='ocrx_word' id='word_1_230' title='bbox 103 1715 160 1756; x_wconf 93' lang='lat' dir='ltr'>nou</span> <span class='ocrx_word' id='word_1_231' title='bbox 177 1708 277 1771; x_wconf 91' lang='lat' dir='ltr'>potest,</span> <span class='ocrx_word' id='word_1_232' title='bbox 293 1701 367 1757; x_wconf 93' lang='lat' dir='ltr'>aiius</span> <span class='ocrx_word' id='word_1_233' title='bbox 378 1701 475 1758; x_wconf 88' lang='lat' dir='ltr'>ebibit.</span> <span class='ocrx_word' id='word_1_234' title='bbox 496 1702 659 1759; x_wconf 76' lang='lat' dir='ltr'>Adhibetur</span> <span class='ocrx_word' id='word_1_235' title='bbox 679 1718 795 1774; x_wconf 89' lang='lat' dir='ltr'>quoque</span> <span class='ocrx_word' id='word_1_236' title='bbox 816 1705 854 1760; x_wconf 90' lang='lat' dir='ltr'>iiii</span> <span class='ocrx_word' id='word_1_237' title='bbox 875 1719 948 1761; x_wconf 81' lang='lat' dir='ltr'>erun</span> <span class='ocrx_word' id='word_1_238' title='bbox 970 1670 1096 1766; x_wconf 78' lang='lat' dir='ltr'>Bpuero</span> <span class='ocrx_word' id='word_1_239' title='bbox 1112 1705 1192 1766; x_wconf 92' lang='lat' dir='ltr'>pater</span> <span class='ocrx_word' id='word_1_240' title='bbox 1213 1696 1364 1767; x_wconf 84' lang='lat' dir='ltr'>Phiiippus</span> <span class='ocrx_word' id='word_1_241' title='bbox 1381 1696 1678 1767; x_wconf 79' lang='lat' dir='ltr'>sandionysianorum</span> <span class='ocrx_word' id='word_1_242' title='bbox 1701 1697 1863 1753; x_wconf 86' lang='lat' dir='ltr'>monacho·</span> 
     </span>
     <span class='ocr_line' id='line_1_18' title="bbox 101 1783 1864 1855; baseline 0.008 -15"><span class='ocrx_word' id='word_1_243' title='bbox 101 1786 287 1852; x_wconf 71' lang='lat' dir='ltr'>asaoerdote</span> <span class='ocrx_word' id='word_1_244' title='bbox 311 1793 342 1841; x_wconf 96' lang='lat' dir='ltr'>ut</span> <span class='ocrx_word' id='word_1_245' title='bbox 361 1799 424 1841; x_wconf 94' lang='lat' dir='ltr'>eam</span> <span class='ocrx_word' id='word_1_246' title='bbox 448 1786 547 1842; x_wconf 92' lang='lat' dir='ltr'>adoret</span> <span class='ocrx_word' id='word_1_247' title='bbox 564 1793 593 1842; x_wconf 89' lang='lat' dir='ltr'>et</span> <span class='ocrx_word' id='word_1_248' title='bbox 613 1789 769 1844; x_wconf 82' lang='lat' dir='ltr'>osculetur.</span> <span class='ocrx_word' id='word_1_249' title='bbox 796 1788 950 1846; x_wconf 88' lang='lat' dir='ltr'>Oseuiatur</span> <span class='ocrx_word' id='word_1_250' title='bbox 1004 1783 1864 1855; x_wconf 76' lang='lat' dir='ltr'>rumdisciptinaeducandumobtuierat3quoChristianis</span> 
     </span>
     <span class='ocr_line' id='line_1_19' title="bbox 101 1872 1861 1946; baseline 0.006 -17"><span class='ocrx_word' id='word_1_251' title='bbox 101 1872 186 1929; x_wconf 89' lang='lat' dir='ltr'>etiam</span> <span class='ocrx_word' id='word_1_252' title='bbox 204 1872 287 1943; x_wconf 90' lang='lat' dir='ltr'>quasi</span> <span class='ocrx_word' id='word_1_253' title='bbox 305 1873 439 1930; x_wconf 91' lang='lat' dir='ltr'>ultimum</span> <span class='ocrx_word' id='word_1_254' title='bbox 459 1874 522 1930; x_wconf 88' lang='lat' dir='ltr'>vaie</span> <span class='ocrx_word' id='word_1_255' title='bbox 541 1874 671 1932; x_wconf 89' lang='lat' dir='ltr'>iacturus</span> <span class='ocrx_word' id='word_1_256' title='bbox 681 1891 690 1945; x_wconf 91' lang='lat'>;</span> <span class='ocrx_word' id='word_1_257' title='bbox 708 1878 798 1946; x_wconf 88' lang='lat' dir='ltr'>primo</span> <span class='ocrx_word' id='word_1_258' title='bbox 814 1878 949 1934; x_wconf 90' lang='lat' dir='ltr'>sacerdo·</span> <span class='ocrx_word' id='word_1_259' title='bbox 1002 1872 1190 1943; x_wconf 79' lang='lat' dir='ltr'>simusid¹ie</span> <span class='ocrx_word' id='word_1_260' title='bbox 1204 1874 1492 1944; x_wconf 91' lang='lat' dir='ltr'>etprudeutissimus,</span> <span class='ocrx_word' id='word_1_261' title='bbox 1506 1873 1748 1943; x_wconf 87' lang='lat' dir='ltr'>sapientissimus</span> <span class='ocrx_word' id='word_1_262' title='bbox 1761 1875 1861 1940; x_wconf 85' lang='lat' dir='ltr'>evasit,</span> 
     </span>
     <span class='ocr_line' id='line_1_20' title="bbox 101 1960 1862 2035; baseline 0.001 -19"><span class='ocrx_word' id='word_1_263' title='bbox 101 1967 167 2026; x_wconf 89' lang='lat' dir='ltr'>tem,</span> <span class='ocrx_word' id='word_1_264' title='bbox 183 1961 284 2017; x_wconf 92' lang='lat' dir='ltr'>deinde</span> <span class='ocrx_word' id='word_1_265' title='bbox 299 1975 397 2017; x_wconf 89' lang='lat' dir='ltr'>omnes</span> <span class='ocrx_word' id='word_1_266' title='bbox 412 1960 524 2028; x_wconf 88' lang='lat' dir='ltr'>iratres,</span> <span class='ocrx_word' id='word_1_267' title='bbox 540 1969 567 2018; x_wconf 92' lang='lat' dir='ltr'>et</span> <span class='ocrx_word' id='word_1_268' title='bbox 582 1976 633 2032; x_wconf 91' lang='lat' dir='ltr'>per</span> <span class='ocrx_word' id='word_1_269' title='bbox 652 1963 803 2035; x_wconf 90' lang='lat' dir='ltr'>antiquam</span> <span class='ocrx_word' id='word_1_270' title='bbox 825 1980 948 2022; x_wconf 90' lang='lat' dir='ltr'>consue·</span> <span class='ocrx_word' id='word_1_271' title='bbox 1003 1967 1071 2016; x_wconf 90' lang='lat' dir='ltr'>teste</span> <span class='ocrx_word' id='word_1_272' title='bbox 1085 1962 1198 2018; x_wconf 91' lang='lat' dir='ltr'>ocuiato</span> <span class='ocrx_word' id='word_1_273' title='bbox 1211 1963 1331 2034; x_wconf 88' lang='lat' dir='ltr'>Sugerio</span> <span class='ocrx_word' id='word_1_274' title='bbox 1347 1964 1376 2018; x_wconf 91' lang='lat' dir='ltr'>iu</span> <span class='ocrx_word' id='word_1_275' title='bbox 1391 1963 1454 2033; x_wconf 82' lang='lat' dir='ltr'>ejus</span> <span class='ocrx_word' id='word_1_276' title='bbox 1471 1962 1539 2018; x_wconf 88' lang='lat' dir='ltr'>vitu.</span> <span class='ocrx_word' id='word_1_277' title='bbox 1561 1961 1642 2029; x_wconf 88' lang='lat' dir='ltr'>Quod</span> <span class='ocrx_word' id='word_1_278' title='bbox 1658 1961 1784 2018; x_wconf 89' lang='lat' dir='ltr'>demum</span> <span class='ocrx_word' id='word_1_279' title='bbox 1801 1962 1862 2033; x_wconf 84' lang='lat' dir='ltr'>pius</span> 
     </span>
     <span class='ocr_line' id='line_1_21' title="bbox 102 2045 1860 2121; baseline 0.006 -20"><span class='ocrx_word' id='word_1_280' title='bbox 102 2045 240 2107; x_wconf 85' lang='lat' dir='ltr'>tudinem.</span> <span class='ocrx_word' id='word_1_281' title='bbox 258 2045 334 2116; x_wconf 88' lang='lat' dir='ltr'>ipsos</span> <span class='ocrx_word' id='word_1_282' title='bbox 348 2061 464 2116; x_wconf 90' lang='lat' dir='ltr'>quoque</span> <span class='ocrx_word' id='word_1_283' title='bbox 482 2061 596 2117; x_wconf 85' lang='lat' dir='ltr'>pueros.</span> <span class='ocrx_word' id='word_1_284' title='bbox 613 2047 693 2104; x_wconf 81' lang='lat' dir='ltr'>Redit</span> <span class='ocrx_word' id='word_1_285' title='bbox 708 2058 876 2107; x_wconf 86' lang='lat' dir='ltr'>conventus.</span> <span class='ocrx_word' id='word_1_286' title='bbox 1002 2048 1049 2104; x_wconf 94' lang='lat' dir='ltr'>iiie</span> <span class='ocrx_word' id='word_1_287' title='bbox 1062 2063 1113 2106; x_wconf 83' lang='lat' dir='ltr'>rex</span> <span class='ocrx_word' id='word_1_288' title='bbox 1124 2051 1208 2107; x_wconf 90' lang='lat' dir='ltr'>morti</span> <span class='ocrx_word' id='word_1_289' title='bbox 1220 2050 1370 2120; x_wconf 83' lang='lat' dir='ltr'>proximus</span> <span class='ocrx_word' id='word_1_290' title='bbox 1380 2049 1683 2121; x_wconf 82' lang='lat' dir='ltr'>religionisspeeimen</span> <span class='ocrx_word' id='word_1_291' title='bbox 1695 2049 1860 2120; x_wconf 81' lang='lat' dir='ltr'>reliquerit.</span> 
     </span>
     <span class='ocr_line' id='line_1_22' title="bbox 142 2134 1860 2208; baseline 0.002 -19"><span class='ocrx_word' id='word_1_292' title='bbox 142 2134 325 2204; x_wconf 80' lang='lat' dir='ltr'>«Postquam</span> <span class='ocrx_word' id='word_1_293' title='bbox 353 2143 449 2191; x_wconf 92' lang='lat' dir='ltr'>autem</span> <span class='ocrx_word' id='word_1_294' title='bbox 469 2134 558 2191; x_wconf 92' lang='lat' dir='ltr'>irater</span> <span class='ocrx_word' id='word_1_295' title='bbox 579 2136 615 2191; x_wconf 91' lang='lat' dir='ltr'>ad</span> <span class='ocrx_word' id='word_1_296' title='bbox 644 2137 810 2208; x_wconf 82' lang='lat' dir='ltr'>hujusmodi</span> <span class='ocrx_word' id='word_1_297' title='bbox 840 2138 949 2195; x_wconf 89' lang='lat' dir='ltr'>venerit</span> <span class='ocrx_word' id='word_1_298' title='bbox 1002 2135 1135 2207; x_wconf 83' lang='lat' dir='ltr'>indigitat</span> <span class='ocrx_word' id='word_1_299' title='bbox 1149 2137 1223 2193; x_wconf 91' lang='lat' dir='ltr'>idem</span> <span class='ocrx_word' id='word_1_300' title='bbox 1238 2145 1339 2193; x_wconf 90' lang='lat' dir='ltr'>auctor</span> <span class='ocrx_word' id='word_1_301' title='bbox 1352 2151 1386 2194; x_wconf 92' lang='lat' dir='ltr'>eo</span> <span class='ocrx_word' id='word_1_302' title='bbox 1403 2137 1454 2193; x_wconf 92' lang='lat' dir='ltr'>ioci</span> <span class='ocrx_word' id='word_1_303' title='bbox 1475 2136 1582 2204; x_wconf 73' lang='lat' dir='ltr'>:coni</span> <span class='ocrx_word' id='word_1_304' title='bbox 1604 2144 1636 2193; x_wconf 94' lang='lat' dir='ltr'>ut</span> <span class='ocrx_word' id='word_1_305' title='bbox 1656 2145 1723 2193; x_wconf 87' lang='lat' dir='ltr'>erat</span> <span class='ocrx_word' id='word_1_306' title='bbox 1744 2141 1775 2192; x_wconf 93' lang='lat' dir='ltr'>tn</span> <span class='ocrx_word' id='word_1_307' title='bbox 1795 2152 1860 2193; x_wconf 90' lang='lat' dir='ltr'>con-</span> 
     </span>
     <span class='ocr_line' id='line_1_23' title="bbox 103 2220 1860 2297; baseline 0.009 -21"><span class='ocrx_word' id='word_1_308' title='bbox 103 2220 310 2288; x_wconf 81' lang='lat' dir='ltr'>infirmitatem,</span> <span class='ocrx_word' id='word_1_309' title='bbox 338 2222 492 2279; x_wconf 81' lang='lat' dir='ltr'>adhibetur</span> <span class='ocrx_word' id='word_1_310' title='bbox 512 2223 537 2280; x_wconf 92' lang='lat' dir='ltr'>ei</span> <span class='ocrx_word' id='word_1_311' title='bbox 561 2238 638 2281; x_wconf 93' lang='lat' dir='ltr'>uuus</span> <span class='ocrx_word' id='word_1_312' title='bbox 656 2224 793 2295; x_wconf 89' lang='lat' dir='ltr'>iamuius,</span> <span class='ocrx_word' id='word_1_313' title='bbox 818 2226 869 2297; x_wconf 91' lang='lat' dir='ltr'>qui</span> <span class='ocrx_word' id='word_1_314' title='bbox 891 2241 949 2283; x_wconf 91' lang='lat' dir='ltr'>non</span> <span class='ocrx_word' id='word_1_315' title='bbox 1002 2222 1073 2279; x_wconf 89' lang='lat' dir='ltr'>siliis</span> <span class='ocrx_word' id='word_1_316' title='bbox 1092 2223 1240 2293; x_wconf 74' lang='lat' dir='ltr'>providos,</span> <span class='ocrx_word' id='word_1_317' title='bbox 1258 2223 1313 2279; x_wconf 82' lang='lat' dir='ltr'>sibi</span> <span class='ocrx_word' id='word_1_318' title='bbox 1338 2223 1391 2294; x_wconf 73' lang='lat' dir='ltr'>ipsi</span> <span class='ocrx_word' id='word_1_319' title='bbox 1414 2222 1577 2290; x_wconf 69' lang='lat' dir='ltr'>eooedieoe</span> <span class='ocrx_word' id='word_1_320' title='bbox 1601 2229 1656 2279; x_wconf 78' lang='lat' dir='ltr'>eie·</span> <span class='ocrx_word' id='word_1_321' title='bbox 1681 2224 1747 2280; x_wconf 84' lang='lat' dir='ltr'>Hoe</span> <span class='ocrx_word' id='word_1_322' title='bbox 1769 2238 1860 2281; x_wconf 92' lang='lat' dir='ltr'>unum</span> 
     </span>
     <span class='ocr_line' id='line_1_24' title="bbox 105 2309 1859 2383; baseline 0.002 -19"><span class='ocrx_word' id='word_1_323' title='bbox 105 2309 191 2366; x_wconf 93' lang='lat' dir='ltr'>babet</span> <span class='ocrx_word' id='word_1_324' title='bbox 205 2310 283 2366; x_wconf 93' lang='lat' dir='ltr'>aiiud</span> <span class='ocrx_word' id='word_1_325' title='bbox 300 2310 402 2377; x_wconf 89' lang='lat' dir='ltr'>iacere,</span> <span class='ocrx_word' id='word_1_326' title='bbox 427 2311 481 2366; x_wconf 90' lang='lat' dir='ltr'>uisi</span> <span class='ocrx_word' id='word_1_327' title='bbox 504 2318 536 2367; x_wconf 98' lang='lat' dir='ltr'>ut</span> <span class='ocrx_word' id='word_1_328' title='bbox 554 2311 732 2382; x_wconf 84' lang='lat' dir='ltr'>obsequatur</span> <span class='ocrx_word' id='word_1_329' title='bbox 750 2312 878 2383; x_wconf 88' lang='lat' dir='ltr'>intirmo;</span> <span class='ocrx_word' id='word_1_330' title='bbox 901 2314 950 2370; x_wconf 92' lang='lat' dir='ltr'>sed</span> <span class='ocrx_word' id='word_1_331' title='bbox 1003 2318 1095 2368; x_wconf 94' lang='lat' dir='ltr'>totum</span> <span class='ocrx_word' id='word_1_332' title='bbox 1110 2311 1199 2367; x_wconf 90' lang='lat' dir='ltr'>animi</span> <span class='ocrx_word' id='word_1_333' title='bbox 1215 2310 1320 2369; x_wconf 90' lang='lat' dir='ltr'>aiiectu</span> <span class='ocrx_word' id='word_1_334' title='bbox 1340 2319 1512 2382; x_wconf 87' lang='lat' dir='ltr'>praeoptans,</span> <span class='ocrx_word' id='word_1_335' title='bbox 1536 2311 1612 2380; x_wconf 92' lang='lat' dir='ltr'>apud</span> <span class='ocrx_word' id='word_1_336' title='bbox 1636 2317 1761 2368; x_wconf 84' lang='lat' dir='ltr'>sanctos</span> <span class='ocrx_word' id='word_1_337' title='bbox 1786 2327 1859 2368; x_wconf 87' lang='lat' dir='ltr'>mar·</span> 
     </span>
     <span class='ocr_line' id='line_1_25' title="bbox 103 2398 1861 2471; baseline 0.002 -18"><span class='ocrx_word' id='word_1_338' title='bbox 103 2398 174 2454; x_wconf 92' lang='lat' dir='ltr'>etin</span> <span class='ocrx_word' id='word_1_339' title='bbox 190 2405 271 2455; x_wconf 89' lang='lat' dir='ltr'>noete</span> <span class='ocrx_word' id='word_1_340' title='bbox 294 2398 394 2454; x_wconf 84' lang='lat' dir='ltr'>iamuii</span> <span class='ocrx_word' id='word_1_341' title='bbox 417 2412 517 2454; x_wconf 89' lang='lat' dir='ltr'>omues</span> <span class='ocrx_word' id='word_1_342' title='bbox 533 2399 667 2469; x_wconf 91' lang='lat' dir='ltr'>quisunt</span> <span class='ocrx_word' id='word_1_343' title='bbox 687 2401 715 2456; x_wconf 91' lang='lat' dir='ltr'>in</span> <span class='ocrx_word' id='word_1_344' title='bbox 731 2400 891 2457; x_wconf 89' lang='lat' dir='ltr'>iuiirmaria</span> <span class='ocrx_word' id='word_1_345' title='bbox 905 2401 949 2457; x_wconf 91' lang='lat' dir='ltr'>di·</span> <span class='ocrx_word' id='word_1_346' title='bbox 1004 2405 1080 2468; x_wconf 89' lang='lat' dir='ltr'>tyres</span> <span class='ocrx_word' id='word_1_347' title='bbox 1100 2405 1273 2469; x_wconf 89' lang='lat' dir='ltr'>protectores</span> <span class='ocrx_word' id='word_1_348' title='bbox 1297 2413 1365 2456; x_wconf 91' lang='lat' dir='ltr'>suos</span> <span class='ocrx_word' id='word_1_349' title='bbox 1387 2398 1556 2468; x_wconf 79' lang='lat' dir='ltr'>Dionysium</span> <span class='ocrx_word' id='word_1_350' title='bbox 1572 2399 1729 2469; x_wconf 89' lang='lat' dir='ltr'>sociusque</span> <span class='ocrx_word' id='word_1_351' title='bbox 1745 2399 1820 2471; x_wconf 86' lang='lat' dir='ltr'>ejus,</span> <span class='ocrx_word' id='word_1_352' title='bbox 1834 2415 1861 2456; x_wconf 91' lang='lat' dir='ltr'>se</span> 
     </span>
     <span class='ocr_line' id='line_1_26' title="bbox 103 2484 1861 2559; baseline 0.001 -17"><span class='ocrx_word' id='word_1_353' title='bbox 103 2484 225 2558; x_wconf 89' lang='lat' dir='ltr'>iigenter</span> <span class='ocrx_word' id='word_1_354' title='bbox 237 2487 393 2554; x_wconf 83' lang='lat' dir='ltr'>excubant,</span> <span class='ocrx_word' id='word_1_355' title='bbox 410 2502 444 2543; x_wconf 95' lang='lat' dir='ltr'>ue</span> <span class='ocrx_word' id='word_1_356' title='bbox 456 2488 552 2544; x_wconf 91' lang='lat' dir='ltr'>obitus</span> <span class='ocrx_word' id='word_1_357' title='bbox 565 2488 628 2559; x_wconf 85' lang='lat' dir='ltr'>ejus</span> <span class='ocrx_word' id='word_1_358' title='bbox 639 2489 811 2558; x_wconf 86' lang='lat' dir='ltr'>improvisus</span> <span class='ocrx_word' id='word_1_359' title='bbox 824 2491 948 2547; x_wconf 83' lang='lat' dir='ltr'>eveniat.</span> <span class='ocrx_word' id='word_1_360' title='bbox 1003 2488 1264 2558; x_wconf 84' lang='lat' dir='ltr'>quomodocunque</span> <span class='ocrx_word' id='word_1_361' title='bbox 1280 2487 1395 2552; x_wconf 86' lang='lat' dir='ltr'>deierri,</span> <span class='ocrx_word' id='word_1_362' title='bbox 1411 2496 1439 2544; x_wconf 90' lang='lat' dir='ltr'>et</span> <span class='ocrx_word' id='word_1_363' title='bbox 1459 2495 1525 2544; x_wconf 88' lang='lat' dir='ltr'>anto</span> <span class='ocrx_word' id='word_1_364' title='bbox 1546 2488 1748 2544; x_wconf 88' lang='lat' dir='ltr'>sacratissima</span> <span class='ocrx_word' id='word_1_365' title='bbox 1763 2502 1861 2546; x_wconf 90' lang='lat' dir='ltr'>eorum</span> 
     </span>
     <span class='ocr_line' id='line_1_27' title="bbox 104 2574 1863 2647; baseline 0.002 -17"><span class='ocrx_word' id='word_1_366' title='bbox 104 2575 183 2632; x_wconf 82' lang='lat' dir='ltr'>Crux</span> <span class='ocrx_word' id='word_1_367' title='bbox 203 2582 245 2631; x_wconf 92' lang='lat' dir='ltr'>est</span> <span class='ocrx_word' id='word_1_368' title='bbox 259 2583 359 2632; x_wconf 93' lang='lat' dir='ltr'>eontra</span> <span class='ocrx_word' id='word_1_369' title='bbox 382 2576 482 2632; x_wconf 91' lang='lat' dir='ltr'>iaciem</span> <span class='ocrx_word' id='word_1_370' title='bbox 502 2577 565 2647; x_wconf 72' lang='lat' dir='ltr'>eius</span> <span class='ocrx_word' id='word_1_371' title='bbox 580 2576 678 2644; x_wconf 76' lang='lat' dir='ltr'>uidua,</span> <span class='ocrx_word' id='word_1_372' title='bbox 703 2586 731 2635; x_wconf 93' lang='lat' dir='ltr'>et</span> <span class='ocrx_word' id='word_1_373' title='bbox 758 2579 854 2635; x_wconf 92' lang='lat' dir='ltr'>iumen</span> <span class='ocrx_word' id='word_1_374' title='bbox 876 2578 949 2635; x_wconf 91' lang='lat' dir='ltr'>cerei</span> <span class='ocrx_word' id='word_1_375' title='bbox 1003 2588 1133 2644; x_wconf 86' lang='lat' dir='ltr'>corpora,</span> <span class='ocrx_word' id='word_1_376' title='bbox 1154 2575 1235 2647; x_wconf 89' lang='lat' dir='ltr'>regui</span> <span class='ocrx_word' id='word_1_377' title='bbox 1255 2583 1283 2632; x_wconf 90' lang='lat' dir='ltr'>et</span> <span class='ocrx_word' id='word_1_378' title='bbox 1302 2590 1415 2632; x_wconf 85' lang='lat' dir='ltr'>coronae</span> <span class='ocrx_word' id='word_1_379' title='bbox 1436 2574 1622 2645; x_wconf 80' lang='lat' dir='ltr'>depositione,</span> <span class='ocrx_word' id='word_1_380' title='bbox 1645 2589 1789 2633; x_wconf 89' lang='lat' dir='ltr'>coronam</span> <span class='ocrx_word' id='word_1_381' title='bbox 1814 2591 1863 2647; x_wconf 93' lang='lat' dir='ltr'>pro</span> 
     </span>
    </p>
   </div>
   <div class='ocr_carea' id='block_1_3' title="bbox 102 2662 1863 3018">
    <p class='ocr_par' dir='ltr' id='par_1_3' title="bbox 102 2662 1863 3018">
     <span class='ocr_line' id='line_1_28' title="bbox 103 2662 1863 2738; baseline 0.005 -16"><span class='ocrx_word' id='word_1_382' title='bbox 103 2665 247 2735; x_wconf 91' lang='lat' dir='ltr'>usquead</span> <span class='ocrx_word' id='word_1_383' title='bbox 263 2665 371 2720; x_wconf 89' lang='lat' dir='ltr'>eiaram</span> <span class='ocrx_word' id='word_1_384' title='bbox 393 2664 468 2720; x_wconf 92' lang='lat' dir='ltr'>diem</span> <span class='ocrx_word' id='word_1_385' title='bbox 484 2680 541 2720; x_wconf 91' lang='lat' dir='ltr'>non</span> <span class='ocrx_word' id='word_1_386' title='bbox 559 2666 661 2723; x_wconf 84' lang='lat' dir='ltr'>deficit.</span> <span class='ocrx_word' id='word_1_387' title='bbox 681 2666 707 2723; x_wconf 90' lang='lat' dir='ltr'>Si</span> <span class='ocrx_word' id='word_1_388' title='bbox 724 2668 789 2738; x_wconf 93' lang='lat' dir='ltr'>quis</span> <span class='ocrx_word' id='word_1_389' title='bbox 808 2667 896 2725; x_wconf 90' lang='lat' dir='ltr'>irater</span> <span class='ocrx_word' id='word_1_390' title='bbox 909 2677 950 2725; x_wconf 91' lang='lat' dir='ltr'>est</span> <span class='ocrx_word' id='word_1_391' title='bbox 1004 2677 1120 2730; x_wconf 70' lang='lat' dir='ltr'>corona,</span> <span class='ocrx_word' id='word_1_392' title='bbox 1147 2676 1198 2732; x_wconf 94' lang='lat' dir='ltr'>pro</span> <span class='ocrx_word' id='word_1_393' title='bbox 1224 2663 1372 2735; x_wconf 71' lang='lat' dir='ltr'>reddibile</span> <span class='ocrx_word' id='word_1_394' title='bbox 1403 2670 1431 2719; x_wconf 75' lang='lat' dir='ltr'>ei</span> <span class='ocrx_word' id='word_1_395' title='bbox 1457 2662 1658 2733; x_wconf 87' lang='lat' dir='ltr'>imperialibus</span> <span class='ocrx_word' id='word_1_396' title='bbox 1680 2669 1863 2722; x_wconf 86' lang='lat' dir='ltr'>ornamentis</span> 
     </span>
     <span class='ocr_line' id='line_1_29' title="bbox 103 2749 1860 2826; baseline 0.003 -18"><span class='ocrx_word' id='word_1_397' title='bbox 103 2752 144 2808; x_wconf 85' lang='lat' dir='ltr'>tta</span> <span class='ocrx_word' id='word_1_398' title='bbox 158 2752 320 2823; x_wconf 76' lang='lat' dir='ltr'>religiosus,</span> <span class='ocrx_word' id='word_1_399' title='bbox 336 2753 382 2808; x_wconf 86' lang='lat' dir='ltr'>ent</span> <span class='ocrx_word' id='word_1_400' title='bbox 403 2752 457 2808; x_wconf 83' lang='lat' dir='ltr'>boe</span> <span class='ocrx_word' id='word_1_401' title='bbox 474 2766 524 2822; x_wconf 80' lang='lat' dir='ltr'>pro</span> <span class='ocrx_word' id='word_1_402' title='bbox 540 2752 680 2824; x_wconf 79' lang='lat' dir='ltr'>singutart</span> <span class='ocrx_word' id='word_1_403' title='bbox 705 2755 820 2812; x_wconf 80' lang='lat' dir='ltr'>tinuerit</span> <span class='ocrx_word' id='word_1_404' title='bbox 834 2756 949 2826; x_wconf 81' lang='lat' dir='ltr'>arrecto,</span> <span class='ocrx_word' id='word_1_405' title='bbox 1004 2749 1084 2806; x_wconf 85' lang='lat' dir='ltr'>numi</span> <span class='ocrx_word' id='word_1_406' title='bbox 1100 2749 1175 2806; x_wconf 83' lang='lat' dir='ltr'>beati</span> <span class='ocrx_word' id='word_1_407' title='bbox 1197 2749 1340 2807; x_wconf 83' lang='lat' dir='ltr'>Benedicti</span> <span class='ocrx_word' id='word_1_408' title='bbox 1355 2749 1545 2807; x_wconf 85' lang='lat' dir='ltr'>monasticum</span> <span class='ocrx_word' id='word_1_409' title='bbox 1561 2750 1693 2806; x_wconf 80' lang='lat' dir='ltr'>ordinent</span> <span class='ocrx_word' id='word_1_410' title='bbox 1721 2753 1860 2822; x_wconf 79' lang='lat' dir='ltr'>profiteri.</span> 
     </span>
     <span class='ocr_line' id='line_1_30' title="bbox 102 2828 1862 2913; baseline 0.001 -17"><span class='ocrx_word' id='word_1_411' title='bbox 102 2847 135 2896; x_wconf 91' lang='lat' dir='ltr'>ut</span> <span class='ocrx_word' id='word_1_412' title='bbox 151 2839 210 2910; x_wconf 92' lang='lat' dir='ltr'>ipse</span> <span class='ocrx_word' id='word_1_413' title='bbox 226 2854 343 2911; x_wconf 93' lang='lat' dir='ltr'>quoque</span> <span class='ocrx_word' id='word_1_414' title='bbox 357 2828 503 2896; x_wconf 84' lang='lat' dir='ltr'>remaneat</span> <span class='ocrx_word' id='word_1_415' title='bbox 520 2855 586 2897; x_wconf 92' lang='lat' dir='ltr'>cum</span> <span class='ocrx_word' id='word_1_416' title='bbox 604 2842 718 2898; x_wconf 84' lang='lat' dir='ltr'>infirmo</span> <span class='ocrx_word' id='word_1_417' title='bbox 737 2844 894 2912; x_wconf 80' lang='lat' dir='ltr'>excubans,</span> <span class='ocrx_word' id='word_1_418' title='bbox 916 2845 949 2900; x_wconf 88' lang='lat' dir='ltr'>ii·</span> <span class='ocrx_word' id='word_1_419' title='bbox 1003 2839 1133 2903; x_wconf 86' lang='lat' dir='ltr'>Videant,</span> <span class='ocrx_word' id='word_1_420' title='bbox 1159 2839 1210 2909; x_wconf 92' lang='lat' dir='ltr'>qui</span> <span class='ocrx_word' id='word_1_421' title='bbox 1235 2837 1394 2909; x_wconf 91' lang='lat' dir='ltr'>paupertati</span> <span class='ocrx_word' id='word_1_422' title='bbox 1421 2841 1585 2894; x_wconf 75' lang='lat' dir='ltr'>monastice</span> <span class='ocrx_word' id='word_1_423' title='bbox 1609 2838 1767 2911; x_wconf 79' lang='lat' dir='ltr'>derogant,</span> <span class='ocrx_word' id='word_1_424' title='bbox 1793 2857 1862 2913; x_wconf 83' lang='lat' dir='ltr'>quo</span> 
     </span>
     <span class='ocr_line' id='line_1_31' title="bbox 104 2926 1863 3018; baseline -0.001 -35"><span class='ocrx_word' id='word_1_425' title='bbox 104 2926 205 2983; x_wconf 92' lang='lat' dir='ltr'>beuter</span> <span class='ocrx_word' id='word_1_426' title='bbox 216 2927 243 2984; x_wconf 92' lang='lat' dir='ltr'>ei</span> <span class='ocrx_word' id='word_1_427' title='bbox 260 2928 338 2998; x_wconf 91' lang='lat' dir='ltr'>prior</span> <span class='ocrx_word' id='word_1_428' title='bbox 352 2928 517 2999; x_wconf 89' lang='lat' dir='ltr'>acquiescit.</span> <span class='ocrx_word' id='word_1_429' title='bbox 531 2929 641 2985; x_wconf 88' lang='lat' dir='ltr'>Famuii</span> <span class='ocrx_word' id='word_1_430' title='bbox 658 2931 706 3001; x_wconf 91' lang='lat' dir='ltr'>qui</span> <span class='ocrx_word' id='word_1_431' title='bbox 718 2941 787 2988; x_wconf 90' lang='lat' dir='ltr'>sunt</span> <span class='ocrx_word' id='word_1_432' title='bbox 802 2933 830 2988; x_wconf 91' lang='lat' dir='ltr'>in</span> <span class='ocrx_word' id='word_1_433' title='bbox 846 2932 951 2990; x_wconf 88' lang='lat' dir='ltr'>talibus</span> <span class='ocrx_word' id='word_1_434' title='bbox 967 2963 987 3018; x_wconf 72' lang='lat' dir='ltr'>C</span> <span class='ocrx_word' id='word_1_435' title='bbox 1005 2927 1087 2983; x_wconf 93' lang='lat' dir='ltr'>modo</span> <span class='ocrx_word' id='word_1_436' title='bbox 1114 2941 1171 2983; x_wconf 95' lang='lat' dir='ltr'>non</span> <span class='ocrx_word' id='word_1_437' title='bbox 1197 2926 1290 2983; x_wconf 92' lang='lat' dir='ltr'>solum</span> <span class='ocrx_word' id='word_1_438' title='bbox 1316 2926 1532 2998; x_wconf 85' lang='lat' dir='ltr'>archiepiscopi,</span> <span class='ocrx_word' id='word_1_439' title='bbox 1559 2927 1607 2983; x_wconf 90' lang='lat' dir='ltr'>sed</span> <span class='ocrx_word' id='word_1_440' title='bbox 1634 2935 1663 2983; x_wconf 90' lang='grc' dir='ltr'>ει</span> <span class='ocrx_word' id='word_1_441' title='bbox 1699 2928 1756 2999; x_wconf 87' lang='lat' dir='ltr'>ipsi</span> <span class='ocrx_word' id='word_1_442' title='bbox 1783 2944 1863 3002; x_wconf 76' lang='lat' dir='ltr'>reges</span> 
     </span>
    </p>
   </div>
   <div class='ocr_carea' id='block_1_4' title="bbox 91 3014 1862 5210">
    <p class='ocr_par' dir='ltr' id='par_1_4' title="bbox 91 3014 1862 5210">
     <span class='ocr_line' id='line_1_32' title="bbox 104 3014 1860 3090; baseline 0.001 -18"><span class='ocrx_word' id='word_1_443' title='bbox 104 3015 229 3073; x_wconf 92' lang='lat' dir='ltr'>muitum</span> <span class='ocrx_word' id='word_1_444' title='bbox 248 3016 406 3084; x_wconf 82' lang='lat' dir='ltr'>exercitati,</span> <span class='ocrx_word' id='word_1_445' title='bbox 434 3017 557 3073; x_wconf 92' lang='lat' dir='ltr'>muitum</span> <span class='ocrx_word' id='word_1_446' title='bbox 582 3019 713 3089; x_wconf 82' lang='lat' dir='ltr'>opperiri,</span> <span class='ocrx_word' id='word_1_447' title='bbox 736 3035 802 3077; x_wconf 91' lang='lat' dir='ltr'>cum</span> <span class='ocrx_word' id='word_1_448' title='bbox 827 3021 950 3078; x_wconf 91' lang='lat' dir='ltr'>viderint</span> <span class='ocrx_word' id='word_1_449' title='bbox 1004 3015 1176 3072; x_wconf 83' lang='lat' dir='ltr'>transitoriae</span> <span class='ocrx_word' id='word_1_450' title='bbox 1191 3016 1280 3071; x_wconf 84' lang='lat' dir='ltr'>vitam</span> <span class='ocrx_word' id='word_1_451' title='bbox 1302 3023 1439 3072; x_wconf 81' lang='lat' dir='ltr'>eeteruam</span> <span class='ocrx_word' id='word_1_452' title='bbox 1456 3014 1651 3084; x_wconf 86' lang='lat' dir='ltr'>praeiereutes,</span> <span class='ocrx_word' id='word_1_453' title='bbox 1672 3017 1711 3072; x_wconf 86' lang='lat' dir='ltr'>ad</span> <span class='ocrx_word' id='word_1_454' title='bbox 1727 3018 1860 3090; x_wconf 89' lang='lat' dir='ltr'>singuta-</span> 
     </span>
     <span class='ocr_line' id='line_1_33' title="bbox 101 3102 1862 3174; baseline 0.005 -15"><span class='ocrx_word' id='word_1_455' title='bbox 101 3102 162 3174; x_wconf 88' lang='lat' dir='ltr'>jam</span> <span class='ocrx_word' id='word_1_456' title='bbox 178 3104 242 3174; x_wconf 78' lang='lat' dir='ltr'>ejus</span> <span class='ocrx_word' id='word_1_457' title='bbox 256 3103 352 3160; x_wconf 82' lang='lat' dir='ltr'>exitus</span> <span class='ocrx_word' id='word_1_458' title='bbox 366 3104 466 3161; x_wconf 84' lang='lat' dir='ltr'>boram</span> <span class='ocrx_word' id='word_1_459' title='bbox 484 3105 642 3173; x_wconf 82' lang='lat' dir='ltr'>imminere,</span> <span class='ocrx_word' id='word_1_460' title='bbox 658 3107 782 3164; x_wconf 82' lang='lat' dir='ltr'>cilicium</span> <span class='ocrx_word' id='word_1_461' title='bbox 798 3109 833 3163; x_wconf 83' lang='lat' dir='ltr'>au</span> <span class='ocrx_word' id='word_1_462' title='bbox 846 3117 949 3166; x_wconf 85' lang='lat' dir='ltr'>terram</span> <span class='ocrx_word' id='word_1_463' title='bbox 1004 3116 1064 3159; x_wconf 82' lang='lat' dir='ltr'>rent</span> <span class='ocrx_word' id='word_1_464' title='bbox 1088 3103 1237 3159; x_wconf 81' lang='lat' dir='ltr'>monastici</span> <span class='ocrx_word' id='word_1_465' title='bbox 1262 3102 1372 3160; x_wconf 87' lang='lat' dir='ltr'>ordinis</span> <span class='ocrx_word' id='word_1_466' title='bbox 1395 3103 1512 3160; x_wconf 84' lang='lat' dir='ltr'>tutelam</span> <span class='ocrx_word' id='word_1_467' title='bbox 1536 3104 1725 3160; x_wconf 79' lang='lat' dir='ltr'>securissime</span> <span class='ocrx_word' id='word_1_468' title='bbox 1760 3107 1862 3163; x_wconf 80' lang='lat' dir='ltr'>contu·</span> 
     </span>
     <span class='ocr_line' id='line_1_34' title="bbox 103 3190 1859 3267; baseline 0.003 -21"><span class='ocrx_word' id='word_1_469' title='bbox 103 3190 284 3261; x_wconf 83' lang='lat' dir='ltr'>expandunt,</span> <span class='ocrx_word' id='word_1_470' title='bbox 310 3191 479 3247; x_wconf 87' lang='lat' dir='ltr'>etcinerem</span> <span class='ocrx_word' id='word_1_471' title='bbox 496 3192 526 3248; x_wconf 92' lang='lat' dir='ltr'>in</span> <span class='ocrx_word' id='word_1_472' title='bbox 546 3193 640 3249; x_wconf 89' lang='lat' dir='ltr'>erucis</span> <span class='ocrx_word' id='word_1_473' title='bbox 659 3195 776 3251; x_wconf 91' lang='lat' dir='ltr'>modum</span> <span class='ocrx_word' id='word_1_474' title='bbox 798 3204 950 3267; x_wconf 89' lang='lat' dir='ltr'>spargunt,</span> <span class='ocrx_word' id='word_1_475' title='bbox 1004 3191 1099 3263; x_wconf 88' lang='lat' dir='ltr'>giuut.</span> <span class='ocrx_word' id='word_1_476' title='bbox 1117 3214 1128 3240; x_wconf 76' lang='grc' dir='ltr'>ι</span> <span class='ocrx_word' id='word_1_477' title='bbox 1146 3193 1182 3247; x_wconf 83' lang='lat' dir='ltr'>Et</span> <span class='ocrx_word' id='word_1_478' title='bbox 1197 3190 1271 3248; x_wconf 84' lang='lat' dir='ltr'>inira</span> <span class='ocrx_word' id='word_1_479' title='bbox 1286 3191 1342 3249; x_wconf 95' lang='lat' dir='ltr'>sub</span> <span class='ocrx_word' id='word_1_480' title='bbox 1366 3192 1462 3248; x_wconf 88' lang='lat' dir='ltr'>tinem.</span> <span class='ocrx_word' id='word_1_481' title='bbox 1479 3209 1492 3244; x_wconf 80' lang='grc' dir='ltr'>ι</span> <span class='ocrx_word' id='word_1_482' title='bbox 1510 3191 1716 3262; x_wconf 73' lang='lat' dir='ltr'>precipientes</span> <span class='ocrx_word' id='word_1_483' title='bbox 1729 3207 1803 3264; x_wconf 85' lang='lat' dir='ltr'>ergo</span> <span class='ocrx_word' id='word_1_484' title='bbox 1818 3204 1859 3251; x_wconf 86' lang='lat' dir='ltr'>ta·</span> 
     </span>
     <span class='ocr_line' id='line_1_35' title="bbox 103 3277 1858 3352; baseline 0.003 -19"><span class='ocrx_word' id='word_1_485' title='bbox 103 3277 525 3336; x_wconf 85' lang='lat' dir='ltr'>infirmumdeieetoievatum</span> <span class='ocrx_word' id='word_1_486' title='bbox 543 3280 709 3338; x_wconf 89' lang='lat' dir='ltr'>iuciiieium</span> <span class='ocrx_word' id='word_1_487' title='bbox 726 3291 845 3352; x_wconf 90' lang='lat' dir='ltr'>ponunt.</span> <span class='ocrx_word' id='word_1_488' title='bbox 863 3285 949 3341; x_wconf 84' lang='lat' dir='ltr'>Dein·</span> <span class='ocrx_word' id='word_1_489' title='bbox 1004 3287 1103 3350; x_wconf 85' lang='lat' dir='ltr'>petum</span> <span class='ocrx_word' id='word_1_490' title='bbox 1130 3287 1222 3348; x_wconf 86' lang='lat' dir='ltr'>terrae,</span> <span class='ocrx_word' id='word_1_491' title='bbox 1250 3287 1278 3337; x_wconf 92' lang='lat' dir='ltr'>et</span> <span class='ocrx_word' id='word_1_492' title='bbox 1299 3280 1410 3337; x_wconf 89' lang='lat' dir='ltr'>cineres</span> <span class='ocrx_word' id='word_1_493' title='bbox 1431 3287 1523 3350; x_wconf 90' lang='lat' dir='ltr'>tapeto</span> <span class='ocrx_word' id='word_1_494' title='bbox 1547 3281 1577 3336; x_wconf 92' lang='lat' dir='ltr'>in</span> <span class='ocrx_word' id='word_1_495' title='bbox 1610 3280 1745 3337; x_wconf 88' lang='lat' dir='ltr'>medium</span> <span class='ocrx_word' id='word_1_496' title='bbox 1768 3284 1858 3340; x_wconf 87' lang='lat' dir='ltr'>erucis</span> 
     </span>
     <span class='ocr_line' id='line_1_36' title="bbox 103 3365 1857 3444; baseline 0.004 -23"><span class='ocrx_word' id='word_1_497' title='bbox 103 3365 138 3422; x_wconf 90' lang='lat' dir='ltr'>de</span> <span class='ocrx_word' id='word_1_498' title='bbox 154 3366 334 3423; x_wconf 84' lang='lat' dir='ltr'>infirmarius</span> <span class='ocrx_word' id='word_1_499' title='bbox 354 3367 437 3424; x_wconf 90' lang='lat' dir='ltr'>debet</span> <span class='ocrx_word' id='word_1_500' title='bbox 458 3368 545 3438; x_wconf 88' lang='lat' dir='ltr'>priori</span> <span class='ocrx_word' id='word_1_501' title='bbox 567 3369 713 3426; x_wconf 90' lang='lat' dir='ltr'>notitieare</span> <span class='ocrx_word' id='word_1_502' title='bbox 729 3371 807 3440; x_wconf 95' lang='lat' dir='ltr'>quod</span> <span class='ocrx_word' id='word_1_503' title='bbox 829 3371 876 3428; x_wconf 91' lang='lat' dir='ltr'>iiie</span> <span class='ocrx_word' id='word_1_504' title='bbox 896 3371 952 3429; x_wconf 80' lang='lat' dir='ltr'>ire·</span> <span class='ocrx_word' id='word_1_505' title='bbox 1004 3368 1119 3438; x_wconf 91' lang='lat' dir='ltr'>deponi,</span> <span class='ocrx_word' id='word_1_506' title='bbox 1144 3368 1250 3427; x_wconf 92' lang='lat' dir='ltr'>ibidem</span> <span class='ocrx_word' id='word_1_507' title='bbox 1276 3368 1412 3426; x_wconf 89' lang='lat' dir='ltr'>manibus</span> <span class='ocrx_word' id='word_1_508' title='bbox 1445 3382 1564 3426; x_wconf 89' lang='lat' dir='ltr'>suorum</span> <span class='ocrx_word' id='word_1_509' title='bbox 1589 3369 1754 3439; x_wconf 90' lang='lat' dir='ltr'>depositus,</span> <span class='ocrx_word' id='word_1_510' title='bbox 1779 3373 1857 3444; x_wconf 91' lang='lat' dir='ltr'>signo</span> 
     </span>
     <span class='ocr_line' id='line_1_37' title="bbox 103 3455 1857 3533; baseline 0.003 -22"><span class='ocrx_word' id='word_1_511' title='bbox 103 3455 198 3511; x_wconf 88' lang='lat' dir='ltr'>tersio</span> <span class='ocrx_word' id='word_1_512' title='bbox 210 3462 253 3510; x_wconf 90' lang='lat' dir='ltr'>est</span> <span class='ocrx_word' id='word_1_513' title='bbox 275 3469 363 3526; x_wconf 92' lang='lat' dir='ltr'>prope</span> <span class='ocrx_word' id='word_1_514' title='bbox 384 3470 471 3512; x_wconf 90' lang='lat' dir='ltr'>suum</span> <span class='ocrx_word' id='word_1_515' title='bbox 494 3457 590 3513; x_wconf 88' lang='lat' dir='ltr'>iiuem.</span> <span class='ocrx_word' id='word_1_516' title='bbox 621 3457 702 3513; x_wconf 86' lang='lat' dir='ltr'>Prior</span> <span class='ocrx_word' id='word_1_517' title='bbox 724 3473 800 3527; x_wconf 91' lang='lat' dir='ltr'>vero,</span> <span class='ocrx_word' id='word_1_518' title='bbox 828 3461 852 3516; x_wconf 89' lang='lat' dir='ltr'>si</span> <span class='ocrx_word' id='word_1_519' title='bbox 876 3477 952 3533; x_wconf 77' lang='lat' dir='ltr'>eger</span> <span class='ocrx_word' id='word_1_520' title='bbox 1004 3458 1218 3515; x_wconf 85' lang='lat' dir='ltr'>sauetaeorueis</span> <span class='ocrx_word' id='word_1_521' title='bbox 1233 3457 1415 3527; x_wconf 79' lang='lat' dir='ltr'>presentiam</span> <span class='ocrx_word' id='word_1_522' title='bbox 1430 3470 1512 3513; x_wconf 91' lang='lat' dir='ltr'>suam</span> <span class='ocrx_word' id='word_1_523' title='bbox 1528 3457 1673 3520; x_wconf 91' lang='lat' dir='ltr'>muniens,</span> <span class='ocrx_word' id='word_1_524' title='bbox 1691 3461 1857 3530; x_wconf 88' lang='lat' dir='ltr'>ete.,spiri-</span> 
     </span>
     <span class='ocr_line' id='line_1_38' title="bbox 101 3542 1858 3616; baseline 0.005 -19"><span class='ocrx_word' id='word_1_525' title='bbox 101 3542 234 3599; x_wconf 88' lang='lat' dir='ltr'>babuerit</span> <span class='ocrx_word' id='word_1_526' title='bbox 261 3544 439 3611; x_wconf 88' lang='lat' dir='ltr'>memoriam,</span> <span class='ocrx_word' id='word_1_527' title='bbox 472 3545 616 3615; x_wconf 76' lang='lat' dir='ltr'>precipiet</span> <span class='ocrx_word' id='word_1_528' title='bbox 650 3545 736 3602; x_wconf 85' lang='lat' dir='ltr'>alicui</span> <span class='ocrx_word' id='word_1_529' title='bbox 759 3546 893 3616; x_wconf 77' lang='lat' dir='ltr'>tretium,</span> <span class='ocrx_word' id='word_1_530' title='bbox 920 3557 952 3606; x_wconf 92' lang='lat' dir='ltr'>ut</span> <span class='ocrx_word' id='word_1_531' title='bbox 1006 3551 1067 3601; x_wconf 91' lang='lat' dir='ltr'>tum</span> <span class='ocrx_word' id='word_1_532' title='bbox 1081 3545 1185 3602; x_wconf 89' lang='lat' dir='ltr'>emisit.</span> <span class='ocrx_word' id='word_1_533' title='bbox 1208 3566 1222 3595; x_wconf 85' lang='lat'>»</span> <span class='ocrx_word' id='word_1_534' title='bbox 1244 3547 1285 3602; x_wconf 92' lang='lat' dir='ltr'>ita</span> <span class='ocrx_word' id='word_1_535' title='bbox 1306 3552 1382 3603; x_wconf 93' lang='lat' dir='ltr'>tomo</span> <span class='ocrx_word' id='word_1_536' title='bbox 1408 3545 1445 3604; x_wconf 88' lang='lat' dir='ltr'>tv</span> <span class='ocrx_word' id='word_1_537' title='bbox 1470 3545 1542 3602; x_wconf 88' lang='lat' dir='ltr'>iiist.</span> <span class='ocrx_word' id='word_1_538' title='bbox 1568 3545 1671 3602; x_wconf 82' lang='lat' dir='ltr'>Fraue.</span> <span class='ocrx_word' id='word_1_539' title='bbox 1699 3548 1777 3604; x_wconf 80' lang='lat' dir='ltr'>And.</span> <span class='ocrx_word' id='word_1_540' title='bbox 1801 3550 1858 3606; x_wconf 84' lang='lat' dir='ltr'>iin-</span> 
     </span>
     <span class='ocr_line' id='line_1_39' title="bbox 100 3628 1119 3703; baseline 0.003 -18"><span class='ocrx_word' id='word_1_541' title='bbox 100 3628 286 3700; x_wconf 85' lang='lat' dir='ltr'>iegateoram</span> <span class='ocrx_word' id='word_1_542' title='bbox 312 3645 345 3687; x_wconf 93' lang='lat' dir='ltr'>eo</span> <span class='ocrx_word' id='word_1_543' title='bbox 369 3632 516 3702; x_wconf 89' lang='lat' dir='ltr'>passiones</span> <span class='ocrx_word' id='word_1_544' title='bbox 535 3647 541 3687; x_wconf 95' lang='lat'><strong>:</strong></span> <span class='ocrx_word' id='word_1_545' title='bbox 558 3632 581 3687; x_wconf 89' lang='lat' dir='ltr'>si</span> <span class='ocrx_word' id='word_1_546' title='bbox 606 3639 780 3689; x_wconf 93' lang='lat' dir='ltr'>autemnon</span> <span class='ocrx_word' id='word_1_547' title='bbox 806 3635 950 3703; x_wconf 86' lang='lat' dir='ltr'>babuerit,</span> <span class='ocrx_word' id='word_1_548' title='bbox 1004 3632 1119 3690; x_wconf 89' lang='lat' dir='ltr'>chesne.</span> 
     </span>
     <span class='ocr_line' id='line_1_40' title="bbox 102 3718 1859 3794; baseline 0.006 -21"><span class='ocrx_word' id='word_1_549' title='bbox 102 3718 244 3787; x_wconf 78' lang='lat' dir='ltr'>precipiet</span> <span class='ocrx_word' id='word_1_550' title='bbox 263 3718 386 3784; x_wconf 89' lang='lat' dir='ltr'>duobus,</span> <span class='ocrx_word' id='word_1_551' title='bbox 412 3719 455 3775; x_wconf 83' lang='lat' dir='ltr'>vei</span> <span class='ocrx_word' id='word_1_552' title='bbox 476 3727 613 3790; x_wconf 89' lang='lat' dir='ltr'>quatuor,</span> <span class='ocrx_word' id='word_1_553' title='bbox 640 3729 672 3776; x_wconf 96' lang='lat' dir='ltr'>ut</span> <span class='ocrx_word' id='word_1_554' title='bbox 699 3721 894 3779; x_wconf 87' lang='lat' dir='ltr'>indesinenter</span> <span class='ocrx_word' id='word_1_555' title='bbox 912 3724 950 3780; x_wconf 91' lang='lat' dir='ltr'>ibi</span> <span class='ocrx_word' id='word_1_556' title='bbox 1040 3719 1087 3792; x_wconf 61' lang='grc' dir='ltr'>(ιι)</span> <span class='ocrx_word' id='word_1_557' title='bbox 1110 3721 1176 3779; x_wconf 73' lang='lat' dir='ltr'>Ceu.</span> <span class='ocrx_word' id='word_1_558' title='bbox 1211 3721 1312 3778; x_wconf 80' lang='lat' dir='ltr'>xxiii.</span> <span class='ocrx_word' id='word_1_559' title='bbox 1334 3751 1369 3760; x_wconf 94' lang='lat'>—</span> <span class='ocrx_word' id='word_1_560' title='bbox 1400 3720 1478 3777; x_wconf 79' lang='lat' dir='ltr'>«td</span> <span class='ocrx_word' id='word_1_561' title='bbox 1511 3721 1643 3778; x_wconf 90' lang='lat' dir='ltr'>abbatem</span> <span class='ocrx_word' id='word_1_562' title='bbox 1680 3725 1859 3794; x_wconf 76' lang='lat' dir='ltr'>monasterii,</span> 
     </span>
     <span class='ocr_line' id='line_1_41' title="bbox 100 3805 1861 3880; baseline 0.006 -22"><span class='ocrx_word' id='word_1_563' title='bbox 100 3811 216 3860; x_wconf 89' lang='lat' dir='ltr'>cantent</span> <span class='ocrx_word' id='word_1_564' title='bbox 230 3805 364 3875; x_wconf 86' lang='lat' dir='ltr'>psalmos,</span> <span class='ocrx_word' id='word_1_565' title='bbox 380 3806 469 3862; x_wconf 89' lang='lat' dir='ltr'>donec</span> <span class='ocrx_word' id='word_1_566' title='bbox 484 3813 584 3863; x_wconf 92' lang='lat' dir='ltr'>notum</span> <span class='ocrx_word' id='word_1_567' title='bbox 606 3807 643 3863; x_wconf 91' lang='lat' dir='ltr'>sit</span> <span class='ocrx_word' id='word_1_568' title='bbox 664 3815 692 3863; x_wconf 97' lang='lat' dir='ltr'>et</span> <span class='ocrx_word' id='word_1_569' title='bbox 706 3816 801 3877; x_wconf 90' lang='lat' dir='ltr'>pateat</span> <span class='ocrx_word' id='word_1_570' title='bbox 824 3811 952 3867; x_wconf 92' lang='lat' dir='ltr'>animam</span> <span class='ocrx_word' id='word_1_571' title='bbox 1004 3809 1083 3880; x_wconf 93' lang='lat' dir='ltr'>quod</span> <span class='ocrx_word' id='word_1_572' title='bbox 1108 3808 1266 3866; x_wconf 86' lang='lat' dir='ltr'>vocabatur</span> <span class='ocrx_word' id='word_1_573' title='bbox 1285 3809 1320 3865; x_wconf 91' lang='lat' dir='ltr'>de</span> <span class='ocrx_word' id='word_1_574' title='bbox 1339 3808 1426 3865; x_wconf 84' lang='lat' dir='ltr'>Beiio.</span> <span class='ocrx_word' id='word_1_575' title='bbox 1450 3830 1461 3857; x_wconf 75' lang='grc' dir='ltr'>ι</span> <span class='ocrx_word' id='word_1_576' title='bbox 1480 3807 1527 3864; x_wconf 86' lang='lat' dir='ltr'>Sic</span> <span class='ocrx_word' id='word_1_577' title='bbox 1543 3817 1641 3866; x_wconf 91' lang='lat' dir='ltr'>autem</span> <span class='ocrx_word' id='word_1_578' title='bbox 1659 3811 1823 3870; x_wconf 85' lang='lat' dir='ltr'>vocitatum</span> <span class='ocrx_word' id='word_1_579' title='bbox 1845 3827 1861 3868; x_wconf 85' lang='lat' dir='ltr'>a</span> 
     </span>
     <span class='ocr_line' id='line_1_42' title="bbox 101 3887 1860 3972; baseline 0.01 -29"><span class='ocrx_word' id='word_1_580' title='bbox 101 3887 136 3943; x_wconf 93' lang='lat' dir='ltr'>de</span> <span class='ocrx_word' id='word_1_581' title='bbox 150 3902 268 3958; x_wconf 91' lang='lat' dir='ltr'>corpore</span> <span class='ocrx_word' id='word_1_582' title='bbox 280 3889 341 3960; x_wconf 87' lang='lat' dir='ltr'>jam</span> <span class='ocrx_word' id='word_1_583' title='bbox 364 3904 546 3961; x_wconf 83' lang='lat' dir='ltr'>egressuram</span> <span class='ocrx_word' id='word_1_584' title='bbox 561 3892 623 3947; x_wconf 91' lang='lat' dir='ltr'>sine</span> <span class='ocrx_word' id='word_1_585' title='bbox 644 3891 731 3962; x_wconf 87' lang='lat' dir='ltr'>ionga</span> <span class='ocrx_word' id='word_1_586' title='bbox 755 3907 844 3949; x_wconf 86' lang='lat' dir='ltr'>mora.</span> <span class='ocrx_word' id='word_1_587' title='bbox 867 3894 950 3958; x_wconf 87' lang='lat' dir='ltr'>Quod</span> <span class='ocrx_word' id='word_1_588' title='bbox 1005 3896 1077 3952; x_wconf 94' lang='lat' dir='ltr'>beiio</span> <span class='ocrx_word' id='word_1_589' title='bbox 1089 3896 1119 3953; x_wconf 90' lang='lat' dir='ltr'>in</span> <span class='ocrx_word' id='word_1_590' title='bbox 1134 3911 1193 3967; x_wconf 94' lang='lat' dir='ltr'>quo</span> <span class='ocrx_word' id='word_1_591' title='bbox 1208 3896 1276 3952; x_wconf 81' lang='lat' dir='ltr'>vicit</span> <span class='ocrx_word' id='word_1_592' title='bbox 1297 3896 1454 3952; x_wconf 87' lang='lat' dir='ltr'>Haraidum</span> <span class='ocrx_word' id='word_1_593' title='bbox 1473 3896 1646 3953; x_wconf 87' lang='lat' dir='ltr'>Guiiioimus</span> <span class='ocrx_word' id='word_1_594' title='bbox 1664 3898 1860 3972; x_wconf 73' lang='lat' dir='ltr'>conquestor,</span> 
     </span>
     <span class='ocr_line' id='line_1_43' title="bbox 103 3976 1862 4060; baseline 0.009 -30"><span class='ocrx_word' id='word_1_595' title='bbox 103 3988 168 4030; x_wconf 91' lang='lat' dir='ltr'>cum</span> <span class='ocrx_word' id='word_1_596' title='bbox 186 3976 288 4032; x_wconf 91' lang='lat' dir='ltr'>viderit</span> <span class='ocrx_word' id='word_1_597' title='bbox 305 3977 440 4045; x_wconf 89' lang='lat' dir='ltr'>iamuius,</span> <span class='ocrx_word' id='word_1_598' title='bbox 461 3979 512 4049; x_wconf 94' lang='lat' dir='ltr'>qui</span> <span class='ocrx_word' id='word_1_599' title='bbox 533 3978 605 4035; x_wconf 93' lang='lat' dir='ltr'>bene</span> <span class='ocrx_word' id='word_1_600' title='bbox 624 3979 725 4036; x_wconf 91' lang='lat' dir='ltr'>doctus</span> <span class='ocrx_word' id='word_1_601' title='bbox 738 3989 765 4036; x_wconf 89' lang='lat' dir='ltr'>et</span> <span class='ocrx_word' id='word_1_602' title='bbox 783 3981 907 4039; x_wconf 89' lang='lat' dir='ltr'>usitatus</span> <span class='ocrx_word' id='word_1_603' title='bbox 922 3983 951 4038; x_wconf 91' lang='lat' dir='ltr'>iu</span> <span class='ocrx_word' id='word_1_604' title='bbox 1004 3985 1040 4041; x_wconf 94' lang='lat' dir='ltr'>ad</span> <span class='ocrx_word' id='word_1_605' title='bbox 1063 3984 1143 4042; x_wconf 89' lang='lat' dir='ltr'>iittus</span> <span class='ocrx_word' id='word_1_606' title='bbox 1160 3984 1379 4042; x_wconf 83' lang='lat' dir='ltr'>Sussexianum.</span> <span class='ocrx_word' id='word_1_607' title='bbox 1400 3984 1495 4041; x_wconf 86' lang='lat' dir='ltr'>Reiert</span> <span class='ocrx_word' id='word_1_608' title='bbox 1519 3984 1716 4043; x_wconf 87' lang='lat' dir='ltr'>Fundatiouis</span> <span class='ocrx_word' id='word_1_609' title='bbox 1736 3990 1862 4060; x_wconf 85' lang='lat' dir='ltr'>dipioma</span> 
     </span>
     <span class='ocr_line' id='line_1_44' title="bbox 102 4062 1859 4147; baseline 0.008 -29"><span class='ocrx_word' id='word_1_610' title='bbox 102 4062 152 4118; x_wconf 90' lang='lat' dir='ltr'>taii</span> <span class='ocrx_word' id='word_1_611' title='bbox 167 4062 259 4119; x_wconf 92' lang='lat' dir='ltr'>oiiicio</span> <span class='ocrx_word' id='word_1_612' title='bbox 272 4072 323 4132; x_wconf 91' lang='lat' dir='ltr'>est,</span> <span class='ocrx_word' id='word_1_613' title='bbox 339 4072 401 4121; x_wconf 93' lang='lat' dir='ltr'>tum</span> <span class='ocrx_word' id='word_1_614' title='bbox 421 4066 537 4124; x_wconf 90' lang='lat' dir='ltr'>demum</span> <span class='ocrx_word' id='word_1_615' title='bbox 557 4076 702 4137; x_wconf 89' lang='lat' dir='ltr'>arreptam</span> <span class='ocrx_word' id='word_1_616' title='bbox 723 4069 850 4126; x_wconf 89' lang='lat' dir='ltr'>tabuiam</span> <span class='ocrx_word' id='word_1_617' title='bbox 870 4071 952 4127; x_wconf 90' lang='lat' dir='ltr'>debet</span> <span class='ocrx_word' id='word_1_618' title='bbox 1005 4071 1143 4128; x_wconf 89' lang='lat' dir='ltr'>Seidenus</span> <span class='ocrx_word' id='word_1_619' title='bbox 1158 4071 1238 4127; x_wconf 88' lang='lat' dir='ltr'>Notis</span> <span class='ocrx_word' id='word_1_620' title='bbox 1256 4071 1293 4127; x_wconf 91' lang='lat' dir='ltr'>ad</span> <span class='ocrx_word' id='word_1_621' title='bbox 1312 4072 1446 4128; x_wconf 81' lang='lat' dir='ltr'>Eadmeri</span> <span class='ocrx_word' id='word_1_622' title='bbox 1469 4071 1539 4127; x_wconf 86' lang='lat' dir='ltr'>ilist.</span> <span class='ocrx_word' id='word_1_623' title='bbox 1566 4086 1724 4140; x_wconf 87' lang='lat' dir='ltr'>novorum,</span> <span class='ocrx_word' id='word_1_624' title='bbox 1748 4090 1776 4147; x_wconf 90' lang='lat' dir='ltr'>p.</span> <span class='ocrx_word' id='word_1_625' title='bbox 1802 4080 1859 4132; x_wconf 75' lang='grc' dir='ltr'>ιιι.</span> 
     </span>
     <span class='ocr_line' id='line_1_45' title="bbox 104 4147 1862 4231; baseline 0.01 -27"><span class='ocrx_word' id='word_1_626' title='bbox 104 4147 224 4217; x_wconf 87' lang='grc' dir='ltr'>ιοιιιιει,</span> <span class='ocrx_word' id='word_1_627' title='bbox 248 4160 275 4207; x_wconf 91' lang='grc' dir='ltr'>ει</span> <span class='ocrx_word' id='word_1_628' title='bbox 305 4167 371 4208; x_wconf 91' lang='lat' dir='ltr'>cum</span> <span class='ocrx_word' id='word_1_629' title='bbox 403 4153 568 4210; x_wconf 89' lang='lat' dir='ltr'>iestinantia</span> <span class='ocrx_word' id='word_1_630' title='bbox 603 4156 702 4224; x_wconf 89' lang='lat' dir='ltr'>muita,</span> <span class='ocrx_word' id='word_1_631' title='bbox 741 4166 888 4226; x_wconf 86' lang='lat' dir='ltr'>pereutere</span> <span class='ocrx_word' id='word_1_632' title='bbox 922 4161 951 4214; x_wconf 95' lang='lat' dir='ltr'>in</span> <span class='ocrx_word' id='word_1_633' title='bbox 1007 4181 1021 4208; x_wconf 84' lang='lat' dir='ltr'>c</span> <span class='ocrx_word' id='word_1_634' title='bbox 1033 4159 1145 4217; x_wconf 87' lang='lat' dir='ltr'>Guiiiei.</span> <span class='ocrx_word' id='word_1_635' title='bbox 1163 4159 1213 4216; x_wconf 88' lang='lat' dir='ltr'>Dei</span> <span class='ocrx_word' id='word_1_636' title='bbox 1226 4160 1320 4231; x_wconf 86' lang='lat' dir='ltr'>gratia</span> <span class='ocrx_word' id='word_1_637' title='bbox 1334 4174 1386 4216; x_wconf 82' lang='lat' dir='ltr'>rex</span> <span class='ocrx_word' id='word_1_638' title='bbox 1407 4159 1505 4230; x_wconf 80' lang='lat' dir='ltr'>Aegi,</span> <span class='ocrx_word' id='word_1_639' title='bbox 1526 4167 1579 4218; x_wconf 88' lang='lat' dir='ltr'>ete.</span> <span class='ocrx_word' id='word_1_640' title='bbox 1595 4159 1706 4218; x_wconf 89' lang='lat' dir='ltr'>Notum</span> <span class='ocrx_word' id='word_1_641' title='bbox 1725 4164 1763 4218; x_wconf 90' lang='lat' dir='ltr'>sit</span> <span class='ocrx_word' id='word_1_642' title='bbox 1784 4165 1862 4222; x_wconf 85' lang='lat' dir='ltr'>vobis</span> 
     </span>
     <span class='ocr_line' id='line_1_46' title="bbox 104 4237 1862 4316; baseline 0.01 -25"><span class='ocrx_word' id='word_1_643' title='bbox 104 4237 229 4294; x_wconf 83' lang='lat' dir='ltr'>eiaustro</span> <span class='ocrx_word' id='word_1_644' title='bbox 241 4247 308 4296; x_wconf 92' lang='lat' dir='ltr'>ante</span> <span class='ocrx_word' id='word_1_645' title='bbox 322 4241 445 4311; x_wconf 89' lang='lat' dir='ltr'>gradum</span> <span class='ocrx_word' id='word_1_646' title='bbox 461 4241 619 4299; x_wconf 89' lang='lat' dir='ltr'>dormitorii</span> <span class='ocrx_word' id='word_1_647' title='bbox 636 4258 642 4297; x_wconf 77' lang='grc' dir='ltr'><strong><em>ε</em></strong></span> <span class='ocrx_word' id='word_1_648' title='bbox 661 4243 751 4313; x_wconf 93' lang='lat' dir='ltr'>prius,</span> <span class='ocrx_word' id='word_1_649' title='bbox 776 4246 799 4300; x_wconf 90' lang='lat' dir='ltr'>si</span> <span class='ocrx_word' id='word_1_650' title='bbox 824 4256 949 4315; x_wconf 76' lang='lat' dir='ltr'>nonest,</span> <span class='ocrx_word' id='word_1_651' title='bbox 969 4254 1051 4308; x_wconf 86' lang='lat' dir='ltr'>Dme</span> <span class='ocrx_word' id='word_1_652' title='bbox 1073 4248 1244 4304; x_wconf 89' lang='lat' dir='ltr'>concessisse</span> <span class='ocrx_word' id='word_1_653' title='bbox 1268 4261 1302 4305; x_wconf 82' lang='lat' dir='ltr'>ao</span> <span class='ocrx_word' id='word_1_654' title='bbox 1324 4247 1518 4316; x_wconf 84' lang='lat' dir='ltr'>confirmasse,</span> <span class='ocrx_word' id='word_1_655' title='bbox 1553 4261 1676 4305; x_wconf 88' lang='lat' dir='ltr'>assensu</span> <span class='ocrx_word' id='word_1_656' title='bbox 1705 4251 1862 4309; x_wconf 83' lang='lat' dir='ltr'>bauirauoi</span> 
     </span>
     <span class='ocr_line' id='line_1_47' title="bbox 103 4327 1860 4406; baseline 0.01 -26"><span class='ocrx_word' id='word_1_657' title='bbox 103 4327 230 4382; x_wconf 88' lang='lat' dir='ltr'>accensis</span> <span class='ocrx_word' id='word_1_658' title='bbox 253 4327 378 4385; x_wconf 89' lang='lat' dir='ltr'>incernis</span> <span class='ocrx_word' id='word_1_659' title='bbox 394 4330 422 4384; x_wconf 90' lang='lat' dir='ltr'>in</span> <span class='ocrx_word' id='word_1_660' title='bbox 438 4330 563 4387; x_wconf 88' lang='lat' dir='ltr'>oiaustro</span> <span class='ocrx_word' id='word_1_661' title='bbox 582 4331 759 4398; x_wconf 75' lang='lat' dir='ltr'>infirmariis,</span> <span class='ocrx_word' id='word_1_662' title='bbox 780 4342 808 4390; x_wconf 84' lang='lat' dir='ltr'>et</span> <span class='ocrx_word' id='word_1_663' title='bbox 824 4349 874 4404; x_wconf 90' lang='lat' dir='ltr'>per</span> <span class='ocrx_word' id='word_1_664' title='bbox 888 4336 953 4391; x_wconf 90' lang='lat' dir='ltr'>adi·</span> <span class='ocrx_word' id='word_1_665' title='bbox 1007 4336 1133 4406; x_wconf 86' lang='lat' dir='ltr'>archiep.</span> <span class='ocrx_word' id='word_1_666' title='bbox 1156 4336 1381 4402; x_wconf 82' lang='lat' dir='ltr'>cantuariensis,</span> <span class='ocrx_word' id='word_1_667' title='bbox 1401 4345 1454 4393; x_wconf 91' lang='lat' dir='ltr'>etc.</span> <span class='ocrx_word' id='word_1_668' title='bbox 1480 4343 1522 4404; x_wconf 93' lang='lat' dir='ltr'>ut,</span> <span class='ocrx_word' id='word_1_669' title='bbox 1543 4336 1663 4393; x_wconf 82' lang='lat' dir='ltr'>ecclesie</span> <span class='ocrx_word' id='word_1_670' title='bbox 1688 4338 1717 4395; x_wconf 90' lang='lat' dir='ltr'>S.</span> <span class='ocrx_word' id='word_1_671' title='bbox 1746 4341 1860 4397; x_wconf 78' lang='lat' dir='ltr'>Martini</span> 
     </span>
     <span class='ocr_line' id='line_1_48' title="bbox 103 4418 1860 4494; baseline 0.009 -24"><span class='ocrx_word' id='word_1_672' title='bbox 103 4421 164 4470; x_wconf 92' lang='lat' dir='ltr'>tum</span> <span class='ocrx_word' id='word_1_673' title='bbox 182 4429 232 4486; x_wconf 89' lang='lat' dir='ltr'>per</span> <span class='ocrx_word' id='word_1_674' title='bbox 251 4431 335 4486; x_wconf 93' lang='lat' dir='ltr'>quem</span> <span class='ocrx_word' id='word_1_675' title='bbox 359 4418 418 4474; x_wconf 92' lang='lat' dir='ltr'>itur</span> <span class='ocrx_word' id='word_1_676' title='bbox 441 4418 471 4474; x_wconf 93' lang='lat' dir='ltr'>in</span> <span class='ocrx_word' id='word_1_677' title='bbox 488 4419 689 4488; x_wconf 84' lang='lat' dir='ltr'>intirmariam,</span> <span class='ocrx_word' id='word_1_678' title='bbox 707 4441 721 4469; x_wconf 87' lang='lat'><strong>»</strong></span> <span class='ocrx_word' id='word_1_679' title='bbox 737 4428 790 4477; x_wconf 92' lang='lat' dir='ltr'>ete.</span> <span class='ocrx_word' id='word_1_680' title='bbox 808 4422 954 4481; x_wconf 87' lang='lat' dir='ltr'>Hactenus</span> <span class='ocrx_word' id='word_1_681' title='bbox 1008 4424 1042 4480; x_wconf 89' lang='lat' dir='ltr'>de</span> <span class='ocrx_word' id='word_1_682' title='bbox 1057 4424 1144 4493; x_wconf 87' lang='lat' dir='ltr'>Beiio,</span> <span class='ocrx_word' id='word_1_683' title='bbox 1159 4430 1235 4480; x_wconf 71' lang='lat' dir='ltr'>tito</span> <span class='ocrx_word' id='word_1_684' title='bbox 1256 4438 1346 4494; x_wconf 86' lang='lat' dir='ltr'>quam</span> <span class='ocrx_word' id='word_1_685' title='bbox 1367 4422 1489 4480; x_wconf 86' lang='lat' dir='ltr'>fundavi</span> <span class='ocrx_word' id='word_1_686' title='bbox 1507 4437 1545 4480; x_wconf 86' lang='lat' dir='ltr'>ex</span> <span class='ocrx_word' id='word_1_687' title='bbox 1564 4433 1631 4481; x_wconf 87' lang='lat' dir='ltr'>voto</span> <span class='ocrx_word' id='word_1_688' title='bbox 1651 4425 1691 4482; x_wconf 95' lang='lat' dir='ltr'>ob</span> <span class='ocrx_word' id='word_1_689' title='bbox 1710 4428 1860 4486; x_wconf 72' lang='lat' dir='ltr'>victorium</span> 
     </span>
     <span class='ocr_line' id='line_1_49' title="bbox 102 4500 1862 4583; baseline 0.01 -26"><span class='ocrx_word' id='word_1_690' title='bbox 102 4500 175 4559; x_wconf 90' lang='lat' dir='ltr'>iiber</span> <span class='ocrx_word' id='word_1_691' title='bbox 192 4517 244 4558; x_wconf 90' lang='lat' dir='ltr'>ms.</span> <span class='ocrx_word' id='word_1_692' title='bbox 1007 4526 1095 4583; x_wconf 92' lang='lat' dir='ltr'>quam</span> <span class='ocrx_word' id='word_1_693' title='bbox 1115 4511 1185 4568; x_wconf 90' lang='lat' dir='ltr'>mibi</span> <span class='ocrx_word' id='word_1_694' title='bbox 1201 4513 1277 4569; x_wconf 85' lang='lat' dir='ltr'>Dens</span> <span class='ocrx_word' id='word_1_695' title='bbox 1301 4513 1331 4568; x_wconf 89' lang='lat' dir='ltr'>in</span> <span class='ocrx_word' id='word_1_696' title='bbox 1346 4513 1443 4568; x_wconf 91' lang='lat' dir='ltr'>eodem</span> <span class='ocrx_word' id='word_1_697' title='bbox 1466 4512 1528 4568; x_wconf 92' lang='lat' dir='ltr'>ioco</span> <span class='ocrx_word' id='word_1_698' title='bbox 1546 4514 1681 4578; x_wconf 89' lang='lat' dir='ltr'>eontuiit,</span> <span class='ocrx_word' id='word_1_699' title='bbox 1708 4516 1804 4574; x_wconf 70' lang='lat' dir='ltr'>iibere</span> <span class='ocrx_word' id='word_1_700' title='bbox 1827 4520 1862 4574; x_wconf 91' lang='lat' dir='ltr'>sit</span> 
     </span>
     <span class='ocr_line' id='line_1_50' title="bbox 138 4591 1861 4671; baseline 0.01 -25"><span class='ocrx_word' id='word_1_701' title='bbox 138 4591 243 4646; x_wconf 83' lang='lat' dir='ltr'>Locum</span> <span class='ocrx_word' id='word_1_702' title='bbox 268 4591 297 4647; x_wconf 93' lang='lat' dir='ltr'>in</span> <span class='ocrx_word' id='word_1_703' title='bbox 320 4606 378 4662; x_wconf 94' lang='lat' dir='ltr'>quo</span> <span class='ocrx_word' id='word_1_704' title='bbox 401 4592 566 4649; x_wconf 87' lang='lat' dir='ltr'>moribundi</span> <span class='ocrx_word' id='word_1_705' title='bbox 589 4608 694 4664; x_wconf 90' lang='lat' dir='ltr'>corpus</span> <span class='ocrx_word' id='word_1_706' title='bbox 719 4596 819 4666; x_wconf 87' lang='lat' dir='ltr'>deponi</span> <span class='ocrx_word' id='word_1_707' title='bbox 840 4598 950 4667; x_wconf 82' lang='lat' dir='ltr'>soleret,</span> <span class='ocrx_word' id='word_1_708' title='bbox 1006 4609 1034 4657; x_wconf 90' lang='lat' dir='ltr'>ot</span> <span class='ocrx_word' id='word_1_709' title='bbox 1047 4601 1143 4671; x_wconf 91' lang='lat' dir='ltr'>quieta</span> <span class='ocrx_word' id='word_1_710' title='bbox 1162 4601 1199 4658; x_wconf 91' lang='lat' dir='ltr'>ab</span> <span class='ocrx_word' id='word_1_711' title='bbox 1221 4601 1300 4657; x_wconf 92' lang='lat' dir='ltr'>omni</span> <span class='ocrx_word' id='word_1_712' title='bbox 1319 4601 1466 4667; x_wconf 86' lang='lat' dir='ltr'>servitute,</span> <span class='ocrx_word' id='word_1_713' title='bbox 1483 4624 1497 4648; x_wconf 75' lang='grc' dir='ltr'>ι·</span> <span class='ocrx_word' id='word_1_714' title='bbox 1514 4607 1568 4656; x_wconf 88' lang='lat' dir='ltr'>eto.</span> <span class='ocrx_word' id='word_1_715' title='bbox 1585 4602 1657 4658; x_wconf 82' lang='lat' dir='ltr'>Eum</span> <span class='ocrx_word' id='word_1_716' title='bbox 1683 4605 1779 4661; x_wconf 79' lang='lat' dir='ltr'>eximi</span> <span class='ocrx_word' id='word_1_717' title='bbox 1801 4607 1861 4663; x_wconf 85' lang='lat' dir='ltr'>vuit</span> 
     </span>
     <span class='ocr_line' id='line_1_51' title="bbox 102 4678 1861 4765; baseline 0.01 -32"><span class='ocrx_word' id='word_1_718' title='bbox 102 4678 237 4735; x_wconf 88' lang='lat' dir='ltr'>describit</span> <span class='ocrx_word' id='word_1_719' title='bbox 266 4680 368 4737; x_wconf 88' lang='lat' dir='ltr'>Petrus</span> <span class='ocrx_word' id='word_1_720' title='bbox 399 4680 541 4738; x_wconf 76' lang='lat' dir='ltr'>venerab.</span> <span class='ocrx_word' id='word_1_721' title='bbox 572 4683 610 4738; x_wconf 86' lang='lat' dir='ltr'>De</span> <span class='ocrx_word' id='word_1_722' title='bbox 647 4684 789 4741; x_wconf 87' lang='lat' dir='ltr'>iiiraeuiis</span> <span class='ocrx_word' id='word_1_723' title='bbox 811 4700 874 4757; x_wconf 87' lang='lat' dir='ltr'>cap.</span> <span class='ocrx_word' id='word_1_724' title='bbox 908 4690 950 4746; x_wconf 80' lang='grc' dir='ltr'>ιιι.</span> <span class='ocrx_word' id='word_1_725' title='bbox 1006 4686 1138 4743; x_wconf 82' lang='lat' dir='ltr'>abutum</span> <span class='ocrx_word' id='word_1_726' title='bbox 1157 4702 1275 4758; x_wconf 90' lang='lat' dir='ltr'>prorsus</span> <span class='ocrx_word' id='word_1_727' title='bbox 1295 4695 1353 4744; x_wconf 91' lang='lat' dir='ltr'>tam</span> <span class='ocrx_word' id='word_1_728' title='bbox 1370 4687 1472 4750; x_wconf 87' lang='lat' dir='ltr'>laicali,</span> <span class='ocrx_word' id='word_1_729' title='bbox 1489 4702 1578 4758; x_wconf 92' lang='lat' dir='ltr'>quam</span> <span class='ocrx_word' id='word_1_730' title='bbox 1594 4689 1754 4763; x_wconf 85' lang='lat' dir='ltr'>episcopali</span> <span class='ocrx_word' id='word_1_731' title='bbox 1775 4693 1861 4765; x_wconf 80' lang='lat' dir='ltr'>juris</span> 
     </span>
     <span class='ocr_line' id='line_1_52' title="bbox 103 4765 1139 4841; baseline 0.015 -26"><span class='ocrx_word' id='word_1_732' title='bbox 103 4765 264 4824; x_wconf 73' lang='lat' dir='ltr'>«elabetur</span> <span class='ocrx_word' id='word_1_733' title='bbox 286 4776 383 4824; x_wconf 88' lang='lat' dir='ltr'>autem</span> <span class='ocrx_word' id='word_1_734' title='bbox 408 4766 561 4839; x_wconf 85' lang='lat' dir='ltr'>(Cinniaci)</span> <span class='ocrx_word' id='word_1_735' title='bbox 588 4770 617 4824; x_wconf 91' lang='lat' dir='ltr'>in</span> <span class='ocrx_word' id='word_1_736' title='bbox 642 4771 726 4828; x_wconf 90' lang='lat' dir='ltr'>domo</span> <span class='ocrx_word' id='word_1_737' title='bbox 750 4775 843 4830; x_wconf 85' lang='lat' dir='ltr'>media</span> <span class='ocrx_word' id='word_1_738' title='bbox 865 4775 953 4841; x_wconf 75' lang='lat' dir='ltr'>(indr-</span> <span class='ocrx_word' id='word_1_739' title='bbox 1006 4776 1139 4833; x_wconf 90' lang='lat' dir='ltr'>dictione.</span> 
     </span>
     <span class='ocr_line' id='line_1_53' title="bbox 102 4852 1861 4943; baseline 0.012 -37"><span class='ocrx_word' id='word_1_740' title='bbox 102 4852 227 4922; x_wconf 89' lang='lat' dir='ltr'>morum)</span> <span class='ocrx_word' id='word_1_741' title='bbox 248 4853 327 4909; x_wconf 92' lang='lat' dir='ltr'>iocus</span> <span class='ocrx_word' id='word_1_742' title='bbox 352 4855 439 4909; x_wconf 91' lang='lat' dir='ltr'>unius</span> <span class='ocrx_word' id='word_1_743' title='bbox 458 4856 585 4925; x_wconf 89' lang='lat' dir='ltr'>corporis</span> <span class='ocrx_word' id='word_1_744' title='bbox 608 4871 711 4929; x_wconf 82' lang='lat' dir='ltr'>capax,</span> <span class='ocrx_word' id='word_1_745' title='bbox 736 4861 771 4916; x_wconf 92' lang='lat' dir='ltr'>ad</span> <span class='ocrx_word' id='word_1_746' title='bbox 798 4861 851 4918; x_wconf 84' lang='lat' dir='ltr'>hoe</span> <span class='ocrx_word' id='word_1_747' title='bbox 870 4869 951 4932; x_wconf 89' lang='lat' dir='ltr'>apta·</span> <span class='ocrx_word' id='word_1_748' title='bbox 1041 4863 1087 4937; x_wconf 65' lang='grc' dir='ltr'>(Μ)</span> <span class='ocrx_word' id='word_1_749' title='bbox 1106 4868 1177 4922; x_wconf 88' lang='lat' dir='ltr'>iuro.</span> <span class='ocrx_word' id='word_1_750' title='bbox 1200 4895 1235 4906; x_wconf 87' lang='lat'>-</span> <span class='ocrx_word' id='word_1_751' title='bbox 1252 4866 1348 4920; x_wconf 78' lang='lat' dir='ltr'>Misso</span> <span class='ocrx_word' id='word_1_752' title='bbox 1360 4864 1399 4919; x_wconf 83' lang='lat' dir='ltr'>ad</span> <span class='ocrx_word' id='word_1_753' title='bbox 1416 4864 1530 4920; x_wconf 66' lang='lat' dir='ltr'>muium</span> <span class='ocrx_word' id='word_1_754' title='bbox 1544 4864 1674 4922; x_wconf 59' lang='lat' dir='ltr'>Monam</span> <span class='ocrx_word' id='word_1_755' title='bbox 1696 4871 1727 4923; x_wconf 82' lang='lat' dir='ltr'>et</span> <span class='ocrx_word' id='word_1_756' title='bbox 1740 4869 1779 4925; x_wconf 79' lang='lat' dir='ltr'>de</span> <span class='ocrx_word' id='word_1_757' title='bbox 1799 4871 1861 4943; x_wconf 77' lang='lat' dir='ltr'>ipsu</span> 
     </span>
     <span class='ocr_line' id='line_1_54' title="bbox 102 4940 1861 5030; baseline 0.013 -36"><span class='ocrx_word' id='word_1_758' title='bbox 102 4946 158 5006; x_wconf 89' lang='lat' dir='ltr'>tus,</span> <span class='ocrx_word' id='word_1_759' title='bbox 175 4948 207 4997; x_wconf 93' lang='lat' dir='ltr'>ut</span> <span class='ocrx_word' id='word_1_760' title='bbox 222 4941 324 4998; x_wconf 85' lang='lat' dir='ltr'>iratres</span> <span class='ocrx_word' id='word_1_761' title='bbox 342 4940 447 4997; x_wconf 90' lang='lat' dir='ltr'>ibidem</span> <span class='ocrx_word' id='word_1_762' title='bbox 466 4943 496 4998; x_wconf 91' lang='lat' dir='ltr'>in</span> <span class='ocrx_word' id='word_1_763' title='bbox 516 4944 612 5002; x_wconf 87' lang='lat' dir='ltr'>cincre</span> <span class='ocrx_word' id='word_1_764' title='bbox 629 4955 658 5003; x_wconf 90' lang='lat' dir='ltr'>et</span> <span class='ocrx_word' id='word_1_765' title='bbox 677 4948 770 5005; x_wconf 85' lang='lat' dir='ltr'>cilicio</span> <span class='ocrx_word' id='word_1_766' title='bbox 792 4951 949 5030; x_wconf 86' lang='lat' dir='ltr'>compositi,</span> <span class='ocrx_word' id='word_1_767' title='bbox 1004 4952 1183 5025; x_wconf 83' lang='lat' dir='ltr'>quotidiana.</span> <span class='ocrx_word' id='word_1_768' title='bbox 1201 4951 1409 5009; x_wconf 80' lang='lat' dir='ltr'>Laudatissima</span> <span class='ocrx_word' id='word_1_769' title='bbox 1423 4966 1493 5008; x_wconf 83' lang='lat' dir='ltr'>sene</span> <span class='ocrx_word' id='word_1_770' title='bbox 1507 4956 1691 5013; x_wconf 90' lang='lat' dir='ltr'>cousuetudo</span> <span class='ocrx_word' id='word_1_771' title='bbox 1709 4957 1740 5014; x_wconf 93' lang='lat' dir='ltr'>in</span> <span class='ocrx_word' id='word_1_772' title='bbox 1765 4973 1861 5017; x_wconf 76' lang='lat' dir='ltr'>mona-</span> 
     </span>
     <span class='ocr_line' id='line_1_55' title="bbox 91 5030 1859 5114; baseline 0.014 -34"><span class='ocrx_word' id='word_1_773' title='bbox 91 5036 263 5087; x_wconf 82' lang='lat' dir='ltr'>extremum</span> <span class='ocrx_word' id='word_1_774' title='bbox 279 5030 335 5087; x_wconf 87' lang='lat' dir='ltr'>iieo</span> <span class='ocrx_word' id='word_1_775' title='bbox 348 5030 480 5100; x_wconf 91' lang='lat' dir='ltr'>spiritum</span> <span class='ocrx_word' id='word_1_776' title='bbox 497 5032 627 5101; x_wconf 89' lang='lat' dir='ltr'>reddant,</span> <span class='ocrx_word' id='word_1_777' title='bbox 645 5055 659 5086; x_wconf 79' lang='grc' dir='ltr'>ε</span> <span class='ocrx_word' id='word_1_778' title='bbox 674 5044 727 5092; x_wconf 86' lang='lat' dir='ltr'>eto.</span> <span class='ocrx_word' id='word_1_779' title='bbox 1004 5042 1098 5097; x_wconf 87' lang='lat' dir='ltr'>storiis</span> <span class='ocrx_word' id='word_1_780' title='bbox 1112 5040 1286 5098; x_wconf 86' lang='lat' dir='ltr'>Benedictini</span> <span class='ocrx_word' id='word_1_781' title='bbox 1304 5041 1366 5098; x_wconf 91' lang='lat' dir='ltr'>ord.</span> <span class='ocrx_word' id='word_1_782' title='bbox 1390 5041 1425 5097; x_wconf 85' lang='lat' dir='ltr'>ab</span> <span class='ocrx_word' id='word_1_783' title='bbox 1444 5042 1566 5113; x_wconf 91' lang='lat' dir='ltr'>antiquo</span> <span class='ocrx_word' id='word_1_784' title='bbox 1591 5053 1719 5114; x_wconf 75' lang='lat' dir='ltr'>tempta,</span> <span class='ocrx_word' id='word_1_785' title='bbox 1742 5047 1859 5105; x_wconf 82' lang='lat' dir='ltr'>missam</span> 
     </span>
     <span class='ocr_line' id='line_1_56' title="bbox 135 5117 1860 5210; baseline 0.012 -37"><span class='ocrx_word' id='word_1_786' title='bbox 135 5117 222 5173; x_wconf 81' lang='lat' dir='ltr'>Addit</span> <span class='ocrx_word' id='word_1_787' title='bbox 241 5125 268 5174; x_wconf 92' lang='lat' dir='ltr'>et</span> <span class='ocrx_word' id='word_1_788' title='bbox 283 5117 331 5174; x_wconf 90' lang='lat' dir='ltr'>iiie</span> <span class='ocrx_word' id='word_1_789' title='bbox 343 5117 441 5175; x_wconf 91' lang='lat' dir='ltr'>eodem</span> <span class='ocrx_word' id='word_1_790' title='bbox 460 5119 522 5188; x_wconf 89' lang='lat' dir='ltr'>iib.,</span> <span class='ocrx_word' id='word_1_791' title='bbox 537 5134 600 5192; x_wconf 92' lang='lat' dir='ltr'>cap.</span> <span class='ocrx_word' id='word_1_792' title='bbox 616 5126 644 5191; x_wconf 82' lang='lat'>4,</span> <span class='ocrx_word' id='word_1_793' title='bbox 661 5137 769 5181; x_wconf 90' lang='lat' dir='ltr'>morem</span> <span class='ocrx_word' id='word_1_794' title='bbox 793 5125 871 5182; x_wconf 92' lang='lat' dir='ltr'>bunc</span> <span class='ocrx_word' id='word_1_795' title='bbox 884 5141 950 5184; x_wconf 88' lang='lat' dir='ltr'>esse</span> <span class='ocrx_word' id='word_1_796' title='bbox 1004 5129 1140 5186; x_wconf 91' lang='lat' dir='ltr'>nimirum</span> <span class='ocrx_word' id='word_1_797' title='bbox 1163 5130 1292 5200; x_wconf 90' lang='lat' dir='ltr'>quotidie</span> <span class='ocrx_word' id='word_1_798' title='bbox 1315 5130 1385 5188; x_wconf 89' lang='lat' dir='ltr'>itora</span> <span class='ocrx_word' id='word_1_799' title='bbox 1408 5138 1491 5187; x_wconf 86' lang='lat' dir='ltr'>sexta</span> <span class='ocrx_word' id='word_1_800' title='bbox 1509 5133 1655 5189; x_wconf 92' lang='lat' dir='ltr'>matutina</span> <span class='ocrx_word' id='word_1_801' title='bbox 1677 5134 1716 5191; x_wconf 89' lang='lat' dir='ltr'>ad</span> <span class='ocrx_word' id='word_1_802' title='bbox 1733 5135 1860 5210; x_wconf 83' lang='lat' dir='ltr'>Virginis</span> 
     </span>
    </p>
   </div>
   <div class='ocr_carea' id='block_1_5' title="bbox 100 5202 1861 5377">
    <p class='ocr_par' dir='ltr' id='par_1_5' title="bbox 100 5202 1861 5377">
     <span class='ocr_line' id='line_1_57' title="bbox 101 5202 1861 5288; baseline 0.013 -29"><span class='ocrx_word' id='word_1_803' title='bbox 101 5202 370 5263; x_wconf 87' lang='lat' dir='ltr'>Christianorumet</span> <span class='ocrx_word' id='word_1_804' title='bbox 392 5229 402 5256; x_wconf 74' lang='grc' dir='ltr'>ι</span> <span class='ocrx_word' id='word_1_805' title='bbox 421 5209 548 5266; x_wconf 84' lang='lat' dir='ltr'>maxime</span> <span class='ocrx_word' id='word_1_806' title='bbox 568 5212 775 5269; x_wconf 86' lang='lat' dir='ltr'>monachorum</span> <span class='ocrx_word' id='word_1_807' title='bbox 791 5234 805 5263; x_wconf 87' lang='lat'>»</span> <span class='ocrx_word' id='word_1_808' title='bbox 825 5215 875 5284; x_wconf 93' lang='lat' dir='ltr'>qui</span> <span class='ocrx_word' id='word_1_809' title='bbox 890 5215 950 5271; x_wconf 92' lang='lat' dir='ltr'>uti·</span> <span class='ocrx_word' id='word_1_810' title='bbox 1003 5217 1133 5288; x_wconf 80' lang='lat' dir='ltr'>Deiparae</span> <span class='ocrx_word' id='word_1_811' title='bbox 1168 5219 1305 5275; x_wconf 91' lang='lat' dir='ltr'>bonorem</span> <span class='ocrx_word' id='word_1_812' title='bbox 1343 5219 1505 5276; x_wconf 88' lang='lat' dir='ltr'>decantare.</span> <span class='ocrx_word' id='word_1_813' title='bbox 1548 5219 1684 5278; x_wconf 86' lang='lat' dir='ltr'>Cbrouic.</span> <span class='ocrx_word' id='word_1_814' title='bbox 1723 5225 1861 5282; x_wconf 73' lang='grc' dir='ltr'>Βεειειιεε</span> 
     </span>
     <span class='ocr_line' id='line_1_58' title="bbox 100 5294 1133 5377; baseline 0.012 -30"><span class='ocrx_word' id='word_1_815' title='bbox 100 5304 158 5361; x_wconf 93' lang='lat' dir='ltr'>que</span> <span class='ocrx_word' id='word_1_816' title='bbox 179 5294 294 5364; x_wconf 88' lang='lat' dir='ltr'>scriptis</span> <span class='ocrx_word' id='word_1_817' title='bbox 317 5295 470 5366; x_wconf 85' lang='lat' dir='ltr'>verbisque</span> <span class='ocrx_word' id='word_1_818' title='bbox 499 5312 556 5353; x_wconf 93' lang='lat' dir='ltr'>non</span> <span class='ocrx_word' id='word_1_819' title='bbox 578 5299 672 5366; x_wconf 90' lang='lat' dir='ltr'>modo,</span> <span class='ocrx_word' id='word_1_820' title='bbox 701 5301 750 5357; x_wconf 88' lang='lat' dir='ltr'>sed</span> <span class='ocrx_word' id='word_1_821' title='bbox 771 5302 948 5371; x_wconf 87' lang='lat' dir='ltr'>potissimum</span> <span class='ocrx_word' id='word_1_822' title='bbox 1003 5319 1075 5377; x_wconf 88' lang='lat' dir='ltr'>page</span> <span class='ocrx_word' id='word_1_823' title='bbox 1091 5310 1133 5362; x_wconf 81' lang='lat' dir='ltr'>ii.</span> 
     </span>
    </p>
   </div>
   <div class='ocr_carea' id='block_1_6' title="bbox 98 5379 1857 5553">
    <p class='ocr_par' dir='ltr' id='par_1_6' title="bbox 98 5379 1857 5553">
     <span class='ocr_line' id='line_1_59' title="bbox 98 5379 1857 5463; baseline 0.015 -30"><span class='ocrx_word' id='word_1_824' title='bbox 98 5379 148 5434; x_wconf 92' lang='lat' dir='ltr'>ubi</span> <span class='ocrx_word' id='word_1_825' title='bbox 162 5380 313 5438; x_wconf 83' lang='lat' dir='ltr'>adultiora</span> <span class='ocrx_word' id='word_1_826' title='bbox 335 5384 422 5439; x_wconf 87' lang='lat' dir='ltr'>evecti</span> <span class='ocrx_word' id='word_1_827' title='bbox 445 5383 579 5441; x_wconf 69' lang='lat' dir='ltr'>[ecclesiis</span> <span class='ocrx_word' id='word_1_828' title='bbox 599 5388 794 5455; x_wconf 83' lang='lat' dir='ltr'>praesiderent,</span> <span class='ocrx_word' id='word_1_829' title='bbox 818 5397 947 5448; x_wconf 89' lang='lat' dir='ltr'>actutum</span> <span class='ocrx_word' id='word_1_830' title='bbox 1039 5394 1084 5463; x_wconf 60' lang='grc' dir='ltr'>(θ’)</span> <span class='ocrx_word' id='word_1_831' title='bbox 1100 5395 1167 5452; x_wconf 73' lang='lat' dir='ltr'>Cen.</span> <span class='ocrx_word' id='word_1_832' title='bbox 1184 5395 1288 5452; x_wconf 85' lang='lat' dir='ltr'>xxiv.</span> <span class='ocrx_word' id='word_1_833' title='bbox 1301 5426 1335 5436; x_wconf 94' lang='lat'>-</span> <span class='ocrx_word' id='word_1_834' title='bbox 1354 5394 1511 5453; x_wconf 82' lang='lat' dir='ltr'>duooiiom.</span> <span class='ocrx_word' id='word_1_835' title='bbox 1534 5396 1600 5453; x_wconf 77' lang='lat' dir='ltr'>Sive</span> <span class='ocrx_word' id='word_1_836' title='bbox 1619 5398 1741 5456; x_wconf 91' lang='lat' dir='ltr'>eucuiia</span> <span class='ocrx_word' id='word_1_837' title='bbox 1763 5408 1794 5458; x_wconf 89' lang='lat' dir='ltr'>et</span> <span class='ocrx_word' id='word_1_838' title='bbox 1807 5416 1857 5458; x_wconf 89' lang='lat' dir='ltr'>cu·</span> 
     </span>
     <span class='ocr_line' id='line_1_60' title="bbox 98 5465 1856 5553; baseline 0.013 -31"><span class='ocrx_word' id='word_1_839' title='bbox 98 5465 229 5525; x_wconf 92' lang='lat' dir='ltr'>bomines</span> <span class='ocrx_word' id='word_1_840' title='bbox 251 5469 288 5525; x_wconf 89' lang='lat' dir='ltr'>ad</span> <span class='ocrx_word' id='word_1_841' title='bbox 324 5471 481 5528; x_wconf 88' lang='lat' dir='ltr'>severiores</span> <span class='ocrx_word' id='word_1_842' title='bbox 511 5474 718 5547; x_wconf 88' lang='lat' dir='ltr'>rigidioresque</span> <span class='ocrx_word' id='word_1_843' title='bbox 756 5476 945 5550; x_wconf 92' lang='lat' dir='ltr'>antiquorum</span> <span class='ocrx_word' id='word_1_844' title='bbox 1002 5480 1099 5537; x_wconf 88' lang='lat' dir='ltr'>cuiiio.</span> <span class='ocrx_word' id='word_1_845' title='bbox 1115 5481 1166 5538; x_wconf 83' lang='lat' dir='ltr'>Est</span> <span class='ocrx_word' id='word_1_846' title='bbox 1179 5481 1326 5553; x_wconf 90' lang='lat' dir='ltr'>quoddam</span> <span class='ocrx_word' id='word_1_847' title='bbox 1339 5482 1441 5553; x_wconf 89' lang='lat' dir='ltr'>capitis</span> <span class='ocrx_word' id='word_1_848' title='bbox 1455 5481 1682 5552; x_wconf 89' lang='lat' dir='ltr'>operimentum,</span> <span class='ocrx_word' id='word_1_849' title='bbox 1705 5484 1745 5542; x_wconf 85' lang='lat' dir='ltr'>ab</span> <span class='ocrx_word' id='word_1_850' title='bbox 1760 5493 1856 5544; x_wconf 80' lang='lat' dir='ltr'>aucte</span> 
     </span>
    </p>
   </div>
   <div class='ocr_carea' id='block_1_7' title="bbox 0 0 1914 6008">
    <p class='ocr_par' dir='ltr' id='par_1_7' title="bbox 0 0 1914 6008">
     <span class='ocr_line' id='line_1_61' title="bbox 0 0 1914 6008; baseline 0 0"><span class='ocrx_word' id='word_1_851' title='bbox 0 0 1914 6008; x_wconf 95' lang='lat' dir='ltr'> </span> 
     </span>
    </p>
   </div>
  </div>
 </body>
</html>
