3818 6008
87 214 140 271 444
530 209 563 267 4.
582 190 751 270 44444444
774 214 921 271 taetris
939 216 967 272 s.
989 215 1111 272 444444
1130 218 1175 273 nn
1196 216 1393 276 novtcmtro
1580 172 1589 187 ⁹
1782 223 1837 278 444

462 359 552 401 stus.
949 353 1127 420 Apropera:
1157 349 1219 406 Non
1240 351 1317 407 enim
1343 350 1491 408 invenitur
1513 352 1549 408 ab
1571 351 1705 422 apostolo
1728 352 1757 408 in
1781 353 1836 410 hac

122 436 207 492 vrrs.
225 437 268 490 48.
291 456 354 485 -ι
381 433 612 491 Lubricaverunt
634 435 755 507 vestigia
779 443 879 493 nostra
902 437 932 492 in
987 445 1073 506 terra,
1098 438 1182 494 idest
1197 452 1282 494 carne
1308 439 1416 496 bonum
1431 438 1520 510 (Rem.
1543 455 1592 508 vu,
1612 440 1666 511 48).
1692 441 1734 497 Ad
1758 441 1835 497 banc

89 523 218 579 »itinere
237 523 398 594 platearum
413 530 588 590 nostrarum,
605 523 852 594 appropinquavit
867 525 933 580 linis
987 540 1104 597 qunque
1129 527 1258 597 pervenit
1281 529 1365 591 44444,
1390 528 1461 599 quia
1475 528 1550 585 sieut
1569 529 1721 597 rationem,
1744 529 1786 586 ita
1807 537 1835 586 et

88 619 222 680 44444444,
247 610 378 682 completi
404 618 473 667 sunt
485 610 546 667 dies
569 611 667 676 nostri.
685 612 755 682 quia
774 612 853 668 venit
867 612 933 668 linis
985 613 1119 672 allectum
1134 629 1169 671 cr
1191 615 1298 685 pudore
1322 617 1430 686 peccati
1446 617 1588 673 sententia
1606 617 1688 674 bonae
1707 618 1834 688 respira-

88 708 219 757 »4444444Ι
250 698 360 767 ·sadc,
374 699 586 769 justitic3quae
606 699 737 767 retertur,
754 699 932 770 sicutsupe·
986 704 1071 759 tionis
1093 704 1245 774 intercipit.
1271 704 1444 770 Inebriatus,
1466 720 1565 761 cuma
1586 714 1716 762 veterum
1739 705 1834 762 malo-

85 788 157 856 rius,
181 788 217 844 ad
236 786 316 858 justa
331 787 381 843 Dei
400 786 520 857 iudicia.
538 785 592 853 Qui
608 795 795 856 respexerant
814 789 931 857 adpeti·
985 803 1050 846 rum
1075 792 1249 847 conscientia
1275 799 1302 848 et
1325 792 1533 848 consuetudine
1555 793 1734 849 absentatur.
1764 793 1830 850 Nn-

84 881 146 944 tem,
174 876 257 932 idest
279 877 315 931 ad
335 876 471 932 bumana
494 875 759 945 circumspectionis
782 877 930 944 astutiam,
984 879 1080 947 datur,
1096 893 1162 935 cunt
1177 881 1230 949 pire
1243 879 1427 936 consessionis
1442 880 1562 937 veritate
1574 881 1722 951 retegitur.

84 981 144 1034 qttae
161 980 204 1020 ecs
218 966 325 1020 scivere
343 980 396 1019 noc
418 970 536 1033 poterut,
560 963 645 1020 modo
669 964 826 1021 lubricasse
848 968 931 1020 oesti-
1358 1001 1457 1041 mg,

84 1056 132 1122 giu
149 1069 200 1109 sau
221 1056 250 1107 itt
265 1055 359 1106 itincre
378 1054 532 1121 platearum
547 1052 659 1122 dicunt,
683 1067 750 1109 cum
765 1053 931 1109 labefactari
1020 1072 1103 1128 qm·
1129 1072 1173 1128 22·
1201 1103 1232 1114 ,,
1263 1073 1445 1144 ,Compqega
1464 1080 1506 1129 est
1529 1073 1746 1144 {niquitastua'
1772 1073 1832 1130 444,

84 1141 246 1199 allectiones
267 1155 334 1198 suas
350 1156 398 1213 per
418 1141 640 1197 sollicitudinem
667 1142 766 1197 saculi
791 1142 931 1212 disquisi-
986 1161 1091 1227 »sion
1107 1176 1165 1217 non
1189 1162 1273 1218 adde,
1288 1160 1364 1218 ultra
1380 1170 1411 1219 u,
1433 1162 1617 1233 transmigret
1633 1169 1669 1218 te·
1697 1161 1831 1219 visitavit

84 1233 175 1288 ¹³⁰¹¹0⁸
195 1231 361 1314 attendunt.
384 1233 459 1285 Finis
485 1243 586 1285 e⁰f¹1ffl
611 1230 835 1301 appropinquat,
863 1244 930 1286 cum
988 1250 1195 1321 ›iniquitatem
1222 1258 1312 1318 tuam,
1337 1250 1396 1306 titia
1421 1251 1523 1320 Edam,
1545 1250 1739 1322 discooperuit
1761 1263 1831 1320 pec-

83 1327 231 1391 peccatutn
267 1325 486 1374 consummatur
513 1319 540 1373 in
574 1332 668 1388 opere,
701 1318 777 1388 quod
815 1318 931 1374 animus
985 1346 1076 1394 ,0313
1098 1347 1156 1394 ma·
1185 1360 1195 1385 ‚
1220 1338 1313 1403 Thau·
1339 1341 1672 1409 jn,e,pmlaturmavi„
1696 1337 1740 1395 vel
1766 1354 1830 1394 m·

83 1409 248 1465 destinarat.
283 1409 342 1461 Dies
368 1420 469 1462 eorum
495 1406 676 1475 complentur
710 1420 777 1461 cum
810 1407 930 1462 virtutes
982 1429 1138 1482 summam
1161 1427 1337 1483 Ermum
1355 1434 1664 1493 vesewnsummamr,
1684 1440 1750 1483 cum
1770 1427 1831 1497 ipse

82 1503 304 1594 ⁰⁰⁰⁸¹¹m⁰¹¹t¹¹f·
335 1495 368 1550 Et
392 1494 454 1593 *¹9⁰³
476 1494 545 1593 9¹¹³?
569 1495 646 1550 191111
671 1492 735 1549 ⁶⁰5⁸
758 1494 929 1550 ⁰¹¹¹¹¹¹¹¹¹⁰dae
982 1516 1068 1571 etiam
1089 1513 1218 1582 44444444,
1237 1517 1286 1586 qni
1302 1514 1337 1569 ad
1354 1515 1463 1571 malum
1479 1514 1635 1585 proclivior
1654 1522 1706 1582 est,
1727 1515 1762 1571 de
1777 1529 1830 1572 suo

81 1585 186 1642 ΨΜ
201 1592 339 1640 m⁰⁰²¹¹¹¹¹¹
354 1583 557 1638 ‘¹⁰⁸²¹¹¹¹¹¹⁰¹¹¹⁸·
947 1616 1079 1701 Berrore
1103 1602 1292 1659 suliunditur.
1324 1602 1395 1660 Cum
1422 1617 1491 1675 ergo
1521 1602 1650 1669 44444444,
1676 1604 1738 1664 filia
1764 1604 1830 1660 Sica

458 1685 550 1766 ⁰⁰2³·
983 1693 1132 1761 nimirum,
1151 1691 1425 1748 intellectualitatem
1448 1707 1505 1748 non
1521 1692 1718 1763 transmigrat,
1744 1692 1830 1748 idest

117 1759 203 1855 vm:
233 1760 336 1856 ¹921*
361 1776 374 1807 ‘⁴
401 1755 561 1856 Y⁶¹⁰⁰¹⁰s⁰⁸
586 1755 705 1813 suerum
732 1762 929 1855 11913891110163
982 1795 1000 1837 a
1021 1788 1098 1837 recto
1113 1789 1190 1837 statu
1213 1794 1271 1836 non
1287 1780 1430 1848 distrahit,
1456 1780 1602 1850 iniquitati
1618 1780 1743 1850 protecto
1766 1780 1830 1852 ejus

84 1853 200 1902 'mm
227 1844 334 1916 aqffll's
352 1845 430 1912 ⁰⁰³¹„
457 1858 546 1914 supet·
569 1851 679 1901 m⁰⁰¹e⁸
695 1853 832 1914 possem
861 1852 929 1901 ⁵⁰⁰⁸
982 1871 1067 1925 linem
1084 1869 1165 1925 indit.
1181 1870 1357 1937 Iniquitclem
1373 1869 1436 1939 ejus
1447 1871 1506 1937 filie
1521 1869 1611 1923 Edem
1631 1867 1738 1935 visitat,
1754 1874 1826 1923 201

83 1954 94 1982 '
113 1948 175 2001 ⁰⁰⁸⁹
194 1934 222 1988 ¹¹¹
245 1933 357 1989 desem
372 1932 496 2030 ³⁰⁵¹JH³U
511 1939 580 1988 ⁵⁰⁰⁸
602 1933 694 2032 ⁰99³&
713 1952 724 1980 ’
752 1933 841 2003 C⁰pha
867 1948 928 2031 ⁰⁰¹?
982 1972 1048 2014 eum
1064 1972 1101 2013 cx
1121 1972 1153 2013 en
1175 1945 1252 2026 qnod
1268 1956 1418 2013 interiores
1437 1964 1532 2013 motus
1548 1972 1605 2013 non
1620 1971 1703 2027 teque
1722 1954 1830 2026 dijudi-

80 2024 174 2078 ⁶²u⁸i⁰·
198 2021 282 2077 plane
297 2020 508 2087 mmmmm*
523 2034 590 2076 ⁰⁰³¹
605 2028 743 2077 V¹¹¹⁰s⁰¹¹¹
766 2020 929 2090 fsequenua
982 2054 1037 2113 cat,
1063 2046 1149 2101 etiam
1173 2044 1320 2101 lastidium
1344 2045 1469 2101 carnalis
1489 2045 1632 2115 appetitus
1651 2044 1733 2102 valde
1758 2043 1830 2099 insi-

77 2117 315 2182 coangustamur.
332 2109 413 2166 Unde
433 2110 575 2163 velociores
598 2110 701 2177 cqcttts
721 2110 780 2163 coeli
800 2123 927 2178 persecu-
982 2134 1082 2190 mum·
1108 2132 1169 2189 Nisi
1196 2133 1274 2188 enim
1299 2132 1439 2191 fastidire,
1461 2142 1577 2204 peccam
1599 2147 1663 2200 sua,
1694 2140 1723 2190 et
1752 2131 1830 2189 {qius

56 2234 58 2241 ι
80 2204 149 2254 tores
168 2201 257 2253 nostri
271 2205 348 2265 suut,
371 2211 438 2253 cum
457 2197 552 2253 carnis
577 2197 821 2267 incendiaque
843 2198 928 2253 nubis
981 2235 1038 2276 „011
1052 2220 1262 2292 discooperiret.

80 2286 252 2343 naturaliter
272 2285 453 2351 incumbunt,
474 2300 511 2342 ex
533 2286 594 2355 ipso
615 2284 833 2341 consuetudinis
858 2300 926 2355 usu,

79 2374 149 2446 ipsis
162 2375 248 2431 etiam
261 2375 442 2431 daemonibus
460 2373 605 2429 rabidiora
621 2381 698 2429 sunt.
721 2373 834 2444 Aquilae
850 2374 927 2429 enim
1129 2342 1261 2400 Oflfflo
1280 2343 1447 2400 JEREMIAE
1467 2341 1676 2399 PROPHETAE·

79 2477 205 2534 prosilit
232 2463 388 2533 rapacitate
410 2462 439 2517 id
458 2461 632 2533 significant.
654 2462 742 2531 Super
755 2466 855 2516 mortiet
878 2476 926 2517 ttos
1016 2468 1101 2525 Vuae.
1129 2472 1152 2522 l.
1175 2488 1240 2516 -‹
1264 2468 1431 2534 Recordare,
1448 2466 1576 2533 Domine,
1595 2465 1667 2537 quid
1692 2465 1828 2524 acciderit

79 2559 306 2623 4413841111111111,
323 2565 389 2607 011111
412 2550 440 2606 111
463 2551 526 2620 14153
540 2549 676 2620 superbia
689 2557 787 2607 ¹¹⁰⁸ii³
809 2563 860 2605 ¹¹0⁸
881 2550 927 2606 (144
983 2557 1103 2622 »nobis
1130 2556 1240 2612 intuere
1263 2564 1290 2612 et
1306 2555 1415 2626 respice
1439 2553 1625 2625 opprobrium
1653 2561 1824 2611 nostrum.»

79 2640 248 2697 moliuntur.
273 2641 307 2695 In
333 2639 437 2694 deserto
463 2639 647 2703 insidiantur,
670 2653 737 2694 441414
760 2652 842 2694 41054
869 2638 925 2695 Deo
980 2646 1157 2704 Recordatur
1172 2645 1248 2701 lteus
1264 2645 1333 2715 quid
1354 2645 1431 2698 nobis
1445 2643 1590 2709 acciderit,
1610 2656 1678 2699 cum
1690 2642 1827 2713 lapsuum

78 2727 205 2784 desertos
218 2727 254 2784 ob
269 2735 367 2783 nostra
382 2727 509 2783 lacinora
523 2733 719 2796 aucupantur.
979 2742 1143 2791 nostrorum
1170 2733 1315 2789 recordari
1331 2746 1384 2787 nos
1399 2731 1474 2788 lacit.
1503 2732 1685 2800 opprobrium
1704 2736 1827 2787 nostrtcn

469 2831 538 2871 nes.
979 2822 1120 2889 intuetur,
1145 2834 1211 2876 cum
1228 2819 1309 2886 illud,
1326 2833 1384 2889 quo
1410 2819 1505 2889 majus
1520 2818 1591 2874 nillil
1607 2826 1658 2883 est,
1684 2819 1825 2875 delectum

113 2905 199 2963 vens.
221 2906 265 2959 ati.
288 2925 351 2953 -ι
378 2903 502 2973 Spiritus
527 2903 584 2960 oris
599 2903 688 2959 nostri
711 2903 842 2959 Christus
866 2903 925 2960 Ito-
943 2943 963 2998 C
978 2918 1109 2967 nostrum
1138 2923 1156 2965 a
1186 2909 1242 2963 lieo
1267 2907 1440 2977 perpendere
1473 2915 1525 2962 aut
1552 2907 1647 2963 dolere
1682 2907 1825 2963 bortatur.

80 3014 91 3042 ι
108 2994 206 3049 minus
216 3000 318 3063 captus
333 3000 374 3049 est
390 2993 417 3047 in
436 2992 557 3062 peccatis
576 2992 690 3047 nostris.
705 2991 757 3047 cni
773 2992 921 3048 diximus:
981 2999 1061 3056 Unde
1075 3003 1221 3066 aisement
1238 2995 1371 3052 mutieres
1387 2998 1415 3050 m
1431 2995 1523 3051 lsaia:
1543 2994 1664 3064 «4444444,
1677 2995 1824 3064 inquiunt,

79 3078 92 3130 ἰ
107 3081 140 3136 44
156 3082 260 3137 umbra
273 3089 324 3137 tua
336 3082 468 3135 vivemus
483 3079 512 3135 in
534 3078 677 3149 gentibus.
700 3099 710 3126 ι
737 3080 803 3147 4444,
818 3079 924 3135 dicitur
978 3087 1166 3158 opprobrium
1182 3093 1313 3141 nostrum
1336 3085 1412 3156 (lsai.
1429 3099 1466 3151 44,
1486 3084 1521 3154 l).
1538 3104 1552 3134 s
1575 3083 1671 3153 (Vens.
1694 3082 1721 3153 a)
1740 3104 1751 3132 ι
1768 3084 1827 3138 4444-

76 3171 202 3239 sptrttus.
224 3170 344 3238 Spiritus
366 3175 462 3223 autem
479 3168 534 3221 oris
557 3169 654 3231 nostri,
672 3165 860 3238 intelligentia
881 3174 924 3222 est
979 3192 992 3221 »
1009 3171 1116 3227 reditas
1130 3177 1229 3225 nostra
1243 3182 1327 3224 versa
1339 3176 1382 3224 est
1396 3168 1432 3222 ad
1454 3167 1568 3231 alienos,
1591 3167 1694 3223 domus
1721 3173 1825 3222 nostrae

76 3258 169 3314 curtils
194 3257 351 3313 nostrum
378 3257 453 3311 enim
476 3269 527 3326 pro
551 3254 629 3308 44444
653 3254 779 3324 ponitur,
802 3262 835 3310 ut
856 3263 921 3311 est:
980 3260 1048 3315 ‚ad
1062 3266 1225 3315 extraneos.
1250 3277 1259 3307 ι
1284 3257 1436 3311 ttaercdttcc
1458 3262 1564 3320 nostra,
1585 3268 1706 3325 corpora
1728 3262 1825 3310 nostra

78 3365 89 3394 ι
104 3344 141 3402 04
153 3346 223 3417 justi
237 3345 421 3401 meditabitur
433 3342 602 3412 sapientiam
615 3342 700 3413 (Paci.
716 3356 815 3401 xxxvi.
832 3341 892 3413 ³⁰lt
910 3363 921 3391 »
976 3350 1045 3398 sunt
1064 3358 1129 3413 quae
1144 3344 1262 3400 mitibus
1276 3344 1331 3399 sub
1346 3344 1440 3414 specie
1463 3351 1546 3400 terrae
1564 3345 1593 3399 in
1617 3343 1824 3413 possessionem

75 3440 124 3490 et:
157 3455 168 3482 ι
197 3432 365 3490 Voluntaria
401 3432 459 3487 oris
484 3431 537 3486 mei
562 3430 738 3500 beneplacita
767 3429 811 3485 lac
837 3429 921 3498 (Psoi.
976 3433 1117 3500 promissa
1132 3439 1208 3487 sunt.
1226 3432 1292 3488 llaec
1304 3432 1341 3486 cd
1363 3434 1465 3486 utiertcs
1480 3430 1612 3498 vertitur,
1629 3445 1695 3486 cum
1720 3430 1823 3487 vitium

75 3536 170 3589 4444444,
197 3523 267 3590 ida).
294 3542 305 3570 4
332 3522 396 3590 1444
420 3521 541 3589 Spiritus
565 3518 696 3575 Cirristus
719 3517 860 3573 Dominus
885 3519 923 3573 di·
976 3518 1123 3588 quodlibet
1147 3533 1180 3575 ea
1201 3519 1341 3576 abutitur.
1367 3523 1465 3574 Domus
1487 3523 1586 3574 nostra
1609 3518 1645 3574 ad
1670 3526 1824 3575 extraneos

74 3611 159 3679 citur,
183 3609 253 3681 quia
274 3619 301 3666 44
327 3609 431 3680 ungia
454 3609 511 3664 lieo
525 3608 549 3663 ei
572 3606 733 3676 specialiter
754 3606 866 3673 attinet,
895 3614 922 3662 et
975 3614 1141 3673 vertuntur,
1154 3621 1221 3663 cum
1236 3615 1345 3664 nostrae
1362 3607 1541 3663 conscientiae
1557 3606 1592 3662 ad
1611 3620 1669 3672 eos,
1685 3606 1737 3676 qui
1753 3606 1824 3663 nibil

74 3699 217 3757 dominari
234 3714 300 3756 cum
314 3714 370 3756 non
384 3700 480 3754 minus
493 3698 582 3753 decet.
599 3697 626 3751 ls
645 3700 675 3749 ia
689 3687 790 3751 nostris
803 3699 922 3765 peccatis
973 3694 1048 3766 jnris
1068 3695 1099 3750 in
1113 3695 1205 3763 nobis,
1219 3695 1275 3751 nisi
1290 3710 1327 3751 ex
1341 3704 1439 3751 nestra
1453 3695 1614 3765 proditione
1628 3694 1746 3763 babent,
1768 3695 1823 3752 sci-

73 3789 196 3858 capitur,
223 3803 291 3843 cum
305 3801 405 3844 corum
421 3785 643 3855 superveniente
657 3783 773 3840 servitio
789 3783 825 3840 ab
841 3784 920 3840 arbi·
976 3782 1041 3839 licet
1056 3783 1210 3850 daemones,
1223 3783 1437 3854 intorquentur.

73 3876 120 3932 trit
141 3876 187 3932 sui
210 3875 338 3932 libertate
354 3875 496 3944 privatur.
513 3874 569 3926 Cttt'
592 3872 719 3938 dicimus,
748 3870 776 3926 id
790 3878 842 3937 est,
870 3884 919 3925 as·
1011 3870 1096 3928 Vnus.
1122 3873 1191 3926 3.-
1212 3894 1220 3920 t
1245 3872 1360 3942 Pupulli
1386 3871 1453 3928 iacti
1475 3886 1577 3928 sumus
1601 3873 1710 3942 absque
1731 3879 1822 3942 patre,

73 3964 213 4021 cribimus
234 3963 311 4034 quod
334 3962 388 4019 sub
404 3962 508 4017 umbra
530 3962 593 4031 ejus
608 3961 704 4015 vivere
728 3959 870 4029 possimus
890 3960 920 4012 itt
978 3967 1111 4015 »matres
1136 3967 1240 4016 nostrae
1255 3974 1342 4031 quasi
1366 3960 1502 4016 viduae.»
1529 3961 1639 4030 Absque
1663 3965 1743 4030 patre
1768 3959 1823 4016 tui·

73 4053 208 4122 gentibus,
233 4051 309 4120 quod
327 4050 457 4105 videlicet
477 4049 532 4105 sub
555 4049 679 4118 imagine
701 4046 832 4114 rationis,
861 4060 920 4102 non
974 4061 1050 4114 mus,
1067 4048 1116 4118 qui
1131 4047 1287 4116 diabolum,
1304 4049 1354 4118 qui
1369 4048 1529 4105 secundum
1553 4062 1650 4105 veram
1670 4048 1823 4104 essentiam

74 4140 104 4195 in
124 4140 231 4208 azymis
245 4137 426 4204 sinceritatis,
443 4135 575 4194 saeculari
591 4135 723 4190 videlicet
739 4134 796 4201 illa,
813 4134 848 4189 de
861 4146 921 4204 qua
974 4148 1034 4190 esse
1055 4134 1148 4201 desiit,
1168 4141 1277 4204 patrem
1292 4134 1458 4191 babuimus.
1475 4137 1512 4192 lte
1528 4137 1588 4207 ipso
1601 4136 1678 4192 enim
1693 4135 1821 4207 legitur:

73 4241 162 4297 supra
195 4225 332 4291 diximus,
367 4225 480 4281 cautela
516 4238 567 4280 nos
594 4223 668 4279 inter
695 4222 765 4277 vitia
801 4220 1142 4291 palliarcu«llabitcnt
1166 4221 1195 4277 in
1211 4221 1398 4279 tabernaculo
1419 4223 1483 4294 ejus
1508 4223 1575 4279 socii
1590 4223 1663 4295 ejus,
1690 4223 1821 4294 quinon

73 4329 226 4388 queamus.
975 4318 1017 4366 est
1042 4311 1111 4378 (lob.
1135 4325 1215 4374 44444,
1243 4310 1297 4380 lb).
1327 4333 1337 4358 ι
1362 4313 1462 4366 Matres
1490 4318 1589 4367 4444444
1614 4314 1695 4383 quusi
1720 4313 1820 4380 vidua,

467 4416 533 4456 stu.
976 4398 1044 4464 Deo,
1061 4399 1191 4468 quivere
1206 4398 1284 4455 solus
1298 4407 1351 4468 est,
1366 4408 1496 4456 carentes
1508 4400 1642 4472 conjuge.

108 4493 194 4550 Vens.
210 4494 256 4546 al.
284 4520 314 4529 -
334 4511 347 4539 c
364 4489 463 4546 Gaude
480 4495 507 4544 et
523 4488 629 4556 laetare,
643 4485 704 4542 litia
726 4485 829 4552 Edem,
855 4499 921 4556 quae
1010 4486 1096 4543 Vens.
1109 4486 1136 4539 4.
1153 4517 1187 4525 -
1205 4509 1214 4536 ι
1232 4489 1343 4557 uquam
1362 4495 1487 4544 nostram
1504 4490 1628 4559 pecunia
1643 4488 1779 4556 bibimus,
1794 4496 1821 4545 et

75 4580 217 4637 thabitas
243 4579 273 4633 in
305 4585 381 4634 terra
407 4577 479 4633 Hus.
506 4576 548 4630 Ad
574 4583 601 4631 te
630 4589 746 4646 quoque
775 4575 921 4644 perveniet
978 4573 1084 4645 »ligna
1106 4581 1204 4630 nostra
1220 4575 1309 4643 pretio
1324 4576 1565 4645 comparavimus.
1585 4598 1595 4625 ι
1614 4579 1723 4646 aquam
1737 4592 1820 4634 suam

76 4667 189 4736 »calix‚
214 4666 413 4733 inebriaberis,
439 4673 526 4734 atque
552 4662 717 4719 nudaberis.
748 4681 760 4716 ι
789 4663 848 4731 Sin,
874 4662 920 4718 di·
974 4665 1090 4734 peecata
1113 4662 1195 4727 bibit,
1212 4663 1264 4733 qui
1283 4663 1421 4734 vapidum
1441 4671 1546 4721 statum
1566 4679 1663 4733 suum,
1688 4674 1716 4723 et
1737 4666 1821 4736 spiri-

73 4756 148 4813 citur
164 4758 231 4811 cito.
251 4754 382 4811 Gaudere
401 4767 469 4824 ergo
484 4760 511 4808 44
528 4751 618 4808 laetari
633 4751 691 4806 tilia
706 4751 796 4808 Edorn
818 4751 920 4821 praeci-
975 4749 1133 4808 tnattsvini
1148 4749 1241 4807 calore
1256 4752 1383 4808 alienum
1398 4751 1526 4822 impensa
1543 4754 1653 4823 pecuali
1668 4754 1822 4810 stoliditate

73 4845 161 4916 pitur,
178 4844 248 4901 dum
264 4850 378 4899 terrena
395 4855 474 4897 mens
489 4842 518 4896 in
534 4841 682 4910 praeputio,
699 4848 727 4896 44
740 4842 837 4897 carnis
860 4855 920 4897 suae
975 4838 1086 4896 coemit.
1102 4839 1228 4895 Pecunia
1242 4840 1318 4896 enirn
1341 4857 1358 4894 c
1379 4841 1521 4910 pecoribus
1536 4841 1611 4898 dicta
1629 4850 1681 4911 est,
1701 4842 1822 4913 quiade

73 4932 186 5002 sepulta
200 4930 310 4987 delictis
324 4927 465 4984 viciniora
477 4927 579 4984 salutis
592 4926 720 4995 oliendit,
736 4935 764 4984 et
778 4927 815 4983 ad
831 4928 920 4992 vitam
975 4941 1111 4999 pecorum
1132 4927 1193 4983 lieri
1208 4927 1317 4985 solebat
1338 4929 1509 5000 tergoribus.
1527 4930 1618 5000 Ligna
1633 4938 1732 4986 nostra
1754 4944 1822 5000 pre-

73 5018 233 5089 respirandi
261 5017 387 5087 corporis
414 5024 443 5072 44
474 5016 587 5081 anima,
624 5029 675 5086 pro
704 5030 763 5086 quo
795 5023 921 5085 utroque
975 5016 1012 5070 tio
1026 5016 1269 5085 comparavimus,
1286 5029 1353 5072 cum
1369 5016 1628 5083 insensibilitatem,
1643 5024 1670 5072 ct
1690 5017 1822 5074 merubi-

74 5107 202 5180 gauderc
221 5113 248 5163 et
270 5106 361 5162 lactari
377 5104 503 5174 iubetur,
524 5118 626 5161 causas
643 5105 752 5170 incidit,
774 5117 841 5159 curn
867 5116 920 5157 ve·
974 5102 1025 5158 dos
1049 5101 1136 5157 animi
1165 5110 1193 5157 ct
1218 5104 1346 5172 corporis
1373 5103 1490 5161 babitus
1518 5105 1584 5160 dato
1614 5105 1704 5174 pretio
1735 5105 1822 5161 totius

73 5195 156 5251 niens
170 5194 207 5249 ad
221 5193 398 5265 Babylonem
423 5191 461 5248 ibi
477 5191 592 5248 liberari
609 5193 723 5275 incipit.⁴
733 5191 824 5247 Edem
841 5190 920 5247 enim
975 5188 1176 5245 rationalitatis
1191 5189 1380 5260 acquirimus.

72 5289 195 5340 44444444
210 5280 325 5337 dicitur.
352 5279 442 5336 Edem
464 5286 559 5336 444444
577 5281 637 5349 titia
659 5277 771 5335 allectio
796 5283 838 5333 est
852 5290 920 5334 car·
1010 5274 1219 5333 tunsa-1
1244 5277 1411 5335 Certimbus
1433 5278 1630 5345 minabamur,
1656 5277 1739 5335 lassis
1762 5291 1820 5333 non

71 5372 131 5427 nali
159 5375 255 5426 mente
280 5371 441 5439 progenita,
471 5368 533 5424 baec
556 5367 667 5422 habitat
690 5368 720 5419 in
743 5369 818 5420 terra
841 5363 917 5432 Hcs,
977 5384 988 5412 »
1011 5363 1137 5421 dabatur
1154 5366 1277 5436 requies.
1302 5365 1600 5434 »Cerviceminatuq
1615 5365 1664 5421 cui
1682 5365 1821 5436 superbia

70 5474 136 5531 444
160 5458 368 5524 4444444444444
381 5459 495 5524 festino,
512 5469 545 5511 ac
558 5461 708 5525 peccatum
724 5451 826 5523 utique
849 5466 920 5522 praa·
973 5451 1149 5509 dominatur.
1166 5453 1329 5511 cervicosos
1342 5454 1418 5511 enim
1439 5453 1579 5525 superbos
1594 5452 1726 5511 dicimus.
1749 5456 1821 5510 Los-
