3818 6008
71 201 121 256 ait
518 201 548 255 V.
569 198 733 255 uultult'tt
754 199 902 255 tuentis
919 202 949 255 S.
969 200 1089 255 MXRIAE
1108 199 1153 254 DE
1173 196 1371 254 novtdnnro
1769 195 1819 248 tis

70 351 208 406 regressus
221 341 261 392 est
278 337 360 392 lacot
375 336 408 390 de
425 337 621 404 Mesopotamia
641 336 743 403 spria3
768 341 793 389 et
808 335 917 390 latito·
936 334 1107 395 dicationis
1120 333 1273 389 adimendo
1296 332 1497 389 sinceritatem.
1516 331 1640 387 adamat
1662 331 1749 387 eliam
1773 346 1821 401 per

71 423 361 497 oitjuetooppidum,
378 425 464 480 idest
488 425 600 494 ubiner
624 425 800 480 vocationem
827 423 917 480 subli-
973 422 1164 493 suggestionis
1194 422 1413 492 susceptionem,
1444 420 1520 490 rapit
1558 434 1608 490 per
1635 434 1820 487 consensum,

35 503 38 507 ’
73 513 433 580 ειειιι,(1ιιίιιιιιιειίιιοει,
463 513 593 568 elevetur
616 512 652 569 ab
682 513 758 580 imis,
774 521 801 569 et
825 513 861 568 ad
889 526 918 568 se
973 511 1077 567 dormit
1092 525 1143 581 per
1157 509 1277 566 actionis
1292 508 1458 565 illationem.
1485 508 1634 564 iloceuim
1657 508 1821 579 syllogismo

72 601 191 671 spiritus
206 609 301 657 noster
314 601 487 671 regreditur,
504 609 531 656 et
550 601 578 655 in
603 600 746 672 adjutorio
769 598 917 667 ditissimi,
975 599 1186 670 uertentium.
1208 598 1246 669 3.)
1265 597 1490 669 conglutinatur
1509 600 1603 652 animo
1622 598 1681 667 ejus
1705 612 1765 652 carn
1780 613 1820 662 eo,

73 690 125 759 qui
142 704 207 745 vere
222 690 304 746 uobis
322 703 403 758 opem
418 688 477 753 dat,
494 689 577 759 quasi
601 690 687 759 juxta
703 687 842 759 oppidum
863 689 919 743 ba·
973 688 1110 757 cumipse
1125 687 1222 742 livoris
1237 686 1366 751 irnentin,
1385 686 1462 756 quod
1487 692 1528 742 εει
1548 699 1585 741 ex
1605 685 1729 741 allorum
1753 684 1823 741 inia-

74 777 145 833 bitat
174 778 256 844 (Psoi.
285 792 331 844 xc,
368 776 406 848 l.)
438 777 531 848 (Vnus.
567 778 625 845 te.)
655 778 787 847 Emitque
814 782 920 846 purtem

72 868 144 932 egri,
160 865 187 920 id
203 873 245 922 est
259 873 367 936 partem
380 866 479 932 animi,
491 865 540 935 qui
561 879 630 936 ager
645 866 726 921 cultu
740 865 847 938 dignus
865 872 918 931 est,

72 951 178 1009 scilicet
193 953 287 1023 ipsum
314 954 459 1010 carnalem
482 953 626 1020 allectum,
658 953 708 1023 qui
737 953 825 1009 animi
853 967 920 1024 pars

974 776 1032 830 mia
1044 776 1090 830 sui
1106 775 1196 845 ipsius
1212 775 1364 845 provectio,
1378 773 1536 845 ‹quequasi
1552 774 1685 843 quaedam
1706 772 1822 828 invidiae

974 863 1081 930 anima,
1100 870 1152 930 est,
1180 862 1348 919 medullitus
1369 862 1497 917 adbaerct
1518 861 1680 917 discretioni
1706 869 1819 916 nostrae.

976 954 1090 1006 Tristem
1104 952 1246 1006 blanditiis
1271 950 1381 1017 delinit,
1405 964 1472 1007 cum
1491 949 1577 1020 coepti
1601 949 1662 1006 vitii
1685 950 1824 1019 pmniten-

73 1039 191 1096 inlerior
204 1048 256 1108 est,
270 1050 297 1098 et
313 1043 340 1097 in
353 1056 412 1112 qua
426 1042 586 1111 spiritualis
601 1041 708 1098 militie
734 1042 920 1098 tabernacula

70 1127 132 1198 jam
148 1128 323 1185 visceraliter
334 1129 445 1186 iixerat.
471 1133 555 1194 droit,
582 1131 712 1199 inquam,
736 1145 831 1186 eante
854 1132 919 1198 pitis

973 1048 1029 1096 tem
1046 1039 1203 1110 aliquando
1215 1054 1251 1095 ex
1269 1038 1388 1095 alterius
1403 1039 1506 1107 probro
1523 1047 1590 1092 nata
1607 1037 1660 1093 sibi
1686 1037 1770 1093 laude
1785 1051 1824 1092 so

975 1129 1061 1196 latur,
1076 1137 1103 1185 ει
1119 1127 1212 1199 ungit.
1237 1128 1333 1198 (Vens.
1356 1129 1396 1196 l.)
1413 1130 1520 1182 Putrem
1545 1127 1651 1180 Homer
1673 1132 1767 1196 rogat,
1792 1134 1824 1181 ut

72 1218 172 1272 Homer
179 1221 269 1286 putris
284 1220 387 1275 Sionem
408 1225 512 1273 centum
534 1223 623 1286 uptiis,
639 1232 765 1289 expense
790 1218 921 1274 videlicet
975 1218 1027 1274 sibi
1039 1220 1106 1272 berte
1117 1219 1253 1286 conjugem
1263 1216 1393 1285 accipiat,
1406 1230 1472 1271 curn
1484 1214 1673 1284 cupiditatum
1689 1213 1824 1270 libidines

73 1307 202 1363 omnium
219 1307 308 1376 pretio
321 1307 514 1377 voluptatum,
538 1307 633 1378 abegit
656 1321 718 1362 earu
739 1308 774 1363 ab
787 1307 922 1377 operibus
975 1307 1117 1369 admovet,
1130 1303 1693 1362 ulmisernmanimatnlenocinandosibi
1706 1303 1822 1358 trineiat.

72 1395 177 1463 caruis,
194 1396 313 1466 quaeuil
330 1396 512 1465 aliudquam
529 1395 655 1451 laborem
672 1397 700 1450 iu
717 1396 922 1466 nobisprocre·
1011 1395 1097 1453 Vnus.
1115 1399 1140 1448 5.
1157 1422 1191 1432 -
1215 1392 1292 1458 Quod
1326 1408 1385 1447 oum
1413 1392 1534 1446 audisset
1558 1392 1639 1446 tecet
1665 1391 1822 1447 uisentibus

72 1485 174 1549 abant;
190 1492 329 1554 tanquam
341 1499 358 1537 α
372 1485 439 1545 tiliis
454 1486 559 1550 liemon,
577 1485 655 1554 quod
669 1492 711 1540 est
734 1485 843 1552 asinus,
866 1499 920 1553 po·
975 1485 1051 1554 pitis,
1067 1487 1091 1536 et
1114 1486 1143 1537 in
1162 1488 1244 1552 postu
1264 1484 1402 1550 occupetis
1420 1496 1554 1550 pecorum,
1577 1481 1655 1534 siluit
1675 1480 1757 1535 donec
1777 1496 1823 1534 re-

72 1575 122 1628 tris
136 1573 251 1635 sienem,
267 1572 345 1643 quod
359 1581 401 1629 est
413 1572 513 1641 dabor,
532 1581 563 1630 ut
586 1573 746 1629 secuudum
772 1574 863 1629 Deum
888 1587 922 1628 ea
976 1574 1075 1628 dicent.
1093 1572 1175 1627 llatiu
1199 1578 1296 1626 nostra
1317 1570 1391 1625 hauc
1413 1569 1459 1625 sui
1482 1569 1695 1638 corruptionem
1720 1568 1824 1624 intelli-

73 1667 211 1728 uteretur,
228 1674 288 1731 qua
302 1661 368 1716 olim
382 1662 486 1717 saeculo
502 1675 572 1717 usus
596 1662 689 1717 luerat
705 1677 711 1715 :
728 1661 806 1732 quod
828 1668 918 1717 tolum
942 1632 961 1686 Β
976 1661 1017 1733 git
1028 1660 1164 1730 operibus
1175 1673 1225 1729 per
1238 1660 1340 1715 inanes
1355 1657 1471 1729 glorias,
1483 1671 1549 1727 quae
1571 1655 1691 1728 quidam
1711 1656 1826 1713 rorasti-

72 1755 176 1806 eentum
191 1752 280 1817 ognis,
293 1749 321 1804 id
331 1757 372 1807 est
383 1750 507 1820 perlecta
523 1750 684 1806 bumilitate
695 1763 728 1806 ac
738 1750 921 1820 simplicitate
974 1763 1076 1805 corum
1088 1761 1226 1804 sensuum
1243 1755 1342 1818 pastus
1360 1754 1443 1814 sunt;
1468 1745 1513 1801 bis
1527 1745 1603 1801 enim
1628 1759 1764 1815 pecorum
1787 1746 1824 1801 si-

71 1837 224 1894 emeritum
237 1845 288 1893 est.
306 1838 399 1908 (Vens.
412 1839 517 1906 ibiibi
533 1839 618 1908 erigit
632 1839 731 1906 altare,
748 1839 817 1908 quia
836 1838 920 1894 sidem
975 1838 1056 1895 miles
1072 1850 1183 1903 sumus,
1200 1836 1308 1906 ubique
1322 1833 1477 1898 distractis,
1493 1834 1541 1890 sed
1557 1833 1669 1889 silentio
1686 1847 1703 1888 a
1718 1832 1826 1903 eupidi-

72 1927 205 1983 sublevat
220 1940 269 1997 per
284 1926 493 1983 adminiculum
503 1927 676 1997 operationis
690 1927 787 1997 iustae.
805 1928 922 1984 invocat
976 1931 1068 1980 tatum
1083 1925 1204 1993 strepitu
1229 1923 1302 1978 lacto
1323 1922 1453 1977 redeunt.
1474 1921 1569 1990 (Vens.
1595 1925 1620 1988 6,
1642 1922 1683 1990 7.)
1712 1925 1826 1991 Egresso

72 2012 419 2083 superilludtortissimnm
428 2014 792 2082 beumlsrnei,cumsuper
807 2013 922 2069 illudue
976 2018 1065 2066 autern
1086 2014 1183 2066 llcrnor
1207 2015 1286 2080 petre
1308 2009 1413 2065 Sicdem
1436 2013 1478 2074 ut,
1491 2010 1644 2078 loqueretur
1666 2010 1703 2063 od
1727 2011 1825 2077 Jacob,

73 2101 97 2156 si
110 2100 331 2156 fundamentum
355 2102 490 2169 innitens,
505 2110 585 2157 vocat
601 2101 630 2156 io
650 2115 679 2157 se
697 2103 787 2157 Deum
806 2102 923 2157 tortissi-
976 2107 1001 2156 et
1017 2116 1073 2155 ecce
1087 2101 1141 2169 plii
1163 2100 1222 2168 ejus
1243 2099 1385 2154 ueniebant
1413 2097 1446 2152 de
1469 2113 1548 2166 ogro;
1580 2098 1728 2167 auditoque
1755 2099 1828 2169 quod

74 2203 165 2255 mum,
180 2203 236 2244 non
251 2190 409 2258 solumbis,
425 2191 516 2247 sedet
536 2190 600 2246 aliis
614 2205 679 2246 cum
700 2191 787 2246 datur
803 2191 839 2246 ab
864 2191 922 2260 ipso
976 2189 1123 2255 occideret,
1143 2190 1210 2242 ireti
1233 2192 1296 2242 sunt
1308 2186 1396 2251 ratde,
1420 2186 1539 2256 eoquod
1562 2187 1664 2253 smmum
1688 2203 1745 2241 rem
1765 2202 1826 2256 ope-

73 2277 201 2333 elnoacta
217 2278 370 2348 principari
385 2293 451 2334 cunt
471 2279 528 2334 Dec
543 2293 630 2348 super
643 2278 722 2334 vitia.
740 2279 826 2335 lsrael
846 2279 922 2335 enim
976 2280 1136 2332 rotusesset
1161 2278 1190 2329 in
1209 2276 1303 2341 lsrael,
1326 2280 1351 2328 et
1369 2274 1548 2337 eiolotofilio
1569 2275 1662 2345 Jeeot,
1685 2290 1742 2329 rem
1771 2276 1827 2329 illi-

73 2365 200 2433 princeps
216 2378 275 2417 cunt
286 2365 337 2417 lico
352 2363 467 2419 dicitur.

370 2485 487 2543 CAPUT
503 2486 634 2543 XXXIV.

112 2591 203 2646 Vicus.
221 2592 246 2643 l.
267 2620 295 2630 -
315 2592 431 2658 Egressn
449 2595 488 2644 est
509 2595 597 2644 eutem
624 2593 692 2645 liiiio
707 2608 712 2645 :
729 2593 789 2660 pilio
813 2595 878 2661 tie,
894 2597 925 2647 ut

76 2678 181 2732 uideret
212 2678 336 2732 mulieres
364 2680 482 2744 regionis
510 2680 593 2733 illius.
620 2680 694 2735 Dina
719 2680 925 2751 interpretatur

76 2766 210 2820 indicium
221 2765 305 2819 istud.
325 2766 357 2820 ln
373 2765 440 2836 quo,
456 2765 499 2820 vel
516 2767 544 2820 in
565 2780 624 2836 qua
638 2767 796 2837 accipimus
810 2768 926 2824 'disere-

78 2856 195 2922 tionem,
214 2867 279 2923 quae
295 2860 322 2909 et
341 2853 404 2923 ipsa
431 2853 574 2924 judicium
598 2870 672 2926 saepe
688 2865 816 2914 vocatur.
847 2856 926 2912 lstud

79 2949 176 2999 autem
204 2956 271 2998 cum
298 2943 334 2997 sit
360 2942 628 3012 demonstrativum,
659 2959 720 3001 rem
757 2930 964 3015 prasentemC

79 3030 234 3103 siguificat,
249 3037 277 3086 ει
291 3030 330 3086 nil
346 3034 438 3102 magis
453 3031 481 3086 in
498 3039 633 3102 promptu
648 3045 709 3087 esse
725 3031 818 3095 debet,
836 3046 923 3102 quem

80 3119 212 3176 discretio
227 3132 340 3189 semper
352 3120 521 3176 necessaria.
544 3121 610 3176 lime
624 3120 781 3191 egreditur,
807 3134 873 3176 cum
889 3121 926 3176 ad

80 3207 203 3264 aliorum
218 3207 397 3264 discutienda
418 3208 533 3264 iudrma
553 3216 616 3264 acta
635 3209 761 3265 ducitur.
784 3211 856 3264 Filio
870 3210 927 3264 lie

80 3295 195 3362 dieitur,
213 3295 282 3366 quia
293 3297 415 3352 actualis
426 3298 485 3352 vita
504 3311 555 3367 per
569 3297 645 3352 banc
668 3304 695 3352 et
708 3305 783 3354 recte
804 3297 927 3353 secunda

81 3384 235 3440 invenitur.
265 3384 316 3441 Ubi
346 3385 422 3441 enim
450 3386 489 3441 nil
505 3386 690 3454 discernitur,
704 3385 743 3441 nil
763 3393 805 3442 est
828 3385 928 3455 utique

80 3471 158 3542 quod
183 3472 290 3543 agitur.
311 3475 435 3528 Mulieres
458 3477 574 3540 regionis
599 3474 743 3541 videntur,
760 3487 827 3529 eunt
843 3473 928 3543 tepidi

80 3560 210 3631 ejusdem
242 3569 346 3618 nostrae
378 3563 525 3634 religionis
561 3565 744 3618 exsecutores
779 3568 926 3617 notantur.

81 3651 179 3722 (teas.
203 3651 241 3722 ².)
264 3654 345 3709 Hanc
368 3651 445 3707 videt
468 3653 574 3708 Siclrem
591 3652 669 3720 filios
695 3653 792 3706 Homer
820 3652 927 3718 Hermi,

81 3744 267 3817 quandosibi
288 3743 362 3799 banc
383 3740 480 3812 allegit
508 3739 637 3808 allectus,
669 3742 697 3797 in
726 3756 784 3812 quo
812 3754 930 3810 prorsus

82 3834 231 3891 laboratur
259 3831 382 3897 invidie,
409 3829 484 3885 asini
506 3843 608 3885 revera
630 3829 743 3900 pessimi
771 3829 857 3895 lilius,
893 3843 930 3885 ex

82 3923 243 3979 carnalium
258 3919 448 3989 cupiditatum
472 3918 594 3986 pessimo
617 3917 728 3973 lervore
752 3918 928 3988 progenitus.

83 4011 189 4067 Homer
215 4009 292 4065 enlm
321 4009 430 4072 osinus;
461 4006 583 4061 llevaeus
609 4007 744 4075 pessimus
771 4006 816 4062 vel
839 4008 929 4073 terns3

83 4099 195 4156 Siebem
225 4097 302 4152 lotor
327 4094 441 4150 dicitur.
464 4093 508 4149 Er
538 4093 649 4149 levitate
677 4108 746 4150 saue
777 4093 932 4164 corporalis

82 4185 328 4257 concupiscentia,
343 4197 409 4252 quae
422 4182 502 4238 asino
517 4181 658 4253 signatur,
676 4182 835 4239 innascitur
861 4196 931 4238 con-

84 4285 128 4333 tra
144 4275 215 4331 alios
234 4274 315 4331 labor
330 4271 455 4339 invidiae,
481 4286 547 4342 qum
560 4285 610 4340 pro
636 4277 712 4327 corto
727 4271 808 4328 nulla
823 4271 930 4327 lruitur

83 4364 189 4436 quiete.
208 4362 314 4419 Debeo
329 4361 406 4417 enim
421 4360 528 4416 dicitur
545 4359 622 4430 quod

118 4481 223 4535 iustius
239 4476 347 4531 inuidia
361 4476 432 4528 nituit
445 4478 495 4540 est,
511 4489 570 4543 qua
584 4476 713 4543 primitus
727 4476 816 4544 ipsum

157 4554 298 4605 ducwrem
312 4547 397 4611 rodit,
413 4545 614 4615 discruciatque
624 4560 709 4599 suum.

87 4671 155 4722 m
185 4664 230 4722 Ad
254 4664 308 4720 boc
333 4661 416 4732 plano
431 4659 553 4717 sciendae
576 4661 698 4717 alienum
724 4659 858 4730 qualitati
886 4659 932 4713 in-

84 4754 208 4822 hiamus,
237 4759 269 4808 ut
294 4764 361 4806 cum
381 4763 477 4805 uaevos
493 4747 628 4803 vitiorum
644 4747 674 4802 in
695 4746 735 4802 eis
764 4746 931 4816 reperimus,

84 4843 219 4898 honorem
232 4840 297 4896 inde
313 4837 395 4894 nobis
414 4837 536 4894 crevisse
552 4843 696 4906 putemus,
719 4835 789 4906 quia
812 4834 933 4891 iuferius

85 4931 137 4987 bns
159 4929 300 4985 videmus.
318 4929 446 4996 Princeps
467 4932 510 4981 cst
533 4926 631 4979 liemor
649 4928 726 4978 terroe
752 4924 933 4993 llevaeorum,

84 5019 155 5091 quia
182 5016 295 5073 asinina
322 5024 350 5072 et
388 5014 490 5070 stolida
516 5013 659 5083 cupiditas
685 5011 788 5067 leritati
816 5012 934 5068 omuino

46 5175 49 5185 .
85 5106 267 5177 principatur
299 5111 487 5160 terrenorum.
509 5102 561 5170 Qui
584 5108 680 5156 autem
707 5099 837 5168 cupiunt,
857 5100 932 5155 invi·

85 5196 152 5252 dent
174 5193 299 5263 prolecto
328 5191 392 5248 aliis
416 5193 494 5263 quod
516 5191 646 5261 cupiunt.
668 5189 790 5244 tuamet
822 5187 934 5244 Sicbem

85 5283 198 5350 binam,
215 5282 284 5353 quia
300 5280 412 5337 affectat
425 5280 504 5336 labor
520 5277 635 5333 invidiae
646 5276 804 5334 distrahere
816 5276 852 5332 ab
868 5276 934 5332 ani-

85 5386 132 5429 mo
144 5368 190 5427 sui
206 5369 296 5441 ipsius
308 5369 517 5425 discretionem.
543 5367 626 5436 llaplt
641 5380 707 5421 cum
733 5365 857 5422 aliorum
880 5364 934 5422 sibi

39 5514 42 5517 ,
88 5461 160 5517 vitas
181 5458 323 5514 discutere
342 5456 425 5512 dulce
444 5455 529 5524 sapit.
559 5455 668 5510 Dormit
692 5468 758 5510 cum
774 5453 823 5510 illa
841 5454 868 5511 vi
884 5469 933 5526 op-

86 5547 215 5620 primens
228 5543 381 5618 virginem,
403 5543 473 5599 dum
484 5541 525 5597 illi
541 5541 716 5600 unanimiter
730 5541 867 5601 miscetur
890 5542 934 5600 in·

977 2368 1059 2420 citum
1073 2369 1263 2434 perpetrasset.
1273 2364 1358 2419 Facto
1378 2363 1490 2419 silentio
1512 2363 1615 2419 llemor
1629 2363 1777 2433 egreditur
1797 2369 1828 2420 ut

979 2454 1015 2510 ad
1029 2454 1115 2510 Jacob
1134 2453 1281 2523 loquatur,
1304 2452 1373 2522 quia
1399 2451 1546 2522 consopita
1562 2452 1647 2508 turba
1662 2452 1767 2509 mentis
1782 2467 1829 2508 cu-

979 2542 1083 2613 piditas
1096 2541 1220 2597 carnalis
1241 2540 1346 2611 quietis
1369 2540 1521 2610 impatiens
1537 2541 1588 2596 diu
1611 2540 1694 2596 silere
1710 2555 1768 2597 nou
1784 2555 1829 2611 pa-

979 2631 1059 2698 titur,
1087 2630 1135 2685 sed
1172 2629 1310 2685 rationem
1343 2629 1462 2700 aggredi
1490 2627 1610 2699 cupiens
1639 2630 1828 2700 evagantium

979 2731 1099 2788 operum
1115 2716 1209 2772 reditu
1233 2730 1266 2772 ac
1281 2716 1458 2772 restrictione
1474 2715 1638 2795 olieuditur.
1659 2716 1738 2787 Opus
1752 2718 1828 2788 quod

979 2805 1091 2871 accidit,
1117 2805 1252 2872 audiunt,
1278 2805 1505 2869 etirascuutur,
1533 2819 1600 2861 cum
1625 2806 1698 2861 ratio
1720 2820 1830 2862 memor

982 2900 1110 2949 veterum
1131 2893 1273 2960 laborum,
1296 2907 1332 2948 ex
1357 2892 1424 2961 ipsis
1441 2891 1577 2961 operibus
1599 2892 1719 2948 docetur
1732 2906 1829 2962 quau-

980 2989 1042 3038 tnm
1062 2989 1161 3038 contra
1186 2980 1339 3037 leedltatem
1365 2981 1484 3036 internae
1510 2981 1763 3050 constuprationis,
1787 2997 1830 3038 me

980 3069 1081 3125 merita
1095 3083 1215 3139 operum
1232 3068 1340 3137 perdat,
1356 3074 1383 3123 ει
1396 3067 1491 3123 ιιοιειε
1505 3067 1616 3132 debeat,
1642 3082 1708 3125 cum
1724 3069 1831 3126 discre-

981 3158 1019 3213 tio
1035 3158 1152 3214 rationis
1168 3157 1226 3212 nlla
1241 3157 1277 3212 ad
1297 3157 1383 3212 totius
1403 3157 1508 3226 lepram
1522 3158 1635 3227 generis
1648 3157 1776 3214 vitietur.

1016 3247 1102 3303 Vnus.
1119 3249 1144 3312 8,
1161 3249 1233 3300 9.-
1249 3247 1381 3315 Loquitur
1402 3247 1496 3314 itaque
1515 3246 1612 3300 liemon
1634 3246 1671 3299 od
1692 3262 1758 3301 eos:
1783 3248 1830 3303 Si-

981 3335 1054 3389 cltem
1068 3337 1121 3404 tilii
1133 3337 1186 3389 mei
1205 3334 1320 3388 udliaesit
1344 3336 1436 3388 uroimu
1459 3335 1523 3402 tilia
1545 3340 1648 3389 vestrae.
1676 3336 1746 3389 Dete
1773 3353 1831 3392 eom

982 3425 1025 3478 itti
1048 3439 1168 3486 umorem,
1193 3427 1218 3477 et
1237 3424 1387 3491 jungemus
1410 3424 1532 3478 uicissim
1555 3424 1698 3478 connubio.
1727 3425 1833 3482 ilcmot

982 3511 1111 3582 loquitur
1125 3511 1161 3566 ad
1174 3511 1255 3576 illios,
1271 3525 1337 3567 cum
1365 3509 1464 3566 buxus
1487 3510 1678 3581 cupiditatum
1695 3512 1730 3567 ad
1754 3528 1833 3570 ever-

982 3601 1081 3657 tendos
1097 3601 1182 3655 instat
1194 3607 1276 3655 actus
1292 3606 1411 3655 nostros.
1438 3600 1561 3667 Invidia,
1579 3600 1683 3670 inquit,
1708 3603 1832 3659 serrula-

983 3691 1023 3747 ris
1038 3689 1154 3745 cobaesit
1169 3688 1322 3755 subtiliter,
1348 3696 1385 3755 et,
1411 3696 1442 3744 ut
1465 3689 1505 3743 sic
1529 3688 1633 3756 dicam,
1663 3691 1834 3747 intentiona-

983 3780 1048 3836 liter
1074 3777 1237 3834 discretioni
1255 3781 1365 3833 vestrae.
1392 3777 1451 3833 lloe
1472 3777 1549 3833 enim
1568 3777 1751 3849 signatquod
1775 3794 1832 3835 nou

984 3881 1099 3937 corpus,
1116 3867 1163 3922 sed
1180 3867 1277 3921 antima
1291 3865 1444 3922 adhaesisse
1468 3865 1583 3922 dicitur.
1605 3866 1649 3921 lta
1666 3866 1834 3923 medullitus

985 3956 1087 4026 illapsa
1114 3963 1157 4010 est
1185 3963 1217 4011 ut
1247 3954 1342 4009 dirimi
1369 3969 1386 4010 a
1410 3963 1503 4011 mente
1523 3961 1662 4024 nequeam
1692 3955 1769 4010 unde
1794 3954 1833 4011 nil

986 4044 1064 4101 aliud
1084 4050 1180 4108 restat,
1206 4043 1261 4098 uisi
1296 4051 1326 4098 ut
1349 4044 1452 4112 copula
1477 4051 1667 4113 utrorumque
1690 4057 1834 4102 consensu

986 4134 1044 4200 liat,
1062 4140 1094 4188 ut
1112 4146 1174 4188 eam
1198 4146 1257 4203 qua
1276 4144 1372 4187 carere
1389 4147 1445 4186 nou
1471 4132 1585 4201 potestis
1612 4131 1744 4201 excipitis
1764 4147 1834 4204 gra-

949 4228 1080 4293 plantet
1106 4218 1255 4286 invidiam,
1284 4219 1369 4290 cujus
1410 4219 1507 4274 utilem
1536 4219 1728 4288 experiamini
1760 4235 1834 4290 pru-

984 4310 1121 4368 dentiam.
1150 4309 1235 4364 Filius
1257 4314 1372 4374 uestros,
1396 4307 1485 4363 idest
1511 4307 1532 4362 si
1561 4307 1632 4377 quid
1663 4308 1777 4365 llurrum
1806 4317 1833 4366 et

986 4398 1085 4469 lragile
1124 4397 1204 4454 vobis
1231 4396 1313 4462 inest,
1345 4397 1445 4450 tradite
1477 4396 1553 4450 erotis
1590 4395 1618 4450 iu
1644 4410 1731 4465 pecus
1758 4398 1835 4453 aleu-

986 4485 1071 4555 dum;
1086 4485 1192 4554 etfilios
1215 4488 1332 4550 nostros,
1352 4484 1376 4538 si
1392 4482 1462 4553 quid
1476 4483 1572 4539 itidem
1601 4483 1684 4541 molle
1710 4498 1727 4540 a
1752 4487 1836 4542 nobis

988 4573 1109 4630 iulet’tur
1134 4574 1258 4642 occipite.
1282 4572 1380 4643 (Veris.
1400 4571 1454 4642 ιιι.)
1482 4573 1516 4625 Ει
1538 4572 1659 4626 nolitote
1679 4572 1835 4644 irrefraga-

986 4661 1035 4717 bili
1051 4667 1148 4716 tenore
1171 4661 1317 4728 nobiscum.
1349 4662 1442 4725 Terre,
1460 4659 1488 4713 id
1514 4666 1555 4714 est
1584 4673 1689 4729 corpus
1706 4666 1835 4717 vestrum

986 4752 1014 4802 in
1028 4753 1158 4818 potestate
1179 4747 1261 4804 liberi
1282 4748 1394 4804 arbitrii
1423 4747 1509 4804 vestri
1534 4756 1585 4815 est,
1602 4754 1720 4805 exercete
1735 4750 1771 4805 ad
1786 4765 1834 4806 vo·

985 4836 1119 4906 luptates,
1163 4838 1340 4903 negotiemini
1381 4835 1612 4891 incertitudinem
1639 4835 1835 4904 spiritualium

988 4938 1038 4995 pro
1051 4923 1214 4980 visibilibus
1235 4924 1354 4992 dautes;
1378 4924 1511 4993 possidete
1526 4939 1585 4977 een
1612 4922 1649 4978 ad
1665 4923 1781 4981 libitum
1805 4941 1837 4983 eo

988 5020 1109 5069 utentes.
1136 5012 1232 5077 (Vsus.
1261 5014 1314 5079 ll.)
1344 5011 1396 5067 Sed
1419 5017 1444 5066 et
1467 5012 1582 5078 Sionem,
1608 5012 1693 5069 idest
1717 5013 1836 5082 invidia,

988 5114 1070 5155 voces
1085 5113 1152 5154 suas
1172 5099 1256 5155 babet
1274 5114 1280 5152 ι
1300 5101 1440 5154 liroeniorn
1460 5101 1580 5167 qrutiom
1595 5115 1686 5154 coron
1712 5102 1799 5168 uobis,
1812 5106 1836 5156 et

988 5205 1047 5260 que
1062 5191 1214 5243 statueritis
1233 5188 1314 5254 doto,
1332 5188 1440 5243 scilicet
1465 5188 1545 5244 vobis
1569 5187 1684 5259 ingrata
1704 5204 1762 5244 non
1776 5203 1835 5256 ero,

988 5277 1058 5348 quia
1073 5276 1162 5333 multo
1178 5278 1288 5350 majora
1302 5276 1381 5333 vobis
1392 5290 1481 5346 utram
1492 5277 1551 5332 tilla
1568 5277 1705 5347 patientia
1715 5284 1836 5345 praesta-

988 5365 1318 5439 remunerationem.)
1340 5369 1446 5432 Augete
1460 5365 1558 5432 dotem,
1576 5363 1646 5434 quid
1671 5363 1759 5433 plane
1787 5380 1835 5436 pro

988 5470 1052 5511 mea
1074 5456 1247 5512 admissione
1265 5452 1405 5511 minmodi
1422 5452 1577 5522 capessatis
1592 5466 1716 5509 munera
1738 5462 1834 5524 postu·

988 5543 1132 5615 lataque
1152 5542 1288 5614 consequi
1312 5539 1489 5599 saeculariter
1513 5539 1604 5598 velitis
1618 5540 1731 5612 edicito,
1747 5543 1837 5601 satius
