3818 6008
77 119 144 172 1209
693 110 808 168 Abbir.
824 140 858 152 -
872 110 952 170 v1rn
969 112 997 169 S.
1017 111 1210 169 pessume.
1717 121 1728 135 ¹
1758 119 1827 173 lem

111 252 191 308 Tunc
211 250 313 308 beatus
332 249 503 306 Geremarus
525 247 555 305 iu
567 247 668 305 eodem
693 247 754 304 loco
774 245 959 304 ecclesiamll
1014 247 1096 304 Mane
1110 255 1207 305 autem
1226 246 1309 317 facto,
1336 248 1433 306 retulit
1456 254 1579 320 uterque
1600 249 1680 321 quod
1701 249 1822 318 viderat,

75 338 139 396 fieri
153 338 288 410 pracepit
303 337 333 394 iu
357 337 465 394 bonore
489 335 517 394 S.
534 335 662 393 ioannis.
685 334 842 392 Duodecim
863 349 926 391 mo·
977 343 1004 393 ει
1019 337 1127 409 gratias
1142 344 1258 409 agentes
1282 327 1419 406 Domino,
1435 337 1559 394 tendunt
1581 338 1618 395 ad
1632 337 1729 395 locum
1748 353 1824 409 prm-

75 429 184 486 nacbos
207 427 246 484 ibi
266 426 425 493 constituit,
451 439 576 497 quorum
599 423 659 481 rita
680 423 759 480 salus
780 431 853 480 esset
870 423 924 480 sibi
978 425 1087 482 dictum
1105 426 1142 482 ab
1165 425 1276 497 angelo.
1296 426 1368 483 Cum
1394 432 1490 483 autem
1514 440 1572 483 non
1596 426 1680 498 louge
1700 434 1825 484 essenta

73 525 103 574 et
117 517 220 572 animae
243 515 303 571 lilii.
323 516 359 572 Ut
385 526 453 586 crgo
476 514 538 570 sine
559 513 717 584 indigentia
742 512 881 578 viverent,
897 519 926 568 et
979 513 1050 578 vico,
1064 521 1139 570 nutu
1154 514 1243 570 Deiet
1265 513 1413 570 voluntate
1433 514 1539 570 deviati
1557 522 1655 570 sunta
1676 522 1752 571 recto
1766 522 1825 571 tra·

75 603 195 660 Domino
215 604 275 660 sine
305 602 536 659 murmuratione
568 602 719 669 servirent,
743 599 860 671 reliquit
885 599 926 655 cis
978 602 1055 669 mite,
1068 609 1095 657 et
1109 610 1245 673 gyrantes
1260 609 1349 658 vastae
1367 601 1529 659 solitudinis
1552 601 1707 670 desertum,
1729 616 1827 673 perre-

75 690 183 748 multas
204 691 298 756 villas,
325 689 432 746 scilicet
462 688 577 760 propria
600 689 716 758 praedia,
741 703 791 759 per
814 687 926 744 charta·
979 696 1086 746 nerunt
1100 691 1136 746 ad
1149 689 1324 747 destinatum
1340 691 1433 747 locum
1454 706 1460 746 :
1479 691 1528 747 ubi
1543 706 1610 747 cum
1629 691 1826 761 pervenissent

75 793 141 835 rum
153 779 338 835 monimenta.
355 778 405 834 ilis
430 775 638 849 impromissis‚
663 777 758 833 statim
775 776 926 831 inventum
978 785 1006 836 et
1032 778 1157 834 multum
1191 778 1367 847 dubitarent,
1404 779 1560 836 nescientes
1594 779 1665 852 quid
1696 785 1824 852 agerent,

74 873 118 922 est
142 880 246 936 corpus
267 872 354 923 tantae
377 864 510 933 levitatis,
537 871 570 921 ut
584 864 620 921 ab
647 879 706 921 uno
731 864 846 922 homine
873 877 927 933 po·
978 865 1312 923 ecceucbuladescendit
1339 868 1373 923 de
1397 867 1507 924 coeloet
1531 867 1719 925 circumdedit
1734 874 1825 924 totum

77 950 176 1007 tuisset
191 949 308 1019 portari.
333 950 478 1006 moventes
497 948 565 1005 inde
588 954 781 1019 pervenerunt
798 946 834 1003 ad
853 961 925 1019 prae·
980 956 1074 1012 locum
1103 954 1153 1011 ubi
1183 956 1409 1012 construendum
1447 964 1509 1013 erat
1547 956 1772 1027 monasteriom;
1798 961 1827 1012 et

76 1037 185 1094 dictum
202 1036 418 1105 monasterium,
434 1036 511 1107 quod
530 1037 631 1093 beatus
648 1035 819 1094 Geremarus
831 1035 928 1091 adhuc
979 1057 1046 1099 eum
1069 1041 1177 1098 nebula
1198 1056 1326 1114 superna
1344 1057 1402 1099 vox
1427 1043 1545 1099 dicens.
1568 1043 1655 1101 lilecti
1680 1043 1737 1112 Dei,
1762 1057 1826 1100 ecre

76 1124 106 1180 in
121 1125 228 1181 smculo
246 1124 355 1195 positus
370 1131 582 1192 construxerat,
599 1125 649 1182 ubi
672 1124 828 1181 honorifice
846 1137 926 1193 sepe·
981 1131 1061 1186 locus
1081 1129 1133 1186 iste
1153 1131 1325 1187 metuendus
1346 1138 1404 1202 est;
1428 1131 1623 1203 quadraginta
1645 1131 1714 1187 anui
1735 1129 1825 1187 voluti

77 1212 183 1270 lierunt
205 1227 283 1270 eum.
308 1214 390 1269 Tunc
413 1213 514 1269 beatus
535 1212 708 1269 Geremarus
731 1212 926 1269 haereditatem
979 1225 1058 1286 sunt,
1073 1232 1108 1274 ex
1125 1216 1234 1289 quibus
1256 1217 1395 1274 Dominus
1414 1218 1493 1274 hune
1513 1218 1606 1276 iseum
1630 1218 1777 1276 benedixit
1799 1223 1826 1274 et

75 1316 158 1360 suam
181 1302 296 1373 recepit,
321 1309 349 1358 tt
369 1301 522 1357 Dttmfssllffl
546 1302 642 1357 lesum
663 1301 810 1359 Christum
834 1314 871 1357 tx
892 1312 926 1355 ca
979 1305 1179 1374 sanctificavit,
1195 1313 1223 1362 et
1247 1306 1323 1363 fideli
1339 1321 1391 1363 suo
1411 1308 1562 1363 Geremaro
1584 1306 1756 1363 destinavit:
1772 1304 1827 1361 erit

76 1390 219 1448 haeredem
241 1389 323 1446 fecit:
349 1389 504 1446 festinabat
530 1389 608 1446 enim
633 1389 782 1461 pervenire
806 1387 843 1445 td
866 1403 926 1444 om-
979 1395 1056 1452 euim
1081 1394 1245 1453 habitabilis
1264 1394 1472 1451 monachorum
1486 1394 1676 1461 multitudini,
1695 1394 1825 1466 quandiu

77 1478 175 1535 lestem
191 1478 323 1551 patriam,
339 1485 366 1535 et
380 1477 546 1550 contingere
561 1477 784 1534 immortalitatis
804 1477 925 1546 stolam3
980 1482 1134 1554 perstiterit
1149 1482 1179 1538 itt
1193 1481 1342 1552 praeeeptis
1357 1481 1478 1539 bomini.
1494 1482 1663 1540 Mulieribus
1674 1496 1743 1537 nero
1757 1480 1827 1537 nul-

77 1567 259 1624 desiderabat
282 1566 422 1623 baeredem
438 1566 544 1623 babere
568 1580 633 1622 eum
650 1580 667 1623 a
683 1580 751 1637 quo,
767 1571 795 1622 et
810 1565 839 1621 in
854 1578 923 1635 quo,
940 1550 960 1605 Β
979 1571 1024 1628 lus
1037 1570 1143 1641 patebit
1157 1570 1193 1626 ad
1212 1585 1277 1627 eum
1290 1584 1420 1642 unquam
1436 1584 1578 1628 accessus.

78 1662 169 1725 etiter
187 1668 273 1726 tillem
295 1660 338 1710 est
357 1668 504 1711 summum
528 1654 648 1720 bouum,
664 1654 741 1711 ultra
757 1653 835 1724 quod
853 1651 926 1710 nibil
1015 1658 1171 1715 audientes
1201 1665 1299 1714 autem
1328 1659 1414 1715 ambo
1446 1659 1502 1715 viri
1523 1657 1615 1715 sancti
1636 1658 1719 1714 valde
1741 1656 1827 1713 laetati

79 1751 122 1800 est
134 1742 336 1814 appetendum.
979 1753 1057 1801 sunt.
1070 1745 1202 1816 Cumque
1216 1745 1335 1803 obtutus
1349 1760 1417 1802 suos
1439 1747 1469 1802 in
1488 1753 1635 1817 aspectum
1649 1746 1762 1802 nebule
1775 1745 1827 1800 de-

414 1829 532 1887 CAPUT
551 1830 597 1887 Vl.
981 1833 1110 1904 ligereut,
1129 1833 1224 1889 statim
1248 1834 1285 1890 ab
1309 1834 1472 1904 aspectibus
1493 1849 1594 1890 eorum
1615 1833 1762 1889 subtracta
1774 1839 1825 1888 est.

115 1920 270 1989 Postquam
287 1925 384 1974 autem
404 1919 502 1974 omnia
520 1919 582 1974 bac
604 1925 672 1974 suut
695 1917 834 1974 divinitus
850 1931 926 1974 com·
980 1921 1024 1976 Ex
1041 1921 1138 1977 eadem
1154 1928 1251 1979 autem
1263 1922 1378 1990 nebula,
1395 1923 1424 1978 in
1435 1922 1558 1978 circuitu
1569 1922 1632 1989 loci,
1644 1921 1728 1992 quasi
1744 1934 1828 1991 quae-

81 2006 164 2078 pieta,
191 2006 221 2062 in
241 2006 425 2076 semetipsum
444 2018 578 2061 reversus
601 2006 728 2077 cogitare
750 2004 835 2076 coepit
857 2019 929 2076 quo
980 2010 1047 2068 dam
1066 2009 1150 2082 virga
1172 2010 1381 2082 geometricalis
1410 2017 1502 2068 totum
1528 2011 1622 2067 locum
1646 2008 1829 2066 circumdans

80 2095 164 2150 modo
188 2093 293 2150 astutia
312 2093 425 2163 antiqui
449 2093 589 2163 serpentis
613 2107 662 2163 ner
683 2093 855 2150 mittentes
876 2107 927 2149 no·
980 2098 1128 2166 remansit,
1142 2105 1174 2154 ut
1193 2098 1310 2154 daretur
1331 2097 1451 2170 intelligi
1476 2113 1577 2154 rernm
1592 2112 1652 2153 esse
1674 2096 1751 2167 quod
1775 2110 1829 2150 su-

79 2182 162 2238 cendi
192 2182 296 2238 uititur
323 2181 489 2237 subvertere
518 2180 604 2236 corda
629 2195 778 2238 serrorum
805 2180 864 2249 Dei,
891 2179 927 2237 ad
979 2200 1141 2258 pernavox
1157 2187 1270 2243 cecinit,
1296 2187 1378 2243 Tunc
1398 2186 1609 2242 circumeuntes
1633 2185 1728 2241 mcum
1751 2196 1830 2253 repe.

80 2271 229 2327 interitum
239 2276 267 2326 ct
281 2268 495 2325 damnationem
509 2276 654 2340 perpetue
673 2270 782 2326 mortis.
798 2268 928 2337 Quibus·
980 2278 1081 2327 rerunt
1107 2272 1224 2343 siguum
1258 2270 1379 2328 ooelestis
1408 2269 1482 2327 roris
1508 2269 1689 2338 impressum.
1724 2267 1829 2323 Βεειιιε

79 2360 146 2416 dam
167 2356 244 2415 enim
265 2357 372 2414 virtute
395 2357 558 2413 orationum
586 2358 725 2429 perlectis,
751 2358 927 2429 quibusdam
981 2365 1077 2416 antem
1100 2360 1258 2416 iludoenus
1281 2366 1377 2415 certus
1392 2359 1427 2415 de
1453 2357 1583 2429 angelica
1605 2357 1716 2414 visione
1734 2362 1763 2412 ει
1776 2368 1829 2410 su-

77 2446 195 2518 JeJ'uniis
210 2445 321 2513 deditis,
341 2445 404 2502 aliis
429 2445 562 2502 solitariae
579 2447 645 2502 vitae
664 2446 749 2503 laude
763 2444 926 2513 diffamatis,
980 2461 1070 2518 perna
1083 2461 1161 2514 voce,
1187 2446 1329 2520 accipiens
1342 2447 1457 2518 virgam
1480 2446 1507 2502 in
1524 2459 1624 2512 mauu,
1644 2457 1695 2514 per
1708 2440 1829 2513 vestigia

79 2535 224 2592 multoties
238 2535 396 2606 quamdam
411 2535 501 2591 lacem
521 2535 667 2606 jactantiae
682 2535 797 2608 ingerit,
813 2543 841 2592 et
861 2549 927 2592 cum
981 2534 1094 2591 nebulae
1107 2548 1226 2591 mensus
1245 2541 1287 2591 est
1311 2535 1432 2605 plateam
1453 2532 1631 2600 incircuitu,
1648 2530 1698 2588 ubi
1710 2529 1830 2587 ecclesia

81 2624 243 2696 virginibus
264 2623 359 2680 stultis
388 2622 534 2693 lampades
561 2638 660 2680 eorum
694 2638 803 2680 vacuas
825 2623 927 2680 reddit.
981 2622 1256 2691 aedilicaretur,'ubi
1277 2622 1397 2679 oflicinae
1420 2627 1666 2686 construerentur,
1686 2625 1714 2675 et
1728 2625 1831 2674 caetera

81 2713 103 2769 li
119 2713 189 2769 tales
209 2712 342 2769 veniente
365 2710 473 2782 Sponsa
503 2727 562 2769 uon
586 2711 737 2770 intrabunt
754 2728 820 2769 cum
845 2727 878 2769 eo
892 2711 929 2768 ad
982 2711 1189 2768 monachorum
1206 2711 1273 2767 vitae
1289 2710 1370 2767 utilia
1384 2724 1392 2780 ;
1411 2709 1638 2780 consignatoque
1655 2706 1716 2763 loco
1728 2706 1759 2762 B.
1775 2706 1830 2761 Ge·

80 2800 197 2870 nuptias
212 2801 322 2871 (Metti.
338 2815 386 2864 xr.
401 2802 441 2870 Di.
466 2801 525 2858 Hoc
548 2803 701 2872 providens
725 2802 827 2860 beatus
846 2802 929 2859 Gere-
984 2813 1106 2868 remaro,
1124 2800 1163 2856 ita
1178 2799 1306 2856 discessit
1320 2799 1357 2855 ab
1371 2812 1413 2855 eo.

80 2903 189 2955 marus,
212 2903 248 2945 ne
271 2902 320 2945 cor
343 2888 407 2960 eius
434 2888 498 2945 laus
521 2888 655 2946 solitarie
676 2890 743 2947 vita
764 2891 927 2964 attingeret,
1019 2888 1100 2945 'l'unc
1121 2888 1226 2945 Beatm
1252 2887 1425 2944 Geremarus
1449 2899 1509 2945 una
1529 2899 1596 2942 oum
1621 2883 1756 2941 omnibus
1775 2882 1830 2940 sibi

81 2977 166 3048 oepit
179 2976 400 3034 familiarissime
420 2992 489 3035 suos
511 2977 638 3048 alloqui:
657 2980 708 3036 «0
727 2979 837 3049 fratres,
855 2981 930 3037 mul·
982 2977 1153 3042 commissis,
1164 2977 1200 3034 ad
1216 2975 1418 3033 edificandum
1434 2975 1529 3032 locum
1551 2973 1677 3030 advenit.
1699 2971 1829 3029 AEdiilca·

82 3073 125 3123 tos
140 3079 191 3136 pro
211 3064 315 3122 Christi
340 3065 456 3121 nomine
483 3065 560 3135 passi
588 3065 710 3136 labores,
737 3068 931 3125 indesinenter
982 3064 1025 3120 vit
1058 3064 1097 3122 ibi
1125 3064 1274 3122 ecclesiam
1308 3063 1337 3120 in
1367 3063 1473 3120 bonore
1488 3071 1595 3119 sanctas
1621 3069 1649 3118 et
1673 3060 1831 3117 individuas

81 3154 118 3211 ad
133 3154 212 3210 viam
233 3153 340 3210 summi
363 3161 391 3210 et
412 3153 706 3225 incomprehensibilis
728 3157 796 3214 boni
812 3157 929 3226 currite,
983 3152 1141 3223 Trinitatis,
1157 3160 1322 3224 sanctaque
1346 3153 1444 3209 llariae
1463 3152 1593 3224 virginis,
1609 3158 1637 3208 et
1659 3150 1686 3206 S.
1701 3148 1830 3216 loannis,

80 3250 109 3298 et
123 3241 153 3298 in
177 3254 263 3312 opere
280 3241 329 3299 Dei
345 3240 423 3314 quod
443 3242 568 3312 coepistis
586 3251 759 3315 permanete.
786 3244 931 3302 Utendum
983 3243 1134 3313 sanctique
1162 3242 1235 3299 Petri
1258 3240 1451 3311 apostolorum
1472 3240 1619 3311 principis,
1639 3245 1667 3295 et
1683 3233 1732 3293 ibi
1744 3243 1830 3293 totam

81 3329 164 3387 uobis
188 3336 230 3387 est
254 3329 307 3386 boc
328 3327 467 3401 consilio;
500 3344 687 3401 properemus
708 3332 744 3388 ad
762 3331 792 3386 S.
813 3330 931 3388 Audoe-
984 3327 1178 3385 haereditatem
1212 3342 1295 3385 suam
1320 3328 1445 3385 tradidit.
1481 3326 1649 3385 construxit
1675 3324 1715 3381 ibi
1735 3324 1833 3382 omnia

80 3433 162 3486 uum,
178 3425 369 3489 petamusque
382 3418 419 3474 ab
440 3432 473 3475 eo
488 3426 520 3475 ut
540 3433 594 3475 sua
614 3419 741 3475 oratione
761 3419 932 3476 demonstre·
984 3417 1145 3474 necessaria
1159 3416 1323 3472 monasticae
1339 3415 1406 3472 ritae
1421 3429 1560 3487 congrua,
1576 3413 1621 3470 vel
1640 3421 1716 3470 artes
1732 3411 1831 3469 divor-

80 3514 130 3564 tur
141 3507 225 3563 nobis
238 3506 273 3563 ad
296 3506 487 3564 habitandum
509 3506 597 3576 locus,
618 3506 668 3564 ubi
686 3521 781 3579 usque
795 3507 931 3564 adfinem
984 3519 1039 3574 sas,
1057 3518 1130 3577 quas
1142 3503 1217 3560 iutra
1228 3503 1433 3560 monasterium
1445 3500 1573 3559 exerceri
1585 3500 1655 3557 utile
1668 3505 1763 3565 estut
1774 3513 1832 3554 uon

79 3589 146 3646 ritae
161 3589 191 3645 in
208 3588 290 3646 bonis
304 3589 440 3659 operibns
454 3602 680 3660 perseveremus.
694 3611 705 3639 ›
983 3600 1056 3650 esset
1070 3591 1219 3650 monacbis
1229 3591 1383 3647 necessitas
1393 3589 1519 3662 vagandi
1531 3588 1626 3646 foras:
1641 3587 1734 3656 «Quia
1745 3587 1831 3658 (sicut

116 3677 228 3735 Placuit
252 3678 388 3735 omuibus
411 3678 564 3735 consilium
588 3677 663 3735 beati
684 3678 839 3746 Gemmari,
864 3692 930 3749 per-
984 3681 1087 3739 beatus
1110 3680 1281 3738 Benedictus
1303 3678 1382 3739 dicitl
1414 3678 1530 3736 omnino
1551 3676 1705 3733 animabus
1729 3688 1831 3732 corum

80 3781 211 3840 gensque
234 3767 270 3824 ad
293 3766 321 3823 S.
347 3767 528 3835 audoenum,
552 3766 593 3822 sio
614 3781 680 3823 eum
705 3766 846 3824 allocutus
868 3774 928 3823 est:
984 3785 1043 3827 uon
1057 3769 1173 3840 expedit
1185 3768 1291 3839 (neget.
1306 3781 1369 3840 cap.
1386 3768 1443 3836 tid).
1467 3766 1757 3824 »Audientesautem
1772 3764 1832 3820 cir-

85 3879 96 3906 ι
111 3856 253 3926 Deprecor
268 3863 303 3924 te,
318 3863 416 3912 sancte
436 3855 529 3924 Pater,
547 3863 580 3914 ut
601 3855 757 3912 orationem
780 3855 816 3911 ad
831 3854 930 3911 Domi·
983 3872 1172 3930 eumquaque
1190 3855 1322 3914 monacbi
1339 3855 1524 3912 confluebant
1548 3854 1585 3912 ad
1603 3867 1680 3921 eum,
1696 3852 1780 3923 quasi
1795 3852 1831 3909 ad

81 3958 152 4002 nuru
168 3958 219 4015 pro
236 3958 282 4001 me
306 3943 401 4010 iacies,
427 3943 558 4017 mihique
572 3943 668 4001 locum
683 3945 719 4001 ad
740 3942 930 4000 habitandum
984 3949 1101 4006 hortum
1113 3945 1244 4002 omnium
1255 3944 1419 4014 virtutum3
1433 3957 1506 4015 quos
1522 3942 1567 3999 ille
1577 3941 1657 3998 verbi
1673 3941 1723 3998 Dei
1738 3939 1831 4012 gratia

81 4032 140 4090 tuis
154 4031 288 4103 precibus
305 4030 501 4088 demonstres:
525 4031 636 4089 conlido
658 4032 733 4100 enim
755 4030 833 4102 quod
855 4033 931 4089 Deus
984 4036 1115 4094 reficiens
1133 4033 1306 4090 admouebat
1326 4038 1359 4089 ut
1387 4033 1417 4090 iu
1432 4032 1576 4104 proposito
1591 4044 1645 4087 suo
1665 4022 1829 4102 persevera·

82 4127 109 4177 te
120 4119 266 4189 exaudiet,
280 4126 308 4177 et
321 4120 398 4191 quod
421 4120 571 4192 rogareris
584 4119 757 4190 impetrabis.
773 4138 788 4172 a
802 4120 929 4178 Audiens
944 4143 966 4200 p
984 4131 1059 4192 rent,
1079 4131 1107 4180 et
1121 4135 1138 4178 a
1150 4119 1461 4192 voluptatibusmundi
1473 4119 1584 4177 alienos
1598 4133 1629 4176 se
1644 4118 1778 4176 facerent.

82 4207 576 4279 becbeatusnudoenusrespondit
591 4210 615 4266 ei
629 4224 660 4264 :e
681 4208 755 4276 Noli,
778 4209 847 4278 noli,
866 4211 924 4267 lra-
1017 4213 1221 4269 consummato
1246 4216 1343 4267 autem
1359 4209 1437 4267 omni
1463 4223 1548 4280 opere
1571 4222 1634 4272 suo,
1664 4207 1728 4264 lixit
1748 4220 1778 4262 se
1800 4205 1830 4262 iu

80 4305 124 4355 ter
144 4297 200 4355 ista
223 4297 347 4361 referret
363 4297 430 4369 quis
446 4313 500 4369 ego
518 4312 582 4355 sum
604 4305 636 4355 ut
659 4298 721 4354 baee
743 4299 854 4370 agam?
869 4314 926 4357 nou
981 4300 1120 4368 oratione,
1135 4306 1222 4369 atque
1243 4298 1402 4369 permansit
1418 4298 1448 4353 iu
1464 4296 1514 4354 Dei
1532 4295 1717 4367 opereanuis
1737 4293 1830 4350 tribus

80 4385 154 4443 meis
168 4385 287 4451 meritis,
303 4385 352 4442 sed
366 4392 416 4442 tua
432 4385 486 4442 ilde
501 4386 554 4442 boc
567 4384 782 4457 adimplebitur.
798 4386 826 4444 Si
842 4387 926 4446 fidem
980 4397 1008 4448 et
1023 4388 1174 4446 mensibus
1195 4401 1258 4455 sex,
1271 4393 1300 4443 ct
1313 4387 1355 4443 sic
1368 4386 1398 4442 in
1420 4385 1542 4442 Domino
1567 4383 1661 4440 emisit
1684 4381 1829 4454 spiritum,

80 4473 227 4540 habueris,
247 4472 391 4545 quidquid
407 4473 529 4544 petieris,
547 4475 749 4546 consequerist
764 4475 927 4533 idelbra—
981 4475 1175 4547 transivitque
1203 4474 1239 4531 ad
1265 4475 1372 4546 gaudia
1403 4472 1573 4543 angelorum
1613 4469 1763 4542 Sepultum
1789 4476 1831 4526 est

80 4558 148 4616 bam
160 4559 271 4617 amicus
290 4559 338 4616 Dei
352 4559 446 4616 factus
458 4568 519 4629 est;
539 4560 594 4617 fide
609 4562 710 4618 Petrus
724 4562 853 4620 salvatus
872 4572 925 4622 est.
982 4579 1088 4636 corpus
1101 4564 1165 4636 eius
1181 4563 1210 4620 iu
1233 4562 1333 4622 eadem
1358 4561 1478 4619 ecclesia
1501 4574 1568 4617 cum
1593 4573 1700 4631 magno
1723 4556 1832 4615 honore

80 4648 288 4719 Exspectemns
302 4647 525 4705 misericordiam
546 4649 596 4706 Dei
619 4650 716 4707 triduo
729 4665 795 4708 cum
808 4651 928 4723 jejuniis
979 4660 1008 4710 ει
1019 4653 1189 4720 reverentia,
1217 4651 1264 4709 ubi
1280 4665 1330 4723 per
1345 4651 1480 4707 meritum
1501 4649 1566 4719 eius
1580 4647 1672 4704 multa
1687 4646 1829 4704 beneficia

80 4744 108 4794 ει
131 4736 319 4806 orationibus,
344 4737 367 4795 si
400 4737 472 4794 forte
502 4738 633 4809 respiciet
655 4739 847 4797 bumilitatem
872 4755 927 4797 uo·
981 4748 1165 4813 praestantur.
1188 4741 1232 4798 ild
1246 4739 1412 4811 sepulcrum
1435 4738 1499 4809 eius
1518 4737 1587 4808 egri
1604 4737 1829 4793 veniuntetsa·

80 4832 205 4883 stram.»
230 4825 280 4881 llis
296 4825 415 4882 interae
436 4824 658 4883 familiarissime
674 4827 765 4896 dictis,
787 4828 926 4886 indictum
982 4837 1105 4901 nautum
1129 4829 1196 4888 caeci
1214 4829 1435 4897 illuminantur3
1461 4825 1558 4883 claudi
1579 4824 1726 4897 gressibus
1744 4824 1830 4881 refor-

79 4919 152 4970 m
183 4922 224 4972 est
257 4913 354 4971 triduo
383 4913 529 4986 ieiunium
567 4918 697 4983 cunctist
726 4917 806 4975 tertia
830 4926 927 4976 autem
980 4925 1121 4989 mautur;
1153 4919 1250 4975 surdis
1273 4917 1391 4974 auditus
1416 4921 1592 4987 reparatur;
1621 4913 1765 4969 daemones
1793 4911 1830 4967 ab

80 5009 163 5060 nocte
182 5002 302 5075 jejuniis
327 5010 354 5060 et
383 5003 564 5060 orationibus
586 5004 694 5074 positis,
719 5006 854 5077 apparuit
877 5022 928 5079 per
981 5005 1104 5063 obsessis
1118 5006 1287 5076 corporibus
1304 5002 1483 5076 effugantur,
1500 5010 1528 5060 et
1544 5000 1628 5058 multi
1641 5015 1658 5057 a
1671 5000 1761 5057 variis
1774 4999 1833 5056 lan·

79 5091 176 5148 risum
191 5091 324 5163 utrisque
346 5090 468 5164 augelus
492 5092 615 5161 Domini,
640 5093 738 5151 dicens
751 5095 928 5154 eis:1ixau-
982 5095 1124 5170 guoribus
1136 5101 1288 5163 sanantur,
1315 5099 1468 5165 prestante
1493 5091 1615 5150 Domino
1641 5095 1739 5147 nostro
1764 5089 1833 5145 iesu

80 5178 153 5235 divit
181 5178 321 5237 Dominus
346 5192 444 5249 preces
470 5187 582 5237 rostras
599 5180 656 5252 ;ite
679 5181 715 5238 ad
735 5182 847 5241 locum
876 5183 926 5256 qui
981 5185 1105 5255 cbristo,
1121 5184 1168 5242 cui
1183 5191 1225 5241 est
1240 5184 1373 5242 honoret
1395 5181 1497 5256 gloria,
1513 5181 1578 5239 laus
1601 5186 1629 5236 et
1643 5184 1767 5251 potestas
1780 5191 1833 5250 per

81 5266 233 5325 Flaviacus
250 5275 449 5352 nuncupatur,
465 5274 493 5326 ει
517 5267 555 5326 ibi
580 5268 732 5328 invenietis
755 5270 927 5330 desiderium
983 5273 1097 5333 indulta
1110 5275 1216 5332 secula
1229 5274 1415 5332 seculorum.
1428 5274 1530 5329 Amen.

80 5365 220 5415 vostrum.
657 5422 669 5439 ⁸
1139 5364 1259 5434 Explicit
1277 5364 1340 5442 yito
1354 5365 1382 5422 S.
1400 5363 1540 5420 eminete·
1560 5357 1677 5416 obbotb,
