3818 6008
363 245 548 303 ttuottittttt
568 247 615 304 ott
634 247 755 304 utute.
776 249 807 303 S.
828 245 949 303 HARIAE
966 246 1124 303 aauuutt.
1150 276 1185 287 -
1201 246 1266 303 tta.
1287 247 1321 302 tl.

1664 247 1717 302 982

66 392 175 443 rectum
198 385 333 442 omnibus
355 384 487 451 ostendit,
511 383 701 456 dominosque
726 397 804 453 suos,
824 380 939 453 ttjusta
966 389 1148 453 protestatus,
1173 382 1251 454 quod
1279 381 1354 439 male
1376 390 1511 453 gesserat,
1533 384 1588 441 sibi
1619 383 1714 441 indui-

54 490 74 532 ιι
89 475 210 546 benigne
225 481 400 544 receperant,
417 472 570 545 magnifica
589 472 752 530 laetificavit.

609 612 667 669 uei
702 609 809 669 ibidem

54 617 88 670 tl.
110 644 147 657 -
175 616 218 668 De
251 611 414 670 incredibili
452 611 581 669 uindicta

328 702 427 771 ¹sarira.

55 826 229 897 ,prandium
252 826 350 882 eadem
375 824 420 882 die
445 824 602 891 Dominica,
629 823 745 880 limotia
762 825 808 882 ‘ab

66 923 182 986 accepta
207 915 426 986 gratiarumque
449 915 561 969 actione
585 927 637 983 pro
670 913 808 970 beneficio

78 1003 133 1060 iltis
156 1004 276 1070 reddita,
301 1003 336 1059 de
359 1002 463 1073 oppido
488 1003 642 1059 exivimus.
669 1001 722 1057 Sed
748 1016 808 1059 non

55 1088 172 1158 tjustns
185 1087 278 1143 index
295 1085 376 1141 iiatri
394 1099 454 1141 sna
467 1084 570 1141 iactam
586 1085 722 1155 injuriam
741 1083 808 1140 vin-

55 1217 59 1230 .
86 1176 141 1232 Vix
165 1174 241 1231 enim
265 1173 382 1229 dimidio
407 1173 500 1228 stadio
527 1173 625 1242 procnl
655 1186 809 1228 recessera-

55 1278 117 1321 cum
132 1277 198 1320 eece
214 1269 274 1332 post
290 1275 341 1317 nos
351 1275 416 1317 cnm
433 1261 557 1316 ctamore
576 1275 707 1317 cursores
721 1274 808 1330 snper

66 1351 236 1418 adveniunt,
261 1358 288 1406 et
312 1357 343 1406 ιιι
368 1351 478 1405 autenti
494 1348 575 1416 {vitias
601 1361 809 1405 succurramus

55 1446 86 1496 tt.
108 1439 301 1509 despicientes
325 1446 385 1509 post
410 1447 535 1508 tergum,
560 1437 690 1493 videmus
719 1444 807 1493 totam

81 1542 248 1585 succensam
273 1528 405 1584 cremori.
425 1528 634 1597 interrogantes
649 1540 717 1581 vero
733 1540 807 1596 quo-

55 1617 80 1672 id
99 1617 274 1688 contigisset,
301 1615 469 1671 andivituus
483 1615 519 1671 ab
534 1616 575 1670 eis
601 1615 754 1670 draconem
771 1613 806 1668 de

863 470 1082 544 geriexorabat.

862 583 937 633 m
962 577 1029 635 Gar.
1046 578 1103 633 xit.
1118 580 1211 633 -De
1231 575 1358 645 infimis
1377 576 1579 648 septendecim
1598 580 1713 637 camir

1141 648 1221 720 epod
1232 649 1438 704 Essecestram.

899 737 966 795 inde
989 738 1122 794 venimus
1139 737 1174 794 ad
1199 737 1300 794 urbem
1317 751 1384 810 quae
1407 736 1514 794 dicitnr
1539 738 1711 808 Essecestra,

863 826 912 883 nbi
927 832 989 883 erat
1007 827 1149 883 Robertus
1174 826 1406 895 archidiaconns,
1422 825 1474 899 qui
1493 825 1544 883 diu
1568 834 1714 883 manserat

862 914 995 973 Lauduui
1018 929 1069 984 pro
1101 914 1246 971 audienda
1275 913 1393 971 tectione
1417 913 1547 986 magistri
1572 914 1711 979 Anseioti,

861 1009 885 1061 Α
916 1020 975 1077 qno
1006 1006 1219 1078 gratantissime
1256 1003 1377 1074 suscepti
1406 1003 1565 1059 mansimus
1592 1001 1631 1058 ibi
1664 1015 1713 1073 per

861 1094 958 1151 decern
974 1093 1044 1150 dies.
1061 1094 1093 1148 ln
1106 1092 1213 1163 quibus
1224 1091 1364 1148 miracula
1377 1091 1503 1161 plurima
1517 1091 1711 1161 contigerunt,

862 1195 987 1254 quorum
1028 1182 1174 1251 precipua
1216 1189 1243 1237 ct
1279 1179 1484 1237 excellentiora
1520 1181 1638 1236 luerunt
1678 1179 1713 1236 de

860 1269 1061 1342 septemdecim
1089 1269 1209 1326 infirmis
1250 1271 1367 1339 curatis,
1405 1270 1581 1342 quibusdam
1619 1269 1712 1341 caecis,

862 1360 926 1416 aliis
945 1358 1051 1422 surdis,
1077 1358 1164 1414 mutis
1188 1366 1216 1414 et
1243 1358 1363 1416 claudis.
1390 1359 1608 1416 contendebant
1636 1359 1713 1415 cives

862 1447 1032 1505 mirabiliter
1045 1447 1111 1518 quis
1131 1460 1232 1504 eorutn
1256 1462 1308 1503 nos
1332 1448 1456 1518 hospitio
1476 1447 1642 1518 susciperet,
1665 1445 1711 1503 vel

862 1536 929 1608 quis
943 1535 1083 1605 susceptis
1104 1535 1265 1591 necessaria
1281 1544 1458 1605 procuraret.
1485 1537 1554 1592 Erat
1578 1535 1616 1590 ibi
1642 1535 1712 1605 qui·

862 1627 927 1682 datu
942 1624 1075 1682 infirmus
1100 1626 1149 1696 qui
1163 1625 1223 1696 jam
1240 1639 1291 1695 per
1305 1625 1408 1696 viginti
1423 1631 1549 1696 quatuor
1563 1638 1654 1681 annos
1674 1623 1711 1680 ad

55 1719 86 1761 oo
103 1706 174 1760 mati
193 1717 339 1775 eutitium
366 1703 447 1758 nobis
475 1701 687 1758 discedentibus
708 1701 736 1756 ³ss
752 1701 804 1757 til·
824 1675 972 1785 Bportam
988 1712 1085 1783 templi
1102 1712 1268 1770 recubuisse
1284 1711 1394 1784 jugiter
1412 1712 1441 1768 in
1461 1713 1531 1769 lecto
1553 1712 1708 1773 terebatur,

55 1792 187 1858 ivolasse,
202 1801 229 1849 et
251 1792 383 1862 primitus
408 1791 567 1850 ecclesiam.
589 1790 691 1846 deinde
714 1804 804 1860 qnos·
859 1802 898 1857 ira
914 1808 946 1858 ur
971 1814 1118 1871 nusquam
1145 1799 1186 1856 ire
1208 1807 1309 1870 possm,
1333 1799 1388 1855 nisi
1410 1799 1558 1856 aduohus
1585 1807 1711 1869 portare-

56 1895 134 1936 0m0s
150 1881 276 1944 flamma.
293 1894 381 1950 lissam
392 1893 428 1934 ex
444 1880 564 1935 natibus
575 1881 634 1935 suis
646 1878 803 1945 stutuebat,
859 1896 916 1945 tur.
942 1887 1003 1956 liic,
1027 1886 1148 1958 septimo
1171 1887 1218 1942 die
1239 1886 1382 1942 adventus
1405 1888 1495 1943 nostri
1518 1887 1669 1944 eonsilium
1692 1900 1710 1944 a

55 1969 143 2025 tdisse.
169 1968 249 2035 Quod
269 1969 418 2024 audientes
439 1977 466 2023 et
491 1966 620 2022 bumana
640 1966 805 2023 curiositate
858 1976 941 2033 nobis
961 1989 1103 2047 quarens,
1129 1975 1274 2032 confessus
1297 1981 1338 2032 est
1360 1982 1475 2046 peccata
1498 1989 1561 2044 sua,
1585 1975 1657 2032 bibit
1672 1988 1709 2031 ex

56 2073 68 2114 t
85 2058 248 2129 prodigium
273 2056 370 2112 Videte
388 2057 525 2123 sitientes,
542 2055 685 2124 depulisti
701 2055 805 2110 leretro
859 2076 936 2132 aqua
951 2063 1102 2120 lavationis
1129 2063 1318 2133 reliquiarum
1338 2070 1366 2119 et
1380 2076 1417 2119 ex
1440 2075 1475 2119 ea
1507 2061 1582 2118 lotus
1609 2062 1711 2117 obdor-

55 2146 253 2210 scnstodibns,
272 2145 405 2200 velociter
427 2158 513 2212 snper
534 2158 624 2213 equos
645 2143 680 2199 ad
706 2144 804 2199 vicum
860 2148 951 2204 mirit.
983 2148 1184 2219 Protinusque,
1224 2148 1354 2205 mirabile
1386 2147 1485 2205 dietul
1519 2156 1640 2205 sanatus
1672 2162 1709 2204 ex

58 2233 133 2289 imus
147 2232 351 2302 cernimusque
369 2233 521 2286 draconem
541 2230 718 2287 incredibilis
743 2230 804 2287 lon·
860 2236 981 2304 integro,
1005 2235 1122 2292 exsiluit
1145 2235 1180 2290 de
1204 2236 1334 2307 grabato,
1362 2236 1390 2291 in
1414 2250 1472 2308 quo
1502 2243 1649 2306 tantopere
1660 2235 1709 2307 ja-

56 2321 96 2376 nis
111 2320 242 2391 quinque
256 2320 350 2389 capita
365 2319 527 2385 habentem,
545 2332 594 2387 per
610 2332 693 2374 nares
719 2318 805 2373 ilum·
858 2331 967 2389 cuerat,
983 2329 1010 2380 et
1036 2323 1200 2379 videntibus
1222 2325 1335 2380 cunctis
1354 2323 1390 2379 ad
1417 2323 1555 2380 teretrum
1577 2337 1707 2386 currens,

56 2408 225 2479 ubphuroas
249 2410 435 2477 emittentem,
460 2412 488 2463 et
511 2407 545 2462 de
571 2408 630 2462 loeo
654 2407 689 2462 ad
711 2406 807 2463 lecttm
859 2418 887 2466 et
911 2424 1008 2467 coram
1027 2425 1061 2466 eo
1084 2418 1163 2467 stans
1188 2411 1216 2465 in
1237 2425 1306 2468 voce
1328 2411 1530 2468 exsultationis
1550 2418 1578 2468 et
1596 2410 1709 2468 contes-

56 2510 109 2562 em,
134 2497 291 2566 domosque
312 2494 478 2566 singillatim
502 2495 731 2550 succendentem.
753 2494 806 2550 Re·
859 2498 956 2566 sionis,
974 2499 1030 2555 Dee
1043 2506 1071 2555 et
1087 2498 1141 2568 piae
1156 2499 1238 2555 Matri
1253 2499 1317 2569 ejus
1330 2499 1438 2571 gratias
1452 2499 1600 2558 referebat.

56 2598 75 2641 es
89 2599 156 2640 vero
174 2584 314 2656 usquead
330 2583 475 2640 ecclesiam
489 2585 549 2654 jam
565 2598 627 2641 eam
645 2583 808 2640 invenimus
895 2604 961 2662 epp,
976 2605 1051 2662 xpp
1065 2640 1092 2650 ,
1113 2605 1155 2658 D,
1170 2604 1285 2660 grgggm,
1311 2608 1457 2662 contrado
1481 2609 1583 2662 mg„
1597 2605 1628 2662 g„
1649 2607 1706 2680 epi,

56 2681 177 2739 matam,
211 2681 238 2729 et
268 2675 307 2728 sic
329 2671 540 2738 incredibiliter,
574 2679 604 2727 nt
631 2685 687 2727 non
714 2671 808 2726 solum
987 2668 990 2674 '
1106 2676 1457 2748 scopetusnlerberieori.

61 2762 110 2818 scd
124 2768 152 2816 et
167 2762 219 2831 ipsi
236 2761 366 2831 parietes,
385 2762 441 2815 imo
457 2759 575 2815 maxitrti
592 2759 711 2829 lapides,
730 2760 805 2829 ipsa·
896 2762 966 2816 Erat
990 2761 1029 2818 ibi
1058 2770 1086 2819 et
1110 2762 1185 2820 atius
1210 2772 1383 2832 contractus,
1420 2764 1535 2820 nomine
1560 2764 1706 2834 diutinus,

55 2848 137 2905 ltaria
161 2849 189 2905 in
215 2848 339 2905 lavillam
363 2855 390 2904 et
415 2847 538 2903 cinerem
559 2847 690 2903 fonditus
713 2854 808 2903 essent
861 2848 911 2921 qui
926 2850 1027 2907 merito
1049 2850 1089 2906 sic
1111 2851 1280 2919 vocabatur,
1298 2851 1438 2923 quoniam
1452 2859 1510 2908 toto
1529 2865 1646 2923 corpore
1667 2854 1708 2911 sic

56 2949 80 3001 a,
98 2934 137 2990 ita
152 2943 184 2991 ut
199 2934 333 2990 omnibns
349 2933 565 3003 inspicientibus
582 2942 685 3003 stupor
699 2933 805 2989 exinde
826 2943 921 3013 cerat
953 2936 1180 3009 conglutinatus,
1213 2946 1245 2995 ut
1267 2939 1394 2996 calcanei
1428 2938 1555 3008 natibus,
1580 2947 1608 2996 et
1631 2940 1707 2997 tibias

56 3022 97 3079 ilis
108 3022 295 3079 incuteretur.
859 3025 942 3082 dorso
956 3026 1137 3094 inhererent,
1152 3027 1190 3083 ita
1211 3035 1242 3084 ut
1256 3027 1333 3084 velut
1348 3028 1378 3084 in
1403 3041 1495 3084 unum
1512 3027 1630 3099 giobum
1658 3043 1706 3086 re-

56 3124 123 3166 tnns
138 3124 205 3167 vero
221 3110 270 3167 ubi
286 3109 358 3165 vidit
375 3110 493 3166 domum
516 3122 600 3165 suatn
615 3107 804 3164 eteoclesiam
859 3111 970 3179 dactus,
1002 3111 1103 3168 iaciem
1132 3111 1247 3169 assidue
1276 3127 1362 3183 super
1388 3126 1483 3185 genua
1510 3119 1628 3170 teneret.
1655 3115 1708 3170 liic

56 3213 135 3265 ιιιιιι,
168 3207 259 3255 vestes
279 3206 307 3254 et
335 3197 539 3267 supeltectilem
562 3210 644 3254 suatn
667 3196 805 3252 iestinan·
858 3213 937 3271 ergo,
952 3214 1020 3256 cum
1038 3209 1153 3270 peccata
1167 3200 1376 3257 snacooiessus
1399 3209 1427 3258 et
1448 3213 1526 3270 aqna
1555 3199 1707 3258 lavationis

57 3286 149 3359 iigens
164 3295 192 3343 et
210 3285 416 3357 circumligans
429 3287 463 3341 ad
480 3298 594 3352 navem,
612 3299 678 3355 qnae
695 3285 722 3339 in
738 3298 805 3354 pro·
859 3287 1048 3358 reliquiarum
1064 3287 1149 3355 lotus,
1164 3289 1240 3345 intra
1251 3288 1348 3344 decent
1363 3290 1423 3344 dies
1437 3289 1545 3360 quibus
1568 3289 1607 3345 ibi
1629 3303 1707 3345 mun-

56 3376 132 3433 naris
147 3375 240 3432 littore
254 3375 349 3432 deiixa
367 3382 439 3443 erat,
463 3372 529 3431 iecit
554 3373 670 3438 deterri,
686 3387 806 3442 sperans
858 3376 949 3433 simus
972 3390 1030 3431 non
1065 3384 1228 3442 curaretur,
1259 3376 1433 3434 mirantibus
1461 3377 1544 3434 nobis
1573 3385 1602 3434 et
1629 3378 1707 3435 unde

57 3464 93 3521 ab
110 3465 269 3537 igneposse
294 3463 412 3519 salvari.
427 3463 580 3520 Seddraco
606 3461 746 3531 protinus,
772 3474 806 3517 ac
857 3470 928 3519 esset
957 3463 1164 3535 quaerentibus,
1191 3464 1340 3535 profitetur
1356 3478 1385 3521 se
1415 3478 1472 3520 non
1501 3479 1563 3522 esse
1588 3466 1624 3522 de
1645 3467 1706 3537 ipso

56 3561 106 3610 tter
121 3553 175 3610 itoe
194 3552 287 3609 solum
307 3552 439 3618 venisset,
456 3565 559 3607 navem
574 3550 672 3607 volatu
696 3559 804 3621 petens,
856 3552 1032 3622 episcopatu,
1056 3551 1105 3607 sed
1128 3551 1163 3608 de
1194 3551 1403 3609 salesberiensi.
1432 3552 1566 3610 Protinus
1584 3569 1601 3611 a
1623 3556 1706 3611 nobis

56 3656 146 3712 ,qnae
161 3642 190 3697 itt
217 3655 251 3697 ea
275 3648 358 3698 erant
381 3639 538 3707 succendit,
561 3639 674 3707 deinde,
698 3639 804 3695 mirum
858 3641 962 3696 aeriter
979 3639 1150 3711 objurgatus
1168 3654 1222 3697 cnr
1243 3647 1376 3698 tentasset
1393 3641 1429 3698 ibi
1454 3642 1605 3699 sanitatem
1626 3657 1705 3699 asse·

57 3736 80 3787 ιι
100 3729 266 3786 incredibile
295 3727 413 3785 auditui
436 3728 529 3799 ipsam
560 3741 678 3799 quoque
700 3740 805 3785 navem
857 3729 919 3800 qui,
942 3742 1031 3801 qnam
1063 3736 1173 3785 eertum
1197 3736 1225 3785 et
1252 3729 1404 3799 probatum
1433 3737 1496 3786 erat
1526 3731 1601 3787 nnili
1623 3739 1706 3788 extra

64 3819 210 3875 cremavit.
237 3818 281 3875 Ad
304 3819 422 3874 domum
437 3830 554 3887 qnoque
579 3816 696 3887 hospitis
716 3816 805 3873 nostri
856 3818 1053 3888 episcopatum
1076 3831 1163 3874 suum
1185 3817 1298 3883 donari,
1322 3832 1388 3875 cutn
1414 3818 1547 3888 iacrymis
1569 3827 1596 3876 et
1617 3820 1705 3878 nimie

57 3914 112 3973 tes,
138 3915 165 3963 et
200 3907 343 3978 quomodo
366 3920 396 3962 se
420 3905 537 3962 baberet
570 3904 643 3961 seire
665 3904 802 3972 veientes,
854 3905 1129 3978 ejuiatneoepitoos
1144 3905 1343 3963 miserabiliter
1364 3904 1555 3977 adiurareut,
1580 3921 1632 3978 pre
1656 3907 1705 3966 uei

57 4009 120 4052 tuus
133 4009 211 4063 eum,
226 3995 307 4051 salva
321 3995 416 4062 domo,
437 4002 465 4050 et
477 3993 612 4050 omnibus
627 4007 693 4063 qna
714 3991 803 4049 babe-
856 4001 1022 4065 sanctaeque
1034 3993 1134 4049 iiatris
1147 3993 1212 4063 ejus
1226 4007 1332 4056 amore,
1348 3994 1384 4052 ati
1401 3994 1493 4065 ipsam
1522 3996 1624 4052 urbem
1653 3996 1702 4053 Sa·

57 4081 233 4151 tsultantem,
258 4096 401 4152 suamque
424 4081 621 4138 liberationem
648 4081 730 4137 bona
750 4080 804 4137 ho·
857 4083 992 4140 iesberias
1003 4081 1259 4153 proficisceremur.
1579 4136 1583 4161 ἱ

57 4185 109 4228 tuae
121 4171 184 4228 coeli
200 4172 317 4243 Regina
327 4171 524 4240 deputantem.
541 4168 604 4225 Non
628 4169 720 4226 seium
736 4183 804 4225 vero
891 4172 962 4227 'lam
977 4169 1067 4241 ipsius
1081 4184 1150 4241 ergo
1173 4184 1262 4241 quatu
1286 4169 1373 4227 totius
1388 4170 1478 4241 plebis
1499 4171 1528 4228 id
1542 4171 1635 4243 ipsum
1651 4187 1704 4229 ex-

57 4259 215 4330 rumeins,
233 4257 261 4313 in
277 4272 335 4329 qua
350 4257 483 4328 hospitati
499 4255 619 4325 fuimns,
634 4257 682 4314 sed
697 4264 726 4314 et
746 4257 803 4313 alia
823 4257 966 4317 borantis
999 4258 1204 4316 satisfacientes
1240 4259 1385 4329 precibus,
1420 4265 1481 4330 post
1511 4260 1607 4318 decem
1645 4262 1705 4319 dies

75 4347 175 4417 posita,
200 4349 229 4403 in
245 4361 305 4417 qua
327 4360 427 4417 pecora
441 4347 504 4416 ejus
530 4345 638 4402 servari
663 4346 800 4413 diximus,
856 4347 962 4419 egrossi
977 4347 1012 4404 de
1033 4349 1201 4416 Essemstra,
1219 4357 1247 4405 et
1270 4349 1469 4418 retrogradum
1487 4349 1540 4406 iter
1563 4350 1704 4421 arripien-

57 4437 177 4502 ;illaesa,
202 4438 241 4493 ita
266 4444 296 4493 ιιι
315 4437 350 4493 de
373 4435 508 4493 omnibus
529 4435 616 4491 rebus
643 4435 703 4492 suis
730 4435 801 4491 nibil
857 4445 910 4506 tes,
942 4436 977 4494 ad
1009 4438 1099 4508 ipsam
1130 4437 1230 4494 urbem
1261 4437 1376 4494 tendere
1403 4437 1553 4507 cupimus.
1582 4439 1617 4494 Ει
1639 4451 1704 4495 ecce

57 4525 251 4596 operdiderit.
274 4525 470 4597 Negotiatores
484 4524 581 4590 etiam,
606 4524 656 4594 qui
681 4523 802 4580 multam

57 4613 253 4683 impenderant
269 4612 507 4681 benevolentiam,
529 4612 566 4668 ita
580 4626 706 4682 superna
733 4610 803 4667 iovit

62 4709 94 4757 nt
106 4710 157 4757 aut
172 4702 243 4758 nihil
259 4708 310 4758 aut
328 4715 430 4771 parum
445 4702 480 4757 de
502 4700 587 4757 rebus
610 4699 671 4756 suis
697 4700 802 4756 amise-

57 4789 113 4855 !uia
126 4789 203 4846 enim
225 4789 328 4846 ibidem
340 4789 517 4846 consuetude
530 4796 592 4845 erat
609 4803 665 4845 uno
690 4797 802 4845 tantum

57 4892 119 4934 rare
133 4878 289 4944 nundinas,
316 4878 396 4934 unito
411 4877 531 4948 prandio
543 4877 602 4949 iam
618 4891 717 4933 omnes
741 4890 801 4933 sar·

57 4980 122 5023 suas
145 4966 329 5038 coltegerant,
351 4975 378 5022 et
405 4965 620 5037 circumligatas
645 4973 801 5036 anteqtmm

70 5055 180 5112 veniret
199 5061 396 5125 reposuerant.
423 5055 569 5112 terrerem
593 5061 689 5110 tamen
713 5054 804 5110 maxi·

60 5143 103 5199 liis
123 5144 241 5201 incussit
266 5150 398 5214 aspectus
411 5142 553 5208 draconis,
570 5142 609 5198 ita
623 5148 656 5198 ut
673 5155 721 5198 ees
735 5156 802 5198 cnr-

57 5248 77 5290 n
90 5233 205 5290 diversa
224 5233 388 5290 videremus
408 5229 559 5302 rugientes.
581 5230 711 5286 oceanus
734 5244 803 5288 vero

58 5321 81 5378 ti
92 5321 228 5379 teretrum
246 5321 374 5377 Dominae
398 5326 502 5375 nostrie
515 5319 550 5374 de
567 5316 692 5374 Ecclesia
710 5317 803 5389 eiece-

58 5419 196 5469 ratbotus
218 5408 394 5480 penitentia,
409 5406 495 5464 nudis
510 5405 630 5476 pedibus
652 5404 723 5462 iilud
738 5420 802 5476 pro·

58 5505 139 5565 sest,
155 5505 183 5553 ct
197 5511 292 5554 corant
311 5510 345 5552 eo
370 5500 540 5566 prostratus,
562 5491 731 5565 judiciaque
755 5491 803 5549 Dei

857 4524 915 4595 ipse
935 4525 1045 4582 itineris
1071 4525 1181 4596 peritus
1199 4525 1330 4582 vehiculo
1349 4524 1450 4581 sedens
1470 4524 1531 4595 jam
1560 4538 1702 4595 processe·

857 4619 911 4679 rat,
927 4619 954 4668 et
977 4613 1007 4669 in
1032 4613 1091 4683 ipso
1111 4615 1251 4685 principio
1272 4614 1453 4685 episcopatus
1474 4627 1527 4670 nos
1555 4614 1702 4684 operieba-

856 4708 915 4757 tnr.
940 4700 997 4758 Vix
1019 4710 1115 4759 autem
1150 4704 1233 4761 nobis
1264 4702 1399 4775 ingressis
1426 4702 1553 4772 primum
1576 4703 1702 4761 stadium

855 4787 1045 4858 episcopatus,
1070 4800 1136 4845 ecce
1158 4788 1219 4860 ipse
1242 4791 1292 4861 nni
1321 4797 1511 4860 processerat,
1536 4803 1602 4846 cnm
1620 4791 1703 4847 vebi-

856 4876 921 4932 culo
961 4876 1105 4942 occurrit;
1144 4878 1299 4950 statimque
1336 4878 1415 4936 reiut
1453 4877 1574 4934 Domina
1606 4887 1704 4935 nostra

857 4962 971 5019 nolente
987 4977 1054 5019 enm
1078 4964 1198 5021 ulterius
1230 4964 1356 5038 fatigari,
1383 4966 1504 5037 perlecta
1527 4972 1645 5023 curatus
1668 4968 1703 5024 de

855 5050 1002 5108 curriculo
1019 5052 1152 5119 exsilivit,
1168 5060 1196 5109 et
1218 5054 1353 5110 omuibus
1375 5056 1427 5126 qni
1443 5055 1573 5127 undique
1587 5069 1704 5112 ceruen-

856 5142 934 5200 tibus
943 5138 1134 5207 confluebant,
1151 5140 1185 5198 ad
1196 5139 1333 5198 teretrum
1348 5143 1457 5214 gratias
1474 5157 1563 5215 agens
1585 5143 1615 5200 in
1640 5157 1702 5201 tne-

856 5232 905 5288 dia
919 5229 968 5285 via
981 5228 1120 5286 cucurrit.
1136 5229 1168 5284 in
1183 5228 1236 5285 boc
1250 5241 1351 5285 revera
1374 5229 1528 5299 probatum
1548 5238 1591 5288 est
1619 5230 1701 5298 iilud,

857 5318 934 5389 quod
950 5315 1188 5388 supradiximus,
1212 5313 1326 5372 nullum
1346 5323 1430 5371 extra
1451 5331 1537 5375 suum
1558 5317 1704 5389 episcopa-

857 5412 919 5462 tum
943 5404 1069 5474 potuisse
1091 5402 1199 5460 sanari.
1225 5401 1294 5459 inde
1317 5416 1396 5473 ergo,
1425 5402 1500 5460 sicut
1531 5405 1703 5475 dispositum

858 5491 962 5559 tuerat,
986 5491 1023 5549 ad
1057 5490 1148 5562 ipsam
1179 5488 1282 5548 urbem
1312 5487 1485 5548 salesberias
1517 5489 1704 5561 pervenimus
