<?xml version="1.0" encoding="UTF-8"?>
<!DOCTYPE html PUBLIC "-//W3C//DTD XHTML 1.0 Transitional//EN"
    "http://www.w3.org/TR/xhtml1/DTD/xhtml1-transitional.dtd">
<html xmlns="http://www.w3.org/1999/xhtml" xml:lang="en" lang="en">
 <head>
  <title>
</title>
<meta http-equiv="Content-Type" content="text/html;charset=utf-8" />
  <meta name='ocr-system' content='tesseract 3.04.00' />
  <meta name='ocr-capabilities' content='ocr_page ocr_carea ocr_par ocr_line ocrx_word'/>
</head>
<body>
  <div class='ocr_page' id='page_1' title='image "./patrologiaecurs05unkngoog_0200.png"; bbox 0 0 3818 6008; ppageno 0'>
   <div class='ocr_carea' id='block_1_1' title="bbox 311 237 1703 304">
    <p class='ocr_par' dir='ltr' id='par_1_1' title="bbox 311 237 1703 304">
     <span class='ocr_line' id='line_1_1' title="bbox 311 237 1703 304; baseline 0.003 -9"><span class='ocrx_word' id='word_1_1' title='bbox 311 237 541 296; x_wconf 77' lang='lat' dir='ltr'><strong>raoruloube</strong></span> <span class='ocrx_word' id='word_1_2' title='bbox 559 238 593 293; x_wconf 91' lang='lat' dir='ltr'><strong>llt</strong></span> <span class='ocrx_word' id='word_1_3' title='bbox 612 237 708 304; x_wconf 81' lang='lat' dir='ltr'><strong>OSEE,</strong></span> <span class='ocrx_word' id='word_1_4' title='bbox 727 237 820 294; x_wconf 76' lang='lat' dir='ltr'>AMOS</span> <span class='ocrx_word' id='word_1_5' title='bbox 838 239 883 296; x_wconf 79' lang='lat' dir='ltr'><strong>br</strong></span> <span class='ocrx_word' id='word_1_6' title='bbox 902 239 978 296; x_wconf 77' lang='lat' dir='ltr'><strong>ruli.</strong></span> <span class='ocrx_word' id='word_1_7' title='bbox 1001 269 1034 279; x_wconf 95' lang='lat'>-</span> <span class='ocrx_word' id='word_1_8' title='bbox 1053 238 1120 295; x_wconf 77' lang='lat' dir='ltr'><strong>le.</strong></span> <span class='ocrx_word' id='word_1_9' title='bbox 1141 238 1176 296; x_wconf 92' lang='lat' dir='ltr'><strong>ll.</strong></span> <span class='ocrx_word' id='word_1_10' title='bbox 1198 238 1233 294; x_wconf 87' lang='lat' dir='ltr'><strong>lu</strong></span> <span class='ocrx_word' id='word_1_11' title='bbox 1252 238 1347 296; x_wconf 85' lang='lat' dir='ltr'><strong>OSEE.</strong></span> <span class='ocrx_word' id='word_1_12' title='bbox 1651 247 1703 300; x_wconf 76' lang='lat' dir='ltr'><strong>abu</strong></span> 
     </span>
    </p>
   </div>
   <div class='ocr_carea' id='block_1_2' title="bbox 56 368 1703 1147">
    <p class='ocr_par' dir='ltr' id='par_1_2' title="bbox 56 368 1703 880">
     <span class='ocr_line' id='line_1_2' title="bbox 56 368 1702 443; baseline 0.002 -15"><span class='ocrx_word' id='word_1_13' title='bbox 56 372 76 428; x_wconf 86' lang='lat' dir='ltr'><strong>is</strong></span> <span class='ocrx_word' id='word_1_14' title='bbox 100 378 217 438; x_wconf 88' lang='lat' dir='ltr'><strong>statum,</strong></span> <span class='ocrx_word' id='word_1_15' title='bbox 244 370 295 441; x_wconf 84' lang='lat' dir='ltr'><strong>qui</strong></span> <span class='ocrx_word' id='word_1_16' title='bbox 320 371 348 425; x_wconf 93' lang='lat' dir='ltr'><strong>in</strong></span> <span class='ocrx_word' id='word_1_17' title='bbox 373 384 403 426; x_wconf 89' lang='lat' dir='ltr'><strong>se</strong></span> <span class='ocrx_word' id='word_1_18' title='bbox 426 369 532 439; x_wconf 81' lang='lat' dir='ltr'><strong>sapius</strong></span> <span class='ocrx_word' id='word_1_19' title='bbox 558 368 712 436; x_wconf 85' lang='lat' dir='ltr'><strong>alternant,</strong></span> <span class='ocrx_word' id='word_1_20' title='bbox 738 384 799 439; x_wconf 91' lang='lat' dir='ltr'><strong>spe·</strong></span> <span class='ocrx_word' id='word_1_21' title='bbox 820 368 948 426; x_wconf 80' lang='lat' dir='ltr'><strong>hlibera</strong></span> <span class='ocrx_word' id='word_1_22' title='bbox 958 376 1100 440; x_wconf 77' lang='lat' dir='ltr'><strong>suntquae</strong></span> <span class='ocrx_word' id='word_1_23' title='bbox 1114 371 1155 427; x_wconf 89' lang='lat' dir='ltr'><strong>eis</strong></span> <span class='ocrx_word' id='word_1_24' title='bbox 1168 370 1321 441; x_wconf 90' lang='lat' dir='ltr'><strong>signantur</strong></span> <span class='ocrx_word' id='word_1_25' title='bbox 1336 385 1432 441; x_wconf 90' lang='lat' dir='ltr'><strong>opera,</strong></span> <span class='ocrx_word' id='word_1_26' title='bbox 1457 372 1527 443; x_wconf 88' lang='lat' dir='ltr'><strong>quia</strong></span> <span class='ocrx_word' id='word_1_27' title='bbox 1551 375 1623 430; x_wconf 87' lang='lat' dir='ltr'><strong>bunt</strong></span> <span class='ocrx_word' id='word_1_28' title='bbox 1644 390 1702 432; x_wconf 92' lang='lat' dir='ltr'><strong>non</strong></span> 
     </span>
     <span class='ocr_line' id='line_1_3' title="bbox 56 457 1703 533; baseline 0.004 -17"><span class='ocrx_word' id='word_1_29' title='bbox 56 461 139 530; x_wconf 65' lang='lat' dir='ltr'><strong>gralia</strong></span> <span class='ocrx_word' id='word_1_30' title='bbox 155 461 202 526; x_wconf 90' lang='lat' dir='ltr'><strong>sit,</strong></span> <span class='ocrx_word' id='word_1_31' title='bbox 223 473 288 529; x_wconf 86' lang='lat' dir='ltr'><strong>quae</strong></span> <span class='ocrx_word' id='word_1_32' title='bbox 301 466 466 515; x_wconf 89' lang='lat' dir='ltr'><strong>sanctorum</strong></span> <span class='ocrx_word' id='word_1_33' title='bbox 486 457 587 529; x_wconf 83' lang='lat' dir='ltr'><strong>gloria,</strong></span> <span class='ocrx_word' id='word_1_34' title='bbox 604 458 640 514; x_wconf 92' lang='lat' dir='ltr'><strong>ob</strong></span> <span class='ocrx_word' id='word_1_35' title='bbox 653 459 804 514; x_wconf 88' lang='lat' dir='ltr'><strong>conscien-</strong></span> <span class='ocrx_word' id='word_1_36' title='bbox 856 472 909 529; x_wconf 92' lang='lat' dir='ltr'><strong>pru</strong></span> <span class='ocrx_word' id='word_1_37' title='bbox 924 459 1009 514; x_wconf 90' lang='lat' dir='ltr'><strong>laude</strong></span> <span class='ocrx_word' id='word_1_38' title='bbox 1029 459 1167 514; x_wconf 87' lang='lat' dir='ltr'><strong>humana.</strong></span> <span class='ocrx_word' id='word_1_39' title='bbox 1186 480 1196 506; x_wconf 84' lang='lat'><strong>»</strong></span> <span class='ocrx_word' id='word_1_40' title='bbox 1215 460 1307 516; x_wconf 81' lang='lat' dir='ltr'><strong>Ubera</strong></span> <span class='ocrx_word' id='word_1_41' title='bbox 1322 461 1434 516; x_wconf 90' lang='lat' dir='ltr'><strong>arentia</strong></span> <span class='ocrx_word' id='word_1_42' title='bbox 1450 483 1460 509; x_wconf 79' lang='grc' dir='ltr'><strong><em>ι</em></strong></span> <span class='ocrx_word' id='word_1_43' title='bbox 1478 464 1584 533; x_wconf 91' lang='lat' dir='ltr'><strong>pariter</strong></span> <span class='ocrx_word' id='word_1_44' title='bbox 1596 465 1703 522; x_wconf 88' lang='lat' dir='ltr'><strong>dantur</strong></span> 
     </span>
     <span class='ocr_line' id='line_1_4' title="bbox 56 545 1703 621; baseline 0.004 -17"><span class='ocrx_word' id='word_1_45' title='bbox 56 549 218 614; x_wconf 84' lang='lat' dir='ltr'><strong>timonium,</strong></span> <span class='ocrx_word' id='word_1_46' title='bbox 236 549 271 603; x_wconf 93' lang='lat' dir='ltr'><strong>ab</strong></span> <span class='ocrx_word' id='word_1_47' title='bbox 289 548 420 617; x_wconf 80' lang='lat' dir='ltr'><strong>Apostolo</strong></span> <span class='ocrx_word' id='word_1_48' title='bbox 434 555 554 602; x_wconf 88' lang='lat' dir='ltr'><strong>vocatur</strong></span> <span class='ocrx_word' id='word_1_49' title='bbox 568 549 610 616; x_wconf 78' lang='lat' dir='ltr'><strong>(ll</strong></span> <span class='ocrx_word' id='word_1_50' title='bbox 630 548 689 603; x_wconf 82' lang='lat' dir='ltr'><strong>Gor.</strong></span> <span class='ocrx_word' id='word_1_51' title='bbox 707 562 726 614; x_wconf 81' lang='lat'><strong>1,</strong></span> <span class='ocrx_word' id='word_1_52' title='bbox 746 545 801 613; x_wconf 74' lang='lat' dir='ltr'><strong>lu),</strong></span> <span class='ocrx_word' id='word_1_53' title='bbox 855 561 921 602; x_wconf 87' lang='lat' dir='ltr'><strong>curn</strong></span> <span class='ocrx_word' id='word_1_54' title='bbox 936 547 1130 618; x_wconf 82' lang='lat' dir='ltr'><strong>intelligentiae</strong></span> <span class='ocrx_word' id='word_1_55' title='bbox 1151 549 1310 620; x_wconf 90' lang='lat' dir='ltr'><strong>spiritualis</strong></span> <span class='ocrx_word' id='word_1_56' title='bbox 1333 550 1440 620; x_wconf 86' lang='lat' dir='ltr'><strong>inopia,</strong></span> <span class='ocrx_word' id='word_1_57' title='bbox 1465 566 1525 621; x_wconf 83' lang='lat' dir='ltr'><strong>qua</strong></span> <span class='ocrx_word' id='word_1_58' title='bbox 1544 552 1657 608; x_wconf 85' lang='lat' dir='ltr'><strong>interna</strong></span> <span class='ocrx_word' id='word_1_59' title='bbox 1676 561 1703 610; x_wconf 91' lang='lat' dir='ltr'><strong>et</strong></span> 
     </span>
     <span class='ocr_line' id='line_1_5' title="bbox 56 635 1703 708; baseline 0.002 -16"><span class='ocrx_word' id='word_1_60' title='bbox 56 639 197 706; x_wconf 78' lang='lat' dir='ltr'><strong>iprinrurn</strong></span> <span class='ocrx_word' id='word_1_61' title='bbox 217 636 265 691; x_wconf 89' lang='lat' dir='ltr'><strong>Dei</strong></span> <span class='ocrx_word' id='word_1_62' title='bbox 288 635 472 705; x_wconf 77' lang='lat' dir='ltr'>aspiratione,</span> <span class='ocrx_word' id='word_1_63' title='bbox 496 649 556 705; x_wconf 83' lang='lat' dir='ltr'><strong>uua</strong></span> <span class='ocrx_word' id='word_1_64' title='bbox 580 635 706 705; x_wconf 86' lang='lat' dir='ltr'><strong>prinum</strong></span> <span class='ocrx_word' id='word_1_65' title='bbox 731 635 803 691; x_wconf 91' lang='lat' dir='ltr'><strong>bene</strong></span> <span class='ocrx_word' id='word_1_66' title='bbox 855 644 975 690; x_wconf 89' lang='lat' dir='ltr'><strong>externa</strong></span> <span class='ocrx_word' id='word_1_67' title='bbox 991 636 1163 691; x_wconf 74' lang='lat' dir='ltr'><strong>sensualitas</strong></span> <span class='ocrx_word' id='word_1_68' title='bbox 1182 636 1239 691; x_wconf 88' lang='lat' dir='ltr'><strong>Deo</strong></span> <span class='ocrx_word' id='word_1_69' title='bbox 1261 637 1344 692; x_wconf 89' lang='lat' dir='ltr'><strong>aliter</strong></span> <span class='ocrx_word' id='word_1_70' title='bbox 1364 639 1519 708; x_wconf 88' lang='lat' dir='ltr'><strong>irrogatur.</strong></span> <span class='ocrx_word' id='word_1_71' title='bbox 1548 640 1598 696; x_wconf 89' lang='lat' dir='ltr'><strong>Vel</strong></span> <span class='ocrx_word' id='word_1_72' title='bbox 1618 641 1703 696; x_wconf 88' lang='lat' dir='ltr'><strong>ubera</strong></span> 
     </span>
     <span class='ocr_line' id='line_1_6' title="bbox 64 722 1702 794; baseline 0.002 -14"><span class='ocrx_word' id='word_1_73' title='bbox 64 722 413 781; x_wconf 80' lang='lat' dir='ltr'><strong>delectamur.&#39;&#39;·Posthanc</strong></span> <span class='ocrx_word' id='word_1_74' title='bbox 433 722 649 794; x_wconf 71' lang='lat' dir='ltr'>conceptionem</span> <span class='ocrx_word' id='word_1_75' title='bbox 671 722 803 793; x_wconf 84' lang='lat' dir='ltr'><strong>sequitur</strong></span> <span class='ocrx_word' id='word_1_76' title='bbox 855 729 927 776; x_wconf 76' lang='lat' dir='ltr'><strong>&#39;cot</strong></span> <span class='ocrx_word' id='word_1_77' title='bbox 948 732 1016 779; x_wconf 91' lang='lat' dir='ltr'><strong>sunt</strong></span> <span class='ocrx_word' id='word_1_78' title='bbox 1036 726 1152 788; x_wconf 84' lang='lat' dir='ltr'><strong>arentia,</strong></span> <span class='ocrx_word' id='word_1_79' title='bbox 1169 738 1234 779; x_wconf 84' lang='lat' dir='ltr'><strong>cuni</strong></span> <span class='ocrx_word' id='word_1_80' title='bbox 1252 723 1279 778; x_wconf 90' lang='lat' dir='ltr'><strong>in</strong></span> <span class='ocrx_word' id='word_1_81' title='bbox 1295 734 1388 781; x_wconf 87' lang='lat' dir='ltr'><strong>mente</strong></span> <span class='ocrx_word' id='word_1_82' title='bbox 1402 727 1573 782; x_wconf 82' lang='lat' dir='ltr'>annullatur</span> <span class='ocrx_word' id='word_1_83' title='bbox 1593 730 1702 784; x_wconf 89' lang='lat' dir='ltr'><strong>utrius·</strong></span> 
     </span>
     <span class='ocr_line' id='line_1_7' title="bbox 58 811 1238 880; baseline -0.003 -11"><span class='ocrx_word' id='word_1_84' title='bbox 58 854 66 880; x_wconf 93' lang='lat'><strong>,</strong></span> <span class='ocrx_word' id='word_1_85' title='bbox 100 812 167 869; x_wconf 92' lang='lat' dir='ltr'><strong>boni</strong></span> <span class='ocrx_word' id='word_1_86' title='bbox 198 812 328 867; x_wconf 87' lang='lat' dir='ltr'><strong>videlicet</strong></span> <span class='ocrx_word' id='word_1_87' title='bbox 350 811 486 880; x_wconf 77' lang='lat' dir='ltr'><strong>propositi</strong></span> <span class='ocrx_word' id='word_1_88' title='bbox 511 819 577 866; x_wconf 89' lang='lat' dir='ltr'><strong>aute</strong></span> <span class='ocrx_word' id='word_1_89' title='bbox 597 811 802 867; x_wconf 80' lang='lat' dir='ltr'><strong>exhibitionem</strong></span> <span class='ocrx_word' id='word_1_90' title='bbox 856 825 912 880; x_wconf 86' lang='lat' dir='ltr'><strong>que</strong></span> <span class='ocrx_word' id='word_1_91' title='bbox 929 812 1091 868; x_wconf 86' lang='lat' dir='ltr'><strong>testamenti</strong></span> <span class='ocrx_word' id='word_1_92' title='bbox 1110 812 1238 867; x_wconf 84' lang='lat' dir='ltr'><strong>scientia.</strong></span> 
     </span>
    </p>

    <p class='ocr_par' dir='ltr' id='par_1_3' title="bbox 56 898 1701 1147">
     <span class='ocr_line' id='line_1_8' title="bbox 56 898 1700 975; baseline 0.001 -18"><span class='ocrx_word' id='word_1_93' title='bbox 56 945 58 963; x_wconf 87' lang='lat'><em>.</em></span> <span class='ocrx_word' id='word_1_94' title='bbox 82 901 249 958; x_wconf 82' lang='lat' dir='ltr'><strong>diuturnior</strong></span> <span class='ocrx_word' id='word_1_95' title='bbox 265 901 339 955; x_wconf 88' lang='lat' dir='ltr'><strong>intra</strong></span> <span class='ocrx_word' id='word_1_96' title='bbox 364 907 487 955; x_wconf 85' lang='lat' dir='ltr'><strong>mentem</strong></span> <span class='ocrx_word' id='word_1_97' title='bbox 507 899 590 955; x_wconf 90' lang='lat' dir='ltr'><strong>lutus.</strong></span> <span class='ocrx_word' id='word_1_98' title='bbox 615 898 702 964; x_wconf 84' lang='lat' dir='ltr'><strong>Quasi</strong></span> <span class='ocrx_word' id='word_1_99' title='bbox 724 899 801 955; x_wconf 89' lang='lat' dir='ltr'><strong>enirn</strong></span> <span class='ocrx_word' id='word_1_100' title='bbox 892 900 977 956; x_wconf 79' lang='lat' dir='ltr'><strong>Vens.</strong></span> <span class='ocrx_word' id='word_1_101' title='bbox 995 903 1037 953; x_wconf 78' lang='lat' dir='ltr'><strong>lb.</strong></span> <span class='ocrx_word' id='word_1_102' title='bbox 1051 930 1085 940; x_wconf 91' lang='lat'><em>-</em></span> <span class='ocrx_word' id='word_1_103' title='bbox 1102 899 1235 956; x_wconf 76' lang='lat' dir='ltr'><strong>«Omnes</strong></span> <span class='ocrx_word' id='word_1_104' title='bbox 1258 901 1394 970; x_wconf 79' lang='lat' dir='ltr'><strong>nequitiae</strong></span> <span class='ocrx_word' id='word_1_105' title='bbox 1414 916 1513 958; x_wconf 89' lang='lat' dir='ltr'><strong>corum</strong></span> <span class='ocrx_word' id='word_1_106' title='bbox 1535 903 1565 959; x_wconf 92' lang='lat' dir='ltr'><strong>iu</strong></span> <span class='ocrx_word' id='word_1_107' title='bbox 1589 902 1700 975; x_wconf 87' lang='lat' dir='ltr'><strong>Galgal,</strong></span> 
     </span>
     <span class='ocr_line' id='line_1_9' title="bbox 56 987 1701 1061; baseline 0.001 -15"><span class='ocrx_word' id='word_1_108' title='bbox 56 1004 128 1047; x_wconf 85' lang='lat' dir='ltr'><strong>ecus</strong></span> <span class='ocrx_word' id='word_1_109' title='bbox 153 989 274 1056; x_wconf 87' lang='lat' dir='ltr'><strong>leretur,</strong></span> <span class='ocrx_word' id='word_1_110' title='bbox 310 988 386 1059; x_wconf 83' lang='lat' dir='ltr'><strong>quod</strong></span> <span class='ocrx_word' id='word_1_111' title='bbox 411 989 591 1044; x_wconf 82' lang='lat' dir='ltr'><strong>retractando</strong></span> <span class='ocrx_word' id='word_1_112' title='bbox 622 987 743 1044; x_wconf 92' lang='lat' dir='ltr'><strong>lldeliter</strong></span> <span class='ocrx_word' id='word_1_113' title='bbox 765 1001 802 1042; x_wconf 92' lang='lat' dir='ltr'><strong>ex</strong></span> <span class='ocrx_word' id='word_1_114' title='bbox 858 990 957 1058; x_wconf 70' lang='lat' dir='ltr'><strong>nquia</strong></span> <span class='ocrx_word' id='word_1_115' title='bbox 973 988 1011 1044; x_wconf 93' lang='lat' dir='ltr'><strong>ibi</strong></span> <span class='ocrx_word' id='word_1_116' title='bbox 1027 1002 1074 1044; x_wconf 90' lang='lat' dir='ltr'><strong>eos</strong></span> <span class='ocrx_word' id='word_1_117' title='bbox 1093 1002 1198 1046; x_wconf 92' lang='lat' dir='ltr'><strong>exosos</strong></span> <span class='ocrx_word' id='word_1_118' title='bbox 1220 988 1346 1045; x_wconf 79' lang='lat' dir='ltr'><strong>habui.»</strong></span> <span class='ocrx_word' id='word_1_119' title='bbox 1374 991 1472 1061; x_wconf 78' lang='lat' dir='ltr'><strong>calgal</strong></span> <span class='ocrx_word' id='word_1_120' title='bbox 1496 992 1701 1061; x_wconf 87' lang='lat' dir='ltr'><strong>iuterpretatur</strong></span> 
     </span>
     <span class='ocr_line' id='line_1_10' title="bbox 56 1073 1701 1147; baseline 0 -14"><span class='ocrx_word' id='word_1_121' title='bbox 56 1077 259 1134; x_wconf 83' lang='lat' dir='ltr'><strong>deliberatione</strong></span> <span class='ocrx_word' id='word_1_122' title='bbox 281 1076 402 1142; x_wconf 92' lang='lat' dir='ltr'><strong>consilii,</strong></span> <span class='ocrx_word' id='word_1_123' title='bbox 428 1076 517 1131; x_wconf 90' lang='lat' dir='ltr'><strong>veluti</strong></span> <span class='ocrx_word' id='word_1_124' title='bbox 549 1090 598 1145; x_wconf 92' lang='lat' dir='ltr'><strong>per</strong></span> <span class='ocrx_word' id='word_1_125' title='bbox 624 1073 803 1131; x_wconf 82' lang='lat' dir='ltr'><strong>discretionis</strong></span> <span class='ocrx_word' id='word_1_126' title='bbox 854 1075 1048 1130; x_wconf 72' lang='lat' dir='ltr'><strong>volutabrum:</strong></span> <span class='ocrx_word' id='word_1_127' title='bbox 1076 1078 1168 1132; x_wconf 78' lang='grc'><strong>0111111</strong></span> <span class='ocrx_word' id='word_1_128' title='bbox 1192 1089 1260 1146; x_wconf 85' lang='lat' dir='ltr'><strong>ergo</strong></span> <span class='ocrx_word' id='word_1_129' title='bbox 1279 1092 1370 1130; x_wconf 89' lang='lat' dir='ltr'><strong>corum</strong></span> <span class='ocrx_word' id='word_1_130' title='bbox 1391 1079 1518 1147; x_wconf 79' lang='lat' dir='ltr'><strong>itaquih‘ae</strong></span> <span class='ocrx_word' id='word_1_131' title='bbox 1540 1081 1570 1132; x_wconf 83' lang='lat' dir='ltr'><strong>ia</strong></span> <span class='ocrx_word' id='word_1_132' title='bbox 1592 1081 1701 1133; x_wconf 81' lang='lat' dir='ltr'><strong>voluto·</strong></span> 
     </span>
    </p>
   </div>
   <div class='ocr_carea' id='block_1_3' title="bbox 55 1250 1703 5563">
    <p class='ocr_par' dir='ltr' id='par_1_4' title="bbox 55 1250 1703 4061">
     <span class='ocr_line' id='line_1_11' title="bbox 64 1250 1701 1325; baseline -0.001 -14"><span class='ocrx_word' id='word_1_133' title='bbox 64 1254 254 1325; x_wconf 80' lang='lat' dir='ltr'><strong>expromitur,</strong></span> <span class='ocrx_word' id='word_1_134' title='bbox 277 1267 343 1308; x_wconf 91' lang='lat' dir='ltr'><strong>curn</strong></span> <span class='ocrx_word' id='word_1_135' title='bbox 367 1251 478 1308; x_wconf 81' lang='lat' dir='ltr'><strong>risibus</strong></span> <span class='ocrx_word' id='word_1_136' title='bbox 506 1250 656 1308; x_wconf 87' lang='lat' dir='ltr'><strong>homiuum</strong></span> <span class='ocrx_word' id='word_1_137' title='bbox 683 1251 711 1306; x_wconf 92' lang='lat' dir='ltr'><strong>in</strong></span> <span class='ocrx_word' id='word_1_138' title='bbox 735 1251 801 1307; x_wconf 91' lang='lat' dir='ltr'><strong>boni</strong></span> <span class='ocrx_word' id='word_1_139' title='bbox 855 1252 943 1308; x_wconf 87' lang='lat' dir='ltr'><strong>solius</strong></span> <span class='ocrx_word' id='word_1_140' title='bbox 962 1251 1115 1309; x_wconf 78' lang='lat' dir='ltr'><strong>lentescere</strong></span> <span class='ocrx_word' id='word_1_141' title='bbox 1130 1251 1241 1308; x_wconf 81' lang='lat' dir='ltr'><strong>solerer</strong></span> <span class='ocrx_word' id='word_1_142' title='bbox 1255 1254 1408 1308; x_wconf 89' lang='lat' dir='ltr'><strong>extenuari</strong></span> <span class='ocrx_word' id='word_1_143' title='bbox 1424 1255 1478 1310; x_wconf 91' lang='lat' dir='ltr'><strong>suh</strong></span> <span class='ocrx_word' id='word_1_144' title='bbox 1497 1255 1575 1311; x_wconf 84' lang='lat' dir='ltr'><strong>vitio.</strong></span> <span class='ocrx_word' id='word_1_145' title='bbox 1600 1254 1701 1322; x_wconf 92' lang='lat' dir='ltr'><strong>Quan-</strong></span> 
     </span>
     <span class='ocr_line' id='line_1_12' title="bbox 56 1339 1701 1414; baseline 0.001 -15"><span class='ocrx_word' id='word_1_146' title='bbox 56 1342 85 1399; x_wconf 88' lang='grc'><strong>111</strong></span> <span class='ocrx_word' id='word_1_147' title='bbox 100 1343 299 1414; x_wconf 84' lang='lat' dir='ltr'><strong>prosecutione</strong></span> <span class='ocrx_word' id='word_1_148' title='bbox 314 1342 494 1411; x_wconf 89' lang='lat' dir='ltr'><strong>proponitur.</strong></span> <span class='ocrx_word' id='word_1_149' title='bbox 506 1340 578 1406; x_wconf 86' lang='lat' dir='ltr'><strong>Quia</strong></span> <span class='ocrx_word' id='word_1_150' title='bbox 588 1354 658 1411; x_wconf 87' lang='lat' dir='ltr'><strong>ergo</strong></span> <span class='ocrx_word' id='word_1_151' title='bbox 668 1341 802 1410; x_wconf 82' lang='lat' dir='ltr'><strong>Ephraim</strong></span> <span class='ocrx_word' id='word_1_152' title='bbox 855 1349 1002 1411; x_wconf 81' lang='lat' dir='ltr'><strong>tacunoue</strong></span> <span class='ocrx_word' id='word_1_153' title='bbox 1016 1339 1092 1396; x_wconf 92' lang='lat' dir='ltr'><strong>enim</strong></span> <span class='ocrx_word' id='word_1_154' title='bbox 1109 1341 1137 1395; x_wconf 94' lang='lat' dir='ltr'><strong>in</strong></span> <span class='ocrx_word' id='word_1_155' title='bbox 1159 1339 1288 1411; x_wconf 87' lang='lat' dir='ltr'><strong>quolibet</strong></span> <span class='ocrx_word' id='word_1_156' title='bbox 1301 1341 1465 1409; x_wconf 86' lang='lat' dir='ltr'><strong>credulitas,</strong></span> <span class='ocrx_word' id='word_1_157' title='bbox 1482 1351 1701 1413; x_wconf 86' lang='lat' dir='ltr'><strong>quantumcun-</strong></span> 
     </span>
     <span class='ocr_line' id='line_1_13' title="bbox 56 1428 1699 1502; baseline 0.001 -16"><span class='ocrx_word' id='word_1_158' title='bbox 56 1434 115 1486; x_wconf 82' lang='lat' dir='ltr'><strong>aais</strong></span> <span class='ocrx_word' id='word_1_159' title='bbox 137 1444 187 1501; x_wconf 90' lang='lat' dir='ltr'><strong>per</strong></span> <span class='ocrx_word' id='word_1_160' title='bbox 207 1431 358 1486; x_wconf 87' lang='lat' dir='ltr'><strong>elationem</strong></span> <span class='ocrx_word' id='word_1_161' title='bbox 383 1428 479 1484; x_wconf 85' lang='lat' dir='ltr'><strong>arelat</strong></span> <span class='ocrx_word' id='word_1_162' title='bbox 504 1428 651 1498; x_wconf 85' lang='lat' dir='ltr'><strong>usquead</strong></span> <span class='ocrx_word' id='word_1_163' title='bbox 675 1437 800 1498; x_wconf 90' lang='lat' dir='ltr'><strong>partum,</strong></span> <span class='ocrx_word' id='word_1_164' title='bbox 855 1443 913 1500; x_wconf 85' lang='lat' dir='ltr'><strong>que</strong></span> <span class='ocrx_word' id='word_1_165' title='bbox 934 1429 1059 1499; x_wconf 88' lang='lat' dir='ltr'><strong>superba</strong></span> <span class='ocrx_word' id='word_1_166' title='bbox 1072 1430 1214 1500; x_wconf 89' lang='lat' dir='ltr'><strong>majestas,</strong></span> <span class='ocrx_word' id='word_1_167' title='bbox 1231 1429 1267 1484; x_wconf 91' lang='lat' dir='ltr'><strong>ad</strong></span> <span class='ocrx_word' id='word_1_168' title='bbox 1283 1429 1310 1484; x_wconf 92' lang='lat' dir='ltr'><strong>id</strong></span> <span class='ocrx_word' id='word_1_169' title='bbox 1326 1429 1441 1485; x_wconf 90' lang='lat' dir='ltr'><strong>molitiei</strong></span> <span class='ocrx_word' id='word_1_170' title='bbox 1458 1432 1572 1487; x_wconf 90' lang='lat' dir='ltr'><strong>tandem</strong></span> <span class='ocrx_word' id='word_1_171' title='bbox 1596 1432 1699 1502; x_wconf 89' lang='lat' dir='ltr'><strong>despu-</strong></span> 
     </span>
     <span class='ocr_line' id='line_1_14' title="bbox 61 1516 1701 1590; baseline -0.001 -15"><span class='ocrx_word' id='word_1_172' title='bbox 61 1519 237 1590; x_wconf 77' lang='lat' dir='ltr'><strong>usquedum</strong></span> <span class='ocrx_word' id='word_1_173' title='bbox 256 1518 292 1573; x_wconf 92' lang='lat' dir='ltr'><strong>ab</strong></span> <span class='ocrx_word' id='word_1_174' title='bbox 317 1517 483 1573; x_wconf 89' lang='lat' dir='ltr'><strong>hominibus</strong></span> <span class='ocrx_word' id='word_1_175' title='bbox 504 1516 594 1572; x_wconf 85' lang='lat' dir='ltr'><strong>videri</strong></span> <span class='ocrx_word' id='word_1_176' title='bbox 619 1518 716 1586; x_wconf 88' lang='lat' dir='ltr'><strong>possit,</strong></span> <span class='ocrx_word' id='word_1_177' title='bbox 738 1516 803 1586; x_wconf 82' lang='lat' dir='ltr'><strong>ejus</strong></span> <span class='ocrx_word' id='word_1_178' title='bbox 854 1532 934 1574; x_wconf 89' lang='lat' dir='ltr'><strong>mare</strong></span> <span class='ocrx_word' id='word_1_179' title='bbox 949 1532 982 1573; x_wconf 89' lang='lat' dir='ltr'><strong>ac</strong></span> <span class='ocrx_word' id='word_1_180' title='bbox 997 1517 1092 1574; x_wconf 89' lang='lat' dir='ltr'><strong>rellari</strong></span> <span class='ocrx_word' id='word_1_181' title='bbox 1107 1517 1295 1587; x_wconf 86' lang='lat' dir='ltr'><strong>dignoscitur.</strong></span> <span class='ocrx_word' id='word_1_182' title='bbox 1314 1518 1418 1588; x_wconf 89' lang='lat' dir='ltr'><strong>llagna</strong></span> <span class='ocrx_word' id='word_1_183' title='bbox 1438 1517 1606 1585; x_wconf 73' lang='lat' dir='ltr'><strong>Alexandri,</strong></span> <span class='ocrx_word' id='word_1_184' title='bbox 1637 1534 1701 1574; x_wconf 91' lang='lat' dir='ltr'><strong>rna-</strong></span> 
     </span>
     <span class='ocr_line' id='line_1_15' title="bbox 57 1605 1702 1680; baseline 0 -17"><span class='ocrx_word' id='word_1_185' title='bbox 57 1621 72 1663; x_wconf 93' lang='lat' dir='ltr'><strong>r</strong></span> <span class='ocrx_word' id='word_1_186' title='bbox 90 1608 181 1680; x_wconf 85' lang='lat' dir='ltr'><strong>gloria</strong></span> <span class='ocrx_word' id='word_1_187' title='bbox 197 1613 367 1677; x_wconf 80' lang='lat' dir='ltr'><strong>persei-crat,</strong></span> <span class='ocrx_word' id='word_1_188' title='bbox 389 1620 476 1676; x_wconf 76' lang='lat' dir='ltr'><strong>otiam</strong></span> <span class='ocrx_word' id='word_1_189' title='bbox 500 1620 568 1661; x_wconf 87' lang='lat' dir='ltr'><strong>mox</strong></span> <span class='ocrx_word' id='word_1_190' title='bbox 583 1606 718 1661; x_wconf 77' lang='lat' dir='ltr'><strong>humanae</strong></span> <span class='ocrx_word' id='word_1_191' title='bbox 734 1605 801 1660; x_wconf 88' lang='lat' dir='ltr'><strong>lau·</strong></span> <span class='ocrx_word' id='word_1_192' title='bbox 855 1621 913 1677; x_wconf 87' lang='lat' dir='ltr'><strong>gna</strong></span> <span class='ocrx_word' id='word_1_193' title='bbox 927 1606 1047 1663; x_wconf 74' lang='lat' dir='ltr'><strong>Caesaris</strong></span> <span class='ocrx_word' id='word_1_194' title='bbox 1060 1606 1253 1676; x_wconf 75' lang='lat' dir='ltr'><strong>undecunque</strong></span> <span class='ocrx_word' id='word_1_195' title='bbox 1274 1606 1404 1663; x_wconf 76' lang='lat' dir='ltr'><strong>ferocitas</strong></span> <span class='ocrx_word' id='word_1_196' title='bbox 1424 1607 1567 1664; x_wconf 88' lang='lat' dir='ltr'><strong>multoties</strong></span> <span class='ocrx_word' id='word_1_197' title='bbox 1595 1608 1702 1664; x_wconf 87' lang='lat' dir='ltr'><strong>Sarda·</strong></span> 
     </span>
     <span class='ocr_line' id='line_1_16' title="bbox 56 1669 1702 1766; baseline -0.001 -13"><span class='ocrx_word' id='word_1_198' title='bbox 56 1710 110 1753; x_wconf 77' lang='lat' dir='ltr'><strong>‚cro</strong></span> <span class='ocrx_word' id='word_1_199' title='bbox 128 1695 254 1752; x_wconf 85' lang='lat' dir='ltr'><strong>trtrcldat</strong></span> <span class='ocrx_word' id='word_1_200' title='bbox 276 1694 371 1762; x_wconf 80' lang='lat' dir='ltr'><strong>(Vens.</strong></span> <span class='ocrx_word' id='word_1_201' title='bbox 391 1697 434 1764; x_wconf 76' lang='grc'><strong>11)</strong></span> <span class='ocrx_word' id='word_1_202' title='bbox 453 1693 558 1760; x_wconf 79' lang='lat' dir='ltr'><strong>‹Qirod</strong></span> <span class='ocrx_word' id='word_1_203' title='bbox 584 1693 607 1748; x_wconf 91' lang='lat' dir='ltr'><strong>si</strong></span> <span class='ocrx_word' id='word_1_204' title='bbox 628 1693 800 1749; x_wconf 86' lang='lat' dir='ltr'><strong>enutrierint</strong></span> <span class='ocrx_word' id='word_1_205' title='bbox 820 1669 1146 1765; x_wconf 74' lang='grc' dir='ltr'><strong>Β111111111111111111</strong></span> <span class='ocrx_word' id='word_1_206' title='bbox 1166 1694 1339 1765; x_wconf 79' lang='lat' dir='ltr'><strong>temperiem,</strong></span> <span class='ocrx_word' id='word_1_207' title='bbox 1362 1701 1390 1751; x_wconf 90' lang='lat' dir='ltr'><strong>et</strong></span> <span class='ocrx_word' id='word_1_208' title='bbox 1403 1696 1478 1766; x_wconf 74' lang='lat' dir='ltr'><strong>quod</strong></span> <span class='ocrx_word' id='word_1_209' title='bbox 1504 1696 1607 1752; x_wconf 89' lang='lat' dir='ltr'><strong>ludum</strong></span> <span class='ocrx_word' id='word_1_210' title='bbox 1631 1711 1702 1752; x_wconf 89' lang='lat' dir='ltr'><strong>cou-</strong></span> 
     </span>
     <span class='ocr_line' id='line_1_17' title="bbox 56 1781 1703 1853; baseline 0.004 -19"><span class='ocrx_word' id='word_1_211' title='bbox 56 1798 150 1851; x_wconf 85' lang='lat' dir='ltr'><strong>.suos,</strong></span> <span class='ocrx_word' id='word_1_212' title='bbox 178 1784 288 1853; x_wconf 75' lang='lat' dir='ltr'><strong>absque</strong></span> <span class='ocrx_word' id='word_1_213' title='bbox 304 1782 400 1839; x_wconf 86' lang='lat' dir='ltr'><strong>liberis</strong></span> <span class='ocrx_word' id='word_1_214' title='bbox 420 1797 467 1839; x_wconf 88' lang='lat' dir='ltr'><strong>eos</strong></span> <span class='ocrx_word' id='word_1_215' title='bbox 494 1782 594 1838; x_wconf 83' lang='lat' dir='ltr'><strong>iaciant</strong></span> <span class='ocrx_word' id='word_1_216' title='bbox 621 1782 649 1836; x_wconf 93' lang='grc'><strong>11</strong></span> <span class='ocrx_word' id='word_1_217' title='bbox 675 1781 799 1838; x_wconf 89' lang='lat' dir='ltr'><strong>homini·</strong></span> <span class='ocrx_word' id='word_1_218' title='bbox 855 1784 987 1840; x_wconf 88' lang='lat' dir='ltr'><strong>tinuabat</strong></span> <span class='ocrx_word' id='word_1_219' title='bbox 1000 1783 1111 1840; x_wconf 83' lang='lat' dir='ltr'><strong>Oceano</strong></span> <span class='ocrx_word' id='word_1_220' title='bbox 1126 1782 1364 1839; x_wconf 86' lang='lat' dir='ltr'><strong>muliercularum</strong></span> <span class='ocrx_word' id='word_1_221' title='bbox 1380 1784 1481 1840; x_wconf 87' lang='lat' dir='ltr'><strong>viliuru</strong></span> <span class='ocrx_word' id='word_1_222' title='bbox 1503 1785 1703 1841; x_wconf 85' lang='lat' dir='ltr'><strong>miserabiliter</strong></span> 
     </span>
     <span class='ocr_line' id='line_1_18' title="bbox 73 1869 1701 1941; baseline 0.001 -13"><span class='ocrx_word' id='word_1_223' title='bbox 73 1873 160 1928; x_wconf 89' lang='lat' dir='ltr'><strong>sedet</strong></span> <span class='ocrx_word' id='word_1_224' title='bbox 176 1886 217 1927; x_wconf 77' lang='lat' dir='ltr'><strong>rae</strong></span> <span class='ocrx_word' id='word_1_225' title='bbox 238 1873 288 1938; x_wconf 91' lang='lat' dir='ltr'><strong>eis,</strong></span> <span class='ocrx_word' id='word_1_226' title='bbox 307 1885 372 1927; x_wconf 91' lang='lat' dir='ltr'><strong>cum</strong></span> <span class='ocrx_word' id='word_1_227' title='bbox 395 1885 535 1928; x_wconf 87' lang='lat' dir='ltr'><strong>recessero</strong></span> <span class='ocrx_word' id='word_1_228' title='bbox 551 1869 655 1926; x_wconf 88' lang='lat' dir='ltr'><strong>abcisi</strong></span> <span class='ocrx_word' id='word_1_229' title='bbox 675 1891 685 1918; x_wconf 83' lang='lat'><strong>»</strong></span> <span class='ocrx_word' id='word_1_230' title='bbox 715 1871 799 1926; x_wconf 79' lang='lat' dir='ltr'><strong>Filios</strong></span> <span class='ocrx_word' id='word_1_231' title='bbox 854 1870 1076 1940; x_wconf 86' lang='lat' dir='ltr'><strong>circumscripsit</strong></span> <span class='ocrx_word' id='word_1_232' title='bbox 1088 1878 1229 1941; x_wconf 85' lang='lat' dir='ltr'><strong>aspectus.</strong></span> <span class='ocrx_word' id='word_1_233' title='bbox 1248 1873 1356 1928; x_wconf 84' lang='lat' dir='ltr'><strong>Exosos</strong></span> <span class='ocrx_word' id='word_1_234' title='bbox 1368 1871 1423 1928; x_wconf 90' lang='lat' dir='ltr'><strong>sibi</strong></span> <span class='ocrx_word' id='word_1_235' title='bbox 1440 1873 1515 1928; x_wconf 87' lang='lat' dir='ltr'><strong>Dens</strong></span> <span class='ocrx_word' id='word_1_236' title='bbox 1532 1887 1580 1928; x_wconf 93' lang='lat' dir='ltr'><strong>eos</strong></span> <span class='ocrx_word' id='word_1_237' title='bbox 1605 1873 1701 1940; x_wconf 88' lang='lat' dir='ltr'><strong>habet,</strong></span> 
     </span>
     <span class='ocr_line' id='line_1_19' title="bbox 56 1958 1702 2030; baseline 0 -14"><span class='ocrx_word' id='word_1_238' title='bbox 56 1967 105 2016; x_wconf 91' lang='lat' dir='ltr'><strong>uut</strong></span> <span class='ocrx_word' id='word_1_239' title='bbox 124 1958 245 2030; x_wconf 85' lang='lat' dir='ltr'><strong>quipiae</strong></span> <span class='ocrx_word' id='word_1_240' title='bbox 268 1959 493 2014; x_wconf 85' lang='lat' dir='ltr'><strong>coriversationis</strong></span> <span class='ocrx_word' id='word_1_241' title='bbox 513 1959 645 2029; x_wconf 91' lang='lat' dir='ltr'><strong>operain</strong></span> <span class='ocrx_word' id='word_1_242' title='bbox 663 1959 708 2013; x_wconf 90' lang='lat' dir='ltr'><strong>his</strong></span> <span class='ocrx_word' id='word_1_243' title='bbox 732 1972 799 2027; x_wconf 89' lang='lat' dir='ltr'><strong>pro·</strong></span> <span class='ocrx_word' id='word_1_244' title='bbox 854 1960 924 2029; x_wconf 82' lang='lat' dir='ltr'><strong>qaia</strong></span> <span class='ocrx_word' id='word_1_245' title='bbox 949 1958 1058 2015; x_wconf 84' lang='lat' dir='ltr'><strong>rabiem</strong></span> <span class='ocrx_word' id='word_1_246' title='bbox 1083 1959 1206 2015; x_wconf 89' lang='lat' dir='ltr'><strong>elleratae</strong></span> <span class='ocrx_word' id='word_1_247' title='bbox 1231 1960 1352 2016; x_wconf 79' lang='lat' dir='ltr'><strong>licentia</strong></span> <span class='ocrx_word' id='word_1_248' title='bbox 1383 1975 1440 2016; x_wconf 91' lang='lat' dir='ltr'><strong>nou</strong></span> <span class='ocrx_word' id='word_1_249' title='bbox 1467 1963 1600 2017; x_wconf 89' lang='lat' dir='ltr'><strong>sustinet.</strong></span> <span class='ocrx_word' id='word_1_250' title='bbox 1630 1961 1702 2018; x_wconf 90' lang='lat' dir='ltr'><strong>Nota</strong></span> 
     </span>
     <span class='ocr_line' id='line_1_20' title="bbox 57 2045 1702 2119; baseline 0.001 -14"><span class='ocrx_word' id='word_1_251' title='bbox 57 2048 260 2119; x_wconf 87' lang='lat' dir='ltr'><strong>oprorehunt.</strong></span> <span class='ocrx_word' id='word_1_252' title='bbox 277 2050 309 2103; x_wconf 88' lang='lat' dir='ltr'><strong>ln</strong></span> <span class='ocrx_word' id='word_1_253' title='bbox 323 2048 475 2102; x_wconf 82' lang='lat' dir='ltr'><strong>bominibus</strong></span> <span class='ocrx_word' id='word_1_254' title='bbox 490 2047 591 2116; x_wconf 80' lang='lat' dir='ltr'><strong>absque</strong></span> <span class='ocrx_word' id='word_1_255' title='bbox 610 2048 703 2101; x_wconf 78' lang='lat' dir='ltr'><strong>tiberis</strong></span> <span class='ocrx_word' id='word_1_256' title='bbox 714 2045 798 2113; x_wconf 82' lang='lat' dir='ltr'><strong>fiunt,</strong></span> <span class='ocrx_word' id='word_1_257' title='bbox 853 2048 956 2103; x_wconf 89' lang='lat' dir='ltr'><strong>diluvii</strong></span> <span class='ocrx_word' id='word_1_258' title='bbox 978 2061 1089 2114; x_wconf 90' lang='lat' dir='ltr'><strong>causas,</strong></span> <span class='ocrx_word' id='word_1_259' title='bbox 1107 2055 1165 2103; x_wconf 87' lang='lat' dir='ltr'><strong>eta</strong></span> <span class='ocrx_word' id='word_1_260' title='bbox 1182 2048 1320 2117; x_wconf 87' lang='lat' dir='ltr'><strong>propbeta</strong></span> <span class='ocrx_word' id='word_1_261' title='bbox 1337 2048 1474 2118; x_wconf 85' lang='lat' dir='ltr'><strong>appellari</strong></span> <span class='ocrx_word' id='word_1_262' title='bbox 1497 2051 1573 2105; x_wconf 91' lang='lat' dir='ltr'><strong>hanc</strong></span> <span class='ocrx_word' id='word_1_263' title='bbox 1596 2057 1702 2119; x_wconf 91' lang='lat' dir='ltr'><strong>pestem</strong></span> 
     </span>
     <span class='ocr_line' id='line_1_21' title="bbox 56 2134 1701 2207; baseline -0.001 -13"><span class='ocrx_word' id='word_1_264' title='bbox 56 2145 95 2194; x_wconf 92' lang='lat' dir='ltr'><strong>ter</strong></span> <span class='ocrx_word' id='word_1_265' title='bbox 116 2137 267 2193; x_wconf 86' lang='lat' dir='ltr'><strong>hominum</strong></span> <span class='ocrx_word' id='word_1_266' title='bbox 283 2137 394 2193; x_wconf 88' lang='lat' dir='ltr'><strong>lavares</strong></span> <span class='ocrx_word' id='word_1_267' title='bbox 419 2135 580 2191; x_wconf 81' lang='lat' dir='ltr'><strong>alibertatc</strong></span> <span class='ocrx_word' id='word_1_268' title='bbox 599 2135 687 2191; x_wconf 90' lang='lat' dir='ltr'><strong>animi</strong></span> <span class='ocrx_word' id='word_1_269' title='bbox 714 2134 800 2190; x_wconf 87' lang='lat' dir='ltr'><strong>attri-</strong></span> <span class='ocrx_word' id='word_1_270' title='bbox 854 2150 912 2192; x_wconf 91' lang='lat' dir='ltr'><strong>non</strong></span> <span class='ocrx_word' id='word_1_271' title='bbox 927 2135 1108 2205; x_wconf 85' lang='lat' dir='ltr'><strong>aliterquarn</strong></span> <span class='ocrx_word' id='word_1_272' title='bbox 1126 2135 1261 2191; x_wconf 87' lang='lat' dir='ltr'><strong>malleum</strong></span> <span class='ocrx_word' id='word_1_273' title='bbox 1276 2136 1419 2192; x_wconf 76' lang='lat' dir='ltr'><strong>universa</strong></span> <span class='ocrx_word' id='word_1_274' title='bbox 1434 2146 1526 2193; x_wconf 79' lang='lat' dir='ltr'><strong>terra.</strong></span> <span class='ocrx_word' id='word_1_275' title='bbox 1546 2161 1556 2187; x_wconf 77' lang='grc' dir='ltr'>ι</span> <span class='ocrx_word' id='word_1_276' title='bbox 1584 2137 1701 2207; x_wconf 90' lang='lat' dir='ltr'><strong>Propter</strong></span> 
     </span>
     <span class='ocr_line' id='line_1_22' title="bbox 59 2223 1701 2297; baseline -0.001 -15"><span class='ocrx_word' id='word_1_277' title='bbox 59 2225 127 2297; x_wconf 88' lang='lat' dir='ltr'><strong>ulgo</strong></span> <span class='ocrx_word' id='word_1_278' title='bbox 142 2239 213 2282; x_wconf 89' lang='lat' dir='ltr'><strong>aure</strong></span> <span class='ocrx_word' id='word_1_279' title='bbox 231 2225 368 2296; x_wconf 75' lang='lat' dir='ltr'><strong>lf.,rulgi</strong></span> <span class='ocrx_word' id='word_1_280' title='bbox 387 2227 475 2292; x_wconf 83' lang='lat' dir='ltr'><strong>aurae]</strong></span> <span class='ocrx_word' id='word_1_281' title='bbox 492 2223 634 2280; x_wconf 87' lang='lat' dir='ltr'><strong>serviliter</strong></span> <span class='ocrx_word' id='word_1_282' title='bbox 656 2237 686 2277; x_wconf 92' lang='lat' dir='ltr'><strong>se</strong></span> <span class='ocrx_word' id='word_1_283' title='bbox 703 2223 798 2278; x_wconf 88' lang='lat' dir='ltr'><strong>dimit·</strong></span> <span class='ocrx_word' id='word_1_284' title='bbox 857 2224 1025 2280; x_wconf 83' lang='lat' dir='ltr'><strong>»malitiam</strong></span> <span class='ocrx_word' id='word_1_285' title='bbox 1057 2223 1295 2280; x_wconf 87' lang='lat' dir='ltr'><strong>adinventionum</strong></span> <span class='ocrx_word' id='word_1_286' title='bbox 1326 2240 1427 2281; x_wconf 90' lang='lat' dir='ltr'><strong>eorum</strong></span> <span class='ocrx_word' id='word_1_287' title='bbox 1451 2225 1486 2281; x_wconf 91' lang='lat' dir='ltr'><strong>de</strong></span> <span class='ocrx_word' id='word_1_288' title='bbox 1518 2226 1602 2281; x_wconf 92' lang='lat' dir='ltr'><strong>domo</strong></span> <span class='ocrx_word' id='word_1_289' title='bbox 1638 2239 1701 2282; x_wconf 79' lang='lat' dir='ltr'><strong>ntea</strong></span> 
     </span>
     <span class='ocr_line' id='line_1_23' title="bbox 56 2310 1700 2384; baseline 0.004 -21"><span class='ocrx_word' id='word_1_290' title='bbox 56 2311 703 2381; x_wconf 67' lang='grc'><strong>111111111111111111111111111111111</strong></span> <span class='ocrx_word' id='word_1_291' title='bbox 731 2310 800 2366; x_wconf 91' lang='lat' dir='ltr'><strong>nul·</strong></span> <span class='ocrx_word' id='word_1_292' title='bbox 856 2313 998 2382; x_wconf 68' lang='lat' dir='ltr'><strong>noticiam</strong></span> <span class='ocrx_word' id='word_1_293' title='bbox 1018 2326 1081 2380; x_wconf 89' lang='lat' dir='ltr'><strong>eos;</strong></span> <span class='ocrx_word' id='word_1_294' title='bbox 1101 2326 1159 2367; x_wconf 91' lang='lat' dir='ltr'><strong>non</strong></span> <span class='ocrx_word' id='word_1_295' title='bbox 1184 2311 1289 2367; x_wconf 87' lang='lat' dir='ltr'><strong>addam</strong></span> <span class='ocrx_word' id='word_1_296' title='bbox 1316 2320 1347 2369; x_wconf 92' lang='lat' dir='ltr'><strong>ut</strong></span> <span class='ocrx_word' id='word_1_297' title='bbox 1374 2313 1491 2384; x_wconf 83' lang='lat' dir='ltr'><strong>diligam</strong></span> <span class='ocrx_word' id='word_1_298' title='bbox 1514 2327 1571 2369; x_wconf 91' lang='lat' dir='ltr'><strong>eos.</strong></span> <span class='ocrx_word' id='word_1_299' title='bbox 1593 2335 1604 2363; x_wconf 77' lang='grc' dir='ltr'><strong>ι</strong></span> <span class='ocrx_word' id='word_1_300' title='bbox 1629 2315 1700 2369; x_wconf 89' lang='lat' dir='ltr'><strong>Cum</strong></span> 
     </span>
     <span class='ocr_line' id='line_1_24' title="bbox 56 2398 1699 2472; baseline 0.002 -19"><span class='ocrx_word' id='word_1_301' title='bbox 56 2416 106 2458; x_wconf 74' lang='lat' dir='ltr'><strong>inae</strong></span> <span class='ocrx_word' id='word_1_302' title='bbox 127 2404 184 2472; x_wconf 93' lang='lat' dir='ltr'><strong>spei</strong></span> <span class='ocrx_word' id='word_1_303' title='bbox 209 2401 357 2457; x_wconf 87' lang='lat' dir='ltr'><strong>residuum</strong></span> <span class='ocrx_word' id='word_1_304' title='bbox 375 2408 427 2466; x_wconf 88' lang='lat' dir='ltr'><strong>est,</strong></span> <span class='ocrx_word' id='word_1_305' title='bbox 454 2401 510 2456; x_wconf 88' lang='lat' dir='ltr'><strong>bno</strong></span> <span class='ocrx_word' id='word_1_306' title='bbox 529 2398 722 2455; x_wconf 85' lang='lat' dir='ltr'><strong>damnationis</strong></span> <span class='ocrx_word' id='word_1_307' title='bbox 748 2413 799 2453; x_wconf 86' lang='lat' dir='ltr'><strong>ex·</strong></span> <span class='ocrx_word' id='word_1_308' title='bbox 854 2401 921 2470; x_wconf 80' lang='lat' dir='ltr'><strong>quis</strong></span> <span class='ocrx_word' id='word_1_309' title='bbox 934 2400 1187 2456; x_wconf 83' lang='lat' dir='ltr'><strong>consuetudinarie</strong></span> <span class='ocrx_word' id='word_1_310' title='bbox 1198 2408 1303 2470; x_wconf 90' lang='lat' dir='ltr'><strong>peccat,</strong></span> <span class='ocrx_word' id='word_1_311' title='bbox 1315 2411 1464 2472; x_wconf 85' lang='lat' dir='ltr'><strong>utcunque</strong></span> <span class='ocrx_word' id='word_1_312' title='bbox 1479 2401 1624 2457; x_wconf 89' lang='lat' dir='ltr'><strong>tolerabile</strong></span> <span class='ocrx_word' id='word_1_313' title='bbox 1647 2409 1699 2468; x_wconf 89' lang='lat' dir='ltr'><strong>est,</strong></span> 
     </span>
     <span class='ocr_line' id='line_1_25' title="bbox 76 2487 1701 2557; baseline 0 -12"><span class='ocrx_word' id='word_1_314' title='bbox 76 2489 267 2545; x_wconf 89' lang='lat' dir='ltr'><strong>inlortunium</strong></span> <span class='ocrx_word' id='word_1_315' title='bbox 291 2498 343 2556; x_wconf 91' lang='lat' dir='ltr'><strong>est,</strong></span> <span class='ocrx_word' id='word_1_316' title='bbox 367 2502 432 2544; x_wconf 87' lang='lat' dir='ltr'><strong>cum</strong></span> <span class='ocrx_word' id='word_1_317' title='bbox 456 2488 631 2557; x_wconf 82' lang='lat' dir='ltr'><strong>pervertitur</strong></span> <span class='ocrx_word' id='word_1_318' title='bbox 661 2487 799 2542; x_wconf 87' lang='lat' dir='ltr'><strong>rectitudo</strong></span> <span class='ocrx_word' id='word_1_319' title='bbox 854 2502 920 2544; x_wconf 83' lang='lat' dir='ltr'><strong>cuin</strong></span> <span class='ocrx_word' id='word_1_320' title='bbox 948 2495 1044 2544; x_wconf 89' lang='lat' dir='ltr'><strong>autem</strong></span> <span class='ocrx_word' id='word_1_321' title='bbox 1078 2490 1219 2544; x_wconf 88' lang='lat' dir='ltr'><strong>novitates</strong></span> <span class='ocrx_word' id='word_1_322' title='bbox 1254 2489 1445 2544; x_wconf 87' lang='lat' dir='ltr'><strong>adinveniunt</strong></span> <span class='ocrx_word' id='word_1_323' title='bbox 1478 2489 1643 2556; x_wconf 86' lang='lat' dir='ltr'><strong>criminum,</strong></span> <span class='ocrx_word' id='word_1_324' title='bbox 1673 2497 1701 2545; x_wconf 91' lang='lat' dir='ltr'><strong>et</strong></span> 
     </span>
     <span class='ocr_line' id='line_1_26' title="bbox 56 2575 1700 2648; baseline -0.001 -15"><span class='ocrx_word' id='word_1_325' title='bbox 56 2578 127 2634; x_wconf 90' lang='lat' dir='ltr'><strong>ouis.</strong></span> <span class='ocrx_word' id='word_1_326' title='bbox 140 2578 254 2633; x_wconf 88' lang='lat' dir='ltr'><strong>Recedil</strong></span> <span class='ocrx_word' id='word_1_327' title='bbox 265 2590 391 2646; x_wconf 85' lang='lat' dir='ltr'><strong>namque</strong></span> <span class='ocrx_word' id='word_1_328' title='bbox 406 2577 489 2644; x_wconf 85' lang='lat' dir='ltr'><strong>Deus,</strong></span> <span class='ocrx_word' id='word_1_329' title='bbox 511 2590 578 2631; x_wconf 89' lang='lat' dir='ltr'><strong>cum</strong></span> <span class='ocrx_word' id='word_1_330' title='bbox 595 2575 702 2631; x_wconf 90' lang='lat' dir='ltr'><strong>bonum</strong></span> <span class='ocrx_word' id='word_1_331' title='bbox 722 2575 800 2644; x_wconf 85' lang='lat' dir='ltr'><strong>quod</strong></span> <span class='ocrx_word' id='word_1_332' title='bbox 852 2577 918 2646; x_wconf 88' lang='lat' dir='ltr'><strong>jura</strong></span> <span class='ocrx_word' id='word_1_333' title='bbox 934 2576 1079 2647; x_wconf 88' lang='lat' dir='ltr'><strong>quispiam</strong></span> <span class='ocrx_word' id='word_1_334' title='bbox 1094 2583 1206 2632; x_wconf 88' lang='lat' dir='ltr'><strong>naturae</strong></span> <span class='ocrx_word' id='word_1_335' title='bbox 1224 2578 1444 2648; x_wconf 82' lang='lat' dir='ltr'><strong>transgreditur,</strong></span> <span class='ocrx_word' id='word_1_336' title='bbox 1470 2578 1550 2634; x_wconf 92' lang='lat' dir='ltr'><strong>honis</strong></span> <span class='ocrx_word' id='word_1_337' title='bbox 1564 2578 1700 2634; x_wconf 89' lang='lat' dir='ltr'><strong>omnihus</strong></span> 
     </span>
     <span class='ocr_line' id='line_1_27' title="bbox 56 2664 1699 2736; baseline 0.001 -16"><span class='ocrx_word' id='word_1_338' title='bbox 56 2668 100 2721; x_wconf 88' lang='lat' dir='ltr'><strong>llt</strong></span> <span class='ocrx_word' id='word_1_339' title='bbox 116 2674 247 2735; x_wconf 89' lang='lat' dir='ltr'><strong>respectu</strong></span> <span class='ocrx_word' id='word_1_340' title='bbox 263 2665 361 2735; x_wconf 87' lang='lat' dir='ltr'><strong>ipsias.</strong></span> <span class='ocrx_word' id='word_1_341' title='bbox 855 2664 1013 2721; x_wconf 90' lang='lat' dir='ltr'><strong>inaudibile</strong></span> <span class='ocrx_word' id='word_1_342' title='bbox 1028 2673 1080 2732; x_wconf 90' lang='lat' dir='ltr'><strong>est,</strong></span> <span class='ocrx_word' id='word_1_343' title='bbox 1097 2680 1132 2720; x_wconf 89' lang='lat' dir='ltr'><strong>ne</strong></span> <span class='ocrx_word' id='word_1_344' title='bbox 1146 2665 1214 2720; x_wconf 88' lang='lat' dir='ltr'><strong>durn</strong></span> <span class='ocrx_word' id='word_1_345' title='bbox 1232 2666 1298 2731; x_wconf 85' lang='lat' dir='ltr'><strong>Deo,</strong></span> <span class='ocrx_word' id='word_1_346' title='bbox 1315 2667 1366 2736; x_wconf 85' lang='lat' dir='ltr'><strong>qui</strong></span> <span class='ocrx_word' id='word_1_347' title='bbox 1381 2666 1545 2723; x_wconf 90' lang='lat' dir='ltr'><strong>inventores</strong></span> <span class='ocrx_word' id='word_1_348' title='bbox 1558 2667 1699 2723; x_wconf 88' lang='lat' dir='ltr'><strong>malorum</strong></span> 
     </span>
     <span class='ocr_line' id='line_1_28' title="bbox 56 2750 1699 2824; baseline 0 -14"><span class='ocrx_word' id='word_1_349' title='bbox 56 2757 131 2810; x_wconf 69' lang='grc'><strong>113.</strong></span> <span class='ocrx_word' id='word_1_350' title='bbox 150 2785 180 2794; x_wconf 88' lang='lat'><em>-</em></span> <span class='ocrx_word' id='word_1_351' title='bbox 197 2775 207 2802; x_wconf 86' lang='lat'>‹</span> <span class='ocrx_word' id='word_1_352' title='bbox 226 2754 371 2823; x_wconf 83' lang='lat' dir='ltr'><strong>Ephraim,</strong></span> <span class='ocrx_word' id='word_1_353' title='bbox 395 2755 429 2806; x_wconf 90' lang='lat' dir='ltr'><strong>nt</strong></span> <span class='ocrx_word' id='word_1_354' title='bbox 444 2751 512 2817; x_wconf 89' lang='lat' dir='ltr'><strong>vidi,</strong></span> <span class='ocrx_word' id='word_1_355' title='bbox 534 2751 628 2821; x_wconf 75' lang='lat' dir='ltr'><strong>Tyrus</strong></span> <span class='ocrx_word' id='word_1_356' title='bbox 648 2759 710 2806; x_wconf 89' lang='lat' dir='ltr'><strong>erat</strong></span> <span class='ocrx_word' id='word_1_357' title='bbox 731 2750 797 2806; x_wconf 89' lang='lat' dir='ltr'><strong>lun·</strong></span> <span class='ocrx_word' id='word_1_358' title='bbox 854 2761 935 2810; x_wconf 89' lang='lat' dir='ltr'><strong>tanta</strong></span> <span class='ocrx_word' id='word_1_359' title='bbox 952 2753 1100 2809; x_wconf 87' lang='lat' dir='ltr'><strong>atrocitate</strong></span> <span class='ocrx_word' id='word_1_360' title='bbox 1120 2753 1254 2821; x_wconf 89' lang='lat' dir='ltr'><strong>trucidat,</strong></span> <span class='ocrx_word' id='word_1_361' title='bbox 1273 2761 1303 2809; x_wconf 92' lang='lat' dir='ltr'><strong>ut</strong></span> <span class='ocrx_word' id='word_1_362' title='bbox 1321 2768 1369 2809; x_wconf 94' lang='lat' dir='ltr'><strong>eos</strong></span> <span class='ocrx_word' id='word_1_363' title='bbox 1392 2755 1591 2810; x_wconf 84' lang='lat' dir='ltr'><strong>inemorabiles</strong></span> <span class='ocrx_word' id='word_1_364' title='bbox 1615 2768 1699 2824; x_wconf 89' lang='lat' dir='ltr'><strong>pere·</strong></span> 
     </span>
     <span class='ocr_line' id='line_1_29' title="bbox 66 2839 1698 2922; baseline 0.001 -25"><span class='ocrx_word' id='word_1_365' title='bbox 66 2843 95 2897; x_wconf 94' lang='lat' dir='ltr'><strong>in</strong></span> <span class='ocrx_word' id='word_1_366' title='bbox 109 2841 333 2912; x_wconf 89' lang='lat' dir='ltr'><strong>pulchritudine.</strong></span> <span class='ocrx_word' id='word_1_367' title='bbox 353 2864 363 2887; x_wconf 85' lang='lat'><strong>·</strong></span> <span class='ocrx_word' id='word_1_368' title='bbox 382 2841 417 2895; x_wconf 88' lang='lat' dir='ltr'><strong>Et</strong></span> <span class='ocrx_word' id='word_1_369' title='bbox 432 2847 472 2895; x_wconf 89' lang='lat' dir='ltr'><strong>est</strong></span> <span class='ocrx_word' id='word_1_370' title='bbox 489 2839 589 2895; x_wconf 80' lang='lat' dir='ltr'><strong>litterae</strong></span> <span class='ocrx_word' id='word_1_371' title='bbox 615 2853 739 2895; x_wconf 90' lang='lat' dir='ltr'><strong>sensus:</strong></span> <span class='ocrx_word' id='word_1_372' title='bbox 766 2841 822 2922; x_wconf 40' lang='lat' dir='ltr'><strong>lli·</strong></span> <span class='ocrx_word' id='word_1_373' title='bbox 855 2844 945 2914; x_wconf 81' lang='lat' dir='ltr'><strong>grinae</strong></span> <span class='ocrx_word' id='word_1_374' title='bbox 958 2844 1056 2898; x_wconf 89' lang='lat' dir='ltr'><strong>mortis</strong></span> <span class='ocrx_word' id='word_1_375' title='bbox 1069 2842 1169 2898; x_wconf 88' lang='lat' dir='ltr'><strong>reddat</strong></span> <span class='ocrx_word' id='word_1_376' title='bbox 1183 2842 1325 2912; x_wconf 85' lang='lat' dir='ltr'><strong>exemplo,</strong></span> <span class='ocrx_word' id='word_1_377' title='bbox 1342 2844 1419 2912; x_wconf 86' lang='lat' dir='ltr'><strong>quod</strong></span> <span class='ocrx_word' id='word_1_378' title='bbox 1437 2844 1540 2912; x_wconf 81' lang='lat' dir='ltr'><strong>passini</strong></span> <span class='ocrx_word' id='word_1_379' title='bbox 1568 2843 1698 2913; x_wconf 90' lang='lat' dir='ltr'><strong>Scriptu-</strong></span> 
     </span>
     <span class='ocr_line' id='line_1_30' title="bbox 56 2928 1699 3018; baseline -0.001 -31"><span class='ocrx_word' id='word_1_380' title='bbox 56 2931 148 2996; x_wconf 88' lang='lat' dir='ltr'><strong>dest,</strong></span> <span class='ocrx_word' id='word_1_381' title='bbox 173 2931 249 2985; x_wconf 88' lang='lat' dir='ltr'><strong>sicut</strong></span> <span class='ocrx_word' id='word_1_382' title='bbox 277 2928 348 2994; x_wconf 77' lang='lat' dir='ltr'><strong>ridi,</strong></span> <span class='ocrx_word' id='word_1_383' title='bbox 369 2928 505 2998; x_wconf 80' lang='lat' dir='ltr'><strong>Ephraim</strong></span> <span class='ocrx_word' id='word_1_384' title='bbox 524 2933 583 2982; x_wconf 85' lang='lat' dir='ltr'><strong>crat</strong></span> <span class='ocrx_word' id='word_1_385' title='bbox 607 2929 681 2984; x_wconf 90' lang='lat' dir='ltr'><strong>sicut</strong></span> <span class='ocrx_word' id='word_1_386' title='bbox 709 2928 799 2998; x_wconf 73' lang='lat' dir='ltr'><strong>Tyrus</strong></span> <span class='ocrx_word' id='word_1_387' title='bbox 817 2961 839 3018; x_wconf 56' lang='grc' dir='ltr'><strong>Ο</strong></span> <span class='ocrx_word' id='word_1_388' title='bbox 856 2944 954 2987; x_wconf 90' lang='lat' dir='ltr'><strong>rarum</strong></span> <span class='ocrx_word' id='word_1_389' title='bbox 975 2931 1067 2987; x_wconf 88' lang='lat' dir='ltr'><strong>elucet</strong></span> <span class='ocrx_word' id='word_1_390' title='bbox 1094 2930 1264 2987; x_wconf 86' lang='lat' dir='ltr'><strong>testimonio.</strong></span> <span class='ocrx_word' id='word_1_391' title='bbox 1289 2932 1346 2986; x_wconf 92' lang='lat' dir='ltr'><strong>llos</strong></span> <span class='ocrx_word' id='word_1_392' title='bbox 1369 2932 1403 2987; x_wconf 92' lang='lat' dir='ltr'><strong>de</strong></span> <span class='ocrx_word' id='word_1_393' title='bbox 1428 2932 1513 2987; x_wconf 90' lang='lat' dir='ltr'><strong>dumo</strong></span> <span class='ocrx_word' id='word_1_394' title='bbox 1537 2945 1589 2986; x_wconf 91' lang='lat' dir='ltr'><strong>sua</strong></span> <span class='ocrx_word' id='word_1_395' title='bbox 1613 2930 1699 3001; x_wconf 88' lang='lat' dir='ltr'><strong>ejicit,</strong></span> 
     </span>
     <span class='ocr_line' id='line_1_31' title="bbox 56 3016 1698 3089; baseline 0.001 -16"><span class='ocrx_word' id='word_1_396' title='bbox 56 3036 72 3073; x_wconf 88' lang='lat' dir='ltr'><strong>a</strong></span> <span class='ocrx_word' id='word_1_397' title='bbox 95 3023 124 3073; x_wconf 85' lang='lat' dir='ltr'><strong>in</strong></span> <span class='ocrx_word' id='word_1_398' title='bbox 147 3019 360 3088; x_wconf 77' lang='lat' dir='ltr'><strong>pulchritudine.</strong></span> <span class='ocrx_word' id='word_1_399' title='bbox 383 3018 521 3087; x_wconf 75' lang='lat' dir='ltr'><strong>Ephraim</strong></span> <span class='ocrx_word' id='word_1_400' title='bbox 544 3016 630 3085; x_wconf 77' lang='lat' dir='ltr'><strong>Tyrus</strong></span> <span class='ocrx_word' id='word_1_401' title='bbox 653 3025 704 3084; x_wconf 91' lang='lat' dir='ltr'><strong>est,</strong></span> <span class='ocrx_word' id='word_1_402' title='bbox 729 3017 799 3087; x_wconf 83' lang='lat' dir='ltr'><strong>qula</strong></span> <span class='ocrx_word' id='word_1_403' title='bbox 855 3033 963 3089; x_wconf 86' lang='lat' dir='ltr'><strong>quasa</strong></span> <span class='ocrx_word' id='word_1_404' title='bbox 989 3019 1130 3075; x_wconf 90' lang='lat' dir='ltr'><strong>bonorum</strong></span> <span class='ocrx_word' id='word_1_405' title='bbox 1151 3018 1302 3081; x_wconf 86' lang='lat' dir='ltr'><strong>consortio.</strong></span> <span class='ocrx_word' id='word_1_406' title='bbox 1328 3020 1379 3089; x_wconf 84' lang='lat' dir='ltr'><strong>qui</strong></span> <span class='ocrx_word' id='word_1_407' title='bbox 1407 3029 1476 3076; x_wconf 91' lang='lat' dir='ltr'><strong>sunt</strong></span> <span class='ocrx_word' id='word_1_408' title='bbox 1505 3033 1558 3075; x_wconf 90' lang='lat' dir='ltr'><strong>sua</strong></span> <span class='ocrx_word' id='word_1_409' title='bbox 1587 3019 1698 3086; x_wconf 91' lang='lat' dir='ltr'><strong>dumus,</strong></span> 
     </span>
     <span class='ocr_line' id='line_1_32' title="bbox 55 3105 1699 3180; baseline -0.002 -16"><span class='ocrx_word' id='word_1_410' title='bbox 55 3105 698 3180; x_wconf 63' lang='grc'><strong>111111111111111,1111111111111111</strong></span> <span class='ocrx_word' id='word_1_411' title='bbox 724 3105 800 3160; x_wconf 89' lang='lat' dir='ltr'><strong>utill-</strong></span> <span class='ocrx_word' id='word_1_412' title='bbox 851 3107 1473 3178; x_wconf 67' lang='grc'><strong>11111111111111111111111111111111111111</strong></span> <span class='ocrx_word' id='word_1_413' title='bbox 1494 3107 1545 3178; x_wconf 82' lang='lat' dir='ltr'><strong>qui</strong></span> <span class='ocrx_word' id='word_1_414' title='bbox 1576 3106 1699 3161; x_wconf 91' lang='lat' dir='ltr'><strong>allorum</strong></span> 
     </span>
     <span class='ocr_line' id='line_1_33' title="bbox 59 3193 1701 3265; baseline -0.002 -12"><span class='ocrx_word' id='word_1_415' title='bbox 59 3212 107 3254; x_wconf 91' lang='lat' dir='ltr'><strong>urn</strong></span> <span class='ocrx_word' id='word_1_416' title='bbox 136 3204 210 3252; x_wconf 88' lang='lat' dir='ltr'><strong>recte</strong></span> <span class='ocrx_word' id='word_1_417' title='bbox 231 3194 400 3260; x_wconf 88' lang='lat' dir='ltr'><strong>intenderet,</strong></span> <span class='ocrx_word' id='word_1_418' title='bbox 418 3193 569 3259; x_wconf 88' lang='lat' dir='ltr'><strong>militabat,</strong></span> <span class='ocrx_word' id='word_1_419' title='bbox 591 3208 670 3249; x_wconf 92' lang='lat' dir='ltr'><strong>nuuc</strong></span> <span class='ocrx_word' id='word_1_420' title='bbox 693 3194 722 3248; x_wconf 90' lang='lat' dir='ltr'><strong>in</strong></span> <span class='ocrx_word' id='word_1_421' title='bbox 747 3208 797 3249; x_wconf 91' lang='lat' dir='ltr'><strong>an·</strong></span> <span class='ocrx_word' id='word_1_422' title='bbox 852 3195 1029 3265; x_wconf 90' lang='lat' dir='ltr'><strong>corruptioni</strong></span> <span class='ocrx_word' id='word_1_423' title='bbox 1043 3209 1157 3265; x_wconf 88' lang='lat' dir='ltr'><strong>operam</strong></span> <span class='ocrx_word' id='word_1_424' title='bbox 1172 3195 1283 3260; x_wconf 88' lang='lat' dir='ltr'><strong>dedere,</strong></span> <span class='ocrx_word' id='word_1_425' title='bbox 1302 3196 1344 3251; x_wconf 87' lang='lat' dir='ltr'><strong>rel</strong></span> <span class='ocrx_word' id='word_1_426' title='bbox 1360 3209 1414 3251; x_wconf 91' lang='lat' dir='ltr'><strong>sua</strong></span> <span class='ocrx_word' id='word_1_427' title='bbox 1429 3207 1614 3265; x_wconf 83' lang='lat' dir='ltr'><strong>nequaquam</strong></span> <span class='ocrx_word' id='word_1_428' title='bbox 1639 3207 1701 3263; x_wconf 91' lang='lat' dir='ltr'><strong>per-</strong></span> 
     </span>
     <span class='ocr_line' id='line_1_34' title="bbox 56 3282 1700 3357; baseline -0.003 -15"><span class='ocrx_word' id='word_1_429' title='bbox 56 3285 205 3357; x_wconf 84' lang='lat' dir='ltr'><strong>eponltur,</strong></span> <span class='ocrx_word' id='word_1_430' title='bbox 220 3285 289 3340; x_wconf 92' lang='lat' dir='ltr'><strong>dum</strong></span> <span class='ocrx_word' id='word_1_431' title='bbox 303 3283 364 3339; x_wconf 91' lang='lat' dir='ltr'><strong>solo</strong></span> <span class='ocrx_word' id='word_1_432' title='bbox 374 3282 502 3337; x_wconf 89' lang='lat' dir='ltr'><strong>humano</strong></span> <span class='ocrx_word' id='word_1_433' title='bbox 517 3282 607 3337; x_wconf 87' lang='lat' dir='ltr'><strong>lavari</strong></span> <span class='ocrx_word' id='word_1_434' title='bbox 622 3297 673 3352; x_wconf 92' lang='lat' dir='ltr'><strong>spe</strong></span> <span class='ocrx_word' id='word_1_435' title='bbox 689 3296 799 3352; x_wconf 87' lang='lat' dir='ltr'><strong>pauper</strong></span> <span class='ocrx_word' id='word_1_436' title='bbox 853 3282 960 3339; x_wconf 91' lang='lat' dir='ltr'><strong>ditione</strong></span> <span class='ocrx_word' id='word_1_437' title='bbox 986 3284 1112 3339; x_wconf 90' lang='lat' dir='ltr'><strong>contenti</strong></span> <span class='ocrx_word' id='word_1_438' title='bbox 1138 3285 1166 3339; x_wconf 92' lang='lat' dir='ltr'><strong>in</strong></span> <span class='ocrx_word' id='word_1_439' title='bbox 1195 3285 1349 3354; x_wconf 81' lang='lat' dir='ltr'><strong>reprobum</strong></span> <span class='ocrx_word' id='word_1_440' title='bbox 1377 3298 1493 3339; x_wconf 86' lang='lat' dir='ltr'><strong>sensnm</strong></span> <span class='ocrx_word' id='word_1_441' title='bbox 1525 3283 1626 3338; x_wconf 81' lang='lat' dir='ltr'><strong>merito</strong></span> <span class='ocrx_word' id='word_1_442' title='bbox 1653 3296 1700 3337; x_wconf 89' lang='lat' dir='ltr'><strong>cos</strong></span> 
     </span>
     <span class='ocr_line' id='line_1_35' title="bbox 60 3371 1701 3444; baseline -0.004 -13"><span class='ocrx_word' id='word_1_443' title='bbox 60 3382 110 3432; x_wconf 86' lang='lat' dir='ltr'><strong>tat.</strong></span> <span class='ocrx_word' id='word_1_444' title='bbox 142 3375 236 3444; x_wconf 81' lang='lat' dir='ltr'><strong>Tyrus</strong></span> <span class='ocrx_word' id='word_1_445' title='bbox 257 3373 334 3428; x_wconf 89' lang='lat' dir='ltr'><strong>enirn</strong></span> <span class='ocrx_word' id='word_1_446' title='bbox 358 3372 521 3437; x_wconf 74' lang='lat' dir='ltr'><strong>angustiam</strong></span> <span class='ocrx_word' id='word_1_447' title='bbox 543 3378 634 3427; x_wconf 88' lang='lat' dir='ltr'><strong>sonat.</strong></span> <span class='ocrx_word' id='word_1_448' title='bbox 662 3371 725 3427; x_wconf 90' lang='lat' dir='ltr'><strong>Vox</strong></span> <span class='ocrx_word' id='word_1_449' title='bbox 749 3371 798 3427; x_wconf 78' lang='lat' dir='ltr'><strong>liei</strong></span> <span class='ocrx_word' id='word_1_450' title='bbox 853 3372 950 3429; x_wconf 88' lang='lat' dir='ltr'><strong>tradit.</strong></span> <span class='ocrx_word' id='word_1_451' title='bbox 967 3393 977 3421; x_wconf 79' lang='grc' dir='ltr'>ι</span> <span class='ocrx_word' id='word_1_452' title='bbox 994 3371 1098 3428; x_wconf 90' lang='lat' dir='ltr'><strong>Omnes</strong></span> <span class='ocrx_word' id='word_1_453' title='bbox 1113 3372 1255 3442; x_wconf 84' lang='lat' dir='ltr'><strong>principes</strong></span> <span class='ocrx_word' id='word_1_454' title='bbox 1269 3387 1369 3429; x_wconf 91' lang='lat' dir='ltr'><strong>eurum</strong></span> <span class='ocrx_word' id='word_1_455' title='bbox 1389 3373 1591 3428; x_wconf 78' lang='lat' dir='ltr'><strong>recedentes.»</strong></span> <span class='ocrx_word' id='word_1_456' title='bbox 1616 3372 1701 3425; x_wconf 64' lang='grc'><strong>11111-</strong></span> 
     </span>
     <span class='ocr_line' id='line_1_36' title="bbox 56 3458 1700 3532; baseline -0.002 -14"><span class='ocrx_word' id='word_1_457' title='bbox 56 3464 72 3518; x_wconf 77' lang='lat' dir='ltr'><strong>&#39;t</strong></span> <span class='ocrx_word' id='word_1_458' title='bbox 85 3463 154 3528; x_wconf 84' lang='lat' dir='ltr'><strong>cidi,</strong></span> <span class='ocrx_word' id='word_1_459' title='bbox 167 3461 270 3532; x_wconf 82' lang='lat' dir='ltr'><strong>inquit,</strong></span> <span class='ocrx_word' id='word_1_460' title='bbox 291 3460 525 3529; x_wconf 86' lang='lat' dir='ltr'><strong>idestquornode</strong></span> <span class='ocrx_word' id='word_1_461' title='bbox 545 3458 575 3514; x_wconf 88' lang='lat' dir='ltr'><strong>in</strong></span> <span class='ocrx_word' id='word_1_462' title='bbox 596 3459 709 3514; x_wconf 89' lang='lat' dir='ltr'><strong>deitatis</strong></span> <span class='ocrx_word' id='word_1_463' title='bbox 729 3473 799 3515; x_wconf 83' lang='lat' dir='ltr'><strong>meae</strong></span> <span class='ocrx_word' id='word_1_464' title='bbox 852 3464 937 3532; x_wconf 81' lang='lat' dir='ltr'><strong>cipes,</strong></span> <span class='ocrx_word' id='word_1_465' title='bbox 952 3467 984 3516; x_wconf 91' lang='lat' dir='ltr'><strong>ut</strong></span> <span class='ocrx_word' id='word_1_466' title='bbox 999 3474 1089 3530; x_wconf 92' lang='lat' dir='ltr'><strong>supra</strong></span> <span class='ocrx_word' id='word_1_467' title='bbox 1114 3464 1228 3531; x_wconf 82' lang='lat' dir='ltr'><strong>sapius.</strong></span> <span class='ocrx_word' id='word_1_468' title='bbox 1254 3475 1355 3517; x_wconf 90' lang='lat' dir='ltr'><strong>sensus</strong></span> <span class='ocrx_word' id='word_1_469' title='bbox 1376 3468 1444 3516; x_wconf 89' lang='lat' dir='ltr'><strong>sunt</strong></span> <span class='ocrx_word' id='word_1_470' title='bbox 1467 3460 1634 3516; x_wconf 88' lang='lat' dir='ltr'><strong>exteriores.</strong></span> <span class='ocrx_word' id='word_1_471' title='bbox 1665 3459 1700 3514; x_wconf 92' lang='grc'><strong>111</strong></span> 
     </span>
     <span class='ocr_line' id='line_1_37' title="bbox 56 3547 1699 3619; baseline -0.002 -13"><span class='ocrx_word' id='word_1_472' title='bbox 56 3550 188 3615; x_wconf 79' lang='lat' dir='ltr'><strong>eratione,</strong></span> <span class='ocrx_word' id='word_1_473' title='bbox 215 3548 375 3619; x_wconf 87' lang='lat' dir='ltr'><strong>perpendi:</strong></span> <span class='ocrx_word' id='word_1_474' title='bbox 401 3547 537 3617; x_wconf 84' lang='lat' dir='ltr'><strong>Ephraim</strong></span> <span class='ocrx_word' id='word_1_475' title='bbox 557 3554 619 3603; x_wconf 87' lang='lat' dir='ltr'><strong>erat</strong></span> <span class='ocrx_word' id='word_1_476' title='bbox 648 3560 799 3615; x_wconf 83' lang='lat' dir='ltr'><strong>campara-</strong></span> <span class='ocrx_word' id='word_1_477' title='bbox 852 3556 921 3605; x_wconf 90' lang='lat' dir='ltr'><strong>sunt</strong></span> <span class='ocrx_word' id='word_1_478' title='bbox 942 3548 1100 3611; x_wconf 80' lang='lat' dir='ltr'><strong>recedentes,</strong></span> <span class='ocrx_word' id='word_1_479' title='bbox 1127 3562 1278 3617; x_wconf 78' lang='lat' dir='ltr'><strong>nunquam</strong></span> <span class='ocrx_word' id='word_1_480' title='bbox 1301 3548 1432 3603; x_wconf 87' lang='lat' dir='ltr'><strong>videlicet</strong></span> <span class='ocrx_word' id='word_1_481' title='bbox 1453 3563 1482 3604; x_wconf 91' lang='lat' dir='ltr'><strong>se</strong></span> <span class='ocrx_word' id='word_1_482' title='bbox 1505 3547 1580 3603; x_wconf 92' lang='lat' dir='ltr'><strong>intra</strong></span> <span class='ocrx_word' id='word_1_483' title='bbox 1599 3561 1629 3602; x_wconf 91' lang='lat' dir='ltr'><strong>se</strong></span> <span class='ocrx_word' id='word_1_484' title='bbox 1652 3561 1699 3603; x_wconf 90' lang='lat' dir='ltr'><strong>ca·</strong></span> 
     </span>
     <span class='ocr_line' id='line_1_38' title="bbox 58 3633 1700 3710; baseline -0.004 -14"><span class='ocrx_word' id='word_1_485' title='bbox 58 3653 137 3710; x_wconf 85' lang='lat' dir='ltr'><strong>yrus.</strong></span> <span class='ocrx_word' id='word_1_486' title='bbox 164 3639 198 3695; x_wconf 87' lang='lat' dir='ltr'><strong>Et</strong></span> <span class='ocrx_word' id='word_1_487' title='bbox 222 3638 283 3693; x_wconf 84' lang='lat' dir='ltr'><strong>haec</strong></span> <span class='ocrx_word' id='word_1_488' title='bbox 306 3636 425 3702; x_wconf 74' lang='lat' dir='ltr'><strong>fundata</strong></span> <span class='ocrx_word' id='word_1_489' title='bbox 448 3639 478 3690; x_wconf 83' lang='lat' dir='ltr'><strong>ia</strong></span> <span class='ocrx_word' id='word_1_490' title='bbox 499 3635 704 3705; x_wconf 84' lang='lat' dir='ltr'><strong>pulchritudine</strong></span> <span class='ocrx_word' id='word_1_491' title='bbox 725 3640 798 3700; x_wconf 90' lang='lat' dir='ltr'><strong>erat,</strong></span> <span class='ocrx_word' id='word_1_492' title='bbox 853 3637 993 3702; x_wconf 86' lang='lat' dir='ltr'><strong>hibentes,</strong></span> <span class='ocrx_word' id='word_1_493' title='bbox 1010 3636 1058 3690; x_wconf 89' lang='lat' dir='ltr'><strong>sed</strong></span> <span class='ocrx_word' id='word_1_494' title='bbox 1077 3650 1106 3691; x_wconf 89' lang='lat' dir='ltr'><strong>se</strong></span> <span class='ocrx_word' id='word_1_495' title='bbox 1126 3649 1176 3704; x_wconf 91' lang='lat' dir='ltr'><strong>per</strong></span> <span class='ocrx_word' id='word_1_496' title='bbox 1198 3634 1342 3690; x_wconf 85' lang='lat' dir='ltr'><strong>exteriora</strong></span> <span class='ocrx_word' id='word_1_497' title='bbox 1366 3642 1543 3704; x_wconf 82' lang='lat' dir='ltr'><strong>spargentes.</strong></span> <span class='ocrx_word' id='word_1_498' title='bbox 1569 3633 1648 3690; x_wconf 88' lang='lat' dir='ltr'><strong>Unde</strong></span> <span class='ocrx_word' id='word_1_499' title='bbox 1672 3642 1700 3690; x_wconf 85' lang='lat' dir='ltr'><strong>et</strong></span> 
     </span>
     <span class='ocr_line' id='line_1_39' title="bbox 56 3721 1700 3796; baseline -0.004 -13"><span class='ocrx_word' id='word_1_500' title='bbox 56 3726 214 3783; x_wconf 77' lang='lat' dir='ltr'><strong>aexterlori</strong></span> <span class='ocrx_word' id='word_1_501' title='bbox 241 3724 411 3781; x_wconf 91' lang='lat' dir='ltr'><strong>habitudine</strong></span> <span class='ocrx_word' id='word_1_502' title='bbox 426 3725 511 3794; x_wconf 85' lang='lat' dir='ltr'><strong>cmptl</strong></span> <span class='ocrx_word' id='word_1_503' title='bbox 532 3723 634 3793; x_wconf 89' lang='lat' dir='ltr'><strong>operis,</strong></span> <span class='ocrx_word' id='word_1_504' title='bbox 656 3737 715 3793; x_wconf 85' lang='lat' dir='ltr'><strong>qua</strong></span> <span class='ocrx_word' id='word_1_505' title='bbox 744 3721 799 3777; x_wconf 92' lang='lat' dir='ltr'><strong>sibi</strong></span> <span class='ocrx_word' id='word_1_506' title='bbox 853 3724 940 3796; x_wconf 91' lang='lat' dir='ltr'><strong>paulo</strong></span> <span class='ocrx_word' id='word_1_507' title='bbox 956 3737 1044 3795; x_wconf 92' lang='lat' dir='ltr'><strong>supra</strong></span> <span class='ocrx_word' id='word_1_508' title='bbox 1055 3724 1090 3779; x_wconf 90' lang='lat' dir='ltr'><strong>de</strong></span> <span class='ocrx_word' id='word_1_509' title='bbox 1105 3724 1189 3779; x_wconf 91' lang='lat' dir='ltr'><strong>domo</strong></span> <span class='ocrx_word' id='word_1_510' title='bbox 1204 3737 1257 3778; x_wconf 89' lang='lat' dir='ltr'><strong>sua</strong></span> <span class='ocrx_word' id='word_1_511' title='bbox 1267 3737 1297 3778; x_wconf 90' lang='lat' dir='ltr'><strong>se</strong></span> <span class='ocrx_word' id='word_1_512' title='bbox 1305 3724 1466 3794; x_wconf 84' lang='lat' dir='ltr'><strong>ejecturum</strong></span> <span class='ocrx_word' id='word_1_513' title='bbox 1481 3736 1528 3778; x_wconf 91' lang='lat' dir='ltr'><strong>eos</strong></span> <span class='ocrx_word' id='word_1_514' title='bbox 1546 3721 1700 3777; x_wconf 88' lang='lat' dir='ltr'><strong>commina-</strong></span> 
     </span>
     <span class='ocr_line' id='line_1_40' title="bbox 56 3809 1699 3885; baseline -0.001 -18"><span class='ocrx_word' id='word_1_515' title='bbox 56 3815 249 3885; x_wconf 68' lang='lat' dir='ltr'><strong>‚complacere</strong></span> <span class='ocrx_word' id='word_1_516' title='bbox 264 3813 438 3878; x_wconf 88' lang='lat' dir='ltr'><strong>decreverat,</strong></span> <span class='ocrx_word' id='word_1_517' title='bbox 463 3826 523 3868; x_wconf 84' lang='lat' dir='ltr'><strong>suae</strong></span> <span class='ocrx_word' id='word_1_518' title='bbox 544 3810 710 3867; x_wconf 88' lang='lat' dir='ltr'><strong>intentionis</strong></span> <span class='ocrx_word' id='word_1_519' title='bbox 728 3809 798 3867; x_wconf 89' lang='lat' dir='ltr'><strong>lun·</strong></span> <span class='ocrx_word' id='word_1_520' title='bbox 854 3820 911 3879; x_wconf 92' lang='lat' dir='ltr'><strong>tur,</strong></span> <span class='ocrx_word' id='word_1_521' title='bbox 929 3813 1006 3882; x_wconf 84' lang='lat' dir='ltr'><strong>quod</strong></span> <span class='ocrx_word' id='word_1_522' title='bbox 1024 3811 1055 3866; x_wconf 88' lang='lat' dir='ltr'><strong>ut</strong></span> <span class='ocrx_word' id='word_1_523' title='bbox 1072 3826 1137 3867; x_wconf 93' lang='lat' dir='ltr'><strong>curn</strong></span> <span class='ocrx_word' id='word_1_524' title='bbox 1151 3824 1168 3865; x_wconf 89' lang='grc'><strong>1</strong></span> <span class='ocrx_word' id='word_1_525' title='bbox 1184 3820 1286 3878; x_wconf 85' lang='lat' dir='ltr'><strong>utente,</strong></span> <span class='ocrx_word' id='word_1_526' title='bbox 1310 3825 1376 3881; x_wconf 81' lang='lat' dir='ltr'><strong>quae</strong></span> <span class='ocrx_word' id='word_1_527' title='bbox 1396 3811 1444 3866; x_wconf 88' lang='lat' dir='ltr'><strong>Dei</strong></span> <span class='ocrx_word' id='word_1_528' title='bbox 1470 3810 1551 3866; x_wconf 89' lang='lat' dir='ltr'><strong>sedes</strong></span> <span class='ocrx_word' id='word_1_529' title='bbox 1568 3824 1628 3866; x_wconf 90' lang='lat' dir='ltr'><strong>esse</strong></span> <span class='ocrx_word' id='word_1_530' title='bbox 1647 3810 1699 3865; x_wconf 91' lang='lat' dir='ltr'><strong>de-</strong></span> 
     </span>
     <span class='ocr_line' id='line_1_41' title="bbox 59 3898 1699 3974; baseline -0.004 -13"><span class='ocrx_word' id='word_1_531' title='bbox 59 3912 88 3962; x_wconf 90' lang='lat' dir='ltr'><strong>ta</strong></span> <span class='ocrx_word' id='word_1_532' title='bbox 101 3909 244 3974; x_wconf 89' lang='lat' dir='ltr'><strong>posuerat,</strong></span> <span class='ocrx_word' id='word_1_533' title='bbox 262 3909 294 3957; x_wconf 91' lang='lat' dir='ltr'><strong>ut</strong></span> <span class='ocrx_word' id='word_1_534' title='bbox 309 3902 338 3957; x_wconf 93' lang='lat' dir='ltr'><strong>in</strong></span> <span class='ocrx_word' id='word_1_535' title='bbox 350 3901 468 3971; x_wconf 83' lang='lat' dir='ltr'><strong>eoquod</strong></span> <span class='ocrx_word' id='word_1_536' title='bbox 478 3900 546 3956; x_wconf 89' lang='lat' dir='ltr'><strong>loris</strong></span> <span class='ocrx_word' id='word_1_537' title='bbox 554 3900 725 3967; x_wconf 90' lang='lat' dir='ltr'><strong>ostenderet,</strong></span> <span class='ocrx_word' id='word_1_538' title='bbox 741 3914 798 3956; x_wconf 93' lang='lat' dir='ltr'><strong>non</strong></span> <span class='ocrx_word' id='word_1_539' title='bbox 853 3901 965 3968; x_wconf 85' lang='lat' dir='ltr'><strong>haeret,</strong></span> <span class='ocrx_word' id='word_1_540' title='bbox 983 3900 1017 3955; x_wconf 93' lang='lat' dir='ltr'><strong>ad</strong></span> <span class='ocrx_word' id='word_1_541' title='bbox 1042 3900 1190 3955; x_wconf 88' lang='lat' dir='ltr'><strong>tractanda</strong></span> <span class='ocrx_word' id='word_1_542' title='bbox 1209 3898 1269 3954; x_wconf 89' lang='lat' dir='ltr'><strong>sala</strong></span> <span class='ocrx_word' id='word_1_543' title='bbox 1292 3899 1425 3955; x_wconf 77' lang='lat' dir='ltr'><strong>forastica</strong></span> <span class='ocrx_word' id='word_1_544' title='bbox 1447 3899 1619 3955; x_wconf 89' lang='lat' dir='ltr'><strong>sensualitas</strong></span> <span class='ocrx_word' id='word_1_545' title='bbox 1642 3898 1699 3954; x_wconf 85' lang='lat' dir='ltr'><strong>beo</strong></span> 
     </span>
     <span class='ocr_line' id='line_1_42' title="bbox 56 3987 1159 4061; baseline -0.004 -14"><span class='ocrx_word' id='word_1_546' title='bbox 56 4001 121 4059; x_wconf 60' lang='lat' dir='ltr'><strong>etus,</strong></span> <span class='ocrx_word' id='word_1_547' title='bbox 137 3991 185 4048; x_wconf 89' lang='lat' dir='ltr'><strong>sed</strong></span> <span class='ocrx_word' id='word_1_548' title='bbox 200 4004 254 4046; x_wconf 87' lang='lat' dir='ltr'><strong>sua</strong></span> <span class='ocrx_word' id='word_1_549' title='bbox 269 3989 455 4060; x_wconf 88' lang='lat' dir='ltr'><strong>pulchritudo</strong></span> <span class='ocrx_word' id='word_1_550' title='bbox 468 3995 632 4058; x_wconf 88' lang='lat' dir='ltr'><strong>patesceret.</strong></span> <span class='ocrx_word' id='word_1_551' title='bbox 652 3987 713 4054; x_wconf 84' lang='lat' dir='ltr'><strong>Quo</strong></span> <span class='ocrx_word' id='word_1_552' title='bbox 728 4002 800 4044; x_wconf 92' lang='lat' dir='ltr'><strong>cou-</strong></span> <span class='ocrx_word' id='word_1_553' title='bbox 849 3990 946 4061; x_wconf 86' lang='lat' dir='ltr'><strong>judice</strong></span> <span class='ocrx_word' id='word_1_554' title='bbox 961 3987 1159 4058; x_wconf 89' lang='lat' dir='ltr'><strong>proturbatur.</strong></span> 
     </span>
    </p>

    <p class='ocr_par' dir='ltr' id='par_1_5' title="bbox 56 4074 1700 5563">
     <span class='ocr_line' id='line_1_43' title="bbox 56 4074 1700 4151; baseline -0.002 -15"><span class='ocrx_word' id='word_1_555' title='bbox 56 4080 165 4151; x_wconf 83' lang='lat' dir='ltr'><strong>psalmo</strong></span> <span class='ocrx_word' id='word_1_556' title='bbox 182 4095 212 4134; x_wconf 69' lang='lat'><strong>:1</strong></span> <span class='ocrx_word' id='word_1_557' title='bbox 231 4078 286 4143; x_wconf 87' lang='lat' dir='ltr'><strong>Sic,</strong></span> <span class='ocrx_word' id='word_1_558' title='bbox 302 4079 406 4148; x_wconf 83' lang='lat' dir='ltr'><strong>inquit,</strong></span> <span class='ocrx_word' id='word_1_559' title='bbox 424 4078 453 4133; x_wconf 94' lang='lat' dir='ltr'><strong>in</strong></span> <span class='ocrx_word' id='word_1_560' title='bbox 469 4085 567 4133; x_wconf 91' lang='lat' dir='ltr'><strong>sanctu</strong></span> <span class='ocrx_word' id='word_1_561' title='bbox 591 4077 713 4146; x_wconf 90' lang='lat' dir='ltr'><strong>apparui</strong></span> <span class='ocrx_word' id='word_1_562' title='bbox 737 4078 797 4142; x_wconf 90' lang='lat' dir='ltr'><strong>tibi,</strong></span> <span class='ocrx_word' id='word_1_563' title='bbox 888 4077 976 4134; x_wconf 82' lang='lat' dir='ltr'><strong>Vens.</strong></span> <span class='ocrx_word' id='word_1_564' title='bbox 998 4074 1043 4130; x_wconf 69' lang='lat' dir='ltr'><strong>lui</strong></span> <span class='ocrx_word' id='word_1_565' title='bbox 1055 4099 1116 4124; x_wconf 74' lang='grc' dir='ltr'><strong>-ι</strong></span> <span class='ocrx_word' id='word_1_566' title='bbox 1145 4075 1301 4132; x_wconf 85' lang='lat' dir='ltr'><strong>Percussus</strong></span> <span class='ocrx_word' id='word_1_567' title='bbox 1318 4082 1360 4131; x_wconf 90' lang='lat' dir='ltr'><strong>est</strong></span> <span class='ocrx_word' id='word_1_568' title='bbox 1379 4075 1527 4146; x_wconf 87' lang='lat' dir='ltr'><strong>Ephraim,</strong></span> <span class='ocrx_word' id='word_1_569' title='bbox 1551 4075 1635 4131; x_wconf 80' lang='lat' dir='ltr'><strong>radix</strong></span> <span class='ocrx_word' id='word_1_570' title='bbox 1657 4089 1700 4132; x_wconf 82' lang='lat' dir='ltr'><strong>eo</strong></span> 
     </span>
     <span class='ocr_line' id='line_1_44' title="bbox 56 4164 1695 4236; baseline -0.002 -11"><span class='ocrx_word' id='word_1_571' title='bbox 56 4183 126 4225; x_wconf 80' lang='lat' dir='ltr'><strong>erem</strong></span> <span class='ocrx_word' id='word_1_572' title='bbox 140 4168 274 4223; x_wconf 89' lang='lat' dir='ltr'><strong>virtutem</strong></span> <span class='ocrx_word' id='word_1_573' title='bbox 287 4168 371 4236; x_wconf 83' lang='lat' dir='ltr'><strong>(Psoi.</strong></span> <span class='ocrx_word' id='word_1_574' title='bbox 389 4180 455 4227; x_wconf 85' lang='grc'><strong>11111,</strong></span> <span class='ocrx_word' id='word_1_575' title='bbox 472 4165 537 4235; x_wconf 62' lang='lat' dir='ltr'><strong>{ihi</strong></span> <span class='ocrx_word' id='word_1_576' title='bbox 553 4180 610 4221; x_wconf 92' lang='lat' dir='ltr'><strong>non</strong></span> <span class='ocrx_word' id='word_1_577' title='bbox 626 4179 717 4221; x_wconf 89' lang='lat' dir='ltr'><strong>meam</strong></span> <span class='ocrx_word' id='word_1_578' title='bbox 728 4180 798 4235; x_wconf 89' lang='lat' dir='ltr'><strong>esse,</strong></span> <span class='ocrx_word' id='word_1_579' title='bbox 856 4179 947 4222; x_wconf 84' lang='lat' dir='ltr'><strong>»runt</strong></span> <span class='ocrx_word' id='word_1_580' title='bbox 961 4165 1106 4222; x_wconf 90' lang='lat' dir='ltr'><strong>exsiccata</strong></span> <span class='ocrx_word' id='word_1_581' title='bbox 1120 4173 1172 4230; x_wconf 89' lang='lat' dir='ltr'><strong>est,</strong></span> <span class='ocrx_word' id='word_1_582' title='bbox 1190 4165 1315 4221; x_wconf 85' lang='lat' dir='ltr'><strong>hactum</strong></span> <span class='ocrx_word' id='word_1_583' title='bbox 1342 4178 1527 4236; x_wconf 85' lang='lat' dir='ltr'><strong>nequaquam</strong></span> <span class='ocrx_word' id='word_1_584' title='bbox 1548 4164 1665 4221; x_wconf 88' lang='lat' dir='ltr'><strong>lacient.</strong></span> <span class='ocrx_word' id='word_1_585' title='bbox 1685 4185 1695 4213; x_wconf 76' lang='grc' dir='ltr'><strong><em>ι</em></strong></span> 
     </span>
     <span class='ocr_line' id='line_1_45' title="bbox 56 4252 1699 4325; baseline -0.004 -11"><span class='ocrx_word' id='word_1_586' title='bbox 56 4252 988 4325; x_wconf 61' lang='grc' dir='ltr'><strong>111111111111111.ι1111111111111111111111111111111111]</strong></span> <span class='ocrx_word' id='word_1_587' title='bbox 1021 4253 1190 4323; x_wconf 90' lang='lat' dir='ltr'><strong>percutitur,</strong></span> <span class='ocrx_word' id='word_1_588' title='bbox 1216 4268 1280 4309; x_wconf 91' lang='lat' dir='ltr'><strong>curn</strong></span> <span class='ocrx_word' id='word_1_589' title='bbox 1313 4260 1405 4309; x_wconf 89' lang='lat' dir='ltr'><strong>status</strong></span> <span class='ocrx_word' id='word_1_590' title='bbox 1431 4252 1596 4318; x_wconf 89' lang='lat' dir='ltr'><strong>voluntatis,</strong></span> <span class='ocrx_word' id='word_1_591' title='bbox 1633 4266 1699 4322; x_wconf 72' lang='lat' dir='ltr'><strong>quae</strong></span> 
     </span>
     <span class='ocr_line' id='line_1_46' title="bbox 59 4340 1698 4413; baseline -0.004 -11"><span class='ocrx_word' id='word_1_592' title='bbox 59 4361 87 4402; x_wconf 89' lang='lat' dir='ltr'><strong>m</strong></span> <span class='ocrx_word' id='word_1_593' title='bbox 101 4345 174 4400; x_wconf 84' lang='lat' dir='ltr'><strong>lilios</strong></span> <span class='ocrx_word' id='word_1_594' title='bbox 189 4358 264 4399; x_wconf 87' lang='lat' dir='ltr'><strong>suos.</strong></span> <span class='ocrx_word' id='word_1_595' title='bbox 284 4365 294 4391; x_wconf 74' lang='grc' dir='ltr'><strong>ι</strong></span> <span class='ocrx_word' id='word_1_596' title='bbox 316 4343 453 4413; x_wconf 86' lang='lat' dir='ltr'><strong>Ephraim</strong></span> <span class='ocrx_word' id='word_1_597' title='bbox 474 4342 560 4398; x_wconf 92' lang='lat' dir='ltr'><strong>habet</strong></span> <span class='ocrx_word' id='word_1_598' title='bbox 583 4342 666 4410; x_wconf 83' lang='lat' dir='ltr'><strong>lilios,</strong></span> <span class='ocrx_word' id='word_1_599' title='bbox 682 4343 799 4412; x_wconf 82' lang='lat' dir='ltr'><strong>quando</strong></span> <span class='ocrx_word' id='word_1_600' title='bbox 853 4340 929 4412; x_wconf 85' lang='lat' dir='ltr'><strong>lrugi</strong></span> <span class='ocrx_word' id='word_1_601' title='bbox 944 4355 1005 4397; x_wconf 90' lang='lat' dir='ltr'><strong>esse</strong></span> <span class='ocrx_word' id='word_1_602' title='bbox 1024 4341 1172 4409; x_wconf 89' lang='lat' dir='ltr'><strong>debuerat,</strong></span> <span class='ocrx_word' id='word_1_603' title='bbox 1190 4356 1206 4397; x_wconf 89' lang='lat' dir='ltr'><strong>a</strong></span> <span class='ocrx_word' id='word_1_604' title='bbox 1224 4342 1429 4398; x_wconf 90' lang='lat' dir='ltr'><strong>benevolendo</strong></span> <span class='ocrx_word' id='word_1_605' title='bbox 1450 4341 1618 4398; x_wconf 86' lang='lat' dir='ltr'><strong>conteritur.</strong></span> <span class='ocrx_word' id='word_1_606' title='bbox 1642 4343 1698 4397; x_wconf 84' lang='lat' dir='ltr'><strong>Ra·</strong></span> 
     </span>
     <span class='ocr_line' id='line_1_47' title="bbox 56 4430 1696 4501; baseline -0.003 -11"><span class='ocrx_word' id='word_1_607' title='bbox 56 4448 89 4490; x_wconf 86' lang='lat' dir='ltr'><strong>as</strong></span> <span class='ocrx_word' id='word_1_608' title='bbox 102 4433 219 4489; x_wconf 82' lang='lat' dir='ltr'><strong>euectus</strong></span> <span class='ocrx_word' id='word_1_609' title='bbox 238 4431 330 4487; x_wconf 88' lang='lat' dir='ltr'><strong>exerit</strong></span> <span class='ocrx_word' id='word_1_610' title='bbox 350 4431 450 4487; x_wconf 94' lang='lat' dir='ltr'><strong>bonos.</strong></span> <span class='ocrx_word' id='word_1_611' title='bbox 469 4430 525 4486; x_wconf 89' lang='lat' dir='ltr'><strong>llos</strong></span> <span class='ocrx_word' id='word_1_612' title='bbox 548 4438 641 4485; x_wconf 88' lang='lat' dir='ltr'><strong>tamen</strong></span> <span class='ocrx_word' id='word_1_613' title='bbox 658 4431 693 4485; x_wconf 92' lang='lat' dir='ltr'><strong>ad</strong></span> <span class='ocrx_word' id='word_1_614' title='bbox 711 4431 797 4487; x_wconf 90' lang='lat' dir='ltr'><strong>inter·</strong></span> <span class='ocrx_word' id='word_1_615' title='bbox 853 4431 1021 4497; x_wconf 81' lang='lat' dir='ltr'><strong>diacorum,</strong></span> <span class='ocrx_word' id='word_1_616' title='bbox 1038 4431 1196 4501; x_wconf 85' lang='lat' dir='ltr'><strong>idestejus</strong></span> <span class='ocrx_word' id='word_1_617' title='bbox 1212 4431 1352 4488; x_wconf 77' lang='lat' dir='ltr'><strong>motivum</strong></span> <span class='ocrx_word' id='word_1_618' title='bbox 1371 4431 1544 4495; x_wconf 80' lang='lat' dir='ltr'><strong>exsiccatur,</strong></span> <span class='ocrx_word' id='word_1_619' title='bbox 1567 4446 1632 4487; x_wconf 89' lang='lat' dir='ltr'><strong>curn</strong></span> <span class='ocrx_word' id='word_1_620' title='bbox 1654 4430 1696 4486; x_wconf 90' lang='lat' dir='ltr'><strong>ln-</strong></span> 
     </span>
     <span class='ocr_line' id='line_1_48' title="bbox 57 4517 1698 4590; baseline -0.001 -14"><span class='ocrx_word' id='word_1_621' title='bbox 57 4535 86 4577; x_wconf 91' lang='lat' dir='ltr'><strong>m</strong></span> <span class='ocrx_word' id='word_1_622' title='bbox 100 4521 205 4583; x_wconf 88' lang='lat' dir='ltr'><strong>educit,</strong></span> <span class='ocrx_word' id='word_1_623' title='bbox 222 4519 339 4589; x_wconf 81' lang='lat' dir='ltr'><strong>quando</strong></span> <span class='ocrx_word' id='word_1_624' title='bbox 352 4517 387 4572; x_wconf 86' lang='lat' dir='ltr'><strong>ad</strong></span> <span class='ocrx_word' id='word_1_625' title='bbox 402 4532 484 4573; x_wconf 89' lang='lat' dir='ltr'><strong>suam</strong></span> <span class='ocrx_word' id='word_1_626' title='bbox 500 4519 627 4586; x_wconf 90' lang='lat' dir='ltr'><strong>ipsorum</strong></span> <span class='ocrx_word' id='word_1_627' title='bbox 644 4519 797 4587; x_wconf 87' lang='lat' dir='ltr'><strong>perniciem</strong></span> <span class='ocrx_word' id='word_1_628' title='bbox 853 4520 940 4574; x_wconf 90' lang='lat' dir='ltr'><strong>tentio</strong></span> <span class='ocrx_word' id='word_1_629' title='bbox 960 4532 978 4574; x_wconf 93' lang='lat' dir='ltr'><strong>a</strong></span> <span class='ocrx_word' id='word_1_630' title='bbox 993 4519 1098 4575; x_wconf 86' lang='lat' dir='ltr'><strong>divinae</strong></span> <span class='ocrx_word' id='word_1_631' title='bbox 1113 4521 1172 4590; x_wconf 91' lang='lat' dir='ltr'><strong>spei</strong></span> <span class='ocrx_word' id='word_1_632' title='bbox 1197 4521 1292 4576; x_wconf 86' lang='lat' dir='ltr'><strong>virore</strong></span> <span class='ocrx_word' id='word_1_633' title='bbox 1318 4519 1443 4575; x_wconf 82' lang='lat' dir='ltr'><strong>arefacta</strong></span> <span class='ocrx_word' id='word_1_634' title='bbox 1465 4527 1605 4575; x_wconf 91' lang='lat' dir='ltr'><strong>cassatur.</strong></span> <span class='ocrx_word' id='word_1_635' title='bbox 1630 4517 1698 4585; x_wconf 80' lang='lat' dir='ltr'><strong>Quae</strong></span> 
     </span>
     <span class='ocr_line' id='line_1_49' title="bbox 56 4605 1697 4678; baseline -0.002 -14"><span class='ocrx_word' id='word_1_636' title='bbox 56 4623 134 4665; x_wconf 81' lang='lat' dir='ltr'><strong>orum</strong></span> <span class='ocrx_word' id='word_1_637' title='bbox 151 4607 259 4677; x_wconf 85' lang='lat' dir='ltr'><strong>linguis</strong></span> <span class='ocrx_word' id='word_1_638' title='bbox 272 4605 398 4676; x_wconf 87' lang='lat' dir='ltr'><strong>exponit.</strong></span> <span class='ocrx_word' id='word_1_639' title='bbox 852 4608 953 4663; x_wconf 89' lang='lat' dir='ltr'><strong>merito</strong></span> <span class='ocrx_word' id='word_1_640' title='bbox 967 4607 1051 4663; x_wconf 89' lang='lat' dir='ltr'><strong>radix</strong></span> <span class='ocrx_word' id='word_1_641' title='bbox 1066 4607 1181 4676; x_wconf 87' lang='lat' dir='ltr'><strong>dicitur,</strong></span> <span class='ocrx_word' id='word_1_642' title='bbox 1198 4609 1268 4678; x_wconf 86' lang='lat' dir='ltr'><strong>qtria</strong></span> <span class='ocrx_word' id='word_1_643' title='bbox 1283 4609 1318 4664; x_wconf 92' lang='lat' dir='ltr'><strong>ab</strong></span> <span class='ocrx_word' id='word_1_644' title='bbox 1341 4608 1401 4677; x_wconf 91' lang='lat' dir='ltr'><strong>ipsa</strong></span> <span class='ocrx_word' id='word_1_645' title='bbox 1414 4607 1533 4677; x_wconf 84' lang='lat' dir='ltr'><strong>emergit</strong></span> <span class='ocrx_word' id='word_1_646' title='bbox 1553 4605 1697 4677; x_wconf 87' lang='lat' dir='ltr'><strong>quidquid</strong></span> 
     </span>
     <span class='ocr_line' id='line_1_50' title="bbox 56 4691 1696 4767; baseline -0.002 -15"><span class='ocrx_word' id='word_1_647' title='bbox 56 4713 69 4752; x_wconf 75' lang='grc'><strong>1.</strong></span> <span class='ocrx_word' id='word_1_648' title='bbox 88 4697 129 4751; x_wconf 82' lang='grc'><strong>11.</strong></span> <span class='ocrx_word' id='word_1_649' title='bbox 150 4727 184 4735; x_wconf 91' lang='lat'><em>-</em></span> <span class='ocrx_word' id='word_1_650' title='bbox 206 4718 216 4744; x_wconf 89' lang='lat'><strong>‹</strong></span> <span class='ocrx_word' id='word_1_651' title='bbox 250 4696 293 4751; x_wconf 86' lang='lat' dir='ltr'><strong>Da</strong></span> <span class='ocrx_word' id='word_1_652' title='bbox 320 4695 371 4760; x_wconf 90' lang='lat' dir='ltr'><strong>eis,</strong></span> <span class='ocrx_word' id='word_1_653' title='bbox 392 4692 521 4749; x_wconf 87' lang='lat' dir='ltr'><strong>Domine.</strong></span> <span class='ocrx_word' id='word_1_654' title='bbox 542 4691 616 4759; x_wconf 89' lang='lat' dir='ltr'><strong>Quid</strong></span> <span class='ocrx_word' id='word_1_655' title='bbox 636 4691 718 4748; x_wconf 88' lang='lat' dir='ltr'><strong>dabis</strong></span> <span class='ocrx_word' id='word_1_656' title='bbox 736 4692 798 4748; x_wconf 84' lang='lat' dir='ltr'><strong>eis?</strong></span> <span class='ocrx_word' id='word_1_657' title='bbox 851 4695 937 4751; x_wconf 86' lang='lat' dir='ltr'><strong>vitale</strong></span> <span class='ocrx_word' id='word_1_658' title='bbox 953 4697 1110 4767; x_wconf 90' lang='lat' dir='ltr'><strong>peragitur.</strong></span> <span class='ocrx_word' id='word_1_659' title='bbox 1135 4699 1264 4751; x_wconf 76' lang='lat' dir='ltr'><strong>Fructum</strong></span> <span class='ocrx_word' id='word_1_660' title='bbox 1283 4710 1455 4765; x_wconf 74' lang='lat' dir='ltr'><strong>nequaquam</strong></span> <span class='ocrx_word' id='word_1_661' title='bbox 1477 4694 1589 4761; x_wconf 91' lang='lat' dir='ltr'><strong>lacieut,</strong></span> <span class='ocrx_word' id='word_1_662' title='bbox 1616 4694 1696 4763; x_wconf 84' lang='lat' dir='ltr'><strong>quia,</strong></span> 
     </span>
     <span class='ocr_line' id='line_1_51' title="bbox 57 4781 1697 4855; baseline -0.003 -13"><span class='ocrx_word' id='word_1_663' title='bbox 57 4785 81 4842; x_wconf 91' lang='lat' dir='ltr'><strong>is</strong></span> <span class='ocrx_word' id='word_1_664' title='bbox 96 4785 213 4841; x_wconf 88' lang='lat' dir='ltr'><strong>vulvam</strong></span> <span class='ocrx_word' id='word_1_665' title='bbox 237 4784 298 4840; x_wconf 89' lang='lat' dir='ltr'><strong>sine</strong></span> <span class='ocrx_word' id='word_1_666' title='bbox 321 4783 428 4839; x_wconf 87' lang='lat' dir='ltr'><strong>liberis.</strong></span> <span class='ocrx_word' id='word_1_667' title='bbox 447 4804 456 4828; x_wconf 76' lang='grc' dir='ltr'><strong>ι</strong></span> <span class='ocrx_word' id='word_1_668' title='bbox 485 4782 548 4837; x_wconf 86' lang='lat' dir='ltr'><strong>Vox</strong></span> <span class='ocrx_word' id='word_1_669' title='bbox 568 4783 723 4851; x_wconf 81' lang='lat' dir='ltr'><strong>propbeta,</strong></span> <span class='ocrx_word' id='word_1_670' title='bbox 747 4789 798 4838; x_wconf 90' lang='lat' dir='ltr'><strong>aut</strong></span> <span class='ocrx_word' id='word_1_671' title='bbox 851 4783 1133 4855; x_wconf 87' lang='lat' dir='ltr'><strong>sicutcogltationes,</strong></span> <span class='ocrx_word' id='word_1_672' title='bbox 1156 4784 1197 4841; x_wconf 89' lang='lat' dir='ltr'><strong>sic</strong></span> <span class='ocrx_word' id='word_1_673' title='bbox 1217 4798 1305 4854; x_wconf 91' lang='lat' dir='ltr'><strong>opera</strong></span> <span class='ocrx_word' id='word_1_674' title='bbox 1323 4784 1359 4839; x_wconf 93' lang='lat' dir='ltr'><strong>ab</strong></span> <span class='ocrx_word' id='word_1_675' title='bbox 1381 4783 1457 4839; x_wconf 89' lang='lat' dir='ltr'><strong>omni</strong></span> <span class='ocrx_word' id='word_1_676' title='bbox 1483 4781 1607 4838; x_wconf 90' lang='lat' dir='ltr'><strong>utilitate</strong></span> <span class='ocrx_word' id='word_1_677' title='bbox 1624 4782 1697 4838; x_wconf 87' lang='lat' dir='ltr'><strong>delr-</strong></span> 
     </span>
     <span class='ocr_line' id='line_1_52' title="bbox 58 4869 1695 4943; baseline -0.004 -12"><span class='ocrx_word' id='word_1_678' title='bbox 58 4876 104 4931; x_wconf 84' lang='lat' dir='ltr'><strong>bet</strong></span> <span class='ocrx_word' id='word_1_679' title='bbox 120 4873 210 4929; x_wconf 87' lang='lat' dir='ltr'><strong>sancti</strong></span> <span class='ocrx_word' id='word_1_680' title='bbox 227 4873 281 4929; x_wconf 82' lang='lat' dir='ltr'><strong>riri</strong></span> <span class='ocrx_word' id='word_1_681' title='bbox 299 4880 379 4928; x_wconf 90' lang='lat' dir='ltr'><strong>tanta</strong></span> <span class='ocrx_word' id='word_1_682' title='bbox 394 4870 538 4940; x_wconf 84' lang='lat' dir='ltr'><strong>hypocrisi</strong></span> <span class='ocrx_word' id='word_1_683' title='bbox 560 4869 672 4925; x_wconf 89' lang='lat' dir='ltr'><strong>irritati.</strong></span> <span class='ocrx_word' id='word_1_684' title='bbox 692 4873 734 4924; x_wconf 84' lang='lat' dir='ltr'><strong>Da</strong></span> <span class='ocrx_word' id='word_1_685' title='bbox 748 4872 796 4935; x_wconf 82' lang='lat' dir='ltr'><strong>eis,</strong></span> <span class='ocrx_word' id='word_1_686' title='bbox 850 4873 957 4928; x_wconf 83' lang='lat' dir='ltr'><strong>ciunt«</strong></span> <span class='ocrx_word' id='word_1_687' title='bbox 976 4871 1055 4939; x_wconf 85' lang='lat' dir='ltr'><strong>Quod</strong></span> <span class='ocrx_word' id='word_1_688' title='bbox 1075 4873 1127 4928; x_wconf 89' lang='lat' dir='ltr'><strong>etsi</strong></span> <span class='ocrx_word' id='word_1_689' title='bbox 1150 4873 1313 4943; x_wconf 86' lang='lat' dir='ltr'><strong>genuerint,</strong></span> <span class='ocrx_word' id='word_1_690' title='bbox 1341 4871 1509 4927; x_wconf 88' lang='lat' dir='ltr'><strong>interliciam</strong></span> <span class='ocrx_word' id='word_1_691' title='bbox 1533 4869 1695 4926; x_wconf 89' lang='lat' dir='ltr'><strong>amantissi-</strong></span> 
     </span>
     <span class='ocr_line' id='line_1_53' title="bbox 56 4957 1697 5031; baseline -0.002 -13"><span class='ocrx_word' id='word_1_692' title='bbox 56 4979 75 5031; x_wconf 82' lang='lat' dir='ltr'><strong>e,</strong></span> <span class='ocrx_word' id='word_1_693' title='bbox 91 4962 120 5018; x_wconf 90' lang='lat' dir='ltr'><strong>id</strong></span> <span class='ocrx_word' id='word_1_694' title='bbox 141 4969 183 5018; x_wconf 88' lang='lat' dir='ltr'><strong>est</strong></span> <span class='ocrx_word' id='word_1_695' title='bbox 207 4960 319 5031; x_wconf 83' lang='lat' dir='ltr'><strong>aliquid</strong></span> <span class='ocrx_word' id='word_1_696' title='bbox 343 4960 385 5015; x_wconf 88' lang='lat' dir='ltr'><strong>eis</strong></span> <span class='ocrx_word' id='word_1_697' title='bbox 407 4957 579 5015; x_wconf 85' lang='lat' dir='ltr'><strong>incommodi</strong></span> <span class='ocrx_word' id='word_1_698' title='bbox 604 4958 798 5028; x_wconf 78' lang='lat' dir='ltr'><strong>inpraesentia·</strong></span> <span class='ocrx_word' id='word_1_699' title='bbox 851 4974 927 5016; x_wconf 81' lang='lat' dir='ltr'><strong>ama</strong></span> <span class='ocrx_word' id='word_1_700' title='bbox 942 4961 1014 5018; x_wconf 88' lang='lat' dir='ltr'><strong>uteri</strong></span> <span class='ocrx_word' id='word_1_701' title='bbox 1035 4974 1171 5018; x_wconf 83' lang='lat' dir='ltr'><strong>eorum.»</strong></span> <span class='ocrx_word' id='word_1_702' title='bbox 1195 4959 1334 5026; x_wconf 78' lang='lat' dir='ltr'><strong>dianam,</strong></span> <span class='ocrx_word' id='word_1_703' title='bbox 1361 4973 1428 5015; x_wconf 91' lang='lat' dir='ltr'><strong>cum</strong></span> <span class='ocrx_word' id='word_1_704' title='bbox 1452 4959 1562 5029; x_wconf 83' lang='lat' dir='ltr'><strong>aliquid</strong></span> <span class='ocrx_word' id='word_1_705' title='bbox 1590 4967 1697 5015; x_wconf 89' lang='lat' dir='ltr'><strong>natura</strong></span> 
     </span>
     <span class='ocr_line' id='line_1_54' title="bbox 56 5046 1694 5121; baseline -0.004 -13"><span class='ocrx_word' id='word_1_706' title='bbox 56 5052 158 5108; x_wconf 71' lang='lat' dir='ltr'><strong>astitue.</strong></span> <span class='ocrx_word' id='word_1_707' title='bbox 175 5050 210 5106; x_wconf 88' lang='lat' dir='ltr'><strong>Et</strong></span> <span class='ocrx_word' id='word_1_708' title='bbox 225 5049 296 5120; x_wconf 86' lang='lat' dir='ltr'><strong>quid</strong></span> <span class='ocrx_word' id='word_1_709' title='bbox 312 5047 428 5118; x_wconf 86' lang='lat' dir='ltr'><strong>dignius</strong></span> <span class='ocrx_word' id='word_1_710' title='bbox 442 5046 483 5103; x_wconf 92' lang='lat' dir='ltr'><strong>eis</strong></span> <span class='ocrx_word' id='word_1_711' title='bbox 495 5046 564 5102; x_wconf 89' lang='lat' dir='ltr'><strong>dare</strong></span> <span class='ocrx_word' id='word_1_712' title='bbox 576 5047 690 5115; x_wconf 86' lang='lat' dir='ltr'><strong>poteris,</strong></span> <span class='ocrx_word' id='word_1_713' title='bbox 707 5061 795 5117; x_wconf 86' lang='lat' dir='ltr'><strong>quam</strong></span> <span class='ocrx_word' id='word_1_714' title='bbox 850 5058 979 5121; x_wconf 88' lang='lat' dir='ltr'><strong>cogente,</strong></span> <span class='ocrx_word' id='word_1_715' title='bbox 994 5065 1060 5121; x_wconf 76' lang='lat' dir='ltr'><strong>quaa</strong></span> <span class='ocrx_word' id='word_1_716' title='bbox 1074 5050 1142 5106; x_wconf 92' lang='lat' dir='ltr'><strong>boni</strong></span> <span class='ocrx_word' id='word_1_717' title='bbox 1155 5062 1259 5119; x_wconf 91' lang='lat' dir='ltr'><strong>expers</strong></span> <span class='ocrx_word' id='word_1_718' title='bbox 1273 5063 1333 5105; x_wconf 87' lang='lat' dir='ltr'><strong>esse</strong></span> <span class='ocrx_word' id='word_1_719' title='bbox 1349 5062 1406 5103; x_wconf 95' lang='lat' dir='ltr'><strong>non</strong></span> <span class='ocrx_word' id='word_1_720' title='bbox 1423 5047 1508 5114; x_wconf 90' lang='lat' dir='ltr'><strong>valet,</strong></span> <span class='ocrx_word' id='word_1_721' title='bbox 1530 5047 1575 5117; x_wconf 91' lang='lat' dir='ltr'><strong>pie</strong></span> <span class='ocrx_word' id='word_1_722' title='bbox 1592 5055 1694 5118; x_wconf 88' lang='lat' dir='ltr'><strong>agunt.</strong></span> 
     </span>
     <span class='ocr_line' id='line_1_55' title="bbox 56 5135 1695 5206; baseline -0.002 -10"><span class='ocrx_word' id='word_1_723' title='bbox 56 5140 140 5204; x_wconf 89' lang='lat' dir='ltr'><strong>lvam,</strong></span> <span class='ocrx_word' id='word_1_724' title='bbox 162 5138 191 5194; x_wconf 93' lang='lat' dir='ltr'><strong>id</strong></span> <span class='ocrx_word' id='word_1_725' title='bbox 216 5145 258 5194; x_wconf 90' lang='lat' dir='ltr'><strong>est</strong></span> <span class='ocrx_word' id='word_1_726' title='bbox 284 5136 529 5206; x_wconf 87' lang='lat' dir='ltr'><strong>conceptaculum.</strong></span> <span class='ocrx_word' id='word_1_727' title='bbox 555 5147 615 5204; x_wconf 83' lang='lat' dir='ltr'><strong>qua</strong></span> <span class='ocrx_word' id='word_1_728' title='bbox 637 5135 795 5191; x_wconf 90' lang='lat' dir='ltr'><strong>libertatem</strong></span> <span class='ocrx_word' id='word_1_729' title='bbox 850 5138 988 5194; x_wconf 83' lang='lat' dir='ltr'><strong>luterhcit</strong></span> <span class='ocrx_word' id='word_1_730' title='bbox 1012 5152 1079 5195; x_wconf 85' lang='lat' dir='ltr'><strong>vero</strong></span> <span class='ocrx_word' id='word_1_731' title='bbox 1100 5139 1176 5194; x_wconf 85' lang='lat' dir='ltr'><strong>Deus</strong></span> <span class='ocrx_word' id='word_1_732' title='bbox 1204 5138 1397 5194; x_wconf 84' lang='lat' dir='ltr'><strong>amantissima</strong></span> <span class='ocrx_word' id='word_1_733' title='bbox 1415 5139 1487 5190; x_wconf 84' lang='lat' dir='ltr'><strong>uteri</strong></span> <span class='ocrx_word' id='word_1_734' title='bbox 1505 5151 1603 5199; x_wconf 72' lang='lat' dir='ltr'><strong>coriam,</strong></span> <span class='ocrx_word' id='word_1_735' title='bbox 1627 5150 1695 5192; x_wconf 89' lang='lat' dir='ltr'><strong>cum</strong></span> 
     </span>
     <span class='ocr_line' id='line_1_56' title="bbox 56 5223 1696 5298; baseline -0.003 -14"><span class='ocrx_word' id='word_1_736' title='bbox 56 5227 182 5284; x_wconf 78' lang='lat' dir='ltr'><strong>linctus</strong></span> <span class='ocrx_word' id='word_1_737' title='bbox 206 5226 354 5296; x_wconf 88' lang='lat' dir='ltr'><strong>recipiant,</strong></span> <span class='ocrx_word' id='word_1_738' title='bbox 381 5239 440 5280; x_wconf 95' lang='lat' dir='ltr'><strong>non</strong></span> <span class='ocrx_word' id='word_1_739' title='bbox 465 5223 609 5279; x_wconf 77' lang='lat' dir='ltr'><strong>habeant?</strong></span> <span class='ocrx_word' id='word_1_740' title='bbox 634 5223 735 5280; x_wconf 86' lang='lat' dir='ltr'><strong>llelius</strong></span> <span class='ocrx_word' id='word_1_741' title='bbox 754 5231 797 5280; x_wconf 90' lang='lat' dir='ltr'><strong>est</strong></span> <span class='ocrx_word' id='word_1_742' title='bbox 850 5226 993 5298; x_wconf 80' lang='lat' dir='ltr'><strong>quidquid</strong></span> <span class='ocrx_word' id='word_1_743' title='bbox 1012 5227 1042 5282; x_wconf 94' lang='lat' dir='ltr'><strong>in</strong></span> <span class='ocrx_word' id='word_1_744' title='bbox 1067 5227 1248 5293; x_wconf 88' lang='lat' dir='ltr'><strong>conscientia,</strong></span> <span class='ocrx_word' id='word_1_745' title='bbox 1275 5226 1318 5281; x_wconf 89' lang='lat' dir='ltr'><strong>rel</strong></span> <span class='ocrx_word' id='word_1_746' title='bbox 1344 5225 1504 5281; x_wconf 90' lang='lat' dir='ltr'><strong>secundum</strong></span> <span class='ocrx_word' id='word_1_747' title='bbox 1527 5224 1696 5281; x_wconf 73' lang='grc'><strong>111111111-</strong></span> 
     </span>
     <span class='ocr_line' id='line_1_57' title="bbox 56 5310 1696 5386; baseline -0.004 -11"><span class='ocrx_word' id='word_1_748' title='bbox 56 5328 155 5375; x_wconf 80' lang='lat' dir='ltr'><strong>tunnm</strong></span> <span class='ocrx_word' id='word_1_749' title='bbox 178 5329 252 5385; x_wconf 90' lang='lat' dir='ltr'><strong>opus</strong></span> <span class='ocrx_word' id='word_1_750' title='bbox 275 5328 327 5371; x_wconf 92' lang='lat' dir='ltr'><strong>nec</strong></span> <span class='ocrx_word' id='word_1_751' title='bbox 350 5311 497 5369; x_wconf 86' lang='lat' dir='ltr'><strong>allectasse</strong></span> <span class='ocrx_word' id='word_1_752' title='bbox 520 5325 609 5381; x_wconf 83' lang='lat' dir='ltr'><strong>quam</strong></span> <span class='ocrx_word' id='word_1_753' title='bbox 631 5310 795 5369; x_wconf 76' lang='lat' dir='ltr'><strong>affectatum</strong></span> <span class='ocrx_word' id='word_1_754' title='bbox 849 5322 999 5386; x_wconf 84' lang='lat' dir='ltr'><strong>aestatem,</strong></span> <span class='ocrx_word' id='word_1_755' title='bbox 1015 5316 1061 5372; x_wconf 85' lang='lat' dir='ltr'><strong>rel</strong></span> <span class='ocrx_word' id='word_1_756' title='bbox 1084 5314 1244 5373; x_wconf 87' lang='lat' dir='ltr'><strong>secuudum</strong></span> <span class='ocrx_word' id='word_1_757' title='bbox 1271 5313 1434 5370; x_wconf 88' lang='lat' dir='ltr'><strong>naturalem</strong></span> <span class='ocrx_word' id='word_1_758' title='bbox 1446 5313 1601 5371; x_wconf 91' lang='lat' dir='ltr'><strong>bonitatem</strong></span> <span class='ocrx_word' id='word_1_759' title='bbox 1625 5327 1696 5370; x_wconf 91' lang='lat' dir='ltr'><strong>cou-</strong></span> 
     </span>
     <span class='ocr_line' id='line_1_58' title="bbox 56 5399 1697 5474; baseline -0.002 -12"><span class='ocrx_word' id='word_1_760' title='bbox 56 5419 103 5463; x_wconf 88' lang='grc'><strong>111</strong></span> <span class='ocrx_word' id='word_1_761' title='bbox 136 5402 234 5474; x_wconf 84' lang='lat' dir='ltr'><strong>aliquo</strong></span> <span class='ocrx_word' id='word_1_762' title='bbox 264 5402 327 5459; x_wconf 87' lang='lat' dir='ltr'><strong>lalsi</strong></span> <span class='ocrx_word' id='word_1_763' title='bbox 351 5401 451 5472; x_wconf 88' lang='lat' dir='ltr'><strong>operis</strong></span> <span class='ocrx_word' id='word_1_764' title='bbox 473 5399 641 5471; x_wconf 80' lang='lat' dir='ltr'><strong>perdidisse.</strong></span> <span class='ocrx_word' id='word_1_765' title='bbox 667 5399 693 5457; x_wconf 90' lang='lat' dir='ltr'><strong>Si</strong></span> <span class='ocrx_word' id='word_1_766' title='bbox 710 5400 793 5457; x_wconf 89' lang='lat' dir='ltr'><strong>liberi</strong></span> <span class='ocrx_word' id='word_1_767' title='bbox 848 5409 925 5459; x_wconf 84' lang='lat' dir='ltr'><strong>staro</strong></span> <span class='ocrx_word' id='word_1_768' title='bbox 939 5410 1059 5473; x_wconf 88' lang='lat' dir='ltr'><strong>poterat,</strong></span> <span class='ocrx_word' id='word_1_769' title='bbox 1076 5404 1112 5459; x_wconf 91' lang='lat' dir='ltr'><strong>ad</strong></span> <span class='ocrx_word' id='word_1_770' title='bbox 1126 5400 1277 5459; x_wconf 91' lang='lat' dir='ltr'><strong>cumulum</strong></span> <span class='ocrx_word' id='word_1_771' title='bbox 1287 5400 1389 5474; x_wconf 87' lang='lat' dir='ltr'><strong>judicii</strong></span> <span class='ocrx_word' id='word_1_772' title='bbox 1400 5402 1527 5473; x_wconf 88' lang='lat' dir='ltr'><strong>dissipat,</strong></span> <span class='ocrx_word' id='word_1_773' title='bbox 1543 5409 1571 5458; x_wconf 90' lang='lat' dir='ltr'><strong>et</strong></span> <span class='ocrx_word' id='word_1_774' title='bbox 1585 5402 1697 5473; x_wconf 87' lang='lat' dir='ltr'><strong>disper·</strong></span> 
     </span>
     <span class='ocr_line' id='line_1_59' title="bbox 56 5488 1696 5563; baseline -0.001 -13"><span class='ocrx_word' id='word_1_775' title='bbox 56 5506 87 5551; x_wconf 87' lang='grc'><strong>11</strong></span> <span class='ocrx_word' id='word_1_776' title='bbox 113 5493 183 5563; x_wconf 81' lang='lat' dir='ltr'><strong>quia</strong></span> <span class='ocrx_word' id='word_1_777' title='bbox 212 5490 308 5548; x_wconf 86' lang='lat' dir='ltr'><strong>servili</strong></span> <span class='ocrx_word' id='word_1_778' title='bbox 332 5490 411 5560; x_wconf 92' lang='lat' dir='ltr'><strong>operi</strong></span> <span class='ocrx_word' id='word_1_779' title='bbox 436 5503 493 5545; x_wconf 90' lang='lat' dir='ltr'><strong>non</strong></span> <span class='ocrx_word' id='word_1_780' title='bbox 519 5488 698 5555; x_wconf 87' lang='lat' dir='ltr'><strong>subduntur,</strong></span> <span class='ocrx_word' id='word_1_781' title='bbox 725 5502 794 5560; x_wconf 86' lang='lat' dir='ltr'><strong>erga</strong></span> <span class='ocrx_word' id='word_1_782' title='bbox 848 5489 899 5547; x_wconf 88' lang='lat' dir='ltr'><strong>dit.</strong></span> <span class='ocrx_word' id='word_1_783' title='bbox 915 5493 1120 5546; x_wconf 77' lang='lat' dir='ltr'><strong>Amantissimo</strong></span> <span class='ocrx_word' id='word_1_784' title='bbox 1135 5497 1231 5547; x_wconf 88' lang='lat' dir='ltr'><strong>autern</strong></span> <span class='ocrx_word' id='word_1_785' title='bbox 1249 5489 1316 5546; x_wconf 90' lang='lat' dir='ltr'><strong>dicit</strong></span> <span class='ocrx_word' id='word_1_786' title='bbox 1331 5492 1403 5546; x_wconf 81' lang='lat' dir='ltr'><strong>uteri</strong></span> <span class='ocrx_word' id='word_1_787' title='bbox 1417 5490 1561 5563; x_wconf 85' lang='lat' dir='ltr'><strong>quidquid</strong></span> <span class='ocrx_word' id='word_1_788' title='bbox 1584 5491 1696 5561; x_wconf 82' lang='lat' dir='ltr'><strong>gratim</strong></span> 
     </span>
    </p>
   </div>
   <div class='ocr_carea' id='block_1_4' title="bbox 0 0 1914 6008">
    <p class='ocr_par' dir='ltr' id='par_1_6' title="bbox 0 0 1914 6008">
     <span class='ocr_line' id='line_1_60' title="bbox 0 0 1914 6008; baseline 0 0"><span class='ocrx_word' id='word_1_789' title='bbox 0 0 1914 6008; x_wconf 95' lang='lat' dir='ltr'><strong> </strong></span> 
     </span>
    </p>
   </div>
  </div>
 </body>
</html>
