3818 6008
120 237 172 291 lle
205 289 208 294 .
568 226 597 283 V.
621 220 791 287 Gdlbnurl
810 224 960 283 acuaris
979 226 1008 283 S.
1030 223 1149 281 MARIAE
1166 224 1212 282 tiu
1233 218 1430 280 NOVlGEN'lO
1822 224 1873 282 lto

120 371 217 432 druto,
236 379 301 422 cuin
321 361 465 434 quidquid
485 359 693 415 rationabiliter
716 357 818 426 ineptis
840 356 965 412 motibus
985 356 1265 426 ndebuoratldccti.
1280 369 1350 421 xxx,
1367 355 1424 423 ιι),
1442 356 1492 411 istc
1513 356 1872 413 indesinenteriuliciendo

120 472 170 528 per
186 455 348 512 interiorem
373 451 431 505 vim
449 447 589 503 dominari
614 453 714 515 potest,
747 446 784 500 ad
807 444 968 514 deprimen-
1023 443 1180 512 perturbat.
1207 445 1333 498 Facerem
1359 459 1437 498 suum
1459 446 1533 499 ultro
1565 453 1648 511 tenet,
1671 446 1741 501 dum
1768 447 1872 502 nonio

120 550 190 604 dum
228 541 389 601 tentationis
426 537 591 593 incendium
629 534 784 591 miserabili
819 534 967 603 perturbat
1022 531 1135 584 nociuio
1158 530 1363 598 titillationum,
1393 531 1468 600 quod
1493 532 1624 587 naturale
1647 541 1699 599 cst,
1727 534 1776 588 sed
1800 533 1872 590 iuro

53 635 55 640 ’
119 634 298 693 exterminio.
331 629 472 699 Dispcrdit
498 625 583 682 eliani
613 630 741 680 tenentem
775 628 911 692 sceptrum
935 623 968 677 de
1021 617 1102 673 ribus
1118 619 1374 688 perpetrationum,
1397 620 1475 689 quod
1495 620 1671 677 diabolicum
1692 630 1742 688 est,
1758 623 1873 692 explere

120 724 344 787 Ascalonc,euin
370 715 622 772 bunrevoluntatis
646 713 799 769 scintillam
823 713 967 783 justosuo
1021 707 1216 777 quodeunque
1244 708 1366 777 cupierit
1406 708 1496 763 ardet.
1533 709 1754 777 liidtqnutionem
1796 727 1872 765 sunm

118 808 277 879 exstinguit
299 806 419 876 judicio,
435 819 500 874 [qum
520 802 598 873 regio
614 816 691 857 more
715 801 861 856 llaiumam
885 802 964 856 cobi-
1021 799 1155 863 usquein
1182 797 1262 856 duem
1287 806 1392 865 servat,
1418 798 1488 853 dum
1515 813 1571 853 non
1604 813 1653 868 per
1679 800 1872 870 ignorantiam

120 899 185 953 bere
217 893 396 965 dignoscitur
429 890 542 946 iniamis
580 889 827 959 concupiscentiae.
861 889 967 944 Azotus
1021 885 1401 956 autinlirmitatempeccat,
1424 888 1473 942 sed
1495 888 1710 945 areriitaurciii
1732 904 1815 946 suam
1838 905 1872 946 ne

118 983 194 1040 euim
209 983 373 1046 incendium,
393 979 513 1034 Ascalon
532 981 604 1045 ienis
632 981 746 1044 infamis
769 977 884 1033 dicitur.
901 996 915 1026 i
932 977 967 1033 Et
1021 975 1068 1030 Dei
1085 975 1174 1045 legem
1186 976 1286 1031 audiat
1302 979 1394 1044 (Pron.
1412 992 1511 1044 xxiiii,
1528 979 1566 1048 9).

119 1079 313 1128 »convertam
330 1083 448 1124 manum
473 1082 564 1123 meam
583 1082 670 1137 super
690 1067 819 1122 decaron
846 1074 872 1122 ot
897 1067 966 1137 peri·
1057 1081 1141 1137 ιω,
1169 1085 1210 1136 iq,
1236 1113 1269 1122 ..
1287 1105 1296 1131 .
1313 1082 1419 1139 qfiqam
1441 1083 1535 1154 ignffln
1560 1084 1588 1139 1ss
1611 1086 1748 1152 Theman,
1772 1094 1800 1142 01
1822 1086 1870 1142 qe.

121 1163 223 1217 ‘huni
252 1160 381 1229 reliquiae
416 1155 664 1212 Phiiisihissffissffl·
698 1155 811 1223 'Super
842 1156 966 1210 A⁶⁶⁰t⁰ll
1020 1192 1034 1220 t)
1065 1170 1176 1227 vorabit
1201 1173 1276 1227 aedes
1300 1173 1401 1228 Bosrae.
1434 1174 1599 1230 »Tliemau
1630 1174 1735 1230 dicitur
1762 1180 1867 1245 euster3

118 1264 227 1303 maulim
240 1261 322 1302 Silam
343 1246 418 1301 ⁰⁹⁰⁵
439 1243 590 1307 ⁰⁰¹¹V0i¹iii
607 1242 725 1312 quando
742 1241 965 1298 ⁰⁰¹¹⁸⁰¹³¹i⁰1¹e¹1¹
1020 1259 1106 1314 Bosra
1121 1261 1323 1315 tribulationem
1342 1270 1433 1316 sonat.
1456 1264 1486 1315 ln
1502 1267 1605 1327 uestro,
1627 1263 1677 1333 qui
1701 1272 1806 1319 ventus
1828 1272 1868 1320 est

118 1337 260 1392 internam
294 1333 423 1405 perutilis
452 1331 643 1387 eruditionem
676 1330 796 1386 tristitiae
831 1332 966 1387 anostris
1019 1348 1507 1419 tepidus,ignisqmmqqqffls,0um
1524 1352 1867 1421 mensremjssaeqvapj.

108 1425 331 1503 ‹mentibustlon
346 1422 459 1478 avellit.
476 1419 605 1475 ᾹῦθῖιῐὉῐὶ
620 1419 696 1475 ellim
712 1420 829 1474 erUdiiiO
844 1423 967 1475 insilii&
1020 1438 1056 1493 da
1082 1439 1230 1494 atrocitate
1251 1440 1414 1494 tentationis
1429 1440 1566 1495 nupsitque.
1597 1440 1685 1493 AEdps
1707 1440 1799 1495 8031·ae
1820 1443 1866 1496 de.

118 1515 233 1570 dicitur.
256 1512 390 1580 Reliquiae
419 1510 643 1564 Piiiiiiilt'lwl'wl
668 1517 799 1577 pereunt,
819 1522 885 1564 cum
911 1509 964 1564 mi·
1020 1533 1169 1594 vorantur,
1189 1541 1255 1582 cum
1281 1541 1419 1583 sensuum
1447 1530 1627 1583 extrinsecus
1650 1529 1868 1585 immoderantia

118 1602 207 1656 sslliiae
227 1599 431 1669 fflbiifliiissllssl
458 1603 577 1650 tesselli*
600 1595 712 1665 potione
738 1595 892 1665 V⁰¹i¹lii³²ls
916 1595 963 1650 1¹¹·
1019 1613 1243 1685 inexplebilibus
1276 1615 1418 1671 malorum
1464 1616 1574 1686 laqueis
1607 1622 1781 1674 coarctatur.
1816 1619 1866 1674 Cui

117 1690 227 1745 ebriare
251 1687 415 1752 solentium,
440 1685 476 1739 ii]
501 1684 596 1739 inimi)
619 1684 820 1740 oblitterantur
840 1693 867 1740 θῑ
882 1684 963 1741 ⁰³⁰5·
984 1661 1144 1759 Bconciuit
1169 1704 1240 1759 illud
1263 1704 1334 1759 loli:
1353 1727 1366 1753 ii
1388 1704 1570 1761 Considerate
1589 1706 1705 1762 semitas
1728 1707 1866 1777 Theman,

118 1777 199 1834 dunt.
646 1859 651 1869 ⁴
901 1860 906 1869 ·
1020 1792 1123 1847 itinera
1140 1792 1223 1859 Saba,
1248 1799 1453 1862 etexspectate
1479 1794 1623 1863 paulisper
1638 1796 1704 1864 (ιιι)
1724 1811 1762 1860 vi,
1782 1799 1834 1864 lb).
1852 1818 1865 1845 i·

152 1867 276 1925 Virus·9.
296 1893 332 1905 -·
353 1887 366 1910 ι
396 1863 461 1918 Haess
481 1860 549 1917 dicii
573 1861 733 1916 DOffl'ffllS?
760 1860 850 1930 Super
874 1860 966 1915 imbus
1019 1883 1054 1938 Et
1083 1884 1112 1937 iu
1139 1891 1269 1949 vacante,
1295 1882 1388 1951 scopis
1417 1882 1558 1939 inundata
1585 1884 1865 1955 dornoseptemplex

117 1955 302 2013 »sceleribus
327 1952 446 2023 Tyriul
470 1964 557 2019 super
579 1956 705 2019 quatuor
725 1964 782 2004 nou
800 1957 965 2004 convertam

120 2068 130 2093 ι
149 2059 226 2110 eum,
242 2058 274 2098 eo
295 2041 370 2112 quod
393 2038 584 2095 concluserint
600 2036 793 2106 captivitatem
811 2036 963 2106 perlectam

118 2155 131 2183 »
146 2135 174 2189 in
187 2133 323 2198 idumaea,
336 2138 363 2185 et
380 2143 438 2184 non
454 2127 511 2182 sint
522 2124 661 2182 recordati
673 2123 929 2180 ioederisiratrum.
949 2143 963 2174 i

115 2220 209 2290 Tyrus
224 2218 428 2287 iuterpretatur
443 2215 581 2280 enpustie.
598 2212 633 2266 Ει
649 2225 714 2281 quae
725 2211 817 2281 major
830 2211 964 2281 angustia

116 2321 203 2378 quam
219 2319 263 2372 ea,
281 2306 388 2374 deque
404 2302 510 2357 dicitur
527 2316 533 2354 ε
551 2322 560 2348 ι
579 2301 668 2355 Eruet
685 2306 711 2355 te
726 2299 760 2354 de
774 2312 822 2355 ore
839 2306 963 2369 angusto

117 2394 251 2450 latissime
280 2393 338 2464 (tob
367 2405 467 2457 xxxvi,
499 2387 587 2458 l6);·
619 2387 654 2443 b'i
679 2386 792 2442 David:
824 2386 961 2456 «Neque,

115 2485 221 2555 inquit,
251 2489 353 2553 urgeat
391 2493 479 2549 super
506 2491 550 2533 me
570 2484 674 2547 puteus
701 2491 731 2532 os
765 2489 851 2531 suurn
879 2475 961 2544 (Psoi.

114 2588 209 2640 trivii,
229 2571 315 2641 16).»
341 2570 407 2624 leia
435 2581 504 2636 ergo
527 2567 633 2621 scelera
654 2565 721 2635 'l'yri
754 2564 782 2618 iu
811 2571 913 2631 niente,
935 2570 962 2618 et

114 2671 240 2732 quatuor
259 2657 415 2729 corporalis
435 2654 594 2710 ellieiontiae
616 2668 677 2708 eain
694 2654 821 2709 converti
843 2668 900 2708 uon
920 2653 958 2707 si·

113 2756 197 2815 uiant,
228 2748 366 2802 nimirum
396 2759 462 2814 quae
487 2744 576 2813 ipsam
603 2743 664 2798 sine
691 2741 751 2798 ulla
778 2742 962 2798 confessionis

113 2834 301 2904 respiratione
318 2834 391 2888 intra
406 2845 524 2886 suorum
536 2830 689 2885 criminum
700 2829 867 2898 voraginem
878 2829 961 2883 illail-

112 2923 195 2977 dunt.
221 2920 295 2975 Gaza
314 2919 449 2988 superius
473 2917 617 2973 transtulit
642 2922 672 2971 ut
696 2917 871 2983 concluderet,
909 2917 961 2970 ista

112 3011 252 3069 conclusit,
275 3007 345 3078 quia
369 3019 417 3075 per
442 3005 618 3060 incrementa
642 3004 787 3075 nequitie,
815 3005 891 3075 quod
914 3004 962 3060 ille

113 3098 201 3156 animi
227 3097 343 3152 babitus
368 3092 525 3164 proposuit,
553 3094 598 3148 bic
627 3093 698 3148 lucio
717 3093 862 3149 olliimata
888 3109 962 3150 com-

114 3187 211 3259 plevit.
240 3184 353 3239 ruituris
378 3184 499 3250 (rutrum
525 3198 577 3236 iion
601 3182 799 3250 recordantur,
821 3184 890 3253 quia
911 3197 962 3239 ra-

114 3276 199 3333 tionis
222 3275 422 3344 appetitusque
441 3271 566 3327 carnalis
590 3286 625 3327 er
641 3270 740 3326 eadem
761 3280 865 3338 mente,
891 3286 923 3327 ac
938 3274 960 3327 si

115 3377 252 3436 germana
281 3361 455 3425 fraternitas,
487 3359 557 3429 quid
582 3359 636 3415 sibi
662 3367 741 3415 muto
769 3359 904 3416 custodite
928 3375 962 3416 ae

114 3451 283 3509 obeditionis
299 3448 429 3515 debeant,
445 3462 501 3503 non
518 3446 707 3517 perpendunt.

151 3541 235 3598 Veris.
258 3536 301 3591 ιθ,
327 3559 336 3585 ι
365 3537 400 3591 Et
421 3535 532 3590 mittam
561 3534 657 3604 ignem
687 3532 716 3587 in
740 3547 858 3589 murum
883 3535 960 3605 Tyri,

116 3653 129 3679 ι
147 3636 174 3685 et
189 3626 337 3684 devorabit
351 3625 425 3680 aedes
438 3624 511 3693 ejus.
528 3641 542 3672 n
558 3620 638 3688 Quod
654 3628 696 3677 est
710 3621 803 3677 dicere
820 3637 826 3675 :
842 3621 960 3678 Omuein

114 3715 283 3773 exteriorem
312 3711 464 3777 cautelam,
491 3723 550 3779 qua
582 3724 641 3764 sum
669 3710 809 3765 honestati
834 3713 961 3779 providet

115 3803 250 3873 turpibus
269 3799 508 3870 concupiscentiis
521 3799 670 3853 evidenter
681 3797 773 3853 addici
788 3799 959 3867 permittam.

116 3892 196 3948 Unde
211 3897 238 3946 et
251 3887 468 3945 sensualitatum
483 3886 546 3956 eius
566 3886 810 3941 circumstantiam
828 3901 961 3945 intusum-

116 3979 206 4051 ptioni
219 3986 313 4048 aperte
327 3975 488 4046 subjiciam.

152 4068 235 4125 Vens.
258 4070 299 4120 ll.
316 4097 349 4104 -
367 4081 381 4116 a
396 4065 461 4119 llaec
480 4063 548 4119 dicit
572 4064 733 4123 Dominus:
756 4071 848 4141 Super
869 4068 963 4126 tribus

119 4177 129 4204 ι
145 4154 300 4210 sceleribus
316 4153 417 4219 Edem,
434 4160 462 4207 et
473 4166 561 4221 super
576 4163 702 4223 quatuor
721 4174 780 4215 non
793 4167 961 4216 convertam

1018 1970 1136 2042 spiritus
1148 1969 1311 2041 ingreditur
1325 1970 1400 2041 (Luc.
1417 1984 1458 2035 ιι,
1470 1973 1527 2041 26).

1054 2078 1139 2140 liciis.
1158 2079 1200 2130 13.
1213 2096 1276 2126 -i
1296 2076 1362 2130 llaec
1382 2077 1450 2132 dicit
1469 2076 1632 2133 bitinicus:
1656 2077 1749 2149 Super
1774 2080 1864 2136 tribus

1017 2187 1031 2216 ii
1047 2165 1202 2221 sceleribus
1216 2164 1341 2220 liliorum
1357 2164 1489 2232 llmrnon,
1504 2173 1532 2220 et
1553 2181 1640 2236 super
1664 2177 1793 2238 quatuor
1811 2183 1865 2224 non

1019 2263 1208 2310 ‚convertam
1227 2267 1304 2319 eum,
1321 2267 1354 2308 eo
1376 2255 1453 2323 quod
1477 2252 1664 2311 dissecuerint
1683 2267 1866 2327 praegnantes

1018 2342 1154 2398 »Galaad
1168 2342 1204 2396 ad
1217 2341 1398 2397 dilatandum
1416 2343 1571 2398 terminum
1595 2359 1692 2399 suum.
1712 2367 1722 2391 ι
1742 2347 1865 2400 Αιιιιιιοιι

1016 2431 1220 2500 interpretatur
1241 2431 1359 2499 populus
1383 2434 1513 2484 moeroris.
1532 2430 1558 2485 Si
1575 2432 1725 2500 disciplina
1747 2433 1776 2487 in
1790 2447 1865 2502 pre-

1016 2521 1087 2576 senti
1110 2518 1300 2584 niiurorisest,
1324 2533 1389 2587 quae
1406 2519 1532 2574 lruetum
1546 2520 1763 2588 pacatissimum
1775 2521 1866 2577 reddit

1016 2608 1108 2676 (llcbr.
1124 2621 1172 2670 xii,
1190 2606 1243 2674 ll),
1264 2614 1291 2660 et
1312 2606 1347 2661 de
1364 2606 1462 2675 nuptis
1477 2607 1594 2675 dicitur,
1610 2608 1688 2676 quod
1705 2608 1865 2664 tribulatio·

941 2742 946 2751 .
1015 2710 1078 2752 nein
1095 2695 1241 2750 liabebunt
1253 2695 1420 2765 hujusmodi
1435 2697 1457 2761 (l
1476 2698 1535 2751 Cor.
1549 2711 1596 2760 vu,
1610 2697 1673 2762 ‘28l3
1688 2696 1762 2766 quid
1780 2706 1864 2767 putas

1015 2795 1120 2855 agatur
1134 2783 1210 2852 apud
1224 2784 1334 2852 eosqui
1352 2783 1468 2854 llagitiis
1483 2783 1655 2851 inserviunt,
1669 2785 1724 2840 sub
1740 2800 1866 2855 quorum

1015 2874 1126 2943 lingua,
1144 2873 1231 2943 juxta
1248 2872 1400 2940 roselinum,
1419 2872 1499 2927 labor
1519 2880 1547 2927 et
1562 2872 1643 2927 dolor
1663 2881 1750 2942 sunt3
1769 2877 1865 2940 (Psoi,

981 2957 1043 3023 Cu,
1061 2966 1100 3023 7.)
1116 2961 1147 3015 lli
1164 2974 1265 3016 causas
1282 2975 1339 3014 non
1355 2961 1539 3016 convertendi
1563 2961 1677 3028 babent,
1697 2962 1775 3032 quod
1791 2963 1866 3019 vide·

1016 3049 1080 3104 licet
1102 3056 1284 3119 praegnantes
1307 3048 1414 3104 tlalaad
1440 3049 1589 3111 dissecent,
1615 3057 1709 3105 motus
1724 3050 1863 3107 nimirum

1016 3137 1177 3202 rationales,
1200 3137 1251 3206 qui
1271 3135 1443 3191 naturaliter
1464 3137 1573 3206 aliqua,
1595 3141 1626 3193 ut
1655 3138 1767 3202 assolet,
1792 3139 1865 3194 bona

1015 3226 1191 3295 concipiunt,
1211 3225 1247 3279 ad
1267 3225 1432 3280 dilationem
1448 3239 1508 3281 suae
1532 3227 1668 3296 nequitiae
1689 3241 1786 3296 pravae
1806 3242 1866 3284 eru·

1016 3314 1121 3384 ptionis
1143 3314 1217 3369 terro
1243 3312 1415 3368 discindant.
1436 3313 1543 3369 Galaad
1568 3314 1673 3370 dicitur
1695 3330 1808 3370 aceruus
1823 3323 1864 3370 te-

1015 3405 1147 3468 stimonii,
1164 3401 1215 3472 qui
1236 3415 1292 3456 uon
1312 3409 1353 3456 est
1367 3401 1442 3457 alius
1458 3402 1511 3456 nisi
1526 3402 1646 3472 quidam
1660 3403 1742 3458 bonae
1759 3405 1864 3475 cogita·

1016 3491 1101 3548 tionis
1119 3498 1262 3561 aggestus,
1284 3490 1369 3560 cujus
1396 3491 1430 3544 ad
1451 3490 1582 3546 ellectum
1605 3491 1743 3547 ducendae
1768 3506 1863 3547 eoram

1016 3593 1048 3634 eo
1069 3578 1146 3634 testis
1164 3586 1206 3633 est
1227 3578 1342 3634 animus
1366 3580 1520 3634 Terminum
1548 3587 1645 3635 autem
1672 3580 1786 3644 dilatat,
1813 3582 1863 3653 qui

1017 3669 1052 3723 ad
1068 3672 1141 3722 m
1163 3666 1340 3737 propositum
1360 3681 1500 3737 perversae
1524 3668 1694 3738 expletionis
1714 3669 1860 3727 iuaestuat.

1052 3783 1137 3839 Vnus.
1155 3783 1197 3835 ll.
1215 3812 1247 3820 -
1258 3802 1271 3829 ii
1283 3781 1319 3836 Et
1330 3780 1501 3836 succendam
1512 3780 1606 3851 ignom
1619 3782 1649 3836 in
1659 3796 1777 3838 murum
1789 3783 1865 3839 liab-

1017 3893 1031 3920 ι)
1046 3871 1114 3927 balb
1136 3869 1176 3942 iul
1192 3911 1199 3936 ,
1218 3866 1342 3941 RabbaJ,
1365 3878 1392 3924 et
1411 3869 1558 3925 devorabit
1576 3871 1650 3925 mdes
1669 3873 1733 3942 ejus
1755 3872 1782 3926 in
1798 3872 1864 3927 ulu-

1018 3981 1031 4011 tl
1063 3959 1123 4015 latu
1146 3960 1175 4014 in
1204 3959 1250 4014 die
1278 3958 1353 4024 belli,
1379 3965 1407 4013 et
1434 3957 1461 4012 in
1487 3959 1602 4014 turbine
1628 3959 1656 4014 iu
1685 3960 1866 4016 diccommo

1019 4070 1029 4096 t
1046 4047 1140 4103 tionis.
1158 4065 1170 4097 i
1188 4045 1319 4101 llabbatb
1341 4045 1487 4100 multitudo
1502 4046 1624 4116 dicitur;
1641 4048 1670 4103 iu
1684 4048 1770 4118 cujus
1783 4064 1866 4105 muro

1016 4136 1092 4208 iguis
1106 4136 1301 4200 succenditur,
1315 4149 1382 4191 eum
1398 4136 1426 4190 iu
1446 4135 1609 4205 frequentia
1629 4145 1656 4192 et
1673 4138 1803 4194 tumultu
1825 4154 1867 4194 co

119 4256 225 4310 icum,
254 4254 287 4297 co
313 4241 390 4311 quod
418 4246 587 4309 prosecutus
611 4240 648 4295 sit
672 4242 700 4299 in
730 4246 826 4316 gladio
841 4246 957 4302 fratrem
979 4225 1162 4309 „gitationls
1187 4225 1293 4295 issilssae
1310 4239 1376 4294 ili1ae
1396 4224 1470 4279 inter
1488 4239 1541 4280 ¹¹⁰⁸
1560 4233 1588 4280 θῑ
1603 4226 1693 4282 Deum
1713 4239 1747 4282 ³0
1760 4227 1783 4281 Si
1799 4242 1866 4283 mu·

116 4350 130 4384 a
147 4345 242 4396 suurn,
257 4337 284 4386 et
300 4329 448 4386 violaverit
467 4326 691 4386 misericordiam
707 4333 780 4403 ejus,
797 4341 824 4390 et
839 4334 962 4391 tenuerit

115 4440 129 4469 >i
147 4420 223 4476 ultra
244 4419 369 4475 furorem
384 4431 480 4481 suum,
502 4423 529 4471 et
550 4414 776 4487 indignationem
796 4435 877 4479 suam
901 4437 962 4478 ser-

116 4509 256 4565 »vavcrit
277 4507 413 4578 usquein
440 4505 565 4560 linem-i
593 4505 680 4563 Edoni
705 4516 825 4568 terrenus
845 4513 960 4569 dicitur.

115 4598 303 4668 Postquama
328 4595 377 4651 Dei
402 4607 498 4648 ainore
524 4605 605 4648 mens
629 4595 750 4655 interius
776 4610 960 4673 angristatur,

115 4702 166 4758 per
190 4695 303 4743 terrena
326 4683 466 4740 desideria
491 4696 602 4738 necesse
625 4692 666 4740 est
691 4687 765 4745 illico
789 4699 819 4746 ut
842 4705 961 4763 sparga-

115 4783 172 4832 tur.
188 4776 275 4844 Super
297 4773 385 4827 tribus
412 4783 481 4839 ergo
508 4769 662 4839 sceleribus,
686 4781 711 4829 et
734 4792 815 4848 super
831 4785 960 4847 quotuor,

115 4878 181 4933 quae
206 4864 337 4920 bilariam
368 4859 501 4930 superius
523 4861 653 4929 exposita
674 4866 807 4923 sulficere
830 4876 960 4938 possunt,

114 4969 167 5008 non
182 4952 368 5018 convertitur,
386 4951 456 5021 quia
470 4947 626 5017 delectatio,
643 4955 728 5010 semel
753 4957 830 5012 intus
844 4957 960 5023 ebibita,

115 5050 267 5112 postquam
283 5042 311 5096 in
328 5053 477 5110 corporeos
494 5038 596 5094 transit
609 5054 689 5110 usus,
706 5052 815 5113 quanto
829 5045 962 5101 usitatior

115 5138 157 5186 est
181 5138 259 5187 tanto
281 5130 409 5186 tenacius
432 5127 586 5197 obligatur.
612 5128 702 5186 Edem
726 5147 803 5204 ergo,
831 5142 987 5213 terrenus,

115 5217 244 5284 allectus,
264 5220 380 5285 fratrem
399 5221 428 5272 iu
447 5219 540 5288 qtudio
570 5220 762 5289 persequitur,
785 5236 851 5277 cum
877 5223 961 5292 spiri-

115 5313 188 5374 tum,
204 5321 239 5363 ex
251 5309 348 5364 eudem
362 5309 532 5366 conscientia
555 5312 753 5381 prodeuntem,
775 5311 858 5366 malis
879 5312 960 5382 capi-

115 5395 222 5452 talibus
247 5396 414 5467 intercipere
443 5399 555 5455 nititur.
577 5399 795 5455 Misericordiam
818 5400 881 5469 cius
895 5403 959 5456 vio-

115 5485 165 5552 lat,
191 5496 257 5540 cuin
287 5486 362 5554 quod
391 5486 519 5544 misereri
544 5487 648 5544 animae
675 5502 735 5543 suae
765 5487 880 5558 placens
905 5490 960 5545 beo

1018 4329 1069 4371 rus
1089 4313 1250 4370 miserabile
1270 4313 1337 4369 lacit
1359 4312 1549 4380 obstaculum,
1571 4317 1621 4370 aut
1639 4315 1793 4384 superbiae,
1815 4325 1866 4372 aut

1017 4400 1114 4471 gloriae
1130 4400 1234 4467 inanis,
1251 4400 1311 4457 sive
1325 4400 1410 4456 etiam
1427 4401 1563 4469 luxuriae,
1590 4402 1733 4458 ueletiam
1748 4404 1865 4473 cupidi-

1017 4489 1083 4545 tatis
1103 4503 1170 4559 quae
1190 4489 1288 4544 omnia
1320 4489 1393 4559 ignis
1417 4489 1611 4559 appellantur,
1631 4490 1789 4547 suscitatur
1819 4492 1864 4547 in·

1016 4577 1159 4633 cendium.
1195 4580 1225 4632 ln
1253 4579 1359 4632 ululatu
1391 4579 1461 4632 edes
1492 4580 1551 4648 ejus
1585 4579 1772 4646 devorantur,
1798 4595 1865 4636 eum

1016 4666 1145 4722 membra
1158 4665 1232 4736 eius,
1248 4674 1396 4736 quaesunt
1415 4682 1502 4737 super
1527 4674 1644 4733 terrain,
1660 4670 1791 4738 appetitu
1810 4671 1865 4724 im·

1016 4755 1181 4810 manissime
1198 4754 1398 4810 involvuntur.
1418 4756 1558 4824 lupinum
1583 4756 1660 4811 enlin
1680 4765 1722 4813 est
1739 4757 1863 4814 ululare.

1017 4843 1081 4897 Dies
1096 4843 1158 4897 betti
1176 4842 1294 4898 evidens
1316 4843 1511 4900 controversia
1531 4852 1573 4899 est
1596 4846 1692 4900 carnis
1718 4853 1746 4901 et
1765 4846 1864 4902 animi.

1015 4930 1106 4998 Quam
1123 4932 1208 4988 turbo
1224 4931 1365 5001 sequitur,
1389 4932 1458 5002 quia
1481 4934 1593 4988 caecitas
1613 4934 1700 4989 menti
1717 4949 1753 4989 ex
1772 4943 1866 4991 terua-

1016 5021 1100 5076 tiouis
1126 5021 1272 5077 nimietate
1299 5028 1424 5077 creatur.
1454 5021 1505 5078 Cui
1526 5022 1587 5077 dies
1611 5026 1797 5078 commotionis
1820 5026 1866 5080 ad·

1015 5108 1102 5177 ditur,
1125 5123 1192 5164 cum
1207 5123 1288 5164 mons
1304 5123 1354 5178 per
1373 5124 1492 5180 operum
1517 5110 1633 5178 indicia,
1655 5125 1673 5167 a
1693 5126 1749 5167 sua
1762 5113 1867 5168 stabili·

1016 5205 1072 5254 tate
1087 5198 1236 5254 manileste
1251 5198 1359 5254 dimota
1370 5200 1562 5271 cognoscitur.

1051 5313 1136 5369 Vens.
1156 5317 1196 5368 li.
1221 5333 1285 5364 —n
1311 5315 1345 5370 Et
1369 5314 1419 5370 ibit
1444 5315 1575 5371 Melcbou
1602 5315 1632 5370 in
1656 5316 1863 5387 captivitatem,

1015 5402 1115 5472 »ipse
1149 5410 1176 5458 ct
1203 5402 1345 5472 principes
1366 5404 1430 5473 ejus
1456 5403 1552 5471 simul,
1585 5404 1653 5459 dicit
1682 5406 1862 5463 Dominus.»

1015 5489 1144 5545 blelcbeu
1172 5489 1376 5559 iuterpretatur
1408 5492 1641 5547 recrearemur
1677 5492 1701 5547 si
1735 5493 1863 5551 dicerer:
