3818 6008
1894 36 1899 93 l

96 245 146 298 eet
548 240 579 293 V.
600 239 764 296 utiterum
784 239 928 295 neutris
946 239 976 294 S.
997 240 1118 296 UARlAE
1138 239 1185 295 DE
1204 239 1404 296 NOVlGENTO
1798 241 1851 294 932
1898 256 1901 295 ι

94 381 144 431 ιιι
159 375 301 439 habitum,
330 386 382 428 nec
402 370 506 426 mulier
525 370 647 425 virilem.
664 370 773 426 Tantus
800 371 886 426 etiam
906 369 945 425 in·
962 371 1104 440 Aprobro
1131 384 1180 426 sen
1198 369 1347 426 maledicto
1367 369 1535 439 preteriret,
1547 369 1584 427 de
1605 370 1758 442 sepultura
1786 384 1852 426 vero

95 463 263 520 cendiornnt
283 460 455 517 altrinsecus
469 459 625 528 positorum
654 465 748 514 motus
770 457 943 524 inonachus
997 457 1096 515 nullus
1114 457 1263 528 cogitaret,
1292 457 1430 529 magister
1453 457 1616 521 anselmus,
1638 458 1690 529 qui
1718 458 1854 514 hesterno

94 552 126 609 in
141 557 236 623 partes
256 548 355 606 llabris
382 548 513 605 dammas
536 546 739 618 torquentibus
759 554 789 603 ιιι
810 547 943 603 monachi
997 560 1064 602 cum
1085 546 1185 603 seditio
1209 552 1355 614 estuaret,
1378 545 1540 603 omninose
1554 546 1717 614 abdiderat,
1737 546 1776 602 ad
1795 553 1857 603 tra-
1898 504 1901 589 4

94 654 146 697 ιιι
165 641 264 696 omnia
286 644 456 695 vererenuar
484 636 608 693 incendi.
633 636 726 693 lictus
744 650 813 694 vero
838 636 872 691 iis
892 637 942 705 qni
999 634 1198 706 goediaehujus
1210 641 1342 691 auctores
1357 647 1469 704 precem
1483 632 1569 702 ludit,
1586 642 1619 691 nt
1633 634 1795 700 bominem,
1809 634 1856 690 vel

95 730 147 785 isto
158 727 348 798 conlugerant
362 733 460 782 tantus
479 732 542 782 erat
562 739 598 782 ac
619 725 642 781 si
661 738 761 782 ιιιιιι
783 724 944 781 cervicibus
997 724 1069 795 qnia
1090 723 1213 794 episcopi
1237 736 1342 779 nomen
1364 728 1391 778 et
1409 721 1522 794 insigne
1545 722 1699 792 habuerat,
1725 724 1858 780 sinerent

93 815 181 888 gladii
196 815 389 873 imminerenu
405 813 485 871 Felix
512 813 604 871 Guido
618 813 840 870 archidiaconns
856 820 944 884 atque
997 825 1116 882 qnoque
1128 810 1244 868 humari
1266 811 1317 866 vix
1337 818 1482 867 annuunt.
1510 810 1584 876 onia
1601 825 1672 882 ergo
1694 811 1798 869 nudus
1821 811 1858 866 ad
1899 802 1901 877 J

93 903 302 970 thesaurarius,
330 904 382 975 qui
409 903 454 960 isti
474 903 587 974 negotio
607 901 708 960 deluit.
733 899 796 974 (¹⁰⁸)
818 901 945 959 AdSan-
998 905 1082 955 terrae
1107 899 1211 956 canina
1237 899 1365 970 quadarn
1389 898 1508 962 vilitate,
1529 912 1547 955 a
1571 899 1747 970 vespertinis
1779 899 1859 956 leriae

92 1001 167 1050 ctarn
182 992 258 1049 enirn
274 992 394 1049 ilariam
421 991 655 1048 Versiliacensem
675 998 789 1047 oratum
810 998 877 1046 ante
891 992 945 1046 Pa·
998 987 1107 1060 quinta
1137 986 1225 1054 horis,
1250 987 1363 1043 tertiam
1399 987 1517 1043 crastini
1539 987 1597 1044 diei
1630 987 1734 1045 boram
1763 1002 1860 1060 nsque

92 1081 162 1138 seha
187 1087 370 1151 processerat.
402 1081 442 1136 lie
462 1080 526 1151 ejus
545 1077 724 1150 potissimum
740 1078 869 1135 absentia
884 1090 945 1134 car·
995 1076 1136 1149 jacuerat,
1156 1076 1278 1149 jubetur
1295 1076 1412 1134 tandem
1426 1089 1444 1132 a
1458 1076 1598 1147 magistro
1619 1076 1721 1146 levari,
1753 1075 1814 1149 (ι’)
1831 1085 1859 1134 ιι

91 1170 191 1227 ιιιιιι
206 1169 414 1240 querebantur.
997 1165 1117 1222 salbano
1149 1164 1310 1236 superiecto
1345 1163 1383 1220 ad
1415 1163 1444 1221 S.
1482 1164 1668 1222 vincentium
1694 1165 1858 1236 deportari.

57 1331 59 1334 Ι
129 1258 231 1314 Plures
257 1256 435 1313 occidantur.
452 1282 487 1297 -—
503 1255 609 1313 Occisis
632 1254 722 1326 igitur
745 1255 788 1312 sic
814 1254 945 1325 episcopo
999 1255 1060 1311 llici
1076 1268 1132 1311 non
1152 1261 1242 1324 potest
1253 1261 1324 1325 qnot
1343 1252 1438 1320 minis,
1454 1261 1525 1325 quot
1545 1255 1683 1311 conviciis
1702 1262 1859 1311 curatores

93 1360 303 1418 procerumque
326 1344 509 1416 primoribus,
530 1344 566 1400 ad
581 1344 759 1414 reliquorum
770 1344 822 1413 qni
847 1357 947 1414 snper·
999 1341 1109 1399 lunaris
1134 1342 1324 1413 urgebantur,
1356 1349 1428 1414 quot
1455 1351 1588 1400 mortuus
1614 1342 1673 1413 ipse
1707 1341 1858 1399 maledicis

92 1441 176 1491 crant
196 1435 295 1491 domos
328 1433 488 1491 obsidentes
530 1432 691 1489 intendunt.
728 1433 850 1490 Densum
877 1445 946 1502 ergo
994 1431 1181 1487 sermonibus
1207 1429 1383 1501 illapidatur.
1412 1431 1474 1502 (ιιι)
1495 1431 1613 1488 Delatus
1639 1432 1676 1488 ad
1704 1430 1857 1488 eoeleaiam

93 1521 237 1579 Guillelrui
261 1520 313 1578 lilii
337 1520 475 1586 lladuini,
493 1520 545 1591 qui
560 1534 617 1576 non
637 1527 820 1577 consenserat
833 1519 946 1577 civibus
1000 1518 1072 1574 nibil
1095 1532 1215 1589 prorsus
1236 1517 1335 1586 oflicii,
1363 1533 1421 1575 non
1443 1518 1509 1577 dico
1531 1520 1609 1591 quod
1636 1521 1788 1591 episcopo,
1808 1519 1856 1575 md

93 1612 125 1667 in
140 1617 232 1667 morte
248 1609 377 1678 Gerardi,
402 1610 531 1667 sodonm
548 1610 608 1679 ipso
634 1610 789 1666 occidendo
808 1609 845 1665 ad
860 1609 947 1665 eecle-
1002 1607 1080 1678 quod
1106 1606 1266 1664 Christiano
1301 1614 1473 1677 competeret
1505 1608 1535 1663 in
1562 1607 1712 1680 ιιιιιιιιιιι
1743 1607 1853 1664 habuit.

93 1700 166 1757 siam
190 1708 327 1757 oraturus
351 1712 434 1756 mane
460 1707 635 1769 perrexerat,
661 1705 720 1755 tota
740 1705 821 1756 nocte
844 1711 950 1769 perva-
971 1672 1092 1752 Βἰἰιίι
1119 1695 1246 1767 receptui
1275 1697 1340 1768 ejus
1371 1695 1555 1765 semicavata,
1577 1710 1685 1767 corpus
1711 1703 1758 1753 eat
1783 1697 1855 1753 intro

94 1788 177 1845 dunt.
201 1788 333 1858 Cumque
357 1786 399 1843 illi
425 1787 494 1843 binc
510 1787 636 1858 ignibus,
654 1787 735 1843 illinc
748 1785 890 1854 asciculis,
910 1800 951 1842 se
1004 1784 1084 1842 brevi
1111 1785 1210 1842 tabula
1231 1783 1273 1841 sic
1300 1798 1497 1855 compressum
1519 1792 1551 1841 ut
1579 1793 1681 1856 ιιιιιι
1707 1792 1739 1842 et
1758 1792 1856 1841 venter

95 1877 216 1934 curibus
242 1884 330 1946 atque
356 1875 449 1933 contis
464 1883 587 1933 mactato
606 1875 714 1947 pariete
731 1874 908 1943 institissent,
923 1881 951 1931 et
1004 1887 1092 1944 prope
1119 1886 1212 1944 nsque
1238 1873 1275 1929 ad
1296 1873 1439 1943 crepitum
1455 1879 1644 1943 premeretur.
1662 1873 1699 1928 ιιι
1713 1886 1785 1930 cum
1798 1885 1854 1929 naa·
1898 1896 1901 1911 =

94 1964 135 2022 illi
163 1964 213 2035 qui
244 1963 322 2021 intus
357 1972 439 2020 erant
467 1964 681 2021 mordacissime
708 1965 885 2032 restitissent,
914 1963 950 2019 ad
1004 1960 1047 2018 los
1075 1962 1265 2031 pollinctores,
1292 1969 1324 2019 nt
1346 1961 1417 2030 dixi,
1434 1961 1560 2029 baberet,
1583 1961 1619 2017 ad
1642 1961 1706 2017 hec
1717 1959 1854 2017 certead·

95 2052 266 2109 deditionem
282 2059 425 2122 postremo
440 2059 567 2120 coactus,
585 2052 657 2108 miro
673 2051 722 2108 Dei
738 2051 857 2121 jndicio,
883 2064 950 2108 cum
1005 2050 1064 2107 hnc
1093 2050 1323 2121 apresentibns
1353 2051 1561 2121 arguebantur,
1594 2058 1626 2108 ut
1659 2049 1853 2106 miserrimum
1897 2068 1900 2081 ·

96 2141 175 2198 bunc
202 2140 312 2198 ceteris
340 2141 406 2211 plns
433 2141 568 2209 odissent,
593 2139 707 2197 salvum
723 2155 757 2197 ac
778 2140 950 2197 inmlumem
1003 2153 1109 2210 corpus
1123 2153 1182 2210 qno
1209 2146 1321 2210 pomoni
1336 2138 1462 2209 nequius
1483 2145 1680 2196 attrectarent.
1711 2128 1756 2195 Ea
1770 2137 1853 2194 diein

97 2229 285 2301 compedibus
309 2228 492 2299 injecerunt.
520 2228 673 2286 castellani
692 2228 787 2284 itidem
805 2227 862 2284 lllin
877 2227 952 2285 lece-
1004 2228 1102 2284 eadem
1115 2227 1235 2284 ecclesia
1248 2241 1266 2282 a
1289 2227 1438 2283 monachis
1451 2224 1525 2282 nihil
1539 2225 1673 2283 divinum
1688 2233 1791 2283 ιιιιιι
1805 2234 1853 2282 ιιι.

96 2327 175 2376 runt.
192 2319 262 2375 Erat
281 2325 377 2375 autern
394 2318 423 2373 in
451 2318 535 2375 domo
549 2316 696 2375 Gnillelmi
719 2317 838 2388 qnidam
856 2316 950 2374 adole·
1005 2315 1058 2373 Sed
1071 2315 1140 2387 qnid
1155 2315 1219 2372 dico
1233 2329 1267 2373 ea
1280 2316 1349 2373 die?
1378 2315 1434 2371 imo
1449 2328 1501 2386 per
1513 2315 1625 2386 aliquot
1647 2315 1722 2384 dics,
1737 2329 1807 2373 euna
1823 2315 1854 2370 ιι

96 2419 178 2463 scens
199 2405 294 2463 dictus
313 2412 342 2462 ιι
365 2405 425 2475 ipse
450 2404 623 2462 Guillelmus
645 2405 768 2476 episcopi
799 2403 949 2462 cubicula·
1005 2405 1041 2461 ad
1059 2419 1089 2461 se
1117 2403 1289 2477 lugientium
1321 2403 1414 2461 salute
1445 2402 1557 2474 trepidi,
1586 2403 1701 2461 desua
1731 2403 1855 2474 ipsornrn

97 2493 168 2561 rins,
185 2493 238 2563 qni
260 2493 420 2563 plurimum
438 2492 554 2550 titulum
569 2492 600 2548 in
616 2492 665 2549 illa
692 2492 858 2550 defensione
877 2506 952 2548 com·
1004 2493 1091 2550 etiam
1104 2501 1193 2550 morte
1204 2494 1347 2549 timerent.
1709 2483 1712 2487 ’

97 2581 213 2639 meruit.
241 2583 268 2637 Is
296 2581 381 2638 domo
413 2588 506 2652 capta,
530 2581 567 2637 ab
587 2595 622 2637 ιι
645 2589 724 2651 parte
749 2580 950 2653 burgensium,
1040 2580 1481 2654 lloltinoba'ieaeiriaepuitara
1499 2580 1857 2652 recommendamus

98 2670 294 2741 quaedomnm
305 2670 484 2737 consederat,
500 2676 542 2726 est
556 2680 727 2738 conventus,
748 2676 848 2727 utrum
867 2670 952 2726 sciret
1005 2670 1156 2727 ιιιιιιιιιι
1189 2669 1421 2744 achiepiscopus
1450 2669 1557 2728 ιιιιιιιι
1595 2669 1659 2743 opii
1681 2683 1738 2741 pro
1763 2669 1859 2738 defn-

98 2758 263 2815 anooeisus
287 2765 363 2815 esset
389 2757 542 2828 episcopus
565 2771 665 2824 necne,
690 2757 737 2814 ille
763 2772 793 2814 so
818 2758 952 2830 ignorare
1004 2760 1067 2816 ctis.
1095 2790 1129 2800 -
1156 2760 1212 2815 uec
1229 2773 1309 2816 mora
1332 2757 1536 2817 Gninimarum
1560 2758 1754 2815 castellanum
1770 2757 1858 2837 (quod

98 2845 254 2917 respondit.
285 2845 341 2902 dlii
368 2845 446 2903 enim
470 2852 564 2911 erant,
590 2845 642 2916 qni
664 2845 829 2916 episcopum
844 2845 953 2902 occide-
1004 2848 1061 2905 dici
1075 2848 1156 2905 dolor
1178 2851 1231 2915 est)
1258 2862 1333 2905 uxor
1354 2848 1428 2919 ejus,
1443 2856 1471 2906 et
1495 2847 1570 2916 illie,
1596 2847 1693 2904 nobile
1710 2847 1797 2904 valde
1814 2861 1859 2918 ge

99 2941 182 3004 rant;
198 2933 245 2990 alii
265 2933 316 3004 qui
335 2933 410 2990 aedes
423 2940 675 3005 expugnaverant.
690 2933 953 3004 cumqnecircum-
970 2952 1071 3027 enus,
1099 2939 1168 3008 ipsae
1193 2937 1261 2994 sole
1287 2937 1479 3009 impingentes
1504 2944 1534 2994 et
1557 2936 1706 2993 trabentes
1726 2936 1757 2993 in
1769 2936 1859 2992 biroto

99 3023 194 3079 eundo
233 3022 357 3078 cadaver
385 3022 510 3092 episcopi
541 3023 722 3092 reperissent,
751 3022 877 3094 rogitant
902 3023 952 3093 jn·
1006 3026 1197 3082 advexerunt.
1226 3025 1382 3097 Postquam
1422 3025 1586 3091 llainerius,
1611 3033 1732 3094 sumpta
1754 3025 1859 3082 alicubi

99 3123 202 3168 venem
226 3115 303 3166 m
320 3117 417 3168 utrum
441 3110 542 3181 jacens
565 3124 670 3180 corpus
697 3110 721 3166 si
740 3110 802 3181 ejus
822 3109 893 3167 toret
915 3124 952 3166 ex
1007 3113 1161 3184 posteriore
1183 3121 1264 3185 parte
1278 3128 1346 3170 cum
1363 3114 1437 3170 inter
1459 3114 1533 3171 duas
1548 3120 1635 3178 rotas,
1661 3126 1755 3183 super
1777 3126 1858 3170 axem

101 3199 198 3269 aliquo
218 3197 301 3270 signo
325 3196 517 3254 convinceret.
544 3198 587 3253 lta
612 3205 708 3255 autem
732 3206 832 3256 vertex
854 3205 882 3255 et
902 3212 954 3255 ora
1007 3203 1126 3272 positus,
1147 3203 1295 3272 superiore
1324 3209 1404 3274 parte
1432 3215 1572 3258 coxarum
1598 3202 1697 3258 adhuc
1722 3201 1859 3258 stridente

101 3286 215 3345 inerant
228 3301 265 3344 ex
280 3285 372 3343 multa
391 3285 554 3343 concisione
570 3293 689 3350 motata,
708 3295 739 3343 nt
753 3286 877 3344 discerni
894 3301 953 3343 uon
1006 3305 1043 3347 ex
1063 3290 1189 3361 ignibus,
1206 3305 1224 3345 a
1247 3290 1373 3361 quodam
1392 3305 1446 3347 sno
1465 3290 1583 3358 rustico,
1611 3298 1640 3346 et
1662 3290 1796 3362 quadarn
1816 3304 1858 3345 no

103 3383 204 3446 posset.
222 3377 257 3431 lit
275 3375 322 3431 ille
345 3374 489 3441 recordor,
509 3373 578 3431 dum
607 3375 765 3443 adviveret,
794 3373 843 3443 ait,
870 3375 954 3432 etde
1008 3378 1058 3436 bili
1080 3378 1240 3449 jnvencnla
1265 3379 1482 3451 consanguinea
1495 3393 1559 3447 sua,
1585 3378 1745 3436 miserabili
1759 3385 1790 3436 et
1807 3379 1859 3448 ipse

100 3479 133 3522 re
152 3462 280 3531 militari,
310 3477 399 3534 qnam
427 3462 502 3519 malo
528 3477 581 3519 sno
607 3462 766 3534 plurimum
790 3462 952 3532 affectabat,
1008 3467 1091 3522 modo
1102 3465 1266 3523 adducitur.
1283 3467 1376 3538 Super
1389 3467 1434 3524 his
1448 3467 1562 3524 duobus
1588 3467 1860 3533 sermomonem

101 3551 231 3609 crebrius
254 3551 432 3622 loqueretur,
448 3550 519 3622 quia
539 3549 568 3607 iu
583 3550 738 3608 simulacro
752 3565 858 3623 pugne
883 3551 954 3607 dnm
1007 3553 1113 3610 dicitur
1129 3553 1159 3609 in
1171 3553 1245 3611 libro
1260 3555 1383 3626 Regum,
1405 3555 1540 3612 inventus
1552 3554 1618 3627 (111
1631 3555 1705 3628 nep.
1719 3569 1782 3624 xrs,
1810 3556 1859 3620 ιι),

101 3640 221 3697 militem
240 3640 395 3711 quemdam
419 3653 496 3710 equo
517 3648 619 3697 vectus
641 3639 766 3697 ludendo
796 3641 953 3710 impeteret,
1008 3651 1041 3700 nt
1066 3642 1231 3714 omnesqui
1247 3643 1320 3700 bene
1339 3643 1489 3712 sentirent,
1512 3657 1612 3700 eorum
1629 3643 1778 3701 mortibus
1800 3659 1862 3701 con·

102 3728 138 3785 ab
152 3729 251 3786 eodem
271 3729 370 3801 equite
398 3736 481 3784 conto
506 3741 669 3798 percussus,
694 3728 854 3799 subjectam
883 3727 955 3786 eollo
1008 3729 1146 3799 dolerent,
1171 3745 1224 3786 nec
1248 3731 1359 3801 uspiam
1384 3732 1453 3789 mali
1475 3738 1567 3801 erant,
1585 3740 1712 3802 excepta
1729 3732 1863 3790 socictate

102 3817 175 3874 illud
190 3817 268 3888 qnod
293 3825 396 3874 vocant
410 3815 542 3873 canolam
568 3801 692 3888 fregerit.
708 3816 745 3873 Et
763 3815 956 3887 disquirentes
1009 3819 1223 3876 interlectornm
1245 3820 1372 3878 Gerardi.
1402 3821 1484 3879 Unde
1507 3829 1534 3878 et
1564 3820 1656 3878 multo
1680 3823 1865 3893 compassibi

103 3906 214 3963 nodum
230 3906 371 3963 cicatricis
383 3905 544 3963 inveniunt.
1008 3909 1066 3966 lius
1097 3922 1150 3965 sno
1187 3907 1321 3980 episeopo
1352 3917 1421 3966 sunt
1452 3909 1567 3980 sepulti.
1591 3908 1736 3980 Reliquiae
1768 3917 1864 3968 autent

138 3992 388 4049 Adoiberoobbce
396 3991 953 4065 prohibeturefferrecudocerepiacopi.
1010 3995 1118 4053 Adonis
1143 3995 1313 4054 vicedomini
1345 4005 1406 4067 post
1430 3997 1528 4068 plnres
1553 3997 1641 4068 huius
1664 3997 1819 4054 seditionis
1839 4007 1865 4055 ιι

105 4080 234 4153 Corpora
245 4083 413 4137 sumturum
424 4079 457 4135 in
470 4080 592 4139 ecclesio
604 4083 635 4136 8.
651 4080 778 4137 Jounuia
795 4083 905 4137 ιιιιιι.
921 4111 956 4124 -
1009 4084 1143 4152 incendii,
1160 4085 1221 4141 dies
1244 4086 1422 4156 parvissimae
1449 4093 1577 4157 repertae,
1592 4093 1620 4144 et
1642 4085 1675 4143 in
1690 4100 1794 4158 panno
1818 4101 1866 4144 ιι

104 4167 161 4240 (¹⁰⁹)
184 4168 282 4225 abbas
308 4176 402 4226 autem
426 4167 523 4226 Sancti
552 4169 696 4227 vincentii
722 4170 864 4227 ddalbero
888 4183 956 4227 cum
1011 4173 1177 4244 gustissimo
1202 4174 1372 4244 constricte,
1401 4175 1554 4248 usquead
1581 4175 1657 4231 diem
1679 4188 1741 4246 qno
1763 4176 1865 4234 lladul

104 4256 231 4313 audisset
254 4255 421 4328 episcopum
435 4257 651 4329 interemptum,
672 4258 816 4330 velletque
839 4258 888 4315 illo
904 4259 955 4327 irc,
976 4261 1087 4332 nphus
1101 4261 1248 4319 ilerdensis
1273 4263 1506 4336 archiepiscopus
1530 4264 1708 4321 ιιιιιιιιιι
1727 4267 1813 4322 venit
1825 4279 1866 4322 eo

105 4353 205 4416 aperta
218 4344 244 4401 ei
273 4344 368 4401 fronte
394 4345 467 4403 illico
494 4346 610 4414 dicitnr,
626 4346 740 4417 quodsi
759 4346 911 4404 insanienti
928 4361 958 4404 se
1010 4349 1126 4407 clesiam
1155 4351 1403 4422 reconciliaturus,
1423 4359 1492 4410 sunt
1512 4359 1645 4411 servate.
1660 4351 1717 4421 Qui
1747 4355 1867 4411 veniens

105 4434 198 4492 turba
218 4434 366 4503 insereret,
382 4434 445 4505 pari
460 4448 528 4491 ιιιιι
543 4435 732 4492 internecioni
746 4436 956 4493 succumberet.
1011 4438 1047 4495 ad
1062 4438 1090 4494 S.
1106 4438 1301 4508 vincentium,
1329 4440 1470 4498 solemnes
1494 4448 1564 4497 tnnc
1582 4441 1710 4511 primun
1743 4455 1797 4514 pro
1810 4442 1868 4513 epi·

104 4523 246 4580 deserunt
266 4529 342 4580 certe
356 4523 408 4595 qui
421 4522 464 4580 illi
479 4523 594 4594 negotio
610 4523 803 4581 interlnernnt
820 4524 860 4582 ita
882 4525 957 4581 diem
1011 4541 1106 4597 scopo,
1122 4527 1220 4584 etsnls
1234 4527 1421 4599 eomplicibus
1433 4528 1491 4601 egit
1511 4528 1621 4595 mimas,
1648 4543 1719 4587 cum
1749 4531 1868 4588 multia

105 4610 159 4669 diei
187 4611 319 4682 sequenti
340 4619 411 4669 tunc
425 4612 637 4679 continuatum,
654 4620 687 4669 ut
710 4612 791 4669 nulla
806 4612 897 4670 noctis
910 4627 958 4669 oc·
1013 4615 1154 4673 mortibus
1178 4630 1279 4673 eorum
1311 4617 1568 4688 preterfluxissent
1593 4617 1664 4674 dies.
1693 4616 1868 4692 naouphns

105 4699 236 4757 cubitum
252 4699 403 4771 opacitatis
427 4699 512 4771 signa
525 4699 737 4769 protenderint.
752 4699 864 4767 onibus
892 4714 958 4758 cum
1013 4710 1109 4760 autem
1122 4703 1234 4775 dapiler
1247 4704 1347 4762 eadem
1362 4719 1423 4777 qna
1436 4712 1465 4762 et
1485 4704 1534 4762 alii
1554 4705 1611 4769 die,
1626 4705 1664 4762 ab
1691 4718 1757 4764 anu
1778 4715 1867 4764 matra

105 4788 259 4859 objicerem
271 4788 432 4846 claritatem
443 4787 556 4859 ignium
570 4787 623 4844 hoc
641 4788 747 4857 iecisse,
772 4789 960 4847 sacramentis
1012 4806 1079 4849 cnm
1096 4793 1219 4863 parvulo
1233 4793 1414 4851 illiodelatns
1425 4809 1544 4867 quoquo
1558 4794 1643 4852 modo
1666 4803 1711 4852 est
1725 4797 1865 4868 sepultus.

106 4877 286 4945 astruebant,
303 4877 382 4948 qnod
397 4884 428 4932 et
448 4889 551 4932 verum
565 4884 637 4944 erat,
669 4876 749 4948 ignes
762 4877 888 4935 interdiu
906 4878 960 4934 ob·
1013 4887 1040 4937 et
1053 4880 1227 4951 bliussuper
1239 4882 1440 4954 patrispectus
1452 4884 1572 4953 positus.

106 4975 198 5034 rutos,
210 4973 455 5035 consumptosque
476 4963 573 5021 inisse.
590 4965 670 5037 lgnis
684 4972 779 5022 autem
803 4965 832 5021 in
859 4976 959 5023 tnona·
1048 4968 1133 5023 Inter
1145 4967 1451 5026 misacromaciemna‘n
1462 4969 1539 5027 ciera
1550 4987 1571 5026 o
1585 4972 1867 5031 commendedetur·

107 5055 192 5111 sterio
217 5053 365 5125 virginum
382 5052 422 5109 ita
437 5051 601 5124 prevaluit,
619 5061 651 5110 nt
665 5053 799 5126 quadam
810 5052 845 5110 de
863 5067 961 5124 corpo-
1014 5057 1103 5110 totur.
1119 5055 1347 5114 -Venerabilis
1370 5065 1467 5116 autem
1492 5066 1520 5116 et
1543 5059 1659 5130 sapiens
1683 5061 1867 5135 archiepisco

107 5143 189 5200 ribus
202 5149 369 5199 sanctorum
383 5149 531 5199 exureret.
1014 5157 1077 5213 pus,
1104 5158 1170 5201 cum
1194 5146 1328 5216 quaedam
1351 5145 1552 5204 detunctorum
1575 5161 1702 5219 corpora
1722 5149 1754 5208 in
1770 5150 1867 5208 melius

449 5228 565 5288 CAPUT
584 5230 621 5286 x.
1016 5232 1218 5302 transtulisset,
1237 5235 1373 5292 omnibus
1387 5242 1485 5291 tamen
1501 5248 1568 5291 cnm
1592 5235 1725 5295 maximo
1740 5238 1866 5296 alhnium

146 5318 275 5374 Τιιιιιι
285 5316 426 5391 sepelitur
437 5318 585 5391 epiecopus
595 5317 627 5375 in
641 5315 763 5376 ιιιιιιιι
776 5319 808 5376 8.
836 5317 962 5375 Vincere·
1015 5332 1050 5376 ac
1064 5327 1217 5390 parentum
1233 5321 1331 5379 dolore
1347 5322 1449 5379 divina
1475 5321 1570 5379 ollicie
1583 5322 1784 5395 impendisset,
1800 5326 1866 5382 inte·

110 5404 145 5461 tii
158 5409 242 5461 airu
254 5406 364 5463 ιιιιιιι.
378 5434 414 5447 -
428 5407 462 5463 ιι
481 5405 607 5464 ιιιιιιιο
621 5406 711 5479 igitur
726 5405 866 5478 qnoniam
878 5419 962 5464 nemo
1016 5408 1119 5464 missas
1134 5422 1296 5467 sermonem
1321 5409 1423 5468 babuit
1445 5411 1480 5469 de
1501 5412 1736 5472 exsecrabilibus
1749 5427 1865 5474 conante

108 5501 169 5551 erat
188 5507 261 5564 pene
273 5493 324 5564 qni
339 5493 438 5564 jacens
453 5493 579 5565 episcopi
600 5494 724 5551 cadaver
740 5494 805 5552 sine
818 5495 900 5566 jactu
912 5502 963 5552 aut
1016 5495 1073 5553 niis
1088 5495 1155 5564 illis,
1171 5496 1199 5552 in
1228 5498 1336 5569 quibus
1359 5500 1523 5571 contraius
1536 5508 1564 5557 ιι
1584 5500 1629 5557 las
1642 5502 1864 5562 rubetarum
