3818 6008
71 223 124 281 963
542 216 695 274 ΑΡΡΕΝΙ).
719 217 767 272 ΑΙ)
789 214 853 275 lta.
874 216 912 273 lll
931 215 1094 274 cursuali
1109 216 1155 272 bs
1173 215 1255 273 vira
1274 214 1350 275 SUA.
1781 217 1831 271 tot

69 352 266 424 contigerunt,
281 350 326 408 vol
342 348 508 419 contingere
529 348 636 417 videro,
661 350 830 406 subnectere
855 362 920 419 pro-
937 348 1149 420 apusilliraris,
1178 357 1211 406 ut
1236 350 1377 420 particeps
1399 349 1454 406 sim
1485 349 1629 406 bonorum
1656 362 1726 420 aaa
1747 346 1776 404 in
1798 362 1830 405 ea

72 440 165 512 posui.
189 441 273 496 lluuc
288 452 357 508 ergo
382 437 488 493 librum
506 445 608 494 vestrae
633 438 795 507 paternitati
820 446 846 494 et
874 439 926 492 Ec
979 437 1053 493 lacta
1068 437 1183 494 luerint.
1563 457 1567 464 ·

71 530 165 589 clasiae
206 525 393 583 laudunensi
432 525 566 596 relinquo
593 528 622 580 in
655 526 822 582 memoriam
855 540 924 582 meaa

612 780 890 854 CAPITULA
927 779 1074 853 Lissltl
1114 780 1293 853 PRIMI.

114 960 189 1013 w
206 953 273 1011 Car.
301 954 322 1009 l.
344 956 382 1009 De
406 950 599 1025 prosperitate
612 953 640 1007 et
653 949 828 1006 numerate
854 949 1054 1006 Laudunensir
1075 950 1225 1018 Ecclesiam
1244 955 1273 1006 et
1296 951 1497 1020 intersectione
1515 951 1669 1011 Guatdrici
1690 952 1832 1027 episcopi·

369 1025 397 1078 et
411 1021 531 1080 Girurdi
551 1022 586 1077 de
601 1021 760 1103 cyrisiaco,
775 1027 803 1077 et
815 1019 997 1078 succensione
1010 1021 1157 1077 duodecim
1171 1021 1367 1079 ecclesiaram.
1619 1033 1625 1050 ·

211 1097 276 1152 Cau.
297 1095 332 1150 ll.
355 1095 396 1149 De
410 1093 546 1150 electione
559 1091 669 1148 domani
688 1092 888 1149 Barttrdomaei
901 1092 1039 1163 episcopi,
1060 1097 1089 1148 et
1104 1092 1254 1150 nobilitate
1274 1093 1348 1163 ejus.

210 1169 276 1222 Cas.
298 1165 349 1221 ιιι.
370 1169 406 1221 De
420 1164 572 1219 miracutis
583 1168 692 1221 sande
707 1163 810 1219 Maria
822 1180 875 1234 per
889 1163 1054 1218 Franciam.

213 1237 281 1294 Can.
303 1237 350 1293 iv.
373 1237 416 1290 De
429 1235 536 1291 duobus
551 1233 707 1291 contractis
718 1235 833 1291 sanetis
845 1234 924 1306 apud
938 1235 1125 1290 lmtdununt
1138 1235 1301 1291 castelium.

213 1306 280 1365 cis.
302 1307 336 1362 V.
357 1307 511 1377 bajasen
523 1307 613 1361 surda
624 1308 651 1360 et
664 1308 852 1362 anulocurato
866 1305 944 1375 apud
953 1304 1079 1361 Buccnri
1091 1307 1252 1362 castellum.

212 1377 280 1434 Can.
301 1377 347 1432 Vl.
368 1377 409 1432 De
424 1376 589 1446 paeesacla
603 1374 748 1433 interduo
764 1376 885 1432 casulla
898 1375 1079 1433 iliarutentie.

211 1448 277 1504 Can.
298 1448 354 1503 Vll.
376 1451 414 1502 lle
427 1447 546 1501 muliere
558 1449 662 1518 egroto
679 1446 800 1502 Turonis
814 1451 926 1501 curata.

211 1524 277 1575 Car.
299 1519 373 1573 Vlll.
394 1521 433 1573 De
442 1518 549 1588 juvene
556 1518 642 1572 surdo
654 1520 682 1571 et
696 1520 772 1572 muto
787 1516 911 1574 Turonis
924 1521 1034 1573 curalo.

211 1589 278 1646 Cae.
299 1589 348 1644 IX.
366 1592 404 1644 De
419 1588 546 1644 mndata
558 1591 665 1642 sanctae
678 1588 784 1643 Maria
795 1588 877 1650 sacta
891 1589 930 1642 ad
943 1589 1079 1644 Sanctum
1089 1587 1281 1645 Laurentium
1294 1586 1330 1643 de
1343 1585 1431 1644 Cata.

212 1659 279 1715 Can.
302 1660 337 1715 X.
359 1663 397 1714 De
411 1658 532 1713 mulsere
544 1657 728 1730 parturiente
740 1658 903 1731 Andagaua'a
912 1664 1028 1715 sanata.

211 1729 279 1787 Car.
299 1730 350 1785 XI.
371 1730 414 1784 De
429 1729 550 1783 muliere
559 1728 655 1783 sterili
666 1730 836 1786 Gcaornanir
843 1729 1008 1795 fecundata.

212 1800 281 1858 Car.
303 1801 367 1857 xil.
388 1803 426 1857 De
441 1799 582 1855 miraculo
595 1799 676 1871 apud
690 1803 816 1855 montem
828 1800 863 1854 de
878 1800 994 1857 Guarda
1006 1799 1168 1856 castellum.

212 1871 280 1928 Car.
300 1871 379 1927 xlll.
402 1872 444 1925 De
457 1869 549 1926 tribus
562 1868 713 1927 miraculis
725 1870 757 1925 ia
770 1871 842 1927 urbe
856 1871 1022 1929 carnotensi
1035 1871 1125 1934 factis
1137 1887 1191 1944 per
1201 1875 1335 1927 ranetam
1348 1869 1488 1928 Mariam.

741 2183 913 2271 LIBER
941 2182 1173 2271 PRIMUS.

72 2487 143 2547 Gar.
160 2488 181 2542 l.
196 2518 230 2528 -
245 2489 287 2542 lie
298 2485 490 2559 prosperitate
504 2480 715 2538 etadversilale
727 2481 925 2539 laudunensis
943 2481 965 2539 Β
980 2490 1099 2552 experta
1114 2489 1156 2539 est
1170 2482 1458 2540 animadversionem.
1480 2483 1652 2542 sicutenim
1684 2486 1835 2558 quondam

108 2558 256 2624 Ecclesia,
271 2564 299 2611 et
325 2555 525 2620 interfatione
552 2552 703 2610 Gwldtict'
728 2553 865 2624 erimine
895 2556 923 2607 01
978 2584 1029 2641 per
1040 2570 1130 2627 David
1147 2585 1241 2642 regem
1267 2571 1418 2642 liliumque
1431 2571 1495 2643 eius
1522 2572 1709 2632 Salomonem
1739 2576 1837 2633 omni-

95 2628 228 2753 'Gffli
255 2628 291 2682 de
317 2628 473 2700 cyrisiaco,
500 2626 528 2680 et
555 2623 738 2680 succensione
775 2622 923 2679 duodecim

109 2716 158 2755 ecc
170 2715 307 2754 enarum.

111 2786 168 2857 (bl)
185 2783 333 2843 Universis
355 2788 462 2838 sanctae
473 2781 572 2839 blatris
585 2781 719 2840 Ecclesiae
733 2781 799 2838 liliis
813 2795 862 2852 per
876 2788 922 2838 to·

72 2880 135 2932 turn
150 2875 248 2931 arbem
268 2882 412 2928 terrarum
437 2870 582 2941 dispersis,
613 2871 705 2927 Beata
732 2870 829 2927 biariae
854 2873 924 2926 bau·

72 2963 214 3020 dunensis
226 2960 352 3018 aecimis
373 2956 514 3026 canonici,
529 2958 627 3015 videre
654 2959 742 3016 Deum
757 2957 876 3015 deorum
893 2958 923 3012 iu

73 3050 151 3107 Sion.
165 3049 304 3118 Quoniam
315 3048 401 3119 Juxta
415 3047 532 3103 Beatum
551 3045 672 3103 Paulum
689 3045 849 3116 apostolum
866 3052 923 3101 tota

74 3147 175 3196 sancta
203 3136 329 3194 Ecclesia
357 3148 449 3191 uuum
476 3134 578 3190 Christi
608 3148 714 3204 corpus
739 3141 781 3190 est
806 3132 885 3203 leot.
901 3147 921 3198 1,

73 3227 129 3296 24),
145 3234 173 3284 et
188 3226 277 3297 nujus
290 3222 418 3295 corporis
439 3222 568 3279 membra
591 3228 659 3278 sunt
676 3222 797 3278 diversae
825 3221 925 3277 Eccle-

74 3315 134 3383 sia,
152 3316 194 3371 vel
209 3312 314 3384 singuli
331 3310 437 3378 fideles,
453 3311 583 3382 dumque
602 3311 710 3380 patitur
724 3324 817 3367 uuum
830 3323 924 3365 mem-

73 3404 172 3470 brum,
189 3401 406 3472 compatiuntur
418 3399 517 3456 omnia
531 3398 670 3466 membra,
695 3405 723 3454 et
741 3397 809 3454 dum
840 3395 925 3469 glori·

72 3491 179 3550 fleatur
194 3504 286 3549 unum
301 3487 464 3545 membrum
479 3486 662 3559 congaudent
679 3487 778 3543 omnia
794 3484 923 3542 membra

72 3582 102 3654 (1
125 3580 187 3637 cor.
213 3592 266 3646 ιιιι,
290 3579 346 3646 ili),
376 3575 591 3633 tribulationem
616 3581 644 3630 et
673 3573 810 3641 dolorem,
836 3585 922 3642 quem

73 3667 185 3725 iureuit
199 3665 323 3723 Ecclesia
337 3671 435 3721 nostra
449 3663 479 3719 iu
494 3663 598 3719 diebus
612 3662 717 3719 uostris
730 3661 827 3732 (Prot.
842 3675 921 3725 cxiv,
1014 3664 1094 3720 liano
1120 3671 1217 3722 autem
1245 3664 1459 3723 tribulationem
1488 3665 1624 3739 quaedam
1651 3668 1830 3739 perturbatio

74 3758 113 3826 ³),
129 3762 158 3813 et
187 3753 419 3821 consolationem,
444 3764 531 3822 quam
548 3764 599 3822 per
613 3751 764 3808 Dominam
795 3757 922 3807 nostram
942 3775 963 3836 c
979 3753 1133 3823 praecessit,
1149 3767 1215 3824 quae
1230 3753 1336 3810 tuturus
1350 3754 1522 3811 calamitatis
1536 3754 1829 3826 quasiseminarium,

73 3851 204 3902 sanctam
228 3844 277 3899 bei
305 3840 476 3898 Genitricem
506 3846 567 3909 post
597 3837 791 3895 tribulationis
813 3837 922 3895 luctum
977 3841 1113 3909 etradlx,
1131 3855 1166 3898 ac
1186 3843 1352 3912 prenuntia
1379 3843 1439 3899 visa
1462 3851 1506 3900 est
1524 3843 1683 3901 exstitisse.
1709 3844 1829 3913 Quidam

73 3932 189 4003 recepit,
224 3936 326 3987 vestras
368 3927 519 3985 scribenda
557 3927 741 3984 notitieamus
768 3925 923 3994 dilectioni,
978 3928 1002 3987 si
1018 3929 1136 4000 quidem
1164 3929 1270 3987 nobilis
1293 3931 1427 4002 princeps
1451 3940 1478 3988 et
1510 3931 1689 3989 castellanus
1712 3933 1830 3990 laudu-

74 4029 220 4091 quatenus
248 4026 277 4074 et
296 4031 346 4072 vas
369 4016 583 4087 congaudentes
609 4014 790 4083 uobis‚1ieo,
817 4021 844 4071 et
870 4014 924 4085 piae
978 4018 1086 4085 nensis,
1114 4019 1231 4075 nomine
1254 4018 1399 4076 Gerardus
1415 4020 1450 4076 de
1466 4019 1620 4090 Cyrisiaco,
1646 4021 1720 4078 dum
1736 4021 1768 4077 in
1786 4034 1830 4077 ea·

74 4107 159 4166 blatri
170 4107 233 4179 eius
246 4105 355 4178 gratias
371 4107 473 4177 agatis.
978 4106 1043 4163 dem
1060 4105 1170 4162 &notae
1186 4105 1337 4164 Genitricis
1358 4107 1477 4165 ercinia
1503 4107 1628 4179 genibus
1654 4108 1743 4167 liexis
1761 4123 1830 4180 sup·

111 4196 331 4253 laudunensem
347 4194 445 4264 itaque
469 4193 625 4260 Ecclesiam
648 4201 758 4249 certum
786 4200 827 4250 est
849 4191 924 4249 iuter
978 4193 1090 4265 pliciter
1118 4204 1223 4264 oraret,
1247 4195 1283 4252 ab
1311 4195 1435 4253 inimicis
1457 4196 1519 4252 suis
1545 4197 1598 4267 qui
1612 4211 1683 4254 eum
1711 4195 1830 4271 aggredi

75 4284 235 4357 praecipuas
274 4282 355 4354 regui
385 4281 562 4338 Francorum
588 4280 728 4337 Ecclesiae
761 4281 924 4350 antiquitus
978 4297 1037 4340 uou
1052 4283 1208 4350 audebant,
1225 4283 1321 4341 dolosa
1347 4283 1618 4351 circumventosa
1637 4285 1677 4342 ab
1704 4288 1832 4344 oratioue

74 4371 163 4430 luisse
183 4370 334 4438 celebrem,
361 4382 450 4438 auam
466 4369 568 4426 beatus
593 4367 742 4439 Remigius
768 4367 923 4425 Remorum
978 4385 1111 4445 surgens,
1139 4372 1259 4430 dirersis
1286 4372 1448 4444 gladiorum
1478 4373 1572 4445 plagis
1591 4373 1700 4431 ibidem
1722 4383 1768 4432 est
1786 4375 1831 4431 iu·

74 4462 316 4533 archiepiscopus,
342 4458 418 4515 sicut
444 4457 473 4513 iu
486 4457 551 4528 ejus
576 4457 642 4514 Vita
661 4456 776 4528 legitur,
800 4470 838 4512 ex
857 4470 924 4527 pro·
980 4461 1114 4518 tertectus
1128 4462 1195 4532 (52).
1211 4461 1302 4533 Cujus
1316 4460 1460 4532 sauguine
1485 4461 1689 4533 pavimentum
1708 4462 1831 4520 eecleeia

75 4550 233 4622 priism
258 4546 419 4605 redditibus
441 4544 636 4617 locupletavit,
653 4544 925 4615 nobilissimumque
979 4563 1151 4619 respersum,
1176 4563 1242 4606 cum
1259 4550 1404 4607 multoties
1417 4562 1496 4622 aqua
1522 4550 1679 4620 supertusa
1693 4566 1755 4609 nou
1770 4565 1831 4623 pos

73 4646 102 4696 et
125 4637 358 4695 strenuissimum
381 4635 478 4691 virum
509 4641 642 4691 sanctum
668 4632 875 4690 Geuebaudum
893 4633 923 4689 iu
978 4644 1020 4694 set
1034 4637 1070 4694 ad
1085 4637 1202 4707 plenum
1217 4637 1307 4705 ablui,
1321 4637 1476 4709 pluresque
1494 4647 1658 4709 spectatum
1684 4640 1831 4697 venientes

73 4725 259 4796 caprimum
291 4724 458 4794 episcopum
498 4721 700 4779 enumerarit:
735 4734 861 4791 cumque
886 4720 924 4776 ab
978 4737 1154 4794 uonparum
1172 4724 1327 4796 superbae
1341 4725 1564 4789 admirarentur,
1582 4726 1629 4783 vir
1655 4728 1830 4799 sapientissi-

72 4815 137 4886 ejus
152 4823 279 4884 tempore
303 4826 396 4883 usque
420 4811 456 4868 ad
478 4818 605 4868 nostram
621 4816 743 4876 atatem,
761 4823 812 4880 per
834 4809 925 4881 quiu—
978 4826 1045 4869 mus
1064 4813 1200 4884 magister
1230 4814 1393 4878 anselmus,
1426 4822 1497 4871 tuuc
1533 4815 1673 4885 temporis
1700 4816 1831 4874 Enicas

12 4942 20 4953 ,
73 4900 467 4975 gentosiereeteoamplius
482 4912 584 4960 anuos,
605 4898 635 4954 in
659 4911 765 4969 magua
780 4896 925 4968 prosperi·
979 4909 1084 4957 nostra
1094 4901 1252 4959 monnious
1265 4910 1293 4959 et
1306 4902 1444 4971 decanus,
1465 4916 1516 4973 per
1532 4909 1623 4960 tolum
1645 4906 1830 4974 peueorbern

75 4999 132 5048 tate
144 4990 298 5056 floruisset,
313 5003 377 5046 ecee
401 4987 430 5044 iu
459 4988 561 5044 dicbus
575 4987 713 5044 ludovici
728 5001 802 5057 regis
830 4987 924 5042 Fran·
980 4988 1116 5046 Latinum
1143 4989 1269 5047 scientiae
1283 5000 1312 5048 et
1337 4991 1509 5062 eloquentie
1532 5005 1593 5049 soa
1622 4991 1831 5051 lamacensi

75 5095 185 5146 eorum,
210 5080 261 5150 qui
292 5078 345 5134 luit
374 5076 449 5132 itlius
476 5076 599 5147 Pbilippi
627 5075 713 5147 regis,
732 5083 814 5145 pater
827 5083 924 5131 autem
944 5074 1057 5145 limus,
1100 5077 1250 5134 nonnullis
1286 5085 1392 5135 secrete
1428 5076 1596 5148 colloquens
1623 5081 1830 5149 prenuntiassa

76 5165 212 5225 ludovici
225 5165 363 5228 laniaris,
384 5165 487 5221 duram
497 5164 570 5235 justi
582 5163 690 5235 judicis
715 5163 799 5234 Regis
822 5175 925 5234 regum
980 5163 1074 5222 tertur
1088 5164 1165 5221 illam
1195 5165 1347 5238 sauguinis
1367 5164 1547 5235 effusionem,
1564 5168 1684 5225 uouuisi
1706 5169 1829 5242 ejusdem

978 2668 1077 2730 potem
1098 2661 1175 2717 Deus
1205 2661 1306 2717 urbem
1334 2660 1509 2717 Hierusalem
1536 2662 1716 2720 excellenter
1745 2665 1836 2735 glori-

977 2747 1084 2816 licavit,
1115 2748 1164 2805 sed
1185 2749 1367 2818 postmodum
1396 2757 1512 2820 propter
1529 2759 1647 2820 peccata
1663 2752 1836 2809 inhabitan-

978 2836 1061 2902 tium,
1078 2849 1129 2906 per
1149 2835 1410 2892 Nabuchodonosor
1424 2850 1519 2906 regern
1547 2837 1707 2908 Babylonis
1733 2840 1835 2897 tuadi-

979 2930 1025 2980 tus
1040 2922 1149 2979 destrui
1164 2923 1301 2992 permisit,
1328 2925 1369 2979 sic
1387 2923 1473 2980 etiam
1503 2925 1660 2983 Ecclesiam
1692 2935 1833 2994 nostram,

977 3025 1079 3082 auam,
1095 3019 1127 3067 ut
1143 3012 1311 3081 pradictum
1329 3019 1381 3080 est,
1398 3013 1553 3082 permulta
1575 3021 1712 3084 tempora
1727 3014 1832 3087 insigni

978 3100 1069 3172 gloria
1093 3100 1311 3167 sublimaverat,
1328 3101 1358 3156 iu
1387 3101 1488 3158 diebus
1507 3103 1611 3159 nostris
1634 3118 1696 3161 non
1716 3105 1831 3176 quidem

977 3202 1014 3245 ex
1029 3191 1086 3244 toto
1113 3188 1230 3255 destrui,
1255 3188 1304 3245 sed
1327 3188 1417 3246 nimia
1447 3203 1550 3260 passus
1576 3199 1621 3247 est
1644 3192 1831 3249 tribulatione

976 3276 1088 3342 vexari,
1107 3277 1145 3333 ita
1154 3285 1186 3333 ut
1199 3277 1233 3332 de
1249 3277 1310 3348 ipsa
1333 3291 1451 3348 quoque
1465 3278 1605 3335 veraciter
1616 3279 1692 3336 illud
1707 3281 1830 3351 propita-

976 3365 1066 3421 ticum
1093 3364 1149 3421 dici
1180 3365 1283 3435 possit:
1309 3383 1321 3418 r
1344 3366 1483 3431 Quoniam
1518 3368 1644 3438 suscepit
1679 3369 1718 3425 de
1744 3382 1831 3426 mmu

977 3451 1090 3508 Domini
1122 3452 1249 3523 duplicia
1277 3467 1328 3524 pro
1352 3453 1487 3511 omuibus
1521 3456 1645 3525 peccatis
1667 3457 1733 3514 suis
1759 3457 1827 3529 (lau.

976 3554 1024 3608 xb,
1039 3539 1077 3612 2).
1094 3561 1109 3591 ιι

122 5313 166 5384 bl)
195 5311 377 5390 dermannus
404 5310 452 5367 bie
481 5308 611 5382 loquitur
637 5308 692 5366 sub
727 5307 844 5366 nomine
873 5307 1083 5367 canonicorum
1122 5308 1372 5378 Lauduueusium,
1397 5317 1430 5368 ul
1457 5309 1517 5382 ipse
1546 5310 1689 5371 iudicarit
1718 5314 1752 5373 ia
1780 5313 1830 5386 api

73 5389 422 5526 mtazffici'irgaltuoariaiib.
438 5464 469 5509 nr
488 5449 561 5511 Vite
589 5448 720 5509 Goiberti
743 5456 922 5508 alerentur.
