3818 6008
66 186 115 238 tat
613 188 790 244 donabitur
811 189 844 244 IN
863 189 1025 247 GENESIN.
1042 221 1074 230 ·-
1091 192 1156 246 tta.
1178 191 1213 247 V.
1762 194 1811 250 138

62 318 259 388 quaternariis
278 328 413 376 constans
426 320 548 378 reiertur
571 321 607 377 ad
628 323 804 392 temporalia,
831 338 907 394 quo·
927 327 948 378 A
965 325 993 380 in
1008 333 1163 397 conspectu
1179 335 1240 397 tuo,
1255 327 1323 383 dicit
1337 328 1427 383 isaias
1442 327 1507 396 (ise.
1524 343 1601 392 cxxv,
1617 329 1656 398 o).
1678 329 1812 386 incarne

62 421 128 462 rum
144 407 272 476 patimur
287 408 316 463 ln
337 408 441 465 nostris
465 409 555 465 initiis
580 411 739 481 appetitum
755 426 761 465 :
780 413 911 469 senarius
963 421 1059 471 autem
1074 416 1231 471 nostrabec
1247 416 1337 472 liedes
1350 425 1491 472 aeternum
1505 425 1555 484 est,
1570 419 1641 488 quia
1656 418 1685 473 in
1697 419 1810 475 carnali

61 495 98 550 ad
116 495 258 552 bonorum
283 510 402 566 operum
425 511 490 568 quae
519 511 604 568 agere
628 498 824 556 desideramus
849 515 911 570 pcc
965 512 1061 558 nostro
1087 503 1201 569 allectu,
1230 504 1280 574 qui
1308 504 1442 573 superius
1462 513 1537 561 terra
1563 506 1810 577 peregrinationis,

62 585 183 654 lectum3
207 585 260 641 etsi
283 585 360 641 euim
388 585 460 642 bene
484 588 611 644 exterius
646 602 731 658 agere
767 588 909 658 videmur,
964 597 991 647 et
1014 591 1161 658 Cbanaan,
1192 593 1269 662 qued
1291 607 1308 647 a
1330 600 1406 648 statu
1438 600 1514 649 recto
1544 609 1593 664 per
1614 609 1681 650 eum
1702 608 1812 666 evaga-

62 680 157 730 tamen
173 673 345 744 plerumque
360 674 486 744 graviter
498 675 575 731 intro
586 676 777 746 cupiditatum
786 679 911 733 stimulis
966 693 1040 740 mur.
1068 687 1095 735 et
1119 681 1303 736 mutabilitati
1320 681 1500 751 subjicimur,
1524 682 1709 752 appellatur:
1731 691 1813 739 tenor

60 761 295 832 compungimur.
329 761 476 818 ismaelem
508 770 579 820 tunc
612 765 753 834 parimus,
792 766 911 836 cquando
964 768 1156 836 continentiae,
1179 783 1238 839 qua
1262 770 1318 824 Deo
1343 770 1551 836 connectimur,
1573 785 1689 846 necesse
1710 771 1813 829 obser-

60 848 205 914 audiente,
234 850 262 904 id
290 856 332 905 est
358 850 515 922 intelligere
543 866 595 908 nos
624 850 746 909 iaciente
776 853 909 924 ineptiam
965 863 1059 912 vetur.

61 945 188 993 nostram
216 940 281 1000 beo.
303 937 339 993 ad
364 939 568 996 contessionem
590 942 697 1010 peccati
726 943 911 1012 perducimus
1000 944 1086 1002 Vens.
1107 948 1149 999 lt.
1171 974 1206 985 -
1226 948 1373 1014 Masculus,
1398 947 1475 1015 cujas
1497 962 1559 1001 caro
1583 949 1744 1002 circumciso
1760 962 1813 1002 acra

60 1025 176 1082 lluxum
190 1026 316 1082 carnalis
330 1025 460 1084 allectus.
964 1036 1059 1101 faerit,
1083 1034 1188 1104 peribit
1213 1037 1306 1089 aalma
1331 1037 1380 1090 itte
1399 1035 1431 1090 de
1452 1038 1552 1106 populo
1581 1051 1639 1090 sao.
1661 1034 1743 1102 Quod
1769 1040 1812 1089 est

370 1150 486 1208 CAPUT
510 1152 602 1208 XVII.
964 1121 1057 1178 dicere
1073 1136 1080 1177 :
1095 1122 1187 1178 Fortis
1209 1123 1333 1188 animus,
1360 1138 1412 1179 nec
1436 1125 1557 1179 leminea
1581 1122 1700 1179 mollitie
1723 1121 1812 1192 dege-

506 1258 512 1269 ,
656 1259 662 1272 ,
964 1224 1025 1277 ner,
1042 1211 1092 1281 qui
1105 1211 1235 1267 carnales
1254 1210 1374 1267 allectus
1398 1227 1455 1267 non
1479 1212 1641 1280 absciderit,
1667 1225 1704 1267 ex
1723 1209 1814 1265 nimia

223 1256 572 1324 T⁰²²¹m⁶⁰pmpr⁰m²⁸⁰¹oe
586 1259 750 1328 mmm*
965 1298 1175 1355 suborientium
1198 1300 1371 1371 vulgaritate
1403 1299 1621 1366 desideriorum,
1645 1306 1673 1355 et
1697 1297 1815 1369 propria

94 1379 163 1442 Quae
180 1386 346 1449 sequuntur
372 1392 389 1434 a
412 1379 511 1435 multis
531 1381 615 1437 etiam
642 1383 815 1453 tropologice
843 1390 911 1439 sunt
965 1387 1142 1444 animalitate
1160 1388 1270 1458 peribit.
1293 1388 1373 1444 Sarni
1390 1396 1498 1455 autem,
1520 1388 1545 1443 ld
1567 1395 1609 1445 est
1636 1387 1813 1443 veluntatem

60 1473 181 1522 tractata
206 1465 381 1532 doctoribus,
401 1475 429 1522 et
454 1475 608 1539 suntque
632 1483 683 1540 per
705 1483 734 1525 se
757 1471 826 1526 satis
849 1471 912 1527 elu-
965 1475 1076 1545 spiritui
1089 1489 1123 1531 ae
1136 1477 1161 1532 si
1175 1478 1279 1532 marito
1292 1491 1437 1532 annexam
1449 1477 1613 1547 coniugem,
1629 1491 1687 1532 nen
1698 1474 1815 1531 vocabis

59 1562 152 1620 ceant,
172 1555 294 1625 sparsim
312 1569 381 1625 ergo
404 1555 501 1611 minus
525 1557 651 1626 patentia
666 1572 759 1628 usque
784 1560 819 1615 ad
843 1574 910 1615 eum
966 1563 1124 1634 specialiter
1145 1565 1295 1620 extrinseci
1327 1572 1569 1634 intactusque
1605 1563 1737 1620 excelsus
1763 1560 1814 1619 tibi

60 1643 164 1709 locum,
190 1642 252 1709 ubi,
278 1644 418 1713 Apparuit
439 1644 559 1699 Abrebae
582 1648 709 1700 bominac
729 1646 760 1701 in
792 1649 911 1703 conaelle
930 1625 1080 1714 Brideris,
1110 1656 1137 1703 et
1169 1662 1255 1717 quem
1291 1662 1341 1717 pro
1378 1649 1475 1704 saeculi
1509 1648 1658 1704 honestate
1687 1660 1813 1713 exerces,

58 1731 189 1797 Mambre,
205 1738 274 1787 sunt
283 1731 463 1787 discutienda
477 1733 661 1790 succinctius.
965 1736 1121 1806 principem
1138 1750 1241 1804 nicam,
1267 1737 1315 1792 sed
1336 1737 1507 1807 generaliter
1525 1745 1553 1792 et
1576 1735 1705 1794 absolute
1731 1734 1815 1805 prin-

92 1818 181 1875 Vsus.
200 1820 908 1894 l.-Noacpiataaoeemucnorarnesseceperat,
963 1824 1065 1893 cipum,
1097 1826 1184 1880 totius
1212 1824 1319 1881 scilicet
1353 1825 1406 1895 piae
1435 1824 1556 1881 aetionis
1594 1824 1687 1896 magis
1720 1831 1815 1879 tamen

58 1907 157 1965 cumei
168 1908 909 1980 nomenbensimmutat‚qutaadcentenartnmdivl-
965 1911 1107 1968 interioris
1122 1926 1210 1983 quam
1225 1912 1375 1968 exterioris
1398 1914 1515 1982 ducem3
1532 1913 1646 1982 proprie
1660 1913 1736 1968 enim
1756 1911 1810 1968 sibi

58 2009 102 2050 nae
114 1995 829 2067 contemptationis‚quitransferturindexteram,
844 2014 909 2056 nec·
964 1999 1156 2070 principatur,
1180 2001 1314 2071 quisquis
1338 2002 1412 2058 bona
1433 2016 1490 2057 non
1515 2015 1566 2071 pro
1592 2001 1658 2068 Deo,
1687 2000 1736 2057 sed
1760 2014 1810 2070 pro

58 2083 908 2158 dumhomointeriorpervenerat,quicumpaterexcelsus,
963 2087 1061 2158 aliquo
1078 2102 1130 2143 suo
1146 2087 1252 2145 bonore
1274 2103 1396 2158 operans
1411 2104 1440 2143 se
1460 2089 1592 2145 cohibere
1615 2089 1740 2145 videtur.
1766 2088 1810 2143 Ex

58 2170 137 2242 quod
151 2179 194 2228 est
217 2172 335 2240 Abram,
356 2182 469 2244 propter
488 2175 628 2246 quasdam
644 2176 822 2234 extrinsecas
838 2192 910 2232 con·
964 2175 1017 2230 hoo
1033 2176 1182 2247 spirltuset
1196 2177 1353 2233 voluntatis
1361 2178 1495 2248 coniugio
1505 2178 1596 2245 isaac,
1607 2190 1671 2246 spes
1680 2175 1812 2232 videlicet

61 2260 209 2330 tinentias,
244 2275 318 2331 quas
347 2262 491 2334 attigerat,
519 2263 573 2320 sibi
602 2265 758 2321 videretur.
790 2266 911 2320 Amana
962 2264 1079 2333 superni
1099 2264 1197 2335 gaudii
1215 2265 1352 2332 nascitur,
1365 2267 1412 2321 cui
1428 2265 1549 2320 rmleslis
1565 2262 1812 2334 multiplicationis

59 2364 214 2419 aerumma,
230 2355 258 2404 et
278 2356 333 2405 este
355 2354 502 2421 perfectas,
525 2352 550 2409 ei
573 2352 690 2419 dicitur,
717 2363 749 2410 ut
773 2362 910 2410 nontam
963 2351 1068 2420 illapsu
1088 2351 1275 2408 benedicitur.
1302 2382 1336 2393 -
1361 2353 1455 2420 (Vens.
1484 2353 1539 2421 li.)
1564 2349 1647 2406 Ridet
1670 2350 1700 2404 in
1727 2348 1811 2419 corde

59 2451 156 2493 eoram
171 2438 337 2495 bominibus
352 2454 441 2511 quam
457 2441 486 2496 in
508 2441 646 2508 interiori,
663 2442 739 2511 quod
756 2448 798 2498 est
813 2455 909 2497 coram
962 2440 1180 2509 squbralram,
1203 2441 1281 2497 etin
1305 2441 1404 2497 lactem
1428 2440 1514 2507 eadit,
1541 2439 1611 2510 quia
1634 2452 1692 2508 quo
1718 2436 1812 2507 magis

59 2524 116 2580 ileo
141 2525 287 2596 proficere,
319 2535 347 2583 et
382 2528 480 2598 perimi
511 2528 636 2585 studeas
663 2530 745 2585 Cadit
773 2531 809 2585 ad
849 2529 917 2594 baec⁵
963 2527 1150 2597 spiritualiter
1164 2528 1316 2595 imbuitur,
1333 2544 1366 2586 eo
1381 2528 1472 2599 magis
1486 2529 1520 2584 de
1541 2528 1654 2584 interna
1668 2539 1722 2582 sua
1740 2539 1811 2580 eru-

58 2612 638 2687 Abraminiaciem,quiaquisemeriti
661 2620 781 2688 putabat
806 2618 910 2674 habere
964 2619 1071 2674 ditione
1095 2619 1260 2690 gratulatur
1287 2628 1315 2675 et
1341 2618 1492 2689 gratulans
1522 2616 1693 2674 humiliatur
1717 2632 1724 2670 ε
1752 2616 1813 2669 Pa-

58 2702 268 2771 celsitudlnem‚
285 2704 447 2762 deinterna
466 2705 541 2762 illico
563 2706 733 2778 indignitate
753 2707 909 2777 reprehen-
964 2710 1049 2771 tusae,
1085 2705 1190 2775 inquit,
1219 2708 1372 2760 centenario
1412 2709 1538 2758 irascetur
1566 2704 1651 2771 litias,
1684 2707 1710 2757 et
1741 2702 1812 2758 Sara

58 2806 108 2847 sus
122 2805 208 2848 suam
221 2792 364 2849 erubescit
378 2793 544 2860 feditatem,
562 2796 641 2865 quod
656 2805 697 2851 est
712 2796 741 2851 in
756 2794 910 2865 Scripturis
963 2796 1149 2860 nonagenaria
1168 2795 1278 2863 parieti
1296 2794 1376 2859 Quod
1395 2800 1438 2849 est
1463 2799 1538 2848 recto
1565 2791 1666 2847 ordine
1695 2789 1810 2845 dicere:

58 2879 162 2935 cadere
188 2879 219 2935 in
243 2878 353 2936 taciem.
380 2881 475 2950 (Vens.
501 2883 528 2953 i)
557 2884 628 2950 Epo,
657 2883 763 2953 inquit,
787 2899 846 2938 sum
882 2883 909 2938 id
928 2923 947 2976 C
964 2878 1009 2934 An
1024 2879 1166 2949 sperabile
1182 2879 1252 2935 mibi
1275 2895 1336 2936 esse
1358 2879 1461 2949 poterit
1484 2879 1562 2948 quod
1585 2876 1731 2942 voluutas,
1759 2874 1811 2931 etsi

59 2974 109 3033 est,
124 2967 318 3024 essentialiter
331 2968 531 3036 immutabilis,
550 2978 578 3027 et
592 2971 657 3028 inde
677 2980 793 3042 pactum
813 2986 910 3029 meum
964 2967 1060 3022 adbuc
1079 2967 1108 3022 in
1119 2967 1317 3038 nonagenario
1331 2967 1432 3037 posita,
1458 2964 1609 3022 denarium
1634 2962 1814 3034 perlectionis

60 3063 166 3124 tecum,
179 3056 204 3111 si
223 3056 304 3112 lortis
327 3065 354 3113 et
377 3057 579 3116 substantivus
593 3068 692 3116 contra
716 3061 818 3116 intima
842 3062 911 3118 vitia
964 3054 1060 3112 minus
1089 3054 1198 3110 habet:
1229 3053 1300 3110 velle
1332 3053 1409 3110 enim
1437 3053 1492 3109 sibi
1520 3053 1639 3123 adjacet,
1677 3051 1813 3122 perlicere

60 3143 120 3199 sis:
153 3158 214 3201 non
237 3158 306 3216 ergo
334 3153 361 3202 te
376 3146 483 3202 irustra
506 3148 569 3217 jam
592 3146 723 3218 glorieris
753 3148 909 3215 excelsum,
964 3150 1132 3198 autemnon
1146 3143 1275 3199 inveniat
1291 3144 1374 3213 (Rom.
1389 3158 1427 3211 rr,
1443 3142 1463 3213 ),
1477 3142 1513 3197 ad
1528 3142 1659 3198 ellectum
1683 3138 1814 3196 desiderii

60 3231 108 3287 sed
123 3239 235 3303 patrem
252 3233 628 3305 multarunrproculdnbio
645 3236 775 3307 gentium
799 3237 912 3293 sciaste
965 3230 1041 3286 acsi
1062 3232 1097 3286 ad
1126 3234 1242 3301 pactum
1273 3231 1430 3301 perveniat,
1456 3231 1574 3301 spiritus
1597 3229 1647 3300 qui
1669 3241 1813 3285 sumniam

60 3320 261 3387 constitutum,
276 3329 308 3378 ut
323 3328 444 3391 paterna
456 3323 669 3393 dispensatione
683 3338 781 3392 regere
799 3324 912 3381 noveris
962 3318 1023 3390 J'am
1039 3320 1289 3390 contemplationis
1304 3320 1408 3391 attigit.

60 3407 203 3464 intestinae
219 3407 376 3465 insolentiae
393 3411 541 3482 populum.
559 3412 665 3477 Ponam
687 3413 752 3469 tein
767 3414 910 3484 gentibus,
1001 3407 1086 3464 Vens.
1110 3411 1152 3463 l8.
1174 3439 1205 3450 —
1232 3411 1343 3464 lilinum
1362 3409 1462 3463 ismael
1489 3411 1565 3462 oleat
1589 3423 1680 3461 coram
1701 3411 1734 3460 te.
1760 3404 1813 3461 Sed

61 3496 131 3565 quia
147 3510 208 3567 quo
230 3497 324 3568 magis
347 3498 521 3569 proveheris,
544 3506 624 3556 tanto
647 3501 770 3571 majores
798 3499 913 3571 patieris
965 3495 1036 3564 qutd
1051 3497 1085 3552 de
1100 3497 1240 3553 virtutum
1254 3496 1535 3566 excellentialoquor
1549 3497 1599 3566 qui
1611 3493 1772 3562 ismaelem,
1785 3492 1814 3549 id

62 3584 209 3654 strepitus,
226 3585 275 3641 sed
294 3586 330 3641 ad
348 3586 399 3642 iios
413 3587 615 3657 deprimendos
623 3603 714 3660 reges,
732 3589 758 3644 ld
768 3597 810 3646 est
820 3597 914 3646 motus
966 3590 1008 3638 est
1021 3582 1156 3640 allectum
1180 3585 1323 3641 carnalem
1350 3585 1519 3655 sibimetipsi
1541 3599 1598 3640 uon
1624 3586 1679 3639 Dee
1700 3582 1816 3639 obedire

63 3679 192 3740 potentes
210 3671 338 3739 rationis,
370 3673 420 3745 qui
448 3675 509 3732 brec
530 3677 696 3733 contineant
721 3691 757 3733 ex
782 3685 807 3733 te
828 3692 914 3749 egre·
966 3670 1119 3738 volentem,
1158 3673 1229 3729 1110ri
1268 3676 1341 3729 inter
1384 3673 1454 3729 vitia
1496 3672 1592 3728 ³thss
1627 3684 1739 3726 Wlffli-
1781 3700 1816 3711 -

62 3759 189 3817 dienlur.
206 3760 264 3817 Ero
283 3761 359 3818 Deus
373 3763 490 3820 seminis
504 3764 545 3820 tui
568 3773 681 3835 postte,
702 3767 833 3836 provisor
855 3766 913 3821 sci·
967 3759 1054 3830 (Vens
1087 3760 1141 3831 19.)
1169 3763 1250 3828 Sura,
1280 3762 1320 3817 ait
1350 3762 1437 3827 Deus,
1466 3763 1556 3830 pariet
1590 3760 1640 3813 tibi
1660 3759 1762 3826 fitium,
1791 3762 1817 3813 et

63 3847 127 3905 licet
145 3849 189 3905 tui
217 3850 312 3920 operis
334 3857 361 3907 et
386 3860 594 3922 remunerator,
622 3868 688 3910 cum
720 3853 915 3925 temporaliter
967 3851 1129 3902 constituam
1155 3854 1266 3919 pactum
1295 3865 1382 3904 meum
1414 3851 1457 3904 itti
1489 3852 1519 3904 ia
1551 3849 1643 3916 {cedas
1677 3853 1815 3903 aternam.

63 3937 268 3994 essedesieris.
968 3937 1029 3991 Nou
1061 3936 1153 3993 solnm
1183 3953 1240 3993 non
1272 3937 1412 3994 morietur
1440 3938 1542 3994 ismael
1579 3935 1819 4007 concupiscentiis

96 4025 187 4083 tens.
219 4029 261 4081 ta.
295 4058 330 4067 —
358 4030 456 4096 infans
489 4035 546 4086 octe
569 4030 677 4085 dicum
708 4031 915 4086 circumcidetur
968 4026 1160 4092 assentiendo,
1176 4027 1224 4082 sed
1240 4027 1309 4083 Sara
1324 4026 1458 4083 voluntas
1481 4026 1588 4083 scillcet
1614 4026 1684 4096 ipsa,
1698 4024 1820 4082 interius

64 4113 92 4166 ia
104 4113 193 4168 eoba.
211 4113 261 4170 ille
276 4116 402 4186 sanequi
417 4131 454 4172 ex
469 4123 597 4188 quatuor
610 4119 759 4175 elementis
770 4126 913 4188 constans,
968 4115 1155 4184 exteriusque
1168 4115 1227 4185 jam
1245 4115 1421 4185 principans,
1438 4129 1474 4170 ex
1493 4115 1618 4184 puritate
1641 4111 1820 4169 conscientia

65 4212 171 4271 corpus
196 4202 345 4271 proprium
372 4205 562 4274 superaverit,
587 4204 622 4276 let
659 4205 827 4276 temporalia
855 4205 916 4261 baec
935 4201 1030 4270 nspei
1061 4201 1207 4268 gaudiosa
1231 4204 1357 4258 iructunr
1379 4201 1528 4271 corrripiet,
1556 4216 1589 4258 ex
1629 4215 1687 4272 quo
1713 4200 1821 4257 amoris

66 4289 184 4345 totidem
212 4289 410 4348 disterminata
449 4292 615 4349 nominibus
645 4294 798 4361 virtutum,
826 4308 860 4351 ac
893 4295 916 4350 sl
970 4289 1070 4345 aterni
1087 4289 1256 4346 soliditatem
1273 4305 1352 4347 mens
1363 4291 1424 4360 ipsa
1438 4291 1584 4360 suscipiet.
1602 4290 1748 4357 -(iinns.
1764 4288 1820 4358 ιθ.)

67 4376 181 4445 dierum
203 4377 269 4435 luce
295 4380 461 4447 mutaverit,
492 4381 527 4446 is,
553 4381 683 4452 inquam,
710 4396 728 4437 a
759 4396 915 4452 pravarum
973 4377 1065 4447 Super
1076 4377 1178 4434 ismael
1193 4392 1320 4450 quoque,
1335 4393 1422 4449 quem
1440 4388 1470 4436 tu
1486 4379 1677 4435 tentationum
1697 4377 1822 4434 molibus

68 4465 276 4522 admistionum
302 4466 468 4524 incursibus
493 4482 704 4540 usquequaque
733 4470 916 4542 purgabitur.
971 4466 1054 4522 obrui
1071 4466 1206 4536 trepidas,
1222 4467 1407 4523 exaudieris:
1423 4467 1573 4524 duodecim
1588 4467 1675 4524 duces
1698 4479 1822 4538 genera·

68 4552 140 4610 il'ota
165 4553 366 4611 discretionem
403 4556 530 4627 Apostoli
554 4556 693 4627 (Philipp.
724 4572 763 4626 ιιι,
793 4561 819 4626 2)
846 4558 919 4614 inter

68 4645 116 4696 os
130 4641 336 4710 concisionem,
360 4651 388 4699 et
414 4643 673 4714 circumcisionem,
697 4659 750 4702 nec
770 4644 841 4701 illud
866 4659 920 4701 ex-

69 4728 150 4786 oedat
173 4728 296 4786 laminas
318 4730 497 4787 Pharaonem
519 4731 637 4802 jussisse
662 4732 782 4801 servari,
805 4740 833 4789 et
856 4748 921 4789 ma·

69 4817 164 4874 sculos
191 4817 325 4886 interiiei,
355 4818 402 4874 bic
433 4819 468 4876 de
496 4820 608 4876 leminis
634 4821 744 4889 taceri,
776 4822 921 4879 masculos

70 4905 238 4962 circumcidi
254 4920 261 4959 :
276 4912 305 4962 et
320 4907 372 4978 qui
388 4921 446 4964 non
456 4907 544 4964 luerit
553 4909 587 4966 de
595 4909 683 4979 stirpe
697 4910 923 4981 uostrajubetur

71 4992 249 5061 circumcidi,
271 4994 340 5065 quia
359 5002 428 5052 sunt
453 4996 585 5065 virtutes,
612 5005 646 5054 ut
662 5000 702 5054 ita
729 4998 832 5066 dicam,
858 4997 923 5067 plus

73 5096 160 5153 quam
183 5082 343 5152 naturales,
371 5091 406 5140 ut
428 5092 497 5142 sunt
529 5085 682 5159 virginitas
707 5095 734 5144 et
759 5086 924 5143 voluntaria

74 5169 253 5230 mendicitas.
269 5183 395 5240 quarum
410 5172 503 5242 prima
519 5172 590 5230 adeo
598 5174 721 5243 excellit,
739 5183 771 5232 ut
788 5175 817 5230 in
837 5188 923 5230 carne

75 5264 175 5324 prater
189 5269 311 5313 earnem
337 5258 436 5316 virere
459 5267 492 5317 ut
511 5275 579 5317 vere
603 5263 735 5334 angelica
759 5262 835 5319 dicta
850 5262 895 5330 sit,
915 5278 921 5318 :

76 5342 177 5401 borum
191 5344 221 5400 in
234 5343 392 5417 superfluis
401 5347 544 5418 prepucia
558 5348 788 5421 circumquaque
803 5351 924 5406 caedun-

77 5438 135 5501 tur3
158 5433 283 5490 aeratae
297 5432 375 5490 euim
401 5440 500 5492 acrba
518 5438 600 5506 quasi
620 5452 729 5508 pannas
752 5442 925 5493 membrata

256 5528 398 5597 Parnoi..
423 5532 526 5600 ctu.

972 4553 1023 4622 bit,
1039 4554 1122 4610 inient
1138 4556 1244 4611 seilicet
1254 4555 1402 4612 Trinitatis
1420 4570 1487 4613 cum
1503 4555 1662 4627 evangelici
1682 4553 1823 4610 sermonis

973 4642 1103 4698 custodia
1122 4643 1240 4700 ducatui
1263 4658 1315 4700 suo
1339 4643 1467 4701 interiori
1491 4645 1619 4702 eilicacia
1643 4642 1819 4715 procreabit3

974 4739 1101 4801 quatuor
1112 4733 1188 4788 enim
1208 4740 1261 4802 ter,
1285 4742 1312 4790 et
1328 4733 1383 4790 tria
1398 4743 1502 4804 quater
1515 4733 1666 4790 duodecim
1688 4732 1821 4788 iaciunt:

974 4826 1002 4874 et
1019 4819 1088 4875 tides
1116 4819 1145 4875 iu
1161 4821 1296 4890 ternario,
1314 4831 1430 4879 mortua
1443 4823 1556 4878 estsine
1576 4821 1720 4890 operibus,
1738 4819 1825 4876 idest

975 4907 1037 4963 siue
1052 4908 1279 4980 evangeliorum.
1296 4925 1347 4966 seu
1367 4920 1494 4981 quatuor
1514 4911 1654 4966 virtutum
1675 4907 1825 4979 principa-

974 4996 1047 5052 lium
1081 4997 1291 5067 quaternario:
1334 4998 1485 5054 duodecim
1513 4998 1601 5055 duces
1630 5004 1757 5070 generat,
1801 4996 1825 5053 si

976 5084 1163 5154 apostolicam
1184 5085 1342 5142 doctrinam
1365 5085 1484 5142 affectus
1509 5085 1732 5156 precordialiter
1754 5098 1826 5141 con-

977 5172 1045 5243 cipit
1072 5180 1099 5228 et
1132 5172 1257 5230 allectat.
1289 5173 1383 5244 (Vens.
1416 5177 1474 5244 ii.)
1508 5176 1625 5231 Pactam
1656 5188 1743 5228 meam
1774 5173 1827 5226 erit

977 5260 1110 5324 edisauc,
1128 5278 1205 5332 quem
1222 5264 1313 5332 para'et
1338 5263 1388 5317 tibi
1404 5265 1476 5317 Seru
1502 5267 1619 5332 tempore
1639 5263 1691 5318 iste
1711 5263 1740 5314 ia
1754 5274 1827 5313 artae

977 5351 1072 5404 alteo.
1089 5349 1133 5406 Ad
1147 5351 1226 5407 isaac
1246 5359 1362 5420 pactum
1383 5351 1536 5419 stabilitur,
1553 5365 1620 5407 cum
1643 5349 1703 5421 spei
1722 5354 1827 5404 nostrae

978 5438 1138 5495 adamatis
1160 5438 1339 5496 incentivum
1356 5447 1464 5497 aeterna
1484 5440 1560 5498 Deus
1576 5439 1694 5509 praemia
1709 5434 1827 5505 poltice-

1654 5542 1672 5598 δ
