3818 6008
72 169 137 258 rsa⁸

519 201 552 257 V.
573 200 742 260 obtusum
759 200 908 259 austris
925 201 954 259 S.
975 203 1095 260 MARIAE
1115 203 1161 262 DE
1183 205 1383 264 nomenato

1776 213 1828 270 rit

71 333 176 407 jeiunii
204 341 300 404 caput.
330 333 387 388 Neo
413 331 441 386 id
465 331 584 401 injuria,
600 305 962 402 utquadieamelpsa't
1010 333 1085 389 Illos
1109 336 1289 407 persequitur
1325 337 1516 407 dormandus,
1550 351 1698 413 morteque
1732 340 1828 416 afficit

71 423 185 497 jejunia
202 424 343 478 debentur
355 420 523 478 Christianis
535 419 639 489 epulae,
655 434 787 491 ecquam
804 421 920 491 potissi·
973 421 1213 492 quamplurimos.
1231 451 1266 463 -
1278 424 1314 480 tt
1338 425 1523 482 Boemundus
1543 426 1656 484 infinita
1672 442 1764 498 snper
1779 429 1827 485 tali

74 527 155 569 mum
182 510 352 567 affectabant
381 507 508 564 bostium
529 508 699 578 iniquorum
717 508 921 580 saginarentur

74 600 160 657 caede.
177 599 279 654 Franci
302 596 402 667 igitur,
418 603 505 652 tantae
530 596 657 652 victoriae
685 595 813 652 fervente
832 596 922 666 tripu·

74 688 132 754 dio,
153 694 284 742 votorum
301 684 485 741 multitudine
512 683 570 739 Deo
584 684 761 753 cooperatori
777 685 922 756 gratulan-

73 781 127 842 tes,
152 787 210 828 non
235 772 295 828 sine
321 771 445 842 plurimo
472 772 635 841 praedarum
655 771 762 839 tructu,
779 772 814 827 ad
827 779 922 828 castra

73 860 224 929 recedunt;
242 860 328 916 Turci
343 874 410 916 vero
425 859 602 929 impatientes
622 874 679 930 prae
697 860 805 929 pudore
820 858 921 928 videri,

72 947 216 1004 cuniculis
241 955 269 1004 et
296 947 402 1016 caveis,
425 947 449 1002 si
475 947 614 1017 valerent,
641 948 863 1019 regrederentur
892 946 922 1003 in

73 1035 192 1108 patrias.

412 1159 525 1216 CAPUT
536 1159 584 1216 vt.

110 1297 205 1372 [xiil
224 1300 359 1354 Castrum
370 1316 460 1372 prope
473 1298 680 1354 urbisobsessae
692 1302 806 1371 portum
822 1298 924 1356 coarti-

75 1388 174 1442 tuitur.
189 1419 224 1427 -
245 1388 374 1458 Denique
402 1389 524 1458 majores
551 1388 706 1455 exercitus,
732 1387 802 1443 dum
821 1387 922 1444 crebro

75 1475 257 1546 perpendunt
283 1474 424 1544 plurimas
451 1489 480 1530 se
495 1474 602 1545 perpeti
618 1475 654 1531 ab
679 1474 723 1530 bis
739 1476 788 1545 qui
807 1462 922 1531 obside-

73 1565 181 1620 bantur
193 1563 364 1619 incursuum
389 1562 583 1634 indignitates,
604 1570 700 1619 coacto
714 1563 833 1619 concilio
846 1562 923 1618 dilli-

974 508 1132 566 inlortunio
1158 511 1304 568 anxietate
1341 513 1472 582 detritus,
1500 514 1560 570 via'
1580 516 1828 587 compendiosiore

975 595 1120 667 digressus
1135 613 1153 654 a
1169 599 1262 662 sociis,
1289 615 1355 657 cum
1386 602 1486 670 paucis
1510 602 1546 658 ad
1566 602 1744 660 obsidionem
1764 619 1828 674 per·

975 685 1054 742 venit
1067 688 1223 758 equitibus,
1245 703 1318 759 quos
1332 698 1360 746 et
1374 689 1478 760 reperit
1490 698 1680 762 congregatos
1698 688 1828 746 insimul.

975 771 1107 830 Elieratis
1132 776 1229 846 itaque
1244 778 1372 833 omnium
1386 791 1472 847 super
1491 792 1611 834 suorum
1631 777 1830 834 internecione

976 859 1090 927 animis,
1110 868 1137 917 et
1156 860 1267 920 Christo
1290 864 1477 920 amarissimis
1498 864 1624 922 fidelium
1648 864 1839 938 singultibus.

976 956 1139 1014 provocato,
1154 964 1202 1006 eos
1229 951 1281 1020 qui
1298 958 1378 1006 tanta
1392 951 1447 1008 sibi
1462 951 1643 1009 incommoda
1668 953 1830 1011 intulerant

976 1035 1153 1092 unanimiter
1176 1039 1315 1108 invasuri,
1331 1039 1367 1096 ad
1381 1040 1470 1109 prelii
1486 1040 1548 1096 loca
1563 1040 1749 1110 perveniunt.
1766 1039 1830 1096 Sta-

975 1121 1046 1177 bant
1072 1121 1197 1179 bostium
1225 1126 1364 1194 cobortes,
1395 1127 1430 1183 de
1454 1140 1553 1184 recens
1577 1135 1642 1184 acta
1667 1127 1830 1195 victoriae

975 1210 1091 1281 regione
1109 1225 1227 1278 securae,
1256 1214 1429 1270 aestimantes
1444 1214 1506 1286 istic
1519 1229 1549 1271 se
1561 1214 1658 1270 itidem
1673 1213 1830 1271 effecturos

976 1313 1042 1370 quae
1070 1314 1135 1356 cum
1160 1303 1261 1357 comite
1275 1310 1303 1357 et
1322 1302 1487 1359 Boemundo
1515 1318 1545 1360 se
1561 1304 1652 1375 egisse
1665 1303 1826 1374 jactabant.

978 1387 1084 1444 Verum
1101 1387 1237 1458 malignis
1251 1388 1286 1444 de
1299 1390 1427 1460 nequitia
1438 1391 1673 1460 proponentibus,
1685 1390 1830 1461 benignus

976 1474 1053 1531 Deus
1066 1475 1111 1545 pie
1126 1475 1252 1545 disponit
1269 1491 1335 1545 quae
1351 1478 1452 1534 debeat
1468 1480 1591 1534 remedia
1606 1488 1746 1549 praestare
1760 1493 1828 1536 moe·

977 1563 1117 1618 rentibus.
1148 1563 1276 1635 insignes
1303 1580 1371 1636 ergo
1397 1565 1461 1634 viri,
1477 1567 1713 1624 dolorelratrum
1746 1568 1829 1624 inter-

73 1653 159 1709 niunt
174 1659 215 1719 ut,
233 1650 524 1722 antequamaliquam
541 1651 644 1722 quovis
656 1665 725 1707 casu
740 1665 800 1707 suae
812 1650 922 1707 militie
942 1633 961 1686 Β
976 1649 1114 1704 lectorum
1127 1653 1330 1720 corttpassionis
1345 1653 1448 1721 adacti,
1464 1655 1546 1725 signo
1561 1656 1656 1711 crucis
1671 1654 1828 1712 Dominiear

74 1740 294 1796 minorationem
304 1740 461 1808 patiantur,
471 1740 507 1794 ad
523 1748 634 1809 portam
647 1740 737 1807 urbis,
754 1741 804 1796 ubi
818 1755 921 1797 eorum

74 1829 175 1885 lanum
185 1827 356 1894 babebatur,
369 1827 417 1883 ubi
431 1842 548 1897 quoque
559 1835 671 1896 pontem
688 1835 798 1885 constat
810 1829 920 1898 baberi,

74 1923 201 1972 castrum
218 1915 379 1983 instituant,
403 1916 479 1972 unde
493 1914 701 1986 aliquantisper
716 1916 840 1973 bostium
858 1926 922 1974 ten-

74 2010 200 2060 tamenta
228 2001 414 2072 restringant,
445 2002 496 2059 Cui
516 2016 617 2060 eorum
643 2005 800 2072 sententiae,
825 2005 921 2061 cuncti

73 2097 142 2147 sunt
166 2090 295 2162 juniores
321 2091 438 2146 assensi.
454 2091 496 2146 Ad
522 2091 582 2146 baec
599 2091 694 2147 Sancti
714 2092 808 2162 Egidii
830 2107 923 2150 comes

73 2180 184 2251 primus
210 2179 323 2245 intulit;
343 2201 354 2227 ι
372 2181 440 2250 Ego,
469 2179 573 2250 iuquit,
603 2181 751 2250 stipendiis
780 2181 921 2237 fulciam:

75 2266 208 2337 idemque
235 2266 356 2323 servabo
389 2265 561 2321 castellum:
591 2273 702 2321 tantum
722 2266 783 2321 nibi
804 2267 924 2336 opitula-

74 2354 145 2409 mini
178 2355 215 2410 ad
245 2353 488 2410 redificandum.»
519 2352 570 2408 Cui
600 2351 685 2409 reiert
714 2352 921 2410 Boemundus:

76 2462 88 2492 ι
107 2441 135 2498 Si
152 2442 265 2498 libitum
281 2441 362 2497 vobis
391 2442 436 2508 sit,
459 2439 584 2510 spondeo
606 2453 649 2494 me
664 2439 774 2497 iturum
799 2456 865 2497 cum
880 2455 924 2497 co

74 2528 142 2586 mite
158 2530 221 2599 isto,
249 2529 345 2599 quise
371 2528 543 2598 praeobtulit,
569 2529 605 2584 ad
621 2536 734 2598 portum
764 2529 859 2587 Sancti
881 2530 923 2587 Si-

75 2617 194 2685 meonis,
212 2616 260 2673 ubi
276 2615 390 2685 :pariter
413 2629 461 2671 eos
473 2615 620 2672 tuebimur
634 2616 686 2686 qui
708 2616 777 2673 buic
794 2617 924 2674 insistent

74 2703 163 2772 operi.
204 2702 320 2759 Residui
345 2701 485 2758 obsidioni
506 2715 621 2772 operam
648 2703 726 2770 dent,
758 2718 810 2760 noc
831 2704 954 2761 bostes·

75 2791 157 2847 urbis
185 2798 281 2860 portas
309 2791 446 2846 excedere
473 2790 578 2845 sinant.
598 2812 612 2840 »
639 2789 738 2848 Comes
765 2792 863 2862 itaque
891 2807 926 2849 ao

975 1732 1119 1793 lrontibus
1134 1739 1296 1810 animisque
1310 1740 1439 1810 praelixo,
1450 1742 1587 1798 universa
1597 1743 1625 1796 in
1640 1741 1704 1798 illos
1720 1742 1827 1799 virium

976 1836 1096 1880 suarum
1123 1825 1272 1883 collatione
1294 1827 1466 1884 tunduntur.
1480 1830 1606 1892 Quorum
1623 1827 1664 1884 illi
1680 1829 1827 1886 unanimi-

978 1915 1033 1965 tate
1055 1925 1193 1981 perpensa
1222 1913 1357 1970 continuo
1372 1914 1487 1982 cedunt,
1504 1921 1531 1970 et
1546 1915 1581 1970 ad
1597 1915 1828 1986 Pbarpbaricum

976 2007 1091 2068 pontem
1123 2014 1173 2069 por
1200 2001 1263 2070 ejus
1287 2002 1436 2074 augustias
1463 2003 1611 2059 transituri
1636 2004 1827 2061 contendunt.

976 2085 1198 2157 angustabatur
1220 2088 1433 2146 transeuntium
1463 2089 1629 2159 multitudo,
1656 2090 1730 2147 dum
1760 2091 1829 2164 luga

978 2188 1180 2249 praeproperat,
1202 2188 1316 2238 etcum
1340 2183 1465 2251 peditum
1487 2184 1681 2254 equitumque
1705 2197 1827 2252 cuneus,

978 2272 1069 2344 spatio
1092 2288 1152 2331 seso
1168 2275 1298 2332 breviore
1320 2284 1481 2347 coaggerat,
1503 2291 1589 2333 suum
1611 2275 1741 2347 quisque
1754 2290 1829 2332 com·

978 2377 1087 2433 parem,
1110 2364 1179 2420 dum
1205 2365 1307 2421 nititur
1338 2366 1548 2435 praetervolare,
1569 2364 1742 2436 precipitat.
1773 2365 1830 2422 Nec

977 2453 1081 2508 nostris
1104 2465 1192 2521 super
1207 2453 1259 2509 isto
1288 2453 1351 2523 iol,
1377 2452 1458 2526 istos]
1486 2453 1636 2525 vigilantia
1659 2454 1770 2520 deerat,
1798 2459 1829 2511 ut

978 2538 1027 2596 ubi
1042 2539 1123 2611 vulgi
1139 2540 1275 2610 lugientis
1295 2541 1455 2613 frequentia
1479 2543 1644 2600 densescere
1663 2541 1827 2609 videbatur,

979 2627 1017 2684 ibi
1033 2642 1091 2684 non
1110 2627 1145 2683 de
1170 2628 1350 2696 vulneribus,
1376 2631 1425 2687 sed
1451 2630 1656 2701 depraeciprtio
1679 2638 1826 2702 ageretur.

978 2715 1097 2780 Quodsi
1119 2716 1185 2786 quis
1204 2717 1289 2787 aquis
1308 2716 1469 2787 immersus,
1486 2726 1537 2775 aut
1551 2732 1602 2789 per
1613 2719 1709 2788 pontis
1723 2718 1829 2776 colum-

978 2819 1030 2862 nas
1045 2804 1180 2874 rependo,
1196 2808 1247 2861 aut
1270 2805 1405 2862 manibus
1423 2806 1564 2862 enatando
1586 2806 1622 2862 ad
1642 2806 1757 2863 aridam
1779 2819 1828 2862 co·

75 2879 261 2936 B⁰0ffl11¹¹d118
286 2878 322 2934 δᾶ
342 2878 436 2935 Sancti
457 2877 605 2947 Simeonis,
634 2879 676 2934 uti
706 2888 923 2950 if⁰i⁰sues³¹112
943 2898 1119 2982 Gnarentur
1144 2905 1299 2962 emergere,
1317 2892 1391 2949 illico
1418 2906 1436 2948 a
1456 2893 1570 2960 nostris,
1586 2894 1681 2963 ripam
1699 2891 1828 2950 fluminis

75 2981 238 3040 lll⁰⁰0⁸⁸⁰s0
254 2973 379 3037 limum·
397 2966 440 3022 Ηῑῑ
455 2980 525 3022 vest>
540 2968 590 3037 qui
603 2975 810 3037 remanserant,
823 2969 922 3024 castel·
979 2977 1183 3045 ambientibus,
1196 2978 1304 3035 medias
1326 2979 1421 3036 undas
1444 2981 1603 3053 cogebatur
1618 2979 1774 3051 absorptus
1788 2979 1828 3034 in

75 3057 137 3116 lum
167 3057 317 3113 instituere
342 3055 456 3112 inerant
486 3055 624 3125 aggressi,
650 3056 698 3112 sed
722 3056 807 3112 Turul
836 3056 925 3127 buius
977 3072 1101 3115 sumere.

75 3145 187 3204 rediileii
212 3144 355 3215 principia
378 3142 625 3200 vehementissimo
654 3143 763 3213 impetu
785 3143 924 3200 turbave-
1013 3145 1105 3200 Tanta
1119 3152 1214 3201 autem
1230 3145 1320 3217 hujus
1334 3147 1487 3205 redhibitio
1515 3148 1601 3206 caedis
1614 3145 1762 3205 exstitisse
1782 3160 1827 3203 co-

75 3242 154 3292 runt.
180 3233 336 3303 Repentino
364 3246 432 3304 ergo
456 3239 568 3287 nostros
587 3231 774 3301 pervadentes
793 3231 922 3299 incursu,
978 3234 1136 3304 gnoseitur,
1158 3242 1190 3290 ut
1210 3235 1387 3305 Pbarpbaris
1410 3236 1490 3293 unda
1505 3237 1599 3307 potins
1613 3236 1827 3308 cruorisquam

76 3332 157 3394 terga
183 3337 232 3380 eos
260 3329 371 3378 vortere
394 3326 559 3391 coegerunt,
581 3319 720 3389 plurimos
747 3320 922 3390 occiderunt,
978 3319 1069 3376 laticis
1102 3328 1261 3390 putaretur.
1288 3323 1388 3379 Tantis
1413 3324 1517 3380 ibidem
1547 3323 1616 3380 victi
1648 3321 1828 3393 victoresque

76 3413 150 3469 diem
168 3410 285 3469 Francis
299 3409 454 3482 lugubrem
470 3407 638 3464 intulerunt.
978 3422 1170 3480 concrepuere
1185 3409 1369 3479 clamoribus,
1395 3419 1475 3467 tanta
1491 3409 1675 3481 pereuntium
1695 3417 1726 3466 et
1739 3410 1828 3480 perire

114 3500 209 3570 tieret,
237 3497 402 3572 irruptione
423 3498 548 3565 sucina
572 3495 747 3553 culisitano
772 3497 926 3553 nonnullos
978 3497 1152 3568 cogentium,
1182 3504 1297 3567 tamque
1314 3497 1450 3555 terribilis
1477 3497 1614 3554 vocalitas
1635 3495 1783 3553 terebatur
1797 3502 1829 3552 ut

74 3588 261 3660 interficiunt.
275 3617 309 3627 -
328 3585 516 3655 Comperiunt
541 3583 677 3655 postridie
705 3584 791 3641 Turci
811 3585 925 3655 aliquos
979 3585 1090 3658 pulsari
1113 3586 1281 3655 strepitibus
1310 3587 1446 3644 coelorum
1467 3588 1640 3656 supremitas
1651 3585 1827 3642 crederetur.

75 3675 238 3747 principum
268 3673 409 3731 obsidioni
438 3672 543 3738 deesse,
575 3678 602 3726 et
636 3671 714 3740 quod
748 3671 785 3727 ad
810 3680 925 3742 portum
979 3674 1094 3732 Crebris
1119 3674 1239 3730 telorum
1259 3675 1395 3747 jactibus,
1419 3675 1586 3744 caeterisque
1604 3672 1766 3728 missilibus
1782 3670 1829 3728 iic·

77 3764 172 3821 Sancti
202 3763 340 3820 Simeonis
374 3760 514 3830 abissent3
542 3758 633 3815 multo
666 3766 808 3829 apparatu
831 3773 860 3816 se
881 3761 924 3816 in·
978 3761 1027 3816 bat
1043 3761 1162 3817 nubilus
1188 3776 1247 3828 aer,
1264 3763 1398 3834 globique
1411 3762 1511 3819 soleris
1525 3761 1651 3828 claritas,
1665 3758 1831 3831 jaculorum

76 3859 193 3909 struunt
207 3859 296 3922 atque
310 3864 327 3905 a
342 3857 427 3920 portu
445 3848 633 3905 redeuntibus
645 3848 740 3904 subito
757 3856 922 3905 occurrunt.
978 3849 1137 3904 errantium
1165 3848 1316 3905 interstitio
1336 3850 1497 3921 tegebatur.
1515 3848 1649 3905 Mulieres
1662 3847 1745 3904 urbis
1757 3846 1831 3902 indi·

76 3940 208 4011 Cumque
235 3938 367 3995 comitem
391 3950 425 3992 ac
445 3936 644 3992 Boemundum
659 3950 726 3992 cum
743 3935 859 3993 militari
876 3936 926 3993 iro
978 3950 1070 4006 genre,
1087 3936 1255 3992 Christiana
1273 3937 1401 4006 quidem,
1418 3937 1493 3993 circa
1513 3937 1589 3994 muri
1610 3934 1833 4008 propugnacula

77 4028 196 4099 quentia
221 4027 377 4082 adventare
400 4024 606 4094 conspicerent,
625 4037 735 4093 crepere
749 4024 883 4081 stridores
898 4031 925 4081 et
979 4021 1139 4093 spectaculo
1163 4021 1329 4091 huiusmodi
1355 4024 1556 4093 pascebantur,
1581 4030 1608 4080 et
1629 4023 1700 4080 dum
1724 4024 1833 4080 'furcos

77 4114 205 4187 garritus
234 4112 306 4170 loede
332 4112 418 4168 nimis
442 4111 648 4168 conclamando
671 4111 809 4179 emittere,
831 4112 925 4168 unde-

981 4109 1092 4182 perimi,
1112 4116 1211 4179 totque
1237 4112 1376 4167 arumnis
1402 4112 1496 4168 addici
1521 4111 1711 4183 prospiciunt,
1728 4111 1832 4168 aiacis

77 4217 194 4274 cunque
220 4208 330 4258 nostros
344 4201 464 4267 ambire,
479 4200 614 4270 iaculari,
631 4198 777 4269 sagittare,
793 4199 925 4256 vulneri·
943 4221 966 4275 Ι)
979 4198 1130 4269 ingemunt
1146 4213 1152 4252 :
1170 4197 1218 4254 sed
1232 4198 1341 4255 aversis
1355 4199 1483 4255 vultibus
1497 4199 1673 4256 Francorum
1686 4197 1834 4269 prosperis

77 4294 132 4349 bus
145 4291 231 4347 etiam
248 4289 364 4347 inllictis
379 4288 558 4345 truculenter
577 4287 715 4345 occidere.
732 4288 824 4342 Tanta
843 4301 926 4343 nam·

77 4395 135 4453 que
150 4380 204 4436 luit
224 4391 323 4435 eorum
350 4377 519 4447 irruptionis
541 4376 692 4443 acerbitas,
718 4382 751 4430 ut
763 4377 852 4432 nostri
875 4376 926 4432 vix

76 4471 261 4528 elaberentur
292 4481 343 4539 per
368 4468 505 4537 contigua
539 4473 674 4521 montana
700 4463 869 4534 precipites,
899 4471 927 4522 et

77 4573 197 4631 quaqua
226 4571 341 4614 versum
365 4563 460 4626 patere
480 4553 616 4624 potuisset
642 4567 787 4610 excessus.
807 4552 861 4620 Qui
881 4568 928 4623 po·

77 4648 132 4706 tuit
147 4648 246 4718 aliqua
257 4648 398 4712 volucres,
420 4651 452 4700 ut
466 4644 507 4699 sic
521 4642 655 4712 dixerim,
677 4656 767 4712 equos
784 4641 927 4698 celeritate

77 4742 153 4793 4⁰³
180 4734 376 4807 praetergredi,
403 4731 494 4789 evasit
500 4747 508 4801 ;
524 4730 548 4786 si
563 4744 648 4800 quem
666 4730 779 4802 gentilis
793 4729 927 4786 alacritas

75 4826 179 4896 reperit
193 4824 366 4893 segniorem,
378 4819 521 4877 occubuit.
537 4819 569 4873 ln
582 4818 637 4874 bac
649 4826 738 4885 tanta,
754 4831 820 4889 qua
841 4824 929 4888 puta·

77 4914 173 4982 batur,
205 4910 376 4976 calamitate,
406 4915 572 4964 nostrorum
600 4904 794 4962 millenarium
821 4905 928 4962 mortui

77 5014 250 5073 superavere
263 5011 427 5056 nnmerum.
443 4995 519 5063 Quos
543 4994 608 5051 iidei
639 4993 799 5051 testimonio
819 4993 927 5063 proba-

77 5092 158 5158 biles,
176 5093 263 5161 ]uxta
289 5085 467 5158 Apostolum,
492 5083 624 5139 inventos
643 5083 690 5153 (11
721 5081 794 5136 Tim.
823 5096 853 5149 ιι,
868 5081 926 5152 ts),

78 5179 201 5251 gloriosa
224 5183 286 5246 post
307 5188 405 5230 necem
425 5177 601 5242 exceperunt
617 5169 736 5241 premia
751 5168 926 5240 passionum,

78 5266 196 5338 quibus,
225 5263 247 5319 si
274 5276 349 5334 quas
384 5273 496 5317 neeesse
531 5258 616 5314 luerit
643 5265 824 5328 peccatorum
849 5255 928 5313 luere

77 5367 187 5426 poenas,
214 5351 273 5407 sola
296 5349 448 5421 sanguinis
471 5346 573 5405 effusio
595 5360 711 5405 omnem
726 5344 929 5418 luitpotentis·

77 5444 152 5501 slma
166 5452 292 5510 purgare
306 5445 431 5496 reatum.

982 4286 1133 4343 eventibus
1153 4286 1273 4342 latenter
1300 4287 1494 4357 applaudunt.
1529 4287 1714 4359 Cogebantur
1735 4295 1832 4342 autem

981 4373 1109 4429 Armenii
1133 4386 1166 4428 ac
1181 4372 1255 4442 Syri,
1271 4387 1337 4429 cum
1362 4381 1455 4430 essent
1470 4371 1635 4440 Christiani,
1660 4372 1785 4443 sagittas
1797 4371 1833 4429 ad

981 4468 1093 4518 nostros
1108 4461 1245 4529 emittere,
1266 4461 1386 4531 qnidam
1409 4469 1504 4518 autom
1516 4475 1552 4518 ex
1567 4460 1645 4530 ipsis,
1663 4466 1693 4515 et
1708 4460 1833 4531 idipsum

982 4547 1123 4605 iaciebant
1138 4555 1247 4617 sponte.
1265 4548 1470 4605 Occubuerunt
1484 4548 1627 4620 siquidem
1642 4547 1705 4603 istic
1726 4546 1833 4604 duode-

982 4639 1038 4693 cim
1053 4637 1087 4694 de
1100 4650 1201 4692 eorum
1216 4636 1392 4707 primoribus
1402 4638 1468 4706 viri,
1485 4651 1559 4708 quos
1570 4635 1659 4692 verbu
1675 4634 1833 4691 Cbaldaico

982 4731 1120 4793 satrapas,
1150 4722 1309 4779 secundum
1334 4737 1434 4780 eorum
1457 4721 1619 4780 barbariem
1641 4720 1834 4778 admiravisos

982 4812 1092 4881 dicunt,
1120 4811 1227 4882 aliique
1258 4813 1448 4882 quamplures
1470 4811 1505 4868 de
1528 4811 1620 4883 magis
1651 4809 1784 4880 praeditis
1801 4821 1834 4864 ac

981 4900 1178 4957 solertioribus
1196 4899 1324 4970 ipsorum
1350 4899 1488 4970 personis,
1513 4899 1622 4970 quibus
1642 4904 1703 4953 tota
1725 4896 1835 4954 incum-

983 4989 1067 5046 bebat
1087 4987 1211 5044 defensio
1227 4988 1362 5044 civitatis.
1387 4987 1441 5055 Qui
1455 4987 1622 5044 terebantur
1645 4984 1726 5041 mille
1742 4985 1834 5042 exsti-

982 5077 1048 5132 tisse
1072 5075 1235 5144 quingenti.
1262 5074 1317 5142 Qui
1337 5089 1407 5132 vero
1435 5076 1504 5132 buic
1515 5074 1623 5133 residui
1639 5074 1720 5130 luere
1734 5072 1833 5141 exitio,

982 5164 1096 5231 nostris,
1119 5163 1161 5219 uti
1181 5171 1247 5220 ante
1273 5171 1492 5231 consueverant,
1521 5161 1659 5218 insultare
1675 5159 1834 5227 desierunt,

982 5250 1064 5308 nulla
1083 5265 1183 5308 corum
1209 5250 1374 5322 garrulitas,
1392 5250 1432 5307 nil
1454 5251 1586 5320 deinceps
1600 5249 1724 5306 scurrile
1741 5260 1835 5319 appa-

982 5342 1060 5409 ruit,
1074 5341 1134 5397 dies
1147 5339 1202 5396 ista
1226 5338 1400 5397 diuturnum
1416 5338 1532 5396 illorum
1553 5336 1696 5410 gaudium
1713 5346 1834 5394 moerore

983 5431 1115 5489 mutavit.
