3818 6008
622 267 668 324 DE
688 268 803 326 enubit
823 269 850 324 S.
872 268 1002 325 ttAltlAE.

56 416 97 469 εε,
114 417 131 458 a
147 410 172 458 te
188 410 282 458 tarucn
300 401 465 458 medullitus
489 417 569 472 posse
588 402 778 474 deposcimus.
798 403 918 473 Adpnd
933 403 1024 459 Deum
1040 402 1081 457 sic
1095 416 1152 458 vox
1170 411 1221 459 tua
1236 410 1345 460 constat
1360 403 1549 473 impetrabilis

56 498 130 546 trant
155 504 208 545 nos
229 490 433 546 carnalitatum
448 491 579 548 turbines
585 507 594 560 3
618 505 720 548 verum
745 490 781 546 ad
836 490 872 546 Ut
886 490 922 546 ad
938 503 1023 545 aures
1036 489 1120 560 Regis
1133 504 1233 562 regum
1250 491 1331 546 nulla
1343 498 1401 546 tam
1415 487 1450 549 sit
1463 492 1577 549 babilis.

56 579 108 636 dos
121 578 185 635 illos
199 587 356 649 provocant
367 593 419 635 nos
438 586 563 649 experlae
577 593 689 650 semper
705 581 733 634 in
755 586 782 635 ιε
835 580 868 634 ln
881 592 933 635 nos
947 591 1017 651 ergo
1034 592 1084 649 per
1100 586 1229 635 materna
1245 579 1353 649 respice
1369 581 1533 649 praecordia,

56 681 108 724 tes.
124 667 175 723 llis
195 667 342 735 exsatiari,
367 667 419 722 bas
433 667 603 723 avidissimis
619 666 782 738 praecordiis
836 670 928 737 Atque
943 674 1040 723 nostra
1055 675 1087 723 tu
1103 675 1159 723 tuae
1173 667 1243 737 proli
1258 682 1380 739 suggere
1394 670 1527 739 suspiria,

56 768 96 812 ere
114 756 205 811 satius
222 763 264 811 est
279 768 368 826 quam
383 755 491 810 vivere.
511 756 548 811 Ει
560 754 627 826 ouis
641 754 714 810 vivit
728 753 782 810 nisi
837 755 964 811 Fluxum
978 755 1073 811 carnis
1092 763 1179 826 atquc
1195 769 1282 827 vagos
1297 757 1439 826 appetitus
1453 763 1597 827 tempera;

65 842 255 900 affectualiter
281 842 385 899 sentit?
406 842 477 909 Quis
504 843 558 899 nisi
585 843 701 899 demens
723 856 782 898 non
837 844 910 898 llore
921 857 1033 913 semper
1045 843 1182 901 castitalis
1196 852 1295 913 pectus
1311 845 1366 900 boc
1380 843 1525 915 refrigera,

56 930 126 1000 nori,
147 931 172 986 si
191 931 289 987 videre
312 939 339 987 te
360 931 450 1001 possit
469 931 618 988 moriendo
638 928 783 987 mercurii
836 930 926 988 Omne
941 944 1066 1002 nequam
1082 931 1159 1002 quod
1175 933 1204 987 in
1220 933 1304 989 nobis
1318 932 1486 997 exsecraris,
1500 932 1601 1000 obrue,

56 1026 97 1076 ast
120 1026 225 1076 nostrae
246 1019 457 1076 consummatio
482 1020 590 1092 glorie,
617 1018 641 1076 si
662 1019 704 1081 vel
721 1032 783 1090 pos
836 1019 928 1075 blores
942 1026 1032 1089 aptos,
1048 1033 1096 1075 cor
1113 1021 1255 1090 quietum,
1272 1028 1371 1076 sancta
1391 1034 1530 1091 qnaeque,
1546 1035 1628 1093 congr

56 1114 117 1165 nter
129 1121 181 1164 nos
203 1113 231 1164 et
250 1114 335 1164 tuum
352 1107 457 1164 Filium
478 1114 505 1164 te
520 1107 713 1164 mediatricem
729 1106 783 1162 ba·
837 1107 926 1164 Virus
939 1108 1003 1179 ejus
1018 1116 1104 1178 atque
1120 1107 1197 1164 dolos
1212 1109 1328 1178 pellens,
1349 1108 1429 1165 obsta
1440 1109 1562 1178 Satanae,

56 1197 88 1252 lx
101 1195 197 1253 debito
217 1203 267 1263 est,
296 1196 426 1262 Domina,
452 1195 477 1251 si
494 1196 585 1252 nostri
609 1194 782 1263 memineris,
837 1195 895 1252 Nec
908 1195 1000 1266 ipsius
1014 1195 1203 1252 hortamentis
1217 1211 1268 1252 nos
1283 1196 1430 1266 permittas
1444 1198 1553 1254 cedere.

73 1283 128 1339 boc
151 1283 230 1339 enim
253 1280 342 1339 lacta:
367 1288 482 1353 propter
504 1281 559 1337 hoc
581 1296 611 1338 es
635 1281 733 1350 electa,
751 1289 784 1338 ut
838 1284 904 1341 Sola
917 1298 1043 1356 namque
1059 1285 1082 1340 si
1097 1285 1235 1341 coelorum
1250 1285 1347 1356 surgis
1364 1285 1393 1340 in
1407 1286 1537 1354 concilio,

56 1367 235 1426 ulcissimnm
258 1368 364 1425 Filium
378 1382 496 1426 causam
513 1376 640 1426 nostram
656 1369 784 1440 piissima
839 1373 1003 1430 Praecatura
1018 1373 1098 1443 pium
1108 1373 1223 1429 Patrem
1236 1386 1302 1428 cnm
1316 1372 1453 1443 praedulei
1469 1371 1555 1442 Filio;

69 1458 166 1514 Insere
185 1457 263 1513 cordi
287 1465 315 1514 et
334 1456 376 1514 ori
390 1466 487 1514 nostro
502 1458 545 1514 tui
569 1458 698 1515 numinis
714 1457 784 1514 irre·
840 1461 1031 1519 succlamabit
1046 1475 1113 1517 vnox
1127 1467 1294 1517 sanctorum
1310 1461 1360 1517 tibi
1372 1461 1475 1532 juncta
1488 1461 1586 1518 concio

64 1545 244 1613 memoriam,
260 1560 350 1616 qnam
370 1545 417 1602 cui
434 1546 558 1614 dederis,
575 1560 695 1603 securus
710 1545 784 1626 dieo,
839 1550 875 1603 Et
890 1549 977 1619 petita
989 1563 1113 1619 quaenue
1127 1555 1177 1606 tuo
1194 1549 1334 1606 suberunt
1350 1548 1468 1605 arbitrio

56 1647 79 1689 m
94 1633 234 1691 coelestem
262 1635 361 1705 incipit
377 1642 552 1706 praegustare
565 1635 697 1707 gloriam.
711 1633 785 1701 Quid
840 1641 915 1691 ato
929 1637 974 1703 Ει,
990 1637 1125 1704 loannes,
1143 1644 1174 1694 tu
1188 1637 1239 1707 qui
1253 1643 1369 1707 quantae
1384 1637 1522 1692 castitatis
1543 1650 1626 1692 conso

56 1738 60 1776 ι
88 1722 212 1791 dulcius,
235 1722 305 1793 quid
333 1730 384 1779 tna
409 1722 607 1779 recordatione
632 1720 786 1779 securius?
805 1703 936 1782 Creme
950 1726 1047 1793 matri,
1062 1725 1175 1782 Christo
1188 1725 1284 1791 dante,
1299 1724 1460 1781 successisti
1475 1724 1560 1780 itlius.

56 1823 81 1866 m
93 1824 150 1865 non
165 1823 257 1877 orare,
271 1810 321 1866 sed
335 1811 445 1882 ubique
459 1811 599 1881 imperare
614 1818 716 1882 praesto
732 1817 784 1866 est.
840 1813 912 1870 Audi
927 1826 991 1869 mea
1004 1827 1101 1868 secum
1120 1821 1185 1868 vota
1196 1812 1289 1880 claris,
1305 1827 1414 1883 precor,
1431 1813 1561 1881 auribus,

57 1912 93 1970 go
109 1905 141 1954 ει
157 1899 185 1954 in
201 1899 333 1968 praesenti
348 1899 463 1955 miseria
475 1907 506 1967 Ιιε
520 1900 603 1956 nobis
619 1900 784 1966 invisceres,
839 1902 874 1955 Et
888 1913 906 1954 a
918 1898 1029 1955 cunctis
1045 1912 1089 1953 me
1104 1898 1213 1954 diverte
1228 1899 1357 1969 pessimis
1371 1899 1514 1968 operibus,

58 1984 175 2042 miseria
188 1999 245 2042 non
267 1994 318 2043 est.
340 1987 397 2043 Fac
418 1994 450 2044 ut
465 1987 610 2059 quidquid
624 2002 726 2045 sumus
749 2000 786 2043 cx
838 1990 891 2055 Tu,
907 1987 958 2057 qui
975 1993 1065 2043 terras
1081 1985 1213 2042 incolenti
1229 1987 1300 2042 mire
1312 1987 1418 2042 cbarus
1432 1985 1553 2042 Domino

56 2087 77 2142 s,
91 2081 119 2131 ει
133 2087 200 2131 cum
214 2088 265 2130 nos
280 2073 330 2130 tibi
344 2074 453 2144 leceris,
472 2082 574 2146 praeter
584 2081 635 2133 tua
647 2076 688 2131 nil
702 2080 786 2131 restet
838 2072 987 2140 Exstitisti,
1003 2079 1061 2129 tam
1075 2072 1149 2129 lelici
1163 2074 1269 2145 dignus
1281 2073 1430 2144 privilegio

56 2176 80 2219 s.
839 2160 892 2216 Pro
908 2167 1024 2217 tuorum
1037 2160 1115 2231 apud
1131 2162 1224 2231 ipsum
1239 2160 1358 2232 loquere
1373 2160 1506 2228 remedio,

839 2248 988 2319 Frangens
1002 2262 1092 2319 regna
1108 2249 1217 2310 mortis.
1234 2248 1298 2319 eius
1309 2248 1401 2304 subde
1415 2263 1467 2305 nos
1480 2248 1609 2319 imperio.

839 2336 883 2391 llli
896 2336 989 2393 Verbo
1003 2336 1167 2407 prompsisti
1183 2344 1292 2408 quanto
1307 2345 1348 2393 est
1363 2336 1494 2405 vicinior,

840 2423 929 2480 Tanto
943 2424 1035 2495 magis
1048 2424 1241 2481 interventum
1257 2433 1359 2493 praesta
1374 2425 1530 2481 sollicitior.

56 2525 137 2569 arum
152 2520 180 2569 et
196 2510 328 2569 dolorum
338 2513 421 2583 plena
438 2527 541 2584 gerens
558 2513 678 2580 viscera,
840 2511 952 2568 Prosiut
966 2518 1024 2569 tuae
1040 2520 1146 2569 sanctae
1160 2527 1254 2583 preces
1268 2526 1298 2568 se
1313 2512 1427 2569 deflenti
1440 2513 1555 2580 misero,

59 2614 124 2657 rum
139 2601 318 2657 exsecranda
335 2608 517 2672 peccatorum
533 2601 625 2664 lovea,
839 2599 896 2657 Ora
910 2614 1022 2670 seniper
1032 2615 1084 2671 pro
1101 2601 1258 2658 multorum
1273 2609 1456 2671 peccatorum
1466 2601 1578 2657 conscio

56 2704 67 2746 r
82 2689 179 2756 miser,
193 2689 280 2746 velim
297 2690 394 2759 nolim,
410 2691 504 2760 patior
518 2690 634 2759 damna,
840 2687 908 2744 'luta
923 2688 1046 2745 multum
1063 2689 1227 2759 indigemus
1241 2688 1382 2759 largitatis
1398 2701 1528 2744 munere.

56 2792 115 2835 tmo
126 2777 317 2847 salvatrIcetm
335 2779 470 2848 puritatis
484 2779 611 2835 domina.
840 2774 917 2843 Quid
930 2776 1057 2833 remittat
1072 2784 1104 2833 ει
1118 2775 1241 2833 oliensas
1255 2777 1312 2832 Deo
1327 2774 1426 2832 diiiers
1440 2775 1543 2832 dicere.

56 2880 119 2923 rum
134 2880 179 2922 me
193 2866 334 2923 laetorum
350 2868 523 2923 mentionem
539 2868 662 2925 consero.
840 2864 986 2936 Quidquid
999 2865 1075 2921 enim
1090 2864 1249 2937 postulabis
1263 2863 1448 2935 consequeris
1463 2863 1554 2920 lacilc.

56 2969 69 3010 ε
85 2968 180 3010 meam
194 2954 381 3027 singularem,
396 2963 422 3012 te
437 2954 559 3012 salutem
575 2964 719 3027 computo.
804 2997 825 3052 c
841 2954 918 3025 Ergo
934 2954 1049 3011 tandem
1063 2961 1200 3010 exoratus
1215 2952 1342 3009 inlelices
1355 2953 1474 3023 respice.

56 3056 174 3112 uernans
189 3058 233 3099 me
248 3044 505 3113 contemnas‚dum
520 3052 556 3113 ιε,
564 3046 664 3112 blater,
672 3045 783 3103 invoco.
841 3042 883 3097 lla
897 3055 1049 3111 perennem
1064 3055 1152 3113 qnam
1167 3040 1269 3098 amasti
1279 3040 1437 3097 castitatem
1446 3039 1582 3110 corporis,

56 3130 688 3204 :licetsimindiguusfacmibiquodfilio.
730 3166 734 3173 -
841 3128 1030 3185 Etacnnctis
1045 3143 1111 3199 quae
1125 3129 1276 3186 molestant
1290 3129 1384 3185 exime
1396 3129 1557 3186 contrariis.

56 3260 60 3274 .
74 3219 152 3276 orbis
163 3220 257 3276 omnis
273 3221 362 3290 pretio
377 3220 533 3278 valentiori
843 3220 925 3289 Auge
940 3231 1066 3286 sensum,
1084 3217 1167 3274 iirma
1183 3232 1292 3288 pacem,
1308 3218 1452 3289 quidquid
1466 3226 1548 3275 nocet
1564 3231 1628 3275 renti

56 3306 135 3363 dicta
149 3308 200 3364 Dei
212 3322 281 3365 voce
297 3309 398 3384 mundi
411 3310 465 3366 sub
478 3309 646 3380 primordio,
842 3308 866 3362 A
881 3307 986 3362 luturis
1000 3321 1045 3362 me
1059 3306 1207 3363 refrenans
1221 3307 1294 3362 iacta
1308 3306 1384 3362 mala
1398 3306 1486 3362 dilue.

56 3404 161 3453 tartum
176 3403 234 3452 tola
249 3405 347 3454 vatum
359 3406 542 3468 praeconatur
555 3398 664 3462 concio,
842 3394 997 3466 onagros,
1011 3395 1071 3467 jam
1082 3395 1214 3464 praesenti
1229 3394 1384 3451 inclamata
1399 3394 1537 3463 carmine,

56 3484 112 3541 ebis
125 3485 287 3555 expetenda
301 3485 470 3543 Christianae
485 3486 585 3556 portio.
843 3482 944 3541 Custos
955 3481 1019 3554 eius
1031 3496 1067 3539 ac
1080 3483 1210 3538 minister
1225 3492 1385 3553 praepotens
1397 3482 1532 3552 apostole,

56 3572 135 3630 dives
147 3574 239 3644 prisco
256 3574 392 3644 pietatum
409 3574 555 3645 quondam
566 3581 700 3642 tempore,
844 3570 930 3642 Apud
945 3585 1010 3628 eum
1026 3571 1077 3642 qni
1093 3585 1152 3641 prae
1166 3571 1278 3628 cunctis
1292 3585 1343 3627 vos
1357 3571 1489 3641 probavit
1503 3570 1579 3642 agite

56 3663 106 3719 bns
120 3676 178 3719 non
193 3663 305 3719 minora
317 3664 400 3735 signa
413 3664 450 3720 da
465 3663 621 3720 clementiae
629 3679 638 3733 ;
846 3661 880 3716 Ut
892 3659 1030 3732 dignetur
1043 3659 1079 3714 ad
1089 3673 1119 3715 se
1133 3666 1244 3716 nostros
1254 3659 1365 3715 animos
1376 3659 1496 3730 erigere.

68 3757 153 3819 taces,
170 3765 188 3805 o
202 3750 343 3815 miranda,
360 3765 426 3821 quae
442 3765 506 3822 spes
518 3751 572 3809 erit
583 3749 694 3807 venial
846 3749 932 3803 Passo
948 3761 1017 3804 sane
1032 3747 1145 3804 cbristo
1161 3741 1308 3817 quondam
1321 3748 1390 3803 satis
1401 3747 1469 3803 estis
1481 3760 1628 3804 memores.

56 3837 142 3895 tulsos
157 3853 246 3909 quam
262 3840 394 3896 crudeles
408 3840 568 3909 depriment
583 3838 717 3895 miseriael
844 3837 933 3892 Juxta
948 3836 1042 3893 crucis
1057 3837 1121 3908 ejus
1135 3849 1214 3892 aram
1233 3849 1320 3907 quam
1335 3834 1453 3892 stetistis
1467 3835 1584 3892 llebiles.

62 3928 117 3984 mei
130 3934 198 3984 sunt
212 3936 323 3998 reatus3
338 3929 420 3999 placa
435 3929 537 3996 Deum,
552 3926 683 3996 Domina,
845 3926 898 3981 Per
911 3926 987 3982 hanc
1000 3939 1069 3997 ergo
1084 3932 1190 3981 sanctae
1205 3924 1306 3981 mortis
1320 3937 1368 3981 ore
1383 3938 1434 3981 vos
1447 3923 1611 3981 moestitiam

57 4029 103 4071 am
116 4015 204 4071 sensit
215 4015 284 4071 olim
298 4016 436 4072 meretrix
450 4015 595 4086 AEgyptia,
845 4013 1002 4085 lmpetretis
1017 4015 1067 4070 ubi
1081 4014 1163 4070 nobis
1174 4015 1241 4070 lesu
1257 4012 1295 4084 pii
1311 4013 1444 4084 gratiam.

61 4103 111 4175 qui
125 4110 152 4159 te
166 4110 254 4174 atque
269 4110 352 4159 tuum
368 4103 472 4159 lilium
487 4111 655 4174 negaverat.
845 4100 868 4158 0
882 4102 982 4170 Maria,
996 4104 1133 4174 quamvis
1148 4117 1197 4160 ore
1213 4109 1240 4158 te
1254 4101 1362 4172 polluto
1375 4102 1533 4170 nominem,

56 4195 106 4245 oto
117 4195 143 4243 ιε
158 4196 335 4258 quaerentem
350 4202 403 4244 cur
416 4188 566 4246 fraudabis
580 4188 686 4247 venial
793 4260 797 4275 Ι
844 4191 921 4247 Audi
935 4198 1039 4260 umen,
1049 4180 1079 4249 ot
1092 4205 1110 4247 a
1122 4191 1214 4262 culpis
1229 4191 1343 4248 interim
1359 4191 1395 4247 da
1409 4191 1549 4261 requiem.

55 4290 163 4347 nquam
180 4277 267 4333 moris
281 4274 336 4332 luit
350 4274 469 4332 miseros
484 4277 640 4347 despicere,
703 4264 735 4276 ”
812 4270 947 4359 ε’)ιεεεε]
960 4268 1080 4351 εεοεεε
1094 4280 1149 4336 bac
1164 4280 1192 4335 in
1208 4280 1268 4336 vita
1282 4280 1319 4335 da
1334 4279 1376 4336 tui
1390 4281 1569 4336 memoriam.

56 4377 184 4435 rumque
198 4378 255 4421 non
270 4371 369 4435 rogata
384 4366 525 4422 consuesti
540 4365 648 4422 visere:
845 4369 895 4437 lla,
912 4365 1003 4425 blaria
1017 4366 1109 4424 dulcis
1123 4375 1191 4435 tota,
1208 4367 1236 4423 in
1252 4367 1352 4424 lutura
1366 4367 1497 4438 gloriam.

56 4476 59 4499 ι
71 4452 165 4523 magis
178 4465 248 4523 ergo
260 4451 346 4508 debes
359 4452 504 4522 postulata
518 4452 627 4519 adloro,
777 4461 780 4467 ·
845 4455 1012 4524 Oloannes,
1029 4456 1115 4528 digne
1129 4455 1254 4513 multum
1269 4454 1321 4511 nei
1330 4455 1386 4511 dici
1399 4455 1508 4528 ενειία,

56 4539 167 4598 ειεεεε
180 4540 332 4613 appellaris
347 4540 451 4597 mentis
465 4555 536 4598 mea
549 4540 669 4598 vulnere
687 4540 731 4609 tf,
746 4539 791 4597 vi-
845 4543 902 4601 llos
915 4552 943 4601 ot
958 4545 1118 4615 omnesqui
1133 4552 1161 4601 te
1175 4551 1312 4615 quarunt
1324 4544 1353 4600 in
1367 4544 1480 4615 periclis
1494 4544 1594 4600 libera.

56 2303 172 2376 gtbmus
183 2303 223 2361 cd
237 2305 272 2359 B.
293 2303 453 2378 Virginem,
468 2307 496 2360 el
510 2307 542 2362 S.
558 2306 704 2361 Jonnnem

253 2393 472 2466 Euangeliciam

681 4628 790 4702 [scere],
846 4633 906 4689 iltsi
922 4646 1027 4704 corpus
1040 4632 1207 4699 tribulatur,
1224 4632 1328 4689 mentis
1344 4632 1415 4702 pelle
1429 4645 1534 4699 nocua,

56 4719 106 4787 lei,
120 4725 149 4775 et
163 4718 274 4788 piorum
291 4718 377 4790 plena
392 4732 509 4789 prorsus
522 4719 675 4788 viscerum,
846 4719 1054 4790 comprobetur
1067 4735 1104 4777 ert
1119 4720 1218 4778 effecto
1232 4721 1311 4792 quod
1326 4720 1363 4776 sit
1378 4720 1407 4775 in
1421 4728 1448 4777 ιε
1463 4720 1567 4791 gratia.

56 4820 136 4863 omne
149 4807 226 4877 quod
242 4808 377 4864 bumanae
393 4808 499 4878 lingua
512 4809 588 4865 valet
598 4808 737 4865 studium.
846 4810 897 4876 lla,
911 4807 1010 4874 llaria,
1028 4809 1086 4865 tuis
1099 4811 1191 4866 servis
1201 4810 1305 4866 animae
1314 4808 1497 4865 munditiam.

55 4908 139 4951 orum
154 4895 320 4952 elucescunt
334 4894 478 4952 claritates
492 4909 656 4952 munerum.
846 4899 896 4965 lla,
912 4897 1046 4965 loannes,
1062 4897 1250 4955 adversorum
1266 4898 1380 4955 vincere
1395 4896 1564 4954 molestiam.

56 4996 134 5040 nores
152 4982 183 5039 in
198 4998 242 5039 me
260 4997 366 5041 curans
378 4983 522 5054 quidquid
545 4991 587 5040 est
602 4982 791 5041 mortiterum.
846 4986 962 5044 Nesmet
975 4986 1060 5043 ambo
1076 4985 1112 5041 ad
1128 4987 1243 5043 virtutis
1257 4985 1362 5043 lineam
1378 4985 1505 5043 reducite
1521 5000 1528 5040 :

56 5085 103 5129 am
117 5070 182 5140 luit,
197 5086 249 5129 nec
261 5073 356 5130 existit
371 5087 425 5143 par
439 5072 489 5129 tibi
506 5072 549 5130 vel
566 5072 676 5129 similis.
847 5074 884 5131 Ut
897 5075 1036 5147 conjungi
1050 5088 1215 5132 mereamur
1230 5073 1353 5131 claritati
1369 5072 1484 5132 coelicae.

56 5160 100 5217 dut
112 5168 253 5217 creaturae
267 5170 452 5232 superexstas
465 5161 579 5218 nobilis.
