3818 6008
539 217 717 274 cinnamon
740 217 777 271 ιιι
797 198 946 274 annusm
970 217 1038 274 ιιιι.
1062 217 1098 272 ιι.
1661 224 1696 276 ra

56 366 99 409 :ns
120 351 188 407 lolia
204 365 261 407 non
277 357 346 407 sunt
362 350 404 407 uti
425 351 629 422 plerarumque
652 350 788 417 rotunda,
808 351 895 418 nait,
913 355 1031 420 bomine,
1056 352 1154 407 audiui
1167 355 1197 406 in
1217 352 1360 422 paradiso.
1375 353 1467 410 audio
1488 355 1560 426 quid
1581 356 1692 426 jubeas,

57 439 148 497 rturis
161 439 310 496 hiantibus
325 438 518 504 anfractuosa,
536 447 564 496 et
576 439 661 510 quasi
674 440 790 511 linguas
845 442 891 509 p³a
912 440 1019 497 scilicet
1034 439 1131 497 studia
1151 447 1288 510 repetere,
1315 441 1441 511 paradisi
1458 441 1600 500 virtutum
1616 448 1693 501 anti-

59 541 87 597 a,
103 535 131 584 et
144 540 256 597 aspera,
280 541 433 596 possumus
447 541 499 597 per
512 527 693 597 asperitatem
718 541 789 582 con-
843 541 970 598 quarum
985 526 1092 584 damna
1114 528 1228 596 deflere,
1244 529 1292 584 sed
1307 544 1407 586 verear
1421 532 1617 589 austeritatem
1632 550 1693 603 pm·

56 630 90 673 lm
114 623 249 682 veterem,
273 614 462 686 quasspecie
484 624 569 671 tenus
591 623 655 686 post
677 615 789 686 lapsum
843 614 979 682 nitentia,
1004 622 1031 671 et
1047 614 1122 671 banc
1143 614 1281 672 nuditatis
1300 617 1450 686 penuriam
1467 619 1550 674 novis
1571 633 1691 689 operum

84 703 233 773 accipere;
266 717 316 774 per
345 702 404 759 lolii
432 701 601 759 tenuitatem
629 702 790 773 hypocrisis
843 703 1107 773 vestibusoperire,
1124 709 1152 759 et
1168 703 1231 759 ideo
1253 705 1368 761 interim
1390 720 1442 775 per
1452 706 1604 765 exterioris
1618 708 1690 765 sub-

56 801 148 856 atem,
183 807 249 863 quae
281 799 376 848 tamen
406 790 508 862 gravia
539 799 690 862 contegere
719 791 789 847 vitia
843 789 1021 847 ornationem
1042 790 1159 847 babitus
1175 792 1313 861 pudorem
1330 807 1425 850 meum
1441 794 1553 850 decrevi
1569 795 1688 852 abscon-

56 895 155 952 uaque
176 886 335 950 nequeant.
353 879 425 950 quia
447 880 509 950 ipsa
532 879 647 950 linguas
670 879 787 943 babent.
842 880 920 935 dere.

879 968 964 1025 Vnus.
989 970 1031 1024 ll.
1046 998 1081 1007 -
1104 969 1170 1034 Quis
1190 970 1261 1022 enim
1286 968 1419 1024 indicauit
1440 970 1493 1026 tibi
1506 971 1579 1040 quod
1598 972 1689 1027 nudus

56 1060 79 1110 te
92 1054 287 1126 superductum
298 1054 383 1107 eiciat
393 1052 555 1122 quandoque
567 1053 697 1125 pudorem
842 1071 920 1123 esses,
945 1059 1001 1110 nisi
1022 1056 1095 1126 quod
1110 1057 1143 1110 de
1166 1057 1250 1123 liano,
1273 1056 1306 1110 de
1321 1072 1373 1125 quo
1396 1058 1448 1112 tibi
1462 1073 1642 1129 preceperam
1656 1077 1689 1114 ne

56 1146 140 1214 pictas
155 1148 274 1198 contecta
288 1141 348 1208 din,
366 1156 508 1211 necpnssa
522 1141 646 1203 recondi;
842 1144 1000 1210 comednes,
1029 1143 1190 1200 comedisti?
1217 1143 1297 1211 Quod
1324 1152 1366 1201 est
1389 1146 1481 1202 Deum
1510 1147 1618 1204 homini
1642 1149 1688 1204 di-

56 1233 81 1288 li
94 1233 144 1287 lua
162 1232 238 1286 clara
253 1233 365 1297 vitrum,
381 1232 421 1284 sic
433 1234 559 1296 penetral
571 1232 681 1297 sucum.
843 1246 906 1288 cere
921 1231 1088 1299 :Quomodo
1114 1234 1169 1288 scis
1197 1239 1222 1288 tc
1245 1245 1309 1288 mea
1332 1236 1505 1302 protectione
1533 1235 1688 1303 desertum,

56 1362 62 1374 .
88 1322 113 1374 il.
130 1320 298 1388 -cumque
320 1317 506 1372 deambularet
529 1320 663 1373 Dominus
685 1320 716 1372 in
738 1332 788 1385 pa·
843 1319 898 1376 uisi
920 1320 997 1390 quod
1022 1329 1048 1377 te
1077 1320 1150 1376 nosti
1173 1333 1224 1390 per
1248 1319 1290 1376 tui
1316 1334 1361 1376 me
1381 1335 1516 1378 excessus
1538 1322 1690 1380 ollendisse

56 1406 95 1462 ad
110 1423 209 1461 auram
230 1411 292 1476 post
313 1405 452 1461 meridiem
475 1405 617 1461 abscondat
644 1421 671 1460 se
686 1407 788 1472 Adam,
843 1409 981 1464 reatum?
1007 1409 1083 1464 lleus
1106 1408 1184 1465 enim
1206 1407 1293 1464 etiam
1318 1408 1476 1477 absentem,
1502 1418 1530 1466 et
1554 1411 1689 1481 ignarum

68 1497 158 1566 musa
171 1497 243 1562 secie
267 1495 380 1550 Domini
394 1496 444 1550 ilci
466 1497 496 1549 in
510 1495 597 1549 medio
613 1495 683 1564 ligni
702 1510 788 1564 para·
844 1495 997 1553 Dominum
1022 1496 1121 1552 timere
1143 1495 1231 1562 solet;
1252 1496 1301 1553 scd
1321 1496 1437 1566 spiritui
1463 1513 1528 1555 cum
1545 1499 1602 1554 ileo
1624 1515 1691 1555 sen-

56 1601 91 1640 na
111 1584 253 1639 audissent
274 1599 362 1639 cocem
386 1582 456 1654 ejus.
479 1583 542 1639 tlon
563 1585 671 1638 Darnini
693 1583 788 1637 deom-
845 1584 924 1640 tieuti
940 1583 1011 1654 quid
1037 1583 1165 1639 bumana
1181 1583 1339 1654 pertinacia
1353 1583 1475 1653 referat,
1502 1587 1691 1643 audiendum.

56 1689 60 1724 r
90 1677 118 1727 in
145 1672 278 1743 paradiso
313 1678 356 1727 est
381 1671 547 1741 increpatio,
578 1670 623 1727 vel
651 1649 829 1727 memoriaB
879 1672 964 1729 Vens.
995 1675 1038 1727 la.
1058 1699 1094 1713 -
1118 1672 1231 1739 Mulier,
1258 1688 1340 1742 quam
1362 1672 1464 1728 dedisti
1487 1675 1558 1728 milii
1580 1678 1691 1736 cociam.

56 1768 91 1817 tae
108 1760 229 1832 justitia
251 1761 313 1830 jam
337 1774 394 1815 non
410 1758 529 1829 stantis3
547 1757 586 1813 nil
611 1757 687 1815 enim
709 1757 788 1814 aliud
843 1760 918 1815 dedit
939 1760 1010 1815 milii
1024 1760 1057 1813 de
1080 1762 1163 1829 ligno,
1180 1765 1206 1815 et
1229 1760 1339 1814 comedi.
1366 1760 1498 1832 Fragilis,
1516 1762 1621 1833 inquil,
1637 1778 1691 1819 nu-

71 1849 101 1904 in
128 1848 211 1904 nobis
234 1861 323 1919 qnam
349 1847 426 1903 Deus
446 1854 498 1914 est,
516 1854 577 1917 post
600 1846 788 1917 perpetratio-
843 1848 996 1919 tabilisque
1020 1847 1164 1914 voluntas,
1182 1862 1270 1919 quam
1290 1848 1395 1904 rationi
1411 1848 1537 1906 indidisti
1556 1851 1691 1906 bumanae

56 1935 130 1992 ccati
147 1935 177 1991 in
192 1942 296 2001 mente,
310 1935 381 2005 quia
397 1935 459 2004 ipsa
475 1934 509 1990 de
523 1949 553 1990 sc
568 1935 701 2005 queritur
716 1935 788 1991 ratio
845 1936 905 1992 baec
927 1936 1050 2002 monuit,
1078 1937 1139 1992 baec
1168 1937 1276 1992 intulit.
1305 1936 1349 1991 Τιι
1372 1936 1424 2006 qni
1445 1943 1484 1993 tol
1512 1937 1690 1994 intoleranda

56 2022 201 2078 adauram
224 2022 331 2078 seilicet
345 2027 406 2091 past
430 2022 581 2088 meridiem,
597 2029 669 2077 aestu
693 2028 788 2078 tenta·
843 2024 952 2080 bomini
977 2024 1145 2095 precepisti,
1171 2023 1323 2093 providere
1346 2024 1496 2090 debueras,
1527 2033 1560 2081 ut
1583 2032 1689 2082 statum

56 2125 105 2182 per
134 2110 268 2167 ellectum
296 2125 382 2166 suum
412 2111 473 2180 jam
501 2109 730 2177 delervescenle,
761 2116 788 2165 et
842 2112 1000 2170 voluntatis
1024 2112 1209 2168 lnllexibtlem
1237 2111 1354 2168 baberet
1379 2112 1414 2168 ad
1441 2113 1596 2183 passiones,
1624 2130 1690 2184 quae

69 2200 194 2256 bominis
215 2199 376 2255 secundum
401 2198 450 2254 Dei
466 2212 581 2256 sensum
599 2212 650 2269 pro
671 2198 717 2254 sui
737 2198 786 2253 de·
843 2201 929 2257 menti
941 2201 1121 2272 ingruerent,
1138 2199 1324 2270 respuendas.

56 2288 157 2360 iugula
171 2287 266 2345 cardis
286 2287 348 2344 loca
361 2287 512 2354 lustrante,
535 2286 583 2342 sed
599 2300 656 2341 nou
671 2292 713 2342 est
727 2299 788 2341 cre·
879 2290 965 2346 Vens.
1000 2292 1040 2354 ll,
1077 2290 1119 2343 ll.
1148 2317 1176 2328 -
1204 2289 1244 2343 Et
1266 2288 1341 2342 dieii
1363 2289 1434 2343 lleus
1461 2289 1499 2342 ool
1526 2291 1687 2345 mulierem:

56 2391 110 2434 :nm
137 2378 193 2432 ileo
217 2376 342 2433 sentiens
361 2375 480 2446 spiritus
503 2374 567 2445 ejus
583 2374 666 2444 (Psoi.
683 2388 788 2440 cantur,
842 2377 931 2444 Quare
950 2379 997 2431 boc
1010 2374 1125 2444 fecisti?
1147 2376 1325 2432 Convenitur
1338 2375 1437 2432 eodem
1457 2385 1573 2433 auctore
1589 2378 1690 2433 volun·

56 2465 166 2530 recudit,
190 2464 276 2531 enim,
292 2479 320 2518 se
334 2463 435 2528 Adam,
451 2469 475 2517 el
491 2478 562 2517 uuor
579 2462 638 2530 ejus
657 2464 686 2515 iu
701 2462 788 2516 medio
842 2473 896 2534 tas,
912 2465 959 2523 sed
973 2465 1143 2522 humanitus
1166 2465 1196 2520 in
1209 2464 1343 2520 allectum
1359 2463 1471 2520 derivat
1485 2464 1618 2521 oliensas.
1634 2466 1688 2532 Τιι,

56 2552 168 2609 aradisi.
195 2552 318 2624 lignum
341 2550 466 2620 paradiii
488 2549 662 2607 allectusest
686 2550 793 2617 anani„
844 2554 948 2625 inquit,
970 2568 987 2609 c
1008 2555 1094 2620 Deus,
1122 2560 1257 2609 curtam
1283 2552 1398 2608 labilem
1420 2552 1522 2609 dedisti
1547 2552 1689 2610 voluntati

56 2641 147 2698 medic
175 2640 372 2706 absconditur,
399 2638 533 2710 quisquis
555 2639 585 2694 in
609 2637 672 2709 ejus
698 2652 789 2708 prava
843 2641 987 2711 allectum,
1004 2641 1054 2713 qui
1070 2656 1128 2698 nou
1143 2640 1236 2697 solum
1252 2655 1310 2697 non
1330 2640 1480 2710 adjurata
1495 2642 1567 2698 bono
1580 2642 1688 2710 devios,

60 2729 158 2797 udins,
176 2742 212 2784 ue
231 2728 266 2784 ad
285 2728 333 2784 Dei
358 2727 475 2797 respiret
491 2726 632 2795 notitiam,
658 2726 788 2783 libertate
843 2731 991 2786 sedetiam
1020 2730 1119 2798 illicit;
1136 2737 1164 2785 et
1178 2729 1342 2786 exorbitare
1366 2729 1434 2786 lacit
1448 2729 1548 2785 divina
1570 2743 1688 2787 conver-

56 2816 250 2890 eegrediendi
266 2814 536 2887 negatasepelitur3
553 2814 721 2871 ltuucenim
735 2829 788 2870 vo·
843 2820 952 2875 satione
978 2817 1138 2888 portentosi
1162 2818 1310 2883 Quomodo
1333 2818 1465 2874 lrenatur
1488 2819 1524 2874 ab
1549 2817 1689 2888 improbo,
1741 2866 1744 2871 .

56 2907 171 2975 catalus,
196 2905 452 2976 peecatumliiom,
478 2919 527 2970 ιιι,
558 2905 611 2973 ll),
637 2903 707 2975 quia
731 2917 788 2959 non
809 2907 893 2999 Cqui
918 2921 974 2962 non
999 2905 1080 2977 plene
1104 2904 1230 2962 cobiberi
1252 2905 1389 2975 prevalet
1409 2905 1494 2961 etiam
1519 2905 1554 2962 ab
1579 2906 1690 2976 integre

76 2995 209 3052 incarne
232 3008 286 3051 sua
301 2994 421 3050 bonum.
446 2992 499 3048 Sed
514 3007 571 3048 nnn
598 2993 690 3050 Adam
713 2998 790 3049 totas
844 2996 957 3067 probo?
972 2995 1050 3061 Quod
1073 3002 1166 3051 totum
1179 3000 1221 3049 est
1239 3008 1245 3048 :
1261 2993 1377 3063 Serpens
1393 2993 1496 3063 decepit
1516 3009 1565 3049 me.
1582 2993 1689 3050 Verum

56 3082 99 3140 illc
112 3083 164 3154 qui
189 3081 347 3154 quondam,
364 3082 412 3138 sed
438 3080 530 3136 Adam
552 3080 630 3151 quod
647 3080 789 3150 interpre-
843 3082 1040 3156 querimonias
1060 3083 1089 3138 iu
1111 3097 1140 3139 se
1156 3082 1250 3152 inepte
1272 3081 1351 3138 lusos
1370 3082 1447 3138 Deus
1469 3081 1612 3138 intellectu
1632 3096 1690 3138 cor·

56 3186 174 3238 manue,
191 3170 234 3226 vel
250 3178 327 3227 terra
343 3170 433 3226 rubra
454 3176 578 3237 terrena,
594 3168 725 3225 videlicet
740 3181 789 3223 sa·
843 3180 919 3229 recto
946 3171 983 3228 ad
1003 3179 1164 3242 respectum
1193 3172 1448 3242 causationemque
1474 3186 1531 3227 uon
1554 3172 1610 3240 sui,
1639 3171 1687 3227 sed
1746 3232 1749 3237 ,

56 3265 72 3316 ιι
87 3259 214 3330 corporis
227 3257 358 3315 addictus
374 3255 567 3327 passionibus,
582 3264 610 3313 et
625 3270 701 3313 uxor
714 3255 787 3325 eius,
844 3274 940 3331 pravae
955 3257 1111 3316 allectionis
1127 3258 1282 3329 intorquet.
1306 3259 1380 3315 llicit
1393 3273 1463 3330 ergo
1480 3260 1556 3316 Deus
1572 3259 1691 3316 rationis

56 3349 237 3415 plantasse,
253 3347 393 3418 quaeolim
407 3344 571 3416 sibijnncla
585 3343 788 3400 individuollei
845 3349 982 3405 instinctu
1006 3362 1056 3418 per
1071 3356 1184 3403 terrena
1204 3347 1340 3417 serpenti.
1368 3350 1439 3418 Quia
1452 3349 1546 3412 fecisti
1559 3349 1607 3404 boc
1628 3363 1689 3402 ma-

58 3436 261 3509 agglutinanle
283 3435 447 3505 complexu,
463 3448 543 3489 nunc
559 3433 629 3488 adeo
644 3432 789 3502 disparata
844 3437 958 3492 tediatus
984 3452 1012 3490 es
1027 3439 1208 3491 internuncia
1233 3438 1396 3501 aerimantia,
1427 3441 1452 3491 ct
1474 3437 1573 3491 bestiae
1602 3442 1688 3490 terre.

55 3524 127 3583 nimi
147 3524 260 3581 diabolo
283 3523 427 3579 mediante
440 3521 577 3589 discessu,
595 3528 704 3592 quanto
727 3522 790 3576 trica
843 3523 926 3591 Quia,
951 3525 1054 3594 inquit,
1077 3523 1203 3580 fidelium
1221 3524 1380 3580 seductioni
1404 3524 1532 3591 incubas,
1558 3537 1689 3580 exsecm-

55 3625 74 3669 ιι
95 3612 155 3683 jam
170 3626 303 3682 supernae
326 3610 441 3675 rationi,
466 3610 514 3666 sed
540 3617 659 3666 terrenae
679 3608 790 3666 astutia
845 3611 914 3668 lieni
938 3624 999 3667 esse
1020 3610 1105 3666 debes
1122 3609 1197 3665 inter
1213 3610 1313 3666 vitalia
1328 3610 1470 3666 virtutum
1493 3609 1599 3676 studia,
1625 3623 1691 3679 quae

56 3699 198 3771 paralium
226 3712 322 3755 amore
350 3698 490 3755 bonorum
518 3697 633 3754 arctiori
657 3697 788 3767 copulata
844 3700 999 3770 signantur
1022 3713 1072 3769 per
1099 3701 1254 3753 animantia
1273 3703 1299 3753 et
1323 3699 1422 3753 bestias
1446 3703 1534 3764 terra,
1559 3698 1690 3753 ferocitas

56 3787 291 3856 ru,dirinaevoci
307 3785 789 3858 posttergamonentinbandiunt‚
843 3788 950 3855 carnia,
982 3787 1088 3843 scilicet
1117 3786 1196 3843 vitia.
1227 3786 1270 3842 Tu
1296 3786 1372 3842 bona
1398 3786 1476 3841 enim
1504 3786 1637 3856 dissipas,
1658 3793 1690 3843 tu

56 3877 195 3934 lunatione
210 3889 269 3947 qua
284 3876 412 3932 diximus
426 3890 455 3932 se
474 3874 577 3931 montis
598 3874 788 3931 abscondunt.
844 3875 966 3933 crimina
995 3875 1123 3945 instigas.
1152 3877 1243 3944 Super
1267 3879 1360 3944 pectus
1389 3879 1464 3928 tuum
1486 3874 1632 3942 gradieris.
1659 3873 1690 3928 ln

56 3965 70 4020 ti
87 3963 244 4035 accipimus
259 3965 329 4032 ligni
344 3963 465 4034 positum
488 3976 541 4034 pro
555 3964 700 4031 timorum,
716 3962 792 4018 sicut
845 3971 956 4035 pectore
978 3978 1027 4020 cor
1039 3964 1186 4032 babemus,
1202 3971 1229 4019 et
1250 3963 1280 4018 in
1293 3962 1378 4019 corde
1397 3963 1548 4019 rationem.
1564 3961 1692 4018 Allectus

56 4067 108 4107 ram
132 4059 159 4108 et
184 4067 279 4106 ronam
306 4066 357 4122 pro
379 4053 466 4118 roais,
492 4057 519 4106 et
543 4052 689 4119 coerromgis
702 4063 791 4105 sacrae
845 4053 943 4123 itaque
957 4066 1044 4123 super
1058 4061 1157 4122 pectus
1177 4051 1316 4120 ambulat,
1333 4052 1449 4122 quando
1469 4051 1524 4108 sibi
1538 4050 1691 4121 imperium

70 4147 182 4210 ponunt
207 4139 295 4210 (Paul.
321 4155 428 4207 ιιιιιιίι,
451 4139 507 4209 45),
536 4137 661 4209 proiecto
684 4141 713 4193 in
736 4154 790 4193 me·
845 4141 965 4196 rationis
980 4148 1111 4211 usurpat.
1142 4140 1222 4196 Unde
1239 4140 1309 4211 qaid
1335 4139 1419 4196 iaciat
1439 4140 1552 4205 «lextra,
1571 4137 1693 4209 jubetur

56 4244 139 4284 rorum
161 4230 289 4299 paradisi
304 4229 401 4284 nudus
414 4243 444 4284 se
466 4228 549 4294 celat,
565 4227 700 4298 quisquis
717 4225 790 4281 male
810 4228 956 4292 pnescire
978 4228 1095 4284 sinistra
1117 4227 1229 4296 (Muttlr.
1257 4243 1296 4293 vt,
1322 4228 1359 4297 3).
1385 4229 1473 4296 Super
1495 4233 1588 4297 peetus
1606 4224 1691 4281 etiam

56 4323 218 4373 sanctorum
239 4316 369 4373 virorum
386 4317 518 4373 societate
535 4329 564 4371 se
586 4314 693 4385 palliat.
711 4313 791 4370 Unde
845 4316 934 4381 vadit,
959 4314 1028 4371 dum
1045 4315 1201 4386 appetitum
1225 4315 1307 4386 quasi
1326 4316 1497 4372 naturaliter
1517 4315 1552 4370 ad
1568 4313 1626 4369 ima
1648 4312 1693 4366 de

64 4403 243 4476 quibusdam
263 4403 389 4460 dicitnr:
407 4406 475 4458 bote
488 4404 566 4458 nobis
579 4402 612 4457 de
625 4403 680 4458 oleo
693 4407 791 4468 uestro,
846 4404 953 4476 primii.
976 4403 1067 4461 Aliter
1087 4403 1245 4459 benedictio
1262 4404 1289 4458 in
1305 4418 1387 4461 sacro
1411 4402 1535 4474 eloquio,
1552 4402 1626 4457 sicut
1643 4414 1692 4471 pro

56 4492 172 4563 mpudes
194 4496 293 4546 nostre
312 4494 506 4556 restinguatur
522 4491 631 4560 (Malli.
657 4505 724 4551 xxv,
751 4493 791 4551 8l.
846 4490 1084 4562 multiplicatione
1108 4493 1234 4559 ponitur,
1252 4491 1291 4547 ila
1308 4491 1469 4547 maledictio
1484 4506 1535 4562 pro
1557 4489 1693 4546 delectio-

59 4580 107 4638 uia
121 4594 157 4636 ex
175 4588 272 4637 nostro
287 4594 372 4651 opere
392 4579 667 4642 obtenebrascimus.
692 4586 792 4635 vestm*
847 4594 892 4635 nc.
911 4581 985 4634 later
1002 4582 1092 4634 omorio
1112 4580 1200 4649 igitur
1214 4581 1378 4646 animantia,
1400 4581 1469 4636 vitia
1483 4581 1584 4650 utiquc
1598 4578 1695 4634 carnis

56 4667 245 4723 amiliaritatis
269 4667 422 4738 impendite
436 4670 570 4738 gratiam,
597 4675 628 4725 ut
644 4667 668 4722 si
684 4681 740 4721 non
757 4680 791 4721 ex
847 4669 1053 4734 mansuetiora,
1077 4675 1109 4724 ut
1131 4675 1199 4724 sunt
1222 4669 1251 4724 in
1266 4669 1339 4737 cibo,
1357 4677 1437 4738 polu,
1452 4680 1612 4737 somnoque
1639 4678 1694 4720 en-

67 4754 170 4812 sallem
183 4770 220 4811 ex
235 4764 330 4812 vestra
343 4755 406 4812 luce
419 4755 594 4826 fulgeamus.
847 4770 954 4821 cessus,
987 4761 1013 4811 et
1043 4757 1152 4822 bestias,
1176 4755 1305 4812 crudelia
1338 4757 1454 4824 scilicet,
1488 4763 1515 4811 et
1539 4752 1694 4819 horrenda,

58 4886 66 4900 .
92 4847 120 4909 9,
145 4845 240 4901 l0.-
262 4847 425 4914 Vocanitque
447 4844 581 4899 Dominus
598 4847 667 4899 beus
691 4844 793 4912 Adam,
848 4842 967 4899 allectus
998 4843 1059 4909 iste,
1081 4843 1133 4914 qui
1157 4843 1238 4915 origo
1262 4852 1429 4908 eorumest,
1455 4843 1558 4898 babeat
1581 4848 1695 4897 aeternae

56 4934 117 4988 'iet’
129 4949 135 4986 :
154 4931 256 4998 Adam,
282 4932 330 4986 ubi
353 4931 409 4987 esi.
430 4935 482 5000 oui
506 4935 570 4987 ait:
591 4933 683 4987 Vocem
707 4938 792 4988 luam.
848 4930 1014 4987 deiectionis
1035 4931 1166 4988 exilium.
1197 4935 1306 4989 Terram
1329 4932 1447 4987 comedes
1473 4934 1577 4985 cunetis
1601 4929 1695 4984 diebus

56 5062 64 5089 ‚
90 5021 191 5075 audiri
217 5023 246 5075 in
266 5021 411 5091 paeradisa,
426 5025 452 5075 el
473 5023 555 5075 timui
567 5036 597 5075 eo
611 5020 684 5089 quod
704 5020 804 5074 nudus·
848 5023 911 5074 uile
923 5025 976 5075 tcta
991 5037 998 5074 :
1016 5019 1043 5075 id
1058 5027 1099 5075 esi
1114 5020 1143 5075 in
1158 5021 1238 5076 omni
1258 5019 1461 5091 prosperitatis
1476 5033 1542 5090 quae
1557 5032 1606 5090 per
1621 5017 1695 5073 diem

61 5115 89 5166 et
113 5108 243 5165 abscondi
261 5124 311 5164 me.
330 5108 419 5167 liccat
442 5109 581 5165 Dominus
602 5108 705 5175 Adam,
728 5122 794 5164 cnm
848 5107 1000 5178 signatur,
1026 5108 1119 5177 specie
1146 5108 1269 5165 terrenis
1294 5108 1437 5178 pasceris,
1464 5121 1529 5178 quac
1554 5105 1697 5177 praecipue

56 5212 84 5255 ιιι
107 5196 270 5269 cujuspiam
286 5203 350 5267 post
370 5210 470 5253 casum
486 5196 608 5253 interius
621 5196 796 5252 conveniens
849 5203 950 5250 contra
974 5195 1064 5251 vitam
1086 5194 1213 5252 bdelium
1228 5196 1312 5252 vicis.
1338 5197 1390 5262 Qui
1407 5205 1511 5253 terram
1528 5194 1697 5260 manducat,

56 5295 78 5344 tt
109 5285 145 5343 ad
179 5285 386 5356 penitentiam.
429 5286 481 5342 ilbi
506 5285 555 5340 esi
580 5284 676 5356 iuquit
702 5284 796 5342 locum
849 5291 1111 5354 quantumcunque
1134 5285 1297 5352 comederit,
1324 5285 1389 5355 plus
1417 5286 1469 5341 sibi
1489 5281 1697 5341 comedendum

56 5387 118 5433 aeas
142 5373 267 5440 attende,
283 5373 335 5445 qui
362 5387 420 5430 non
445 5373 520 5430 alius
545 5387 634 5444 quarn
660 5372 797 5443 superbia
850 5384 940 5442 quam
963 5371 1089 5442 potuerit
1103 5373 1250 5429 comedere
1266 5379 1364 5442 restat,
1388 5374 1429 5430 sic
1443 5374 1487 5430 liis
1502 5373 1554 5444 qui
1578 5371 1699 5439 cupiunt

56 5463 67 5521 l
89 5460 160 5519 olim
175 5461 295 5519 bumilis
317 5469 393 5519 stare
412 5459 576 5518 didiceras?
602 5463 693 5541 iorem
710 5465 795 5529 lnam,
851 5467 1112 5530 quantumcunque
1126 5460 1273 5517 obtineant
1287 5461 1429 5532 cupienda
1446 5464 1604 5520 restabunt.

125 5563 265 5628 i'sraon.
292 5561 394 5627 clvi.
1524 5571 1542 5628 ³
