3818 6008
92 169 155 223 raet
601 165 647 220 an
665 140 740 220 cnr.
761 161 841 219 vnn.
862 163 1025 220 cumeani
1045 165 1092 221 oa
1109 164 1308 225 novicsuro
1788 173 1850 227 uas

91 299 187 373 oppidi
209 297 339 369 ingressi,
364 295 478 351 obviam
501 293 555 350 sibi
572 294 698 350 terarum
719 307 753 350 ac
779 292 936 350 bestiarum
955 296 978 348 h
993 293 1062 352 Erat
1076 295 1153 352 enim
1169 295 1268 353 hilaris
1281 311 1406 370 semper,
1421 305 1449 356 et
1463 299 1575 371 placido
1594 299 1697 370 vultu,
1713 301 1851 360 charitate

92 388 205 445 diversa
227 401 332 457 genera
347 383 511 441 cernebam.
536 383 608 439 Nam
632 382 679 440 ille
695 382 848 450 bubulum,
866 382 941 438 alins
994 390 1083 461 atque
1103 384 1266 442 humilitate
1290 387 1452 458 perspicua,
1477 387 1671 461 eleemosynis
1696 391 1851 461 promptis

93 490 228 546 cervum3
258 475 304 531 ille
333 487 445 540 ursum,
471 472 545 529 allus
573 487 664 540 suem,
690 471 821 528 nonnulli
846 471 938 542 lupos,
994 473 1077 541 sima,
1100 481 1127 531 et
1142 489 1207 545 quae
1222 475 1298 532 circa
1312 477 1362 534 Dei
1388 477 1498 535 cultum
1521 487 1601 549 sunl,
1628 478 1720 536 valde
1742 479 1850 537 devota

93 566 222 638 plerique
238 564 426 619 nihilominus
449 561 558 632 vulpes,
580 561 655 618 alius
671 561 783 617 interim
799 560 939 617 lascivum
993 558 1066 626 Quid
1092 561 1207 618 multa?
1226 563 1304 619 lnlra
1319 565 1416 638 exigui
1438 568 1575 637 temporis
1594 569 1733 638 spatium
1749 582 1853 624 coacer-

94 656 218 720 asinum,
242 660 412 722 trucemque
435 652 591 707 cernebant
618 651 738 718 leonem,
762 650 940 722 egredientes
994 656 1067 706 valae
1091 649 1239 708 incudem
1266 653 1329 710 loco
1349 662 1427 723 sunt,
1451 654 1494 711 vel
1509 655 1690 712 monasterio
1719 655 1852 712 adunata

93 752 121 799 ct
148 743 290 814 lugientes
315 740 402 797 simul
427 741 462 796 de
487 741 602 796 civitate
629 749 657 796 et
682 748 785 796 cetera
812 747 939 795 monstra
994 738 1060 809 plus
1072 738 1205 796 minusve
1221 747 1354 797 trecentae
1366 740 1482 799 ramulae
1495 742 1612 800 Christi.

93 831 259 896 bestiarum,
284 845 349 901 quae
373 829 442 886 huic
465 830 543 900 operi
565 829 691 885 interere
717 828 862 899 prolixum
886 834 937 897 est,
1028 826 1146 898 illisque
1167 829 1311 900 dispositis
1326 844 1377 901 per
1392 837 1502 888 turmas
1517 830 1610 888 instar
1624 832 1852 905 agaunensium

93 936 129 977 ne
142 920 288 976 lastidinm
301 920 389 976 lector
405 919 544 975 incurrat.
993 914 1212 984 monachornm,
1229 918 1413 989 habendique
1427 919 1627 976 castimoniam
1647 921 1713 992 lab,
1730 920 1851 977 habendi

127 1009 188 1077 Quo
204 1008 344 1065 miraculo
360 1022 466 1079 pavore
487 1007 613 1077 percussi
629 1022 728 1063 omnes
743 1006 865 1062 ministri
882 1007 938 1062 ml·
994 1003 1135 1074 normam]
1160 1005 1311 1076 disposuit.
1334 1007 1384 1064 Die
1409 1021 1441 1063 ac
1467 1016 1551 1065 nocte
1574 1010 1756 1080 praecipiens
1782 1010 1850 1080 psal-

93 1098 243 1165 rabantur‚
258 1097 395 1168 quoniam
413 1096 441 1151 ln
458 1097 505 1153 illo
526 1095 587 1152 luco
602 1096 662 1152 istae
678 1096 774 1152 bestiae
792 1109 939 1166 nusquam
993 1090 1069 1148 lendi
1089 1107 1224 1150 canorem
1241 1096 1430 1167 omnipotenti
1447 1098 1504 1153 beo
1527 1111 1698 1168 personare,
1727 1106 1758 1155 et
1770 1100 1851 1171 juxta

93 1193 177 1242 antea
199 1193 400 1256 apparuerant.
425 1184 499 1252 Quid
523 1184 704 1241 alinddatur
729 1183 860 1255 intelllgi,
884 1184 938 1240 nisi
993 1180 1140 1253 egregium
1175 1183 1390 1253 predicatorem
1427 1185 1570 1253 Paulum,
1602 1188 1669 1244 sine
1707 1187 1849 1244 intermis

92 1275 169 1345 (prend
193 1276 372 1331 sanctitatem
389 1288 422 1329 ac
445 1273 573 1344 vigorem
598 1273 770 1329 ancillarum
796 1274 938 1330 lleianti-
993 1270 1073 1326 sione
1102 1285 1185 1328 orare
1217 1272 1245 1343 (l
1272 1273 1362 1329 Thess.
1395 1290 1420 1338 v,
1446 1275 1501 1345 ll).
1534 1274 1603 1342 Qnae
1631 1276 1784 1334 institutio
1808 1278 1849 1333 ha·

92 1379 169 1434 quus
184 1363 271 1419 hostis
284 1378 341 1419 non
358 1363 460 1428 lenens,
485 1377 551 1418 cum
567 1361 626 1417 suls
641 1361 811 1417 satellitibus
826 1361 939 1432 lugiens
993 1365 1093 1415 ctenus
1110 1361 1138 1415 in
1158 1361 1267 1430 eodem,
1284 1362 1396 1420 Christo
1418 1364 1544 1434 auspice,
1565 1365 1742 1422 celebratur
1760 1382 1846 1423 coeno

92 1451 238 1508 discessit?
261 1453 318 1508 Nec
342 1452 483 1507 immerito
509 1451 538 1505 in
562 1450 717 1506 bestiarum
743 1465 772 1505 se
793 1449 938 1506 ferarum·
993 1446 1048 1503 uio.
1080 1448 1232 1520 Flagrabat
1256 1451 1362 1522 quippe
1385 1451 1413 1507 in
1433 1453 1532 1510 eodem
1555 1454 1705 1512 desiderio
1731 1457 1846 1512 canendi

92 1555 158 1611 que,
192 1548 219 1596 et
239 1547 437 1596 monstruosas
471 1538 611 1595 deformat
643 1539 761 1609 figuras,
797 1537 938 1606 variaque
993 1537 1130 1594 carminis
1154 1538 1237 1595 valde
1259 1554 1341 1596 amor
1354 1540 1492 1598 intentus.
1515 1541 1619 1599 Plures
1642 1543 1806 1615 siquidem,
1821 1553 1848 1601 ut

93 1628 229 1699 figmenta
262 1628 411 1698 depromit,
445 1627 505 1697 qui,
540 1635 679 1696 utpotea
710 1625 784 1681 bono
807 1596 1081 1693 CreatoreBsupra
1094 1624 1233 1692 diximus,
1250 1626 1400 1695 nobilium,
1417 1627 1453 1683 ad
1471 1628 1625 1685 servitium
1642 1629 1757 1687 Christi
1772 1631 1847 1687 colli·

91 1717 185 1771 bonus
205 1721 318 1770 creatus
340 1714 469 1785 angelus,
496 1714 630 1784 superbia
655 1713 786 1783 deinceps
809 1713 938 1770 tumidus
992 1712 1100 1782 gendes
1115 1715 1214 1770 sitiens
1228 1714 1385 1772 adunabat.

91 1803 201 1860 dudum
228 1803 340 1859 dixerat
364 1803 392 1858 in
419 1802 503 1858 corde
527 1817 603 1859 suo:
628 1825 636 1848 u
663 1802 756 1872 Super
776 1810 852 1858 astra
875 1801 937 1858 caeli
1026 1801 1098 1856 Nam
1123 1802 1197 1858 inter
1221 1812 1338 1860 caeteras
1353 1804 1493 1861 nobilium
1520 1805 1748 1864 sicambrorum
1771 1806 1845 1866 lemi-

91 1892 253 1959 ascendam‚
278 1905 382 1961 ponam
399 1892 535 1946 thronum
559 1904 655 1946 meum
681 1891 715 1946 ad
739 1889 935 1961 aquilonem:
991 1904 1053 1958 nas,
1071 1890 1162 1959 Odila,
1188 1892 1335 1948 nobilitate
1356 1900 1383 1949 ct
1407 1893 1522 1964 ingenio
1545 1901 1663 1951 naturae
1691 1895 1771 1952 bono
1793 1894 1844 1971 lot..

90 1981 192 2036 similis
223 1994 271 2036 ero
303 1980 450 2035 ditissimo
480 1981 546 2043 (iso.
580 1996 636 2044 xiv,
669 1980 727 2046 l·l);
753 2000 767 2029 >r
791 1993 871 2034 nunc
903 1979 937 2035 de
991 1977 1098 2049 ingenii
1117 1987 1224 2036 natura
1244 1979 1320 2052 bunil
1346 1980 1547 2052 pollensque
1569 1983 1679 2052 etipsa
1707 1984 1842 2055 pridema

90 2082 216 2140 superna
231 2069 369 2136 claritate,
380 2075 407 2125 et
419 2067 727 2138 paradisodeliciarum
739 2068 854 2138 ejectus.
870 2081 935 2124 cnm
990 2066 1146 2121 venerabili
1163 2067 1346 2143 waldeberto
1360 2068 1517 2126 Christiani
1534 2071 1647 2142 rigoris
1664 2072 1807 2145 insignia,
1821 2081 1844 2130 et

89 2157 150 2214 suis
164 2157 338 2228 sequacibus
363 2156 390 2212 in
413 2157 607 2218 lormicarum.
633 2156 934 2223 vermiumsoricnm,
989 2153 1105 2211 salubre
1124 2163 1272 2226 acceperat
1297 2157 1468 2227 antidotum,
1494 2159 1614 2216 consilio
1636 2171 1762 2232 accepto
1784 2177 1840 2219 cunr

90 2247 133 2303 vel
147 2246 275 2318 qnalibet
291 2246 410 2302 deiormi
426 2246 517 2316 specie
540 2252 631 2312 actus,
647 2246 816 2316 mysterium
835 2259 936 2314 opera·
989 2241 1073 2313 legali
1100 2243 1210 2318 [regali]
1228 2246 1289 2302 viro
1316 2246 1419 2302 illustri
1445 2247 1570 2332 bodone,
1595 2263 1688 2320 quem
1714 2253 1841 2323 superius

89 2342 138 2391 lur
152 2333 313 2405 iniquitatis
327 2349 333 2388 :
348 2334 501 2404 siquidem
525 2333 626 2404 priscis
645 2333 830 2403 temporibus,
856 2334 932 2403 qnod
989 2328 1079 2401 lodda,
1103 2332 1272 2407 leudinum]
1298 2335 1497 2406 prediximus,
1520 2336 1571 2407 qul
1600 2352 1635 2394 eo
1658 2342 1840 2410 temporein·

89 2422 218 2493 plerique
233 2423 328 2478 adhuc
343 2423 482 2478 memoria
502 2422 635 2486 retinent,
650 2428 677 2477 et
693 2421 860 2491 superstites
874 2435 934 2478 csse
988 2420 1128 2490 dustrius,
1144 2430 1171 2478 el
1193 2432 1301 2493 potens,
1324 2431 1351 2480 el
1366 2425 1525 2482 secundum
1545 2427 1647 2483 saeculi
1673 2428 1838 2500 dignitatem

88 2518 257 2580 noscuntur,
275 2510 324 2581 qni
338 2510 391 2567 hoc
409 2511 521 2566 lacinus
535 2510 681 2578 viderunt,
698 2511 775 2580 quod
791 2510 820 2565 in
835 2511 934 2567 eodem
989 2508 1093 2565 florens
1117 2519 1188 2577 erat,
1219 2513 1381 2582 postpositis
1414 2513 1642 2584 phaleramentis
1668 2518 1787 2586 mundi,
1809 2519 1837 2575 ad

88 2600 203 2670 oppido,
220 2608 252 2656 nt
271 2600 408 2668 ereditur,
425 2599 538 2669 antiqui
561 2599 667 2669 anguis
688 2599 814 2656 versutia
829 2598 934 2656 crude·
987 2597 1141 2655 Dominum
1166 2609 1235 2658 suut
1249 2601 1393 2672 conversi3
1418 2603 1562 2674 rebusque
1581 2605 1645 2661 suis
1661 2608 1837 2664 monasteriis

88 2688 152 2746 liter
174 2689 301 2758 rigebat,
325 2688 458 2758 plebeios,
489 2688 611 2744 rusticos
634 2694 721 2758 atque
749 2688 864 2744 hebetes
886 2688 934 2744 bo
987 2686 1104 2755 collatis,
1130 2695 1192 2758 post
1216 2690 1327 2746 beatam
1355 2689 1549 2762 salabergam,
1575 2693 1718 2750 eumdem
1745 2695 1836 2752 callem

87 2777 178 2833 mines
201 2784 262 2833 arte
290 2776 395 2832 callida
418 2776 604 2842 ludificabat,
629 2776 664 2831 de
689 2790 748 2846 quo
772 2776 931 2833 scribitur:
987 2781 1109 2831 terentes
1142 2776 1316 2834 Landununt
1349 2779 1542 2849 properabant
1572 2778 1835 2856 [properaveruntl.

89 2886 99 2911 ι
118 2863 208 2934 Cuius
224 2863 300 2920 mille
318 2863 439 2919 nocendi
461 2871 528 2919 sunt
543 2870 627 2919 artes.
648 2885 659 2911 ι
677 2864 749 2919 Nam
770 2864 824 2920 sub
839 2866 932 2934 specie
952 2862 1063 2954 cllodo
1079 2863 1169 2921 incisa
1183 2866 1299 2922 cesarie
1321 2867 1464 2936 monachi,
1486 2867 1514 2924 in
1531 2878 1683 2941 quantum
1698 2886 1746 2928 res
1766 2873 1836 2928 sine-

85 2951 251 3008 idololatriae
277 2951 335 3023 lob,
360 2950 548 3021 baptismatlsl
571 2965 619 3006 eos
633 2951 687 3007 sibi
703 2952 818 3021 proprie
831 2954 931 3009 vendi·
987 2951 1045 3017 bal,
1062 2953 1167 3023 agebat
1183 2953 1321 3011 olllctum.
1338 2955 1379 3013 Ac
1393 2969 1449 3012 non
1464 2956 1556 3013 multo
1572 2963 1637 3027 post
1651 2959 1733 3016 Tulli
1748 2961 1835 3031 oppidi

85 3040 175 3096 cahat.
197 3040 327 3111 Denique
342 3054 408 3095 raro
423 3048 550 3109 tempore
574 3047 687 3108 peracto
703 3038 761 3109 lul,
779 3047 854 3096 retro
869 3049 931 3098 acto
985 3039 1108 3110 adeptus
1136 3042 1343 3112 episcopatum,
1374 3052 1486 3101 naturae
1514 3050 1591 3101 ⁰84
1621 3047 1756 3106 debitum
1782 3051 1836 3105 red·

85 3127 231 3201 tempore],
255 3136 283 3184 et
308 3128 415 3184 idolum
438 3128 708 3197 vocitabantrelut,
734 3142 751 3184 a
773 3127 931 3185 ludoinei-
985 3126 1066 3184 didit.
1099 3129 1270 3186 Veneranda
1300 3146 1417 3203 quoque
1444 3133 1526 3190 Odila
1557 3134 1669 3192 Christi
1709 3137 1835 3208 stigmate

86 3213 204 3281 pientes,
229 3213 257 3267 in
282 3212 375 3268 medio
400 3227 500 3268 eorum
526 3212 665 3269 duntaxat
688 3213 801 3268 diabolo
824 3213 931 3269 dehac·
985 3224 1117 3288 suscepto
1138 3232 1286 3276 sacrarum
1306 3220 1454 3292 virginum
1479 3236 1509 3278 sa
1532 3221 1623 3280 choro
1644 3227 1833 3298 conjungens,

83 3299 198 3367 chante,
213 3299 385 3371 plerumque
402 3300 556 3357 homicidia
572 3302 822 3372 perpetrabantur.
984 3304 1038 3360 sub
1061 3305 1228 3362 obedientiae
1254 3314 1361 3374 tenore,
1389 3316 1478 3365 vttam
1493 3308 1609 3368 beatam
1634 3311 1757 3385 degens,
1782 3315 1835 3385 spi·

119 3388 226 3460 Egerat
241 3389 294 3445 hcc
311 3389 506 3460 nequissimus
521 3389 633 3446 damon
647 3388 750 3445 callida
765 3389 882 3456 astutia,
899 3397 931 3447 ut
985 3391 1083 3462 ritum,
1099 3394 1145 3450 cui
1160 3395 1258 3451 omnia
1272 3396 1423 3465 debentur,
1440 3397 1573 3457 reddidit.

83 3475 106 3530 si
132 3477 199 3547 quis
222 3477 326 3533 ibidem
360 3478 525 3548 proximum
549 3477 667 3534 alterius
696 3477 823 3548 quolibet
846 3479 931 3536 modo
1302 3516 1469 3560 mmm
1489 3519 1508 3558 Β

82 3564 265 3633 debilitasset,
291 3567 559 3638 aconsanguineis,
582 3565 627 3622 vel
652 3564 790 3622 allinitate
807 3565 930 3637 coniun-

82 3651 144 3721 ctis,
161 3650 300 3710 innorius
316 3653 386 3709 loret
407 3653 444 3708 ab
460 3653 598 3709 effusione
616 3653 776 3724 sanguinis,
799 3653 930 3710 videlicet
985 3692 997 3766 s

81 3746 114 3795 ut
127 3740 155 3794 in
173 3739 285 3811 longius
301 3740 477 3797 consuetudo
500 3740 624 3797 nelanda
640 3741 848 3798 incrementum
865 3755 930 3798 ma-

80 3823 221 3897 lignitatis
243 3835 372 3899 augeret,
393 3835 420 3885 ct
444 3829 577 3884 miseram
603 3829 704 3886 urbem
725 3830 785 3886 suis
809 3829 929 3886 habenis

80 3914 219 3972 irretitam
237 3916 355 3987 iniquus
375 3917 472 3987 praedo
486 3917 566 3975 velut
588 3919 736 3989 propriam
750 3919 925 3977 vendicaret.

1020 3606 1113 3676 igitur
1135 3621 1202 3664 cum
1224 3608 1308 3664 beata
1335 3608 1490 3681 Salaberga
1513 3611 1541 3668 in
1564 3614 1725 3672 sanctitate
1748 3630 1832 3673 arasa

998 3693 1135 3766 morosa]‚
1158 3703 1186 3753 et
1199 3703 1302 3753 ornato
1318 3695 1479 3769 [exornato]
1494 3699 1591 3769 vultu,
1608 3716 1678 3759 cum
1694 3706 1832 3762 sororibus

982 3782 1027 3852 pie
1041 3782 1129 3840 vitam
1149 3783 1275 3854 duceret,
1299 3785 1395 3856 puella
1409 3788 1543 3859 quadam
1559 3792 1795 3850 sanctimonialis
1807 3793 1831 3849 in

982 3871 1080 3927 eodem
1103 3873 1232 3929 coeuobic
1254 3874 1363 3931 cadivae
1385 3878 1510 3933 vesaniae
1533 3877 1636 3949 [guttae
1662 3882 1774 3938 cadiva
1792 3897 1832 3938 rc

80 4001 133 4058 sed
218 4005 223 4016 ,
374 4005 379 4016 ,
584 4007 589 4018 ,
851 4007 856 4019 ,
982 3959 1082 4032 saniee]
1098 3962 1197 4017 morbo
1221 3961 1346 4032 indepta,
1369 3963 1439 4021 dum
1455 3979 1575 4023 cursum
1591 3966 1621 4023 in
1647 3970 1771 4027 ecclesia
1792 3985 1830 4028 ca·

147 4010 327 4102 qmmpffleffi
343 4013 491 4104 mmmm
512 4021 753 4106 ⁰m¹¹¹¹¹mr⁰f¹¹m
776 4008 925 4108 D⁰m¹¹f¹3⁵’
982 4061 1050 4102 nere
1072 4049 1212 4118 coepisset,
1235 4064 1332 4107 coram
1356 4052 1492 4110 omnihus
1514 4052 1659 4113 effrenata
1686 4067 1783 4116 mente
1805 4060 1830 4115 in

82 4104 163 4160 “¹¹¹¹
182 4092 357 4190 v¹¹.¹¹⁰.¹¹¹¹¹⁹⁸
378 4093 700 4196 P⁰m¹⁰esfa¹v⁰⁵⁰⁹m
715 4102 742 4151 ⁰⁸
757 4095 794 4151 Μ
809 4103 929 4196 θβΨΠΫ
981 4141 1088 4192 terram
1120 4138 1239 4195 corruit.
1272 4138 1363 4206 Quam
1389 4155 1457 4198 mox
1485 4142 1568 4199 beata
1597 4150 1625 4200 et
1661 4147 1829 4204 venerabilis

80 4191 144 4232 ⁰⁰¹⁰
168 4186 298 4235 vernaus
321 4194 419 4236 vem
447 4181 475 4249 (I
491 4182 562 4236 Μ·
587 4198 616 4249 '¹’
641 4180 712 4251 4)’”
738 4181 773 4237 ad
789 4197 833 4239 ⁸⁰¹
848 4197 924 4254 ΝΜ
942 4192 970 4277 Β,
979 4232 1070 4281 mater
1084 4239 1181 4282 secum
1202 4226 1381 4285 lamiliariler
1403 4237 1560 4301 acceptam,
1577 4232 1685 4291 sedula
1707 4237 1829 4293 oratione

78 4264 189 4336 plasma
210 4266 365 4324 elementer
387 4268 549 4339 respiciens,
574 4269 640 4325 olim
654 4269 784 4341 jamhoc
808 4271 925 4327 sacrile-
997 4325 1077 4368 mea
1102 4313 1191 4371 Deum
1226 4329 1324 4372 omens
1356 4316 1415 4374 on
1439 4318 1516 4375 lame
1541 4318 1600 4375 di·
1742 4324 1747 4336 .
1814 4324 1829 4379 b

79 4363 193 4425 gomet
214 4355 371 4413 uelandum
394 4356 506 4414 lacinus
529 4372 546 4413 a
568 4357 684 4414 civitate
708 4358 762 4414 ista
785 4358 925 4416 radicitus
978 4325 996 4381 p
1208 4328 1225 4384 ρ
1325 4331 1435 4388 ’1³¹¹
1572 4334 1647 4378 ”¹¹²
1672 4333 1813 4394 &fallea

77 4442 238 4500 evacuavit.
977 4400 1076 4458 eadem
1098 4410 1174 4472 peste
1195 4405 1341 4475 purgavit,
1357 4413 1386 4462 et
1401 4406 1430 4462 in
1444 4407 1597 4465 servilium
1615 4409 1727 4470 Christi
1749 4414 1829 4471 libere

407 4514 523 4574 CAPUT
544 4517 594 4573 lx·
977 4488 1057 4545 abire
1068 4490 1155 4561 jussit
1170 4491 1351 4550 incolumem.
1369 4493 1497 4552 Plurima
1520 4497 1598 4554 enim
1614 4506 1646 4556 et
1661 4501 1749 4559 valde
1763 4502 1828 4559 cele·

977 4576 1103 4634 berrima
1118 4586 1186 4637 sunt
1201 4595 1267 4652 quae
1282 4582 1312 4638 in
1329 4582 1464 4640 laudibus
1487 4591 1576 4656 atque
1591 4591 1739 4647 memoria
1752 4605 1830 4647 rene·

976 4663 1075 4721 randae
1090 4668 1190 4722 matris
1202 4666 1275 4737 stylo
1292 4667 1470 4740 inseruntur,
1486 4685 1554 4743 quat
1569 4677 1761 4744 postmodum
1774 4681 1829 4735 suis

976 4753 1157 4823 aptabuntur
1172 4754 1250 4811 locis.

113 4617 164 4674 Sed
188 4633 267 4676 nunc
281 4634 384 4676 rursus
407 4621 443 4676 ad
458 4627 578 4690 coeptam
601 4620 752 4679 redeamus
776 4623 923 4680 narratio-

76 4721 152 4763 nem.
177 4709 308 4779 Denique
329 4710 520 4779 contemplata
541 4709 702 4767 conditione
722 4710 784 4780 loci,
801 4726 921 4769 cernen-

76 4801 176 4865 tesque
190 4796 325 4852 idoneum
336 4796 585 4867 cognatissimum,
597 4804 624 4854 et
638 4798 747 4868 absque
758 4799 923 4857 discrimine

76 4883 244 4939 munitionis
269 4884 374 4951 locum,
399 4892 548 4954 coeperunt
573 4885 762 4943 lundamenta
788 4887 920 4945 ecclesia·
1313 4862 1426 4922 CAPUT
1445 4864 1480 4922 x·

75 4986 140 5028 rum
155 4979 243 5042 alque
258 4972 409 5027 domorum
431 4974 539 5042 jacere.
558 4973 668 5038 Quibus
688 4975 741 5031 rite
753 4977 875 5044 peractis
888 4991 922 5034 ac
1291 4982 1455 5026 urntcueua
1475 4985 1505 5026 ¹¹·

74 5074 209 5131 prospere
230 5060 327 5131 gestis,
344 5067 491 5130 cmperuut
506 5061 541 5117 ad
559 5061 659 5119 laudes
673 5063 722 5118 Ilei
738 5065 921 5134 omnipoten-
1011 5069 1140 5134 Quodam
1163 5084 1231 5127 vero
1247 5079 1373 5143 tempore
1387 5074 1457 5131 dum
1480 5076 1554 5134 beati
1576 5079 1634 5135 viri
1653 5083 1828 5142 waldeberti

72 5149 108 5204 tis
130 5149 243 5205 bomini
275 5149 365 5213 nostri
398 5150 466 5206 lesu
502 5150 606 5208 Christi
642 5151 784 5209 nobilium
812 5153 920 5211 soboles
974 5155 1192 5226 praestolaretur
1222 5158 1389 5229 adrentum,
1414 5169 1441 5219 et
1467 5163 1581 5221 Falerni
1608 5170 1699 5241 copia
1724 5171 1827 5230 deesset

71 5235 281 5307 servitiumque
302 5249 482 5311 concurrere.
509 5237 578 5305 Quis
591 5238 667 5294 enim
684 5239 729 5294 vir
744 5247 852 5309 potens,
870 5249 920 5298 aut
971 5244 1021 5315 jus
1035 5243 1122 5301 tritici
1146 5244 1191 5302 vel
1206 5247 1314 5313 hordei,
1331 5248 1409 5319 quod
1433 5253 1573 5308 cervisam
1596 5268 1788 5330 nuncupant,
1802 5268 1826 5316 el

70 5324 176 5380 lemine
189 5323 302 5390 nobilis,
315 5325 365 5394 qui
382 5325 438 5381 illis
452 5325 481 5381 in
499 5325 567 5381 locis
582 5325 690 5396 degerit
707 5325 764 5399 lab,
783 5326 918 5401 degeretl,
973 5338 1035 5389 arte
1051 5331 1204 5389 coniicitur
1227 5335 1366 5403 humana,
1382 5351 1441 5408 quc
1455 5336 1650 5400 Orientalium
1672 5342 1735 5418 lob,
1749 5347 1824 5403 Occi·

70 5409 123 5485 qui
148 5423 206 5467 non
231 5411 343 5493 beatam
370 5412 553 5486 salabergam
577 5428 612 5470 cx
635 5412 739 5474 aliectu
763 5415 920 5488 diligeret?
972 5417 1145 5490 dentaliuml
1163 5419 1307 5493 pleraque
1321 5423 1452 5482 nationes
1465 5432 1604 5500 utuntur,
1618 5429 1712 5502 jussit
1727 5433 1822 5491 lacere.
