3818 6008
107 235 158 288 itt
552 226 581 281 V.
601 225 768 283 tulbensi
788 226 934 282 neentis
953 224 980 281 S.
1001 225 1122 282 HARIAE
1142 225 1187 282 DE
1207 222 1405 283 NOVIGENTO
1807 227 1855 285 520

29 373 31 384 “
106 368 163 425 Deo
191 376 285 424 tamen
305 366 494 437 permittente,
520 363 634 428 tulistis,
659 363 735 419 unde
750 361 864 430 dicitur,
882 361 953 432 quia
970 362 994 414 Α
1009 363 1087 427 tium,
1103 366 1128 415 et
1141 362 1245 416 totores
1258 362 1424 431 populorum
1437 361 1624 431 possederunt,
1650 367 1681 418 ut
1703 363 1856 420 costodiunt

107 456 185 514 dedit
214 456 294 512 vobis
320 454 440 526 gratiam
467 466 562 508 coram
586 451 727 522 AEgvptiis
755 451 831 506 Deus
853 451 952 521 (Ecod.
1004 449 1226 519 justificationes,
1243 454 1267 505 et
1280 451 1362 518 legem
1377 451 1434 518 eius
1449 454 1592 519 requirent
1604 452 1691 522 (Psoi.
1717 466 1773 519 etv,
1800 450 1854 520 iit.

106 558 156 613 xri,
174 546 217 612 35,
234 544 288 611 36).
318 540 499 597 Postmodum
523 554 589 595 curn
616 539 674 609 ipse
697 538 767 611 legis
790 539 866 595 illius
887 554 953 595 cen·
1008 538 1159 594 Librorum
1177 546 1338 595 vestrorum
1354 537 1520 610 quibusque
1536 540 1723 609 peccantibus
1737 542 1856 597 commi-

107 646 192 688 suras
218 630 350 697 ediceret,
376 628 495 695 lurtum,
526 628 667 695 traudem,
683 627 954 697 concupiscentiam·
1008 626 1157 681 nationes:
1176 627 1236 682 Neo
1257 628 1399 693 inseretur,
1427 626 1576 698 inquiunt,
1605 643 1703 696 corpus
1726 632 1804 682 tuum
1828 631 1856 683 in

108 733 164 791 que
180 717 336 788 prohibuit.

435 786 551 843 CAPUT
571 786 619 843 Vl.

141 898 202 953 Etsi
214 895 393 951 immutabitis
407 895 501 962 Deum,
517 909 619 957 oerum,
633 898 663 947 ut
674 892 854 947 mutabilitati
864 893 953 947 bomi-

105 1001 171 1042 mtm
184 1000 212 1040 se
225 989 310 1054 optet,
324 985 471 1039 sententies
486 987 591 1038 mutare
613 982 731 1036 videtur.
757 981 835 1047 Quod
858 984 883 1036 et
905 997 952 1035 ro·

107 1075 225 1130 tionibus
238 1072 425 1144 confirmatur.
440 1102 475 1111 —-
491 1070 617 1138 Habetis,
634 1076 666 1125 ut
680 1069 799 1137 aestimo,
815 1068 953 1140 pleraque

106 1162 273 1220 divinarum
304 1161 513 1217 sententiarum
550 1157 716 1214 mutationis
746 1159 888 1228 exempla,
923 1159 953 1213 in

106 1251 214 1323 quibus
229 1250 368 1321 conjicere
381 1249 495 1318 potestis
510 1249 611 1315 Deum,
636 1255 663 1303 et
684 1247 707 1302 si
732 1246 952 1310 immutabilem,

106 1339 239 1396 mutabili
270 1337 430 1401 homiuum,
463 1349 514 1405 pro
547 1335 677 1405 ipsorum
705 1333 870 1390 erudiendis
898 1349 953 1389 no-

105 1428 254 1494 vitatibus,
270 1425 424 1482 mutabiles
448 1423 560 1479 dedisse
584 1422 750 1478 sontcntias.
776 1422 953 1478 sicutenim

1007 715 1160 783 sepulcrum
1185 720 1296 783 patrum
1323 718 1431 768 mortam
1456 715 1511 785 titt
1531 716 1596 783 lieo.
1622 729 1682 784 xva,
1710 715 1768 786 Ὦ).
1798 717 1854 774 tit:

1009 803 1079 868 Quia
1098 803 1258 857 humiliatus
1282 807 1322 858 est
1342 803 1440 858 Achab
1466 818 1556 858 eorem
1579 820 1629 871 me,
1649 819 1704 858 oon
1727 805 1857 860 inducam

1006 891 1125 944 meleis
1143 891 1309 959 deteso'us
1326 891 1378 960 (iti
1400 891 1467 958 Reg.
1491 906 1549 960 xxv,
1573 891 1628 963 29).
1655 892 1734 949 llulti
1761 893 1856 963 philo-

1007 979 1164 1049 sophorum
1179 978 1341 1051 gentilium,
1357 994 1423 1050 quae
1439 979 1520 1036 vobis
1540 981 1785 1050 promittebantur
1800 980 1856 1038 du-

1006 1081 1075 1123 xere
1090 1067 1281 1137 contemptui;
1298 1075 1325 1124 et
1340 1068 1492 1135 habitant
1508 1068 1657 1140 Diogenes,
1674 1067 1855 1140 abjecerunt,

1007 1157 1123 1212 Etcum
1139 1155 1216 1212 orbis
1232 1170 1346 1212 summa
1361 1156 1509 1226 aliquibus
1523 1157 1712 1225 incumberet,
1728 1165 1763 1214 ut
1774 1157 1856 1215 Octa·

1006 1243 1228 1312 vianuscaesar,
1256 1244 1512 1315 parvipenderunt.
1535 1245 1608 1314 Quid
1633 1246 1727 1303 dicam
1752 1246 1858 1303 vobis?

1007 1335 1052 1390 An
1068 1333 1143 1389 bona
1156 1333 1201 1388 lex
1217 1341 1269 1400 est,
1285 1332 1369 1404 eujus
1389 1335 1507 1403 praemia
1526 1334 1566 1390 nil
1590 1335 1690 1391 stabile
1718 1335 1857 1405 pollicen-

1007 1423 1080 1479 tur‘i
1104 1422 1176 1488 Quid
1202 1422 1386 1479 victimarum
1414 1422 1503 1478 millia
1540 1423 1727 1492 ponderatis?
1754 1423 1857 1479 Audite

106 1516 208 1572 videtis
231 1513 367 1585 puerulos
388 1512 452 1568 aliis
477 1511 506 1566 in
531 1511 652 1567 intantia
675 1510 855 1576 rudimentis,
878 1509 952 1577 aliis,
1008 1510 1163 1566 Dominum
1178 1509 1206 1566 in
1221 1510 1295 1565 isaia
1312 1527 1318 1566 :
1336 1511 1450 1580 Ptoios,
1468 1511 1574 1582 inquit,
1598 1528 1668 1567 sum.
1695 1512 1856 1567 Dotoeomto

107 1619 173 1661 cum
203 1601 387 1669 adoleverint,
422 1599 602 1656 documentis
627 1599 782 1669 imbui3at
800 1607 952 1669 postquam
1008 1603 1131 1661 arietum,
1161 1605 1185 1654 et
1208 1601 1344 1655 hircorum
1372 1602 1449 1655 notui
1472 1601 1537 1670 (leo.
1560 1617 1578 1670 1,
1610 1602 1663 1672 tt.)
1696 1602 1856 1672 subditque
1900 1599 1901 1605 ’

107 1690 354 1763 permaturuerint
379 1689 462 1744 modo
487 1702 534 1744 eos
559 1687 700 1744 severiore
733 1687 855 1757 disponi,
885 1702 951 1743 cum
972 1670 1130 1744 Bcausas:
1149 1692 1245 1744 Munus
1257 1697 1351 1745 vestra
1365 1693 1497 1758 sanquine
1510 1691 1595 1759 otone
1606 1690 1782 1762 sitat'qltid,
1802 1692 1853 1760 ιιι.

107 1780 224 1836 senibus
252 1793 320 1834 vero
348 1776 572 1849 profundissima
598 1790 722 1847 quisque
750 1776 876 1844 tractari,
916 1778 955 1832 ita
1008 1776 1081 1842 Quid
1095 1785 1190 1832 autem
1207 1778 1275 1835 velit
1293 1777 1435 1848 extemplo
1460 1779 1667 1849 prosequitur:
1691 1780 1855 1841 lavemini,-

107 1867 256 1939 intelligite
272 1868 373 1936 Deum,
389 1881 454 1921 cum
469 1865 557 1935 hujus
572 1863 668 1921 saeculi
688 1865 867 1933 processibus
885 1880 955 1933 ope·
1009 1867 1106 1919 mundi
1118 1871 1218 1920 estote:
1235 1868 1343 1934 aufem
1361 1868 1462 1921 motum
1487 1869 1681 1935 cogitationum
1704 1874 1855 1923 vestrorum

107 1965 214 2013 ratum.
230 1956 301 2012 Nam
318 1954 404 2011 veluti
422 1954 577 2024 parvulum
592 1954 715 2009 assiduis
727 1954 905 2024 gerulorum,
922 1968 955 2008 ac
1009 1955 1043 2007 oh
1058 1955 1141 2008 ocutis
1160 1957 1246 2009 meis:
1272 1957 1401 2024 quiescite
1425 1971 1504 2022 agere
1523 1971 1649 2024 peteme
1676 1957 1771 2023 (thid,
1804 1956 1852 2024 to).

107 2045 253 2102 nutricum
275 2042 566 2109 confabulationibus,
592 2042 627 2098 ad
650 2042 813 2098 rudimenta
834 2041 954 2114 loquelae
1008 2051 1035 2099 ct
1051 2043 1210 2113 sequentia.
1228 2045 1286 2100 Non
1301 2046 1330 2097 ia
1344 2044 1497 2110 socridetis,
1515 2045 1555 2099 ait
1569 2043 1650 2110 alter,
1676 2045 1801 2113 drouom
1822 2050 1853 2112 te,

107 2133 243 2190 convenit
272 2131 431 2200 intormari,
461 2139 488 2187 et
516 2139 740 2187 succrescentem
770 2130 873 2187 acriori
894 2130 954 2201 jam
1009 2131 1308 2200 quiahotoeuustotno
1329 2147 1387 2185 mee
1409 2131 1551 2200 subjacent
1575 2133 1701 2187 arbitrio.
1727 2135 1788 2190 Non
1812 2149 1854 2188 ee-

107 2222 237 2293 paedagio
266 2236 283 2276 a
313 2221 426 2276 licentia
457 2219 585 2275 intantiae
608 2218 744 2288 cohiberi,
772 2233 789 2274 a
817 2219 955 2290 pueribus
1008 2222 1108 2290 cipiom
1141 2219 1274 2274 dedomo
1304 2225 1351 2274 tuo
1378 2220 1488 2276 vitulos.
1530 2220 1663 2289 Nonquia
1688 2221 1855 2276 mandochio

106 2309 192 2366 etiam
212 2324 274 2365 aevo
296 2309 467 2379 pubescente
494 2307 610 2363 omnino
632 2306 778 2378 restringi,
803 2306 954 2377 juventam
1009 2322 1101 2363 carnes
1118 2306 1350 2362 tauroromismi
1365 2308 1474 2362 immolo
1490 2308 1545 2360 Deo
1565 2307 1734 2377 sucrificium
1756 2308 1855 2379 leudis,

107 2412 175 2454 vero
188 2399 224 2454 ad
240 2397 384 2468 integrum
399 2396 542 2451 eruditam
557 2407 610 2449 sua
626 2400 735 2464 sponte,
752 2393 867 2464 propria
885 2408 955 2464 gra·
1008 2396 1092 2452 redde
1116 2397 1258 2450 ditissimo
1288 2400 1351 2450 voto
1379 2411 1461 2465 super
1489 2398 1633 2464 sacrificiis
1660 2397 1751 2466 (Psoi.
1777 2412 1853 2466 xutx,

107 2484 204 2554 vitate,
222 2493 331 2541 remota
356 2484 458 2551 ferula,
483 2497 517 2538 ex
543 2482 660 2537 virtutis
681 2495 778 2538 amore
799 2483 859 2552 jam
882 2484 952 2555 regi.
1008 2486 1095 2549 8-tdt.
1111 2483 1189 2540 ldem
1205 2485 1305 2555 utique
1320 2484 1359 2540 ait
1376 2499 1382 2538 :
1400 2484 1577 2539 Holocaustis
1591 2501 1645 2540 non
1668 2486 1853 2542 delectaberis.

107 2576 150 2632 lta
166 2588 265 2631 reeens
280 2574 355 2629 Deus
369 2571 506 2628 saeculum
535 2570 628 2640 primo
648 2570 718 2637 suis,
734 2578 762 2626 et
784 2571 954 2641 angelorum
1008 2573 1176 2642 Sacrificium
1191 2578 1280 2627 eutem
1294 2576 1345 2628 Deo
1360 2574 1476 2643 spiritus
1496 2574 1694 2629 contribulatus
1718 2574 1803 2646 (Psoi.
1828 2589 1853 2641 ι,

107 2664 226 2720 vocibus
241 2662 378 2728 assuevit,
395 2666 422 2714 et
439 2659 521 2729 quasi
536 2672 655 2713 snorum
678 2657 769 2714 torma
788 2673 954 2717 sermonum
1011 2661 1053 2725 tit,
1072 2659 1121 2727 ts).

108 2750 297 2808 balbutientia
312 2746 412 2804 mundi
436 2746 518 2802 labra
536 2745 669 2801 correxit.
689 2746 724 2802 Ut
740 2747 816 2817 quod
841 2748 956 2817 optimis
1044 2745 1136 2816 Super
1149 2745 1367 2802 circumcisione
1380 2754 1430 2803 tua
1442 2747 1527 2804 etiam
1544 2763 1617 2820 pone
1631 2763 1737 2821 nugas.
1755 2749 1855 2807 Nonne

107 2840 192 2897 modo
207 2852 264 2894 eon
289 2839 334 2904 sit,
367 2844 435 2892 tunc
459 2835 544 2890 etiam
573 2834 801 2903 improbissimis,
828 2844 855 2892 et
885 2838 955 2907 ipsis
1008 2834 1062 2900 lex,
1080 2849 1175 2891 nonne
1191 2835 1335 2905 propheta
1354 2835 1461 2905 pariter
1476 2835 1526 2891 tibi
1541 2844 1668 2905 cantant,
1685 2846 1717 2894 ut
1742 2839 1855 2895 auteres

108 2942 226 3000 quoque
240 2925 414 2982 animalibus
430 2930 625 2995 prestaretur.
644 2922 731 2979 Paulo
750 2931 890 2993 evectum,
912 2925 955 2982 uti
975 2924 1184 3001 Cprceputium
1199 2923 1293 2980 cordis
1306 2923 1375 2980 tui‘l
1399 2925 1478 2988 Quod
1503 2924 1526 2980 si
1551 2925 1644 2981 cordis
1665 2935 1694 2983 et
1715 2941 1854 2984 sensuum

106 3016 165 3074 Noe
188 3014 346 3072 hbrahaevo
372 3011 558 3081 temporibus
589 3011 689 3080 paucis
722 3010 787 3067 licet
816 3011 843 3065 in
867 3009 954 3067 rebus
1007 3012 1060 3069 tihi
1075 3011 1321 3068 circumcisionem
1345 3012 1534 3081 inclamitant,
1562 3014 1721 3086 illamqua
1738 3015 1855 3086 pellium

107 3102 256 3172 castigare,
273 3106 301 3155 ct
316 3097 406 3168 signis
420 3095 473 3152 sihi
485 3097 620 3151 denotare
631 3094 779 3166 inciperet.
790 3095 849 3152 Sub
859 3095 953 3165 Moyse
1007 3108 1050 3158 ost
1065 3101 1187 3171 figuram
1202 3099 1380 3157 solummodo
1395 3101 1538 3159 interioris
1549 3110 1659 3158 notant,

107 3202 175 3246 vero
191 3186 274 3258 quasi
292 3186 498 3242 adolescentem
522 3198 539 3238 a
565 3183 693 3252 pristinis
716 3183 876 3240 vilitatibus
898 3183 953 3239 ali·
1043 3188 1116 3256 Quid
1132 3189 1166 3246 de
1178 3189 1298 3260 jejuniis
1312 3189 1385 3261 agis,
1406 3189 1434 3245 in
1461 3191 1569 3261 quibus
1592 3190 1684 3263 litigia
1708 3191 1856 3265 cedesque

108 3275 284 3348 quantulum
299 3272 461 3331 sublevare.
478 3278 505 3328 ct
520 3270 667 3343 aliquado
683 3271 745 3328 viro
760 3272 865 3328 sentire
875 3286 952 3328 com·
1008 3277 1165 3335 videntur?
1180 3277 1240 3344 Quo
1254 3285 1353 3334 oootra
1374 3279 1512 3348 propheta
1528 3293 1534 3333 ;
1561 3280 1646 3348 Soloe,
1672 3280 1722 3349 oq,
1747 3283 1856 3352 0011590.

107 3364 232 3509 stiffi
239 3452 361 3521 perfecte
375 3451 484 3519 iaeoepit
499 3465 516 3502 o
532 3448 648 3504 dhristo.
667 3449 749 3503 Vetus
763 3447 807 3503 len
820 3452 954 3518 temporo-

107 3542 156 3607 lio,
173 3540 275 3598 Christi
288 3555 350 3594 aero
364 3545 464 3594 aterno
487 3537 562 3592 docet
580 3540 715 3607 oppetere.
731 3567 763 3576 —
788 3537 874 3593 Porro
898 3536 953 3593 sub

107 3628 304 3700 Redemptoris
319 3627 412 3701 gratia
438 3625 522 3697 quasi
546 3623 742 3696 ponderosiori
760 3623 822 3695 jam
846 3625 952 3694 animo,

1008 3369 1092 3422 tiones
1105 3368 1255 3435 impietatis
1269 3367 1415 3433 fesciculos
1430 3367 1610 3437 deprimentes
1625 3369 1695 3439 (Iso.
1721 3386 1802 3436 evan,
1817 3370 1855 3441 6),

1007 3460 1035 3510 et
1051 3460 1163 3522 caetera,
1180 3468 1246 3524 quae
1259 3452 1297 3509 ibi
1313 3454 1389 3510 Deus
1402 3454 1558 3524 appretiari
1575 3455 1738 3526 jejunando
1752 3458 1856 3530 digno-

1007 3542 1108 3598 scitur.

1043 3629 1074 3684 ln
1103 3628 1259 3700 diligentiis
1288 3628 1480 3687 Sabbatorum
1506 3631 1597 3688 multa
1626 3633 1707 3691 vobis
1731 3633 1855 3692 solertia.

106 3727 133 3776 et
148 3717 403 3790 intelligentiarum
418 3715 516 3786 capaci
537 3714 623 3771 totius
645 3729 705 3770 suae
726 3713 895 3782 divinitatis,
921 3729 954 3770 ac
1007 3717 1061 3773 Sed
1076 3719 1164 3773 Deum
1181 3717 1300 3774 lorsitan
1324 3719 1439 3775 creditis
1461 3729 1555 3776 vestro
1578 3721 1646 3788 otio,
1672 3722 1856 3792 spectaculis·

106 3808 130 3864 si
146 3808 251 3874 interni
265 3807 310 3863 sui
331 3804 440 3862 consilii
467 3810 614 3875 praerupta
635 3804 778 3874 detegeret
788 3818 797 3874 ;
822 3803 856 3859 iis
876 3804 952 3859 enim
1008 3820 1064 3876 que
1078 3806 1212 3876 gaudere.
1226 3807 1283 3862 Nec
1298 3806 1381 3878 longe
1396 3816 1539 3879 estsuper
1553 3809 1606 3865 hoc
1622 3808 1695 3866 idem
1719 3813 1857 3882 propheta

107 3895 159 3967 qui
174 3895 233 3952 solo
250 3893 374 3950 dominis
393 3891 573 3949 tamulantur
595 3906 701 3959 amore,
721 3905 820 3948 eorum
842 3891 954 3949 taeilius
1008 3893 1079 3964 qnid
1099 3895 1223 3950 sentiat:
1249 3896 1284 3951 Si
1309 3898 1439 3950 evoceris
1469 3913 1486 3950 e
1515 3897 1635 3953 Sebboto
1660 3899 1757 3969 pedem
1782 3905 1857 3956 tuam

106 3985 199 4040 solent
214 3983 367 4039 enuntiare
392 3988 523 4036 secreta:
552 3981 616 4036 tom
641 3995 694 4035 nen
719 3979 819 4044 dicum,
845 3981 951 4052 inquit,
1006 3998 1060 4036 oon
1075 3984 1165 4050 secere
1178 3984 1341 4038 volontatem
1355 3989 1430 4039 tuom
1445 3984 1533 4039 indie
1555 3990 1647 4041 sancte
1668 4003 1735 4054 meo,
1760 3994 1787 4045 et
1810 4006 1855 4045 oo·

105 4088 152 4129 vos
171 4087 280 4142 servos;
311 4074 377 4140 quio
400 4085 493 4124 seruus
512 4073 595 4124 nescit
619 4069 687 4140 quid
713 4070 803 4134 societ
827 4068 953 4126 dominus
1007 4073 1110 4124 coneris
1127 4071 1276 4126 Sed-iatum
1291 4071 1447 4140 delicatum,
1464 4077 1488 4126 et
1504 4075 1708 4144 glorificatam,
1724 4077 1790 4132 dum
1804 4094 1856 4134 noo

106 4163 184 4232 ejus3
202 4165 350 4215 vosautem
365 4159 428 4213 diei
442 4161 552 4224 amieos,
569 4160 636 4226 quio
656 4158 747 4212 omnio
772 4172 832 4226 qua
856 4158 953 4213 oudini
1006 4159 1078 4226 (ocis
1091 4160 1151 4213 nius
1171 4164 1232 4213 tuos
1246 4159 1342 4227 (leid,
1362 4157 1416 4231 ta).

63 4294 66 4298 ,
106 4263 125 4302 o
138 4249 225 4303 Patre
240 4262 297 4303 meo
313 4251 375 4302 noto
388 4248 442 4312 teci
466 4247 541 4301 vobis
566 4246 655 4317 (loon.
680 4261 729 4312 xv,
756 4247 808 4314 tt).
836 4246 869 4301 ln
894 4246 998 4319 leget)
1047 4251 1120 4301 ‘etv
1138 4247 1238 4303 Pedem
1254 4255 1415 4304 averterea
1434 4248 1558 4306 sabbato
1581 4250 1710 4307 tortassis
1731 4253 1857 4310 aestimas

106 4342 202 4393 vestra
221 4350 287 4406 quie
301 4335 382 4391 vobis
407 4335 483 4390 Deus
505 4334 622 4405 praemia
646 4333 821 4405 pollicetur?
839 4336 954 4392 Posses·
1010 4333 1202 4391 continentias
1215 4335 1251 4390 ab
1268 4335 1368 4391 itinere
1387 4335 1526 4392 iaciendo.
1552 4338 1625 4405 Quid
1644 4354 1732 4410 super
1753 4341 1857 4398 volun-

106 4425 209 4492 siones,
226 4424 371 4481 ventrium
390 4422 593 4494 plenitudines,
615 4436 721 4478 uxeres
737 4435 770 4477 ac
794 4422 875 4490 tilios,
896 4423 955 4480 lon·
1009 4429 1065 4478 tate
1080 4422 1279 4494 restringenda
1295 4424 1452 4479 tractabis?
1476 4425 1556 4492 Quod
1581 4426 1605 4482 si
1626 4427 1661 4483 ad
1684 4429 1858 4487 actionarias

107 4514 263 4586 gavitates
279 4522 306 4570 ct
321 4513 402 4568 nulla
415 4511 469 4566 nisi
486 4511 520 4566 iis
534 4509 679 4567 contraria
693 4509 893 4566 comminatur.
916 4511 955 4568 De
1009 4519 1036 4567 te
1051 4513 1224 4567 converteris
1244 4512 1415 4580 voluntates,
1442 4514 1510 4570 audi
1540 4516 1713 4586 sequentia:
1740 4518 1782 4573 Ει
1806 4535 1858 4574 aon

106 4604 220 4659 aeternis
235 4602 379 4659 silentium
395 4607 444 4657 est.
463 4599 531 4655 Coeli
545 4599 672 4669 praemia,
689 4598 789 4655 tartari
814 4606 955 4657 tormenta
1008 4601 1146 4654 invenitur
1161 4601 1284 4655 celeritas
1304 4607 1363 4670 tuo,
1389 4607 1419 4655 et
1449 4603 1570 4672 moueris
1596 4618 1742 4658 sermonem
1764 4604 1856 4676 (thid).

106 4698 251 4749 tacentur.
269 4692 348 4748 sieut
366 4688 427 4745 sola
441 4689 600 4744 intentatur
614 4687 695 4759 virgo
714 4688 871 4758 juvenculo
886 4688 954 4745 tihi·
1008 4687 1093 4744 Nulla
1109 4687 1154 4743 lex
1172 4688 1299 4745 imminet
1323 4688 1454 4746 Sabbatis
1477 4704 1494 4746 a
1517 4690 1661 4762 colloquio
1690 4691 1799 4761 leviari,
1828 4695 1857 4749 in

106 4779 223 4837 dinibus
238 4778 382 4842 aestuanti,
399 4784 426 4833 et
443 4775 469 4832 ei
486 4774 639 4830 dehoneste
663 4788 756 4831 sermo
780 4775 811 4831 stt
835 4776 952 4844 surdus,
1008 4789 1066 4845 quo
1085 4775 1120 4830 ad
1137 4775 1162 4830 id
1176 4775 1236 4844 jam
1257 4777 1421 4832 necessitate
1436 4778 1642 4847 compellimur,
1658 4788 1689 4836 ut
1703 4781 1857 4839 delicatum

107 4868 147 4926 ita
168 4867 355 4933 eruciatibus,
380 4874 431 4921 aut
454 4871 545 4919 morte
568 4863 807 4920 absterrebantur
830 4878 847 4920 a
872 4864 950 4920 vitiis
1008 4861 1037 4918 in
1051 4863 1156 4918 eosolo
1171 4863 1329 4920 Sabbatum
1351 4873 1561 4936 computemus,
1585 4867 1608 4922 si
1630 4882 1648 4922 a
1672 4869 1756 4925 malis
1779 4870 1858 4941 spiri-

106 4958 144 5014 ad
160 4958 234 5014 bona
246 4956 472 5028 qualiacunque,
488 4967 546 5008 non
559 4951 673 5019 ellectu,
690 4968 748 5008 nen
762 4952 888 5022 monitis,
905 4953 954 5008 sed
1007 4949 1123 5007 tualiter
1137 4950 1282 5020 subtilius,
1299 4967 1365 5023 quse
1381 4952 1442 5025 lege
1458 4968 1515 5010 non
1530 4963 1599 5012 sunt
1613 4955 1712 5025 vetita,
1728 4957 1857 5029 linguam

107 5046 208 5103 talium
224 5058 378 5102 munerum
396 5042 535 5098 lenocinio
549 5041 748 5098 trahebantur.
1007 5053 1041 5095 ae
1055 5040 1185 5096 animum
1201 5039 1406 5110 dispescamus.

142 5133 270 5200 Mentior,
300 5131 355 5187 nisi
384 5130 429 5186 lex
456 5130 515 5199 ipsa
542 5136 661 5186 testetur
684 5129 828 5199 idipsum:
863 5130 951 5185 latro·
1042 5126 1188 5196 Perpende
1214 5127 1305 5198 igitur
1335 5127 1509 5186 clarissimos
1538 5139 1594 5188 tuae
1618 5131 1689 5205 legis
1712 5142 1857 5204 auctores,

107 5220 199 5289 desit,
217 5219 381 5290 inquitate
400 5220 526 5274 Dominus
541 5219 570 5272 in
589 5223 693 5273 terram
715 5219 839 5285 tuentem
864 5218 905 5273 toa
928 5223 954 5274 et
1007 5224 1151 5290 quantum
1166 5233 1183 5272 a
1200 5226 1249 5275 tuo
1265 5219 1425 5290 discrepent
1439 5222 1594 5291 intellectu,
1617 5225 1668 5295 qui
1693 5225 1768 5283 nibil
1792 5242 1856 5284 eor·

106 5310 168 5376 mei,
196 5313 227 5362 et
252 5308 384 5362 mandute
409 5306 516 5362 scilieet
539 5306 597 5375 ejas
625 5305 778 5373 discoctis,
810 5311 836 5360 et
858 5310 888 5361 ut
910 5307 954 5361 tea
1008 5320 1110 5377 porcas
1123 5306 1343 5364 exercitationes
1358 5309 1496 5366 habentes
1507 5310 1601 5367 solum
1617 5312 1750 5371 medullis
1772 5315 1857 5387 spiri·

107 5396 223 5452 Domini
245 5408 349 5463 semper
365 5396 404 5448 stt
432 5395 461 5448 in
485 5395 639 5448 erecestre
663 5390 768 5463 (deod.
793 5406 892 5461 xxxin,
915 5394 952 5464 3).
1007 5394 1136 5451 tualibus
1159 5395 1355 5452 intenderunt.
1380 5396 1444 5454 Sola
1467 5413 1596 5470 namque
1616 5400 1646 5455 in
1667 5401 1703 5458 iis
1725 5401 1858 5461 observa·

107 5484 240 5543 Psalmus
254 5496 371 5555 quoque
387 5497 394 5537 ;
412 5481 497 5537 Dedit
519 5481 587 5550 iltis,
613 5480 719 5552 inquit,
742 5483 864 5552 regiones
885 5498 953 5551 qen·
1008 5482 1134 5540 tionibus
1163 5483 1259 5540 carnis
1279 5484 1395 5542 vexatio
1421 5494 1483 5556 est;
1513 5487 1558 5544 bis
1587 5495 1693 5560 mmen,
1721 5491 1774 5564 qui
1799 5507 1857 5550 non
