3818 6008
528 249 576 306 hs
595 249 676 305 vlla
695 250 760 305 SUA
782 250 875 307 ttshl
894 251 992 309 TRES.
1009 282 1043 292 -·
1060 253 1125 310 tto.
1145 253 1194 309 llt.
1684 256 1736 312 tls

56 379 219 450 >adjacente
231 379 369 436 hemena*
390 378 606 452 archiepiscopo
626 379 777 436 redita-
797 381 1011 441 6166166616
1035 382 1102 440 data
1122 384 1159 440 66
1185 396 1282 456 regem
1305 382 1443 451 dicerent,
1459 397 1489 440 so
1504 384 1533 439 in
1556 397 1646 456 regno
1673 386 1737 457 ejus

56 483 133 542 opus
156 478 314 540 antequam
340 469 459 525 ecclesia
474 483 527 528 666
551 470 606 526 1616
629 468 833 527 exterminium
889 470 937 527 liei
953 470 1047 527 olllcia
1062 486 1120 527 uon
1145 471 1272 528 16616666
1294 471 1350 528 6161
1369 470 1572 529 ulscisceretur
1591 473 1619 529 in
1642 473 1734 530 illum.

56 564 139 625 retur,
171 556 300 627 quodam
319 557 364 612 die
392 558 461 614 16616
489 558 591 613 missas
622 564 741 613 acturus
763 564 833 613 erat.
887 558 1008 617 Names
1035 567 1210 631 tempestate,
1241 573 1301 631 qua
1317 559 1432 630 pestifer
1447 560 1493 616 ille
1520 567 1620 617 contra
1642 562 1736 633 ingel-

57 658 102 701 am
131 658 199 701 vero
228 646 322 715 specio
338 645 489 716 religiosus
504 643 654 714 presbyter
667 657 833 700 sacramen·
887 660 1012 705 nannum
1029 648 1224 721 burgensibus
1245 648 1439 716 adnitebatur,
1453 647 1604 717 Gallonius,
1621 649 1655 705 66
1679 665 1737 720 666

59 741 125 789 anto
144 747 212 789 enm
226 746 263 788 ex
279 732 340 788 sola
362 746 439 804 aqna
455 733 570 790 nescius
583 732 753 800 coniecerat,
772 740 834 801 6661
887 751 975 807 66666
987 738 1110 808 egimus,
1127 738 1178 807 qui
1193 752 1259 793 cum
1275 737 1407 794 Gnidone
1430 736 1666 794 coarchidiacono
1684 753 1737 795 sno

56 836 68 879 n
94 828 121 877 et
141 820 272 891 episcopo
303 820 375 876 1666
405 821 517 876 6661611.
548 819 834 890 66666611116666
888 822 966 878 66166
997 822 1031 878 66
1060 822 1254 892 proditoribus
1280 823 1393 880 Girardi
1421 824 1574 891 resederat,
1598 825 1635 880 ad
1657 825 1736 882 illam

56 909 303 979 66616661,61666
326 907 503 979 1116166666
527 923 588 964 esso
620 908 762 977 sensisset,
787 908 834 965 di·
886 909 992 967 bonam
1021 911 1186 982 ingelranni
1212 911 1368 979 lateralem,
1397 924 1480 967 suam
1498 912 1628 970 videlicet
1652 915 1737 970 uteri·

76 996 213 1068 llagnum
255 995 354 1052 scitote
384 1008 434 1065 666
461 1003 538 1052 certo
572 995 681 1052 malum
708 995 833 1052 66616616
888 1012 955 1055 666
978 1012 1115 1067 sororem,
1144 999 1223 1070 qnod
1254 999 1449 1057 adulterinum
1475 1001 1653 1059 connubium
1677 1004 1737 1073 ipse

56 1084 112 1142 luet
127 1084 183 1141 isti.
201 1083 282 1151 0666
298 1083 393 1154 16666
409 1082 567 1140 1616616616
581 1083 750 1154 presbyteri,
766 1099 833 1155 quaa
887 1085 1052 1150 miscuerat,
1069 1087 1145 1142 circa
1161 1087 1285 1143 mediam
1304 1087 1392 1144 lerme
1410 1086 1665 1160 Quadragesimam
1692 1090 1737 1148 lo·

77 1173 267 1244 contigerant,
298 1172 477 1228 astruebant.
512 1174 583 1228 Cum
614 1185 683 1243 ergo
716 1172 834 1229 vidisset
886 1179 1196 1243 cuturnsperrexerat.
1214 1172 1375 1240 0666666
1397 1174 1522 1231 Thomas
1546 1175 1736 1240 addidicisset,

56 1275 64 1318 t
78 1275 131 1318 uec
148 1261 225 1317 clero
241 1274 294 1316 nec
309 1260 417 1331 666616
432 1260 614 1330 presentiam
628 1274 689 1317 esse
707 1269 830 1332 gratam,
886 1261 974 1317 missa
989 1261 1129 1333 legatione
1157 1261 1294 1318 citissima
1315 1261 1436 1332 imperat
1460 1264 1582 1321 lieberto
1609 1264 1734 1333 cuidam,

73 1349 216 1406 neminem
243 1349 346 1420 juvare
379 1356 499 1419 poterat,
528 1356 676 1418 assumpto
705 1347 832 1418 quodam
885 1345 1430 1413 66616666616611661661161666616
1458 1355 1537 1404 amat
1557 1348 1690 1420 ramulos)
1703 1356 1735 1405 ut

56 1451 78 1495 6
101 1436 254 1504 monacho,
279 1436 448 1494 inconsultis
470 1438 605 1494 omuibus
632 1437 708 1493 clero
731 1449 784 1492 suo
798 1449 832 1492 ac
885 1433 1043 1492 Galterinm
1068 1434 1104 1492 ab
1119 1433 1304 1491 ambianensi
1332 1433 1499 1492 redeuntem
1526 1436 1688 1506 observent,
1708 1444 1736 1493 et

59 1526 86 1583 lo
101 1525 240 1592 libellum,
256 1531 287 1581 ut
307 1525 348 1581 ita
362 1525 466 1593 dicam,
485 1526 596 1595 repudii
616 1525 703 1591 dedit,
728 1532 756 1581 et
782 1536 832 1579 ar·
886 1528 957 1593 quot
969 1530 1089 1593 possunt
1101 1522 1275 1580 interimant.
1286 1521 1356 1589 066
1376 1523 1423 1580 1116
1435 1538 1492 1580 666
1506 1524 1579 1580 61166
1594 1540 1683 1595 quam
1696 1526 1733 1582 ab

56 1615 158 1686 1166666
185 1615 315 1672 11666661
337 1616 490 1683 6666166,
506 1615 698 1686 sandaliaque
712 1613 829 1682 remisit,
887 1609 948 1680 1666
961 1610 1146 1667 laudunensi
1159 1611 1354 1681 promontorio
1368 1618 1561 1682 prospectans,
1577 1627 1627 1682 per
1642 1613 1734 1684 16666

70 1704 100 1761 16
115 1702 250 1761 exsilium
266 1703 376 1760 iturum
392 1715 606 1774 nunquamque
620 1703 755 1773 deinceps
769 1703 832 1772 661-
851 1680 872 1735 Β
888 1698 941 1755 viae
954 1698 1171 1768 concavitatem,
1189 1713 1249 1771 qua
1262 1700 1297 1756 de
1315 1705 1391 1755 m
1419 1707 1514 1756 monte
1537 1700 1732 1770 descenditur,

56 1805 98 1848 16
111 1790 243 1849 1616666
256 1791 574 1862 utrobiquemaudavit.
586 1791 779 1861 116-66611166
792 1791 831 1847 ita
886 1787 916 1844 in
944 1801 1098 1845 occursum
1121 1787 1163 1844 illi
1184 1802 1251 1845 cum
1279 1788 1341 1845 suis
1369 1802 1398 1845 vi
1407 1788 1459 1845 nit.
1476 1787 1621 1846 Galterins
1631 1797 1733 1858 Ι66166

56 1893 151 1936 scum
163 1880 334 1937 cluniacum
351 1879 501 1950 attigisset,
525 1893 629 1936 rursus
647 1887 749 1950 sponte
763 1893 831 1950 pro·
886 1876 1031 1946 premisso
1046 1876 1184 1934 comitatu
1196 1877 1258 1948 J‘am
1272 1877 1302 1933 in
1317 1877 1418 1935 urbem
1430 1877 1508 1933 mulo
1526 1877 1735 1949 sedensseque-

64 1969 214 2038 episcopus
239 1968 331 2025 166166
345 1967 436 2024 611666
463 1967 534 2023 161111
549 1967 737 2024 consecravit.
763 1967 831 2023 lnde
885 1963 982 2020 116166.
1010 1963 1056 2020 Sic
1082 1963 1171 2035 igitur
1193 1962 1350 2021 solitudine
1373 1972 1519 2035 aucupata
1545 1964 1650 2036 gladiis
1668 1981 1735 2023 666

56 2068 125 2111 saus
139 2055 322 2113 carthusiam
339 2055 525 2126 6666661666
547 2054 682 2126 6661666
698 2054 727 2110 iu
743 2053 831 2125 hujus
884 2051 1080 2109 crudelissime
1103 2053 1301 2109 conciderunt.
1330 2051 1391 2119 066
1413 2053 1506 2109 occiso
1530 2052 1566 2109 66
1588 2053 1734 2125 ,1116666

56 2142 109 2200 6611
129 2143 285 2214 661666616
300 2143 383 2199 661116
395 2157 489 2200 sermo
516 2143 579 2200 luit.
595 2143 638 2201 lbi
652 2150 735 2199 extra
759 2157 831 2198 cou-
885 2154 952 2196 666
965 2140 1043 2198 6616
1056 2139 1163 2197 hilares
1177 2148 1374 2199 revertuntur.

56 2232 148 2288 1616
179 2231 283 2288 cellula
313 2244 507 2298 commanens,
533 2245 584 2287 sex
598 2232 633 2288 66
652 2231 755 2288 viatico
777 2244 830 2286 suo
920 2227 1089 2284 creciacum
1112 2233 1241 2285 castrum
1257 2231 1471 2301 repugnatura
1490 2245 1614 2301 repc-
1631 2229 1736 2287 1161116

56 2318 90 2376 uti
118 2318 173 2376 sibi
197 2320 450 2376 66666666116611.
472 2319 528 2384 Qui
549 2319 830 2390 66616666666666
885 2330 955 2388 6666
968 2331 1003 2374 66
1016 2317 1159 2374 similibus
1172 2331 1238 2374 cum
1262 2317 1398 2373 maximis
1414 2315 1606 2374 Ecclesiarum
1627 2317 1734 2374 dolori-

55 2407 91 2464 611
105 2407 204 2477 aliquo
216 2422 347 2476 666666,
363 2408 411 2465 sed
427 2409 463 2464 ab
478 2409 689 2479 archiepiscopo
712 2421 829 2464 reman-
884 2404 940 2462 bns
954 2405 1031 2476 apud
1048 2406 1141 2476 regias
1156 2419 1222 2461 cum
1236 2405 1546 2475 impeterenturaures,
1562 2405 1734 2477 insequenti

56 2510 74 2563 1,
89 2496 229 2552 6666616
243 2494 338 2552 666116
352 2510 410 2552 666
437 2495 518 2562 16611;
533 2497 568 2551 66
587 2497 638 2552 hoc
659 2495 735 2553 enim
754 2510 829 2552 mar·
883 2492 955 2549 anui
968 2493 1194 2565 Quadragesima
1206 2500 1359 2564 postquam
1375 2492 1612 2550 archidiaconum
1623 2493 1734 2550 occide-

56 2581 96 2639 ibi
110 2581 195 2640 utiles
204 2581 319 2638 1616666
328 2582 421 2637 scivit.
437 2581 539 2638 Clerus
553 2590 648 2638 autem
663 2590 691 2639 et
705 2583 830 2653 populus
884 2587 940 2650 rat,
968 2580 1087 2659 collecto
1115 2595 1166 2637 rex
1190 2580 1329 2636 adversus
1346 2594 1413 2636 666
1434 2580 1578 2649 exercitu,
1603 2581 1736 2651 praesidia

60 2684 118 2727 non
133 2670 195 2726 sine
207 2683 328 2726 moerore
343 2671 459 2739 recepit,
477 2670 528 2740 qui
553 2684 587 2726 eo
600 2670 718 2727 absente
742 2685 830 2740 super
884 2683 950 2739 qua
966 2668 996 2724 in
1013 2668 1088 2724 villis
1098 2668 1222 2725 6111161161
1238 2668 1334 2724 Sancti
1347 2668 1467 2725 loannis
1480 2676 1666 2726 exstruxerat
1679 2683 1734 2740 ag-

56 2757 212 2831 teligeudo
228 2772 286 2814 non
300 2758 362 2815 sine
387 2771 493 2829 magua
514 2758 602 2829 166166
630 2759 829 2829 aspernatione
884 2757 1023 2829 graditur.
1047 2759 1087 2814 116
1104 2757 1288 2828 equestribus
1302 2763 1400 2814 autem
1424 2756 1474 2813 vix
1488 2771 1525 2813 ex
1539 2757 1624 2814 corde
1637 2757 1734 2828 66116-

56 2847 165 2919 sategit.
183 2847 829 2918 16666616166666166666616666666666
885 2845 1000 2902 labatur
1013 2845 1074 2916 regi
1096 2859 1163 2901 cum
1187 2844 1276 2900 etiam
1302 2845 1389 2914 66661
1415 2851 1518 2912 666661,
1546 2843 1618 2900 levis
1637 2852 1735 2901 autem

56 2938 172 3006 poterat.
848 2954 868 3010 c
883 2939 1039 2989 66661666
1053 2931 1199 2989 inlinitum
1215 2946 1333 3003 prorsus
1348 2946 1462 3003 agmen.
1483 2931 1560 2999 Quos
1574 2931 1622 2989 ille
1635 2939 1736 2989 contra

56 3035 123 3080 666
151 3022 249 3093 116666
273 3022 310 3078 66
336 3035 391 3079 666
414 3021 563 3089 166661616,
578 3028 606 3079 61
633 3036 670 3079 ex
709 3021 829 3078 vulnere
884 3019 1048 3077 aeconllari
1077 3019 1197 3076 audiens
1221 3020 1377 3092 garriebat,
1407 3034 1474 3078 666
1502 3020 1589 3077 etiam
1616 3033 1735 3091 prorsus

56 3111 128 3168 ibato
152 3110 214 3181 166
243 3111 413 3180 impotenter
439 3109 546 3181 agenti,
586 3108 727 3180 qnoniam
752 3108 830 3165 111166
884 3105 976 3176 impos
992 3107 1064 3165 lecto
1091 3107 1282 3165 decumberet.
1307 3108 1733 3181 116611666666661666116-

72 3199 189 3256 666166
213 3197 384 3264 Adelelmus,
408 3210 482 3267 6666
505 3195 719 3266 pulcherrimus
737 3194 766 3250 in
780 3195 829 3252 lu·
884 3195 1078 3254 616666616116
1097 3197 1264 3266 6661666661,
1297 3196 1451 3254 1166166166
1476 3197 1596 3267 respuit.
1626 3196 1734 3255 01116116

55 3284 726 3359 666666666661666166661661661111661161
752 3285 827 3342 Tho·
882 3281 937 3340 sibi
963 3285 1122 3342 multorum
1145 3285 1278 3343 altinium
1292 3285 1411 3342 auxiliis
1435 3285 1620 3343 exsibillavit.
1654 3286 1735 3343 Tunc

67 3376 128 3447 jam
156 3376 267 3434 1666661
293 3374 322 3430 16
337 3373 439 3440 Adam,
454 3382 481 3431 ct
502 3375 532 3429 in
554 3373 656 3429 turrim
680 3374 744 3444 ejus
766 3373 828 3444 ipsa
883 3370 1115 3444 archiepiscopus
1137 3380 1164 3431 61
1179 3373 1314 3445 episcopi,
1331 3373 1411 3429 166116
1427 3373 1458 3429 in
1470 3374 1562 3430 altum
1584 3374 1733 3445 666611166,

58 3463 143 3521 66661
156 3464 247 3534 166616
261 3460 426 3519 concubina
445 3474 527 3517 arma
552 3468 719 3518 convertere
735 3468 826 3531 parat.
882 3460 1098 3518 multitudinem
1138 3462 1313 3529 asciverunt,
1348 3461 1597 3519 commonitorium
1619 3461 1660 3518 eis
1683 3476 1733 3532 pro

56 3551 197 3608 6616616
222 3549 357 3606 1166111616
371 3547 537 3620 ingelranni
563 3548 715 3619 hucusque
729 3555 829 3604 contra
882 3548 997 3620 negotio
1022 3548 1159 3614 lecerunt,
1184 3564 1201 3605 a
1228 3549 1351 3620 peccatis
1379 3551 1575 3615 absolverunt,
1590 3557 1618 3605 et
1632 3550 1732 3606 utsub

56 3652 138 3696 enses
165 3646 290 3696 steterat.
318 3639 395 3710 11666
410 3651 478 3709 6666
492 3636 633 3694 66666616
649 3637 753 3694 166616
773 3637 828 3695 611-
882 3635 998 3693 666166
1029 3637 1206 3707 poenitentis
1239 3646 1336 3694 castro
1377 3637 1417 3693 1111
1452 3637 1530 3707 quod
1566 3637 1732 3694 creciacum

56 3741 88 3784 ne
112 3727 282 3784 circumdat.
306 3726 342 3782 lit
364 3732 439 3781 certe
464 3724 554 3781 hdam
583 3723 642 3795 6661
667 3723 827 3782 hominium
881 3721 996 3796 (Creop)
1012 3732 1126 3791 vocant,
1140 3725 1174 3781 de
1190 3726 1283 3782 salute
1304 3725 1469 3782 animarum
1496 3725 1553 3782 tuti
1576 3725 1732 3796 irruerent,

56 3822 93 3882 61,
110 3828 162 3871 666
176 3814 212 3871 611
226 3828 259 3871 eo
272 3813 423 3882 deiecerat,
439 3827 550 3884 rexque
568 3827 636 3869 666
651 3813 681 3870 16
700 3827 754 3871 666
773 3814 827 3871 666
881 3810 1071 3880 imperarunt.
1089 3811 1169 3876 Quod
1184 3819 1212 3869 et
1226 3811 1353 3869 mirabili
1374 3826 1449 3868 ausu
1466 3812 1638 3883 pervadunt.
1665 3814 1732 3870 Erat

56 3900 827 3974 16666111616661666666666166611666,66611616
881 3907 978 3957 autem
1011 3899 1282 3957 muntttoinsotttae
1308 3899 1493 3967 tortitudinis,
1520 3900 1733 3958 1166166616
1788 3912 1791 3917 ·

56 4004 95 4047 16
111 4003 236 4063 qnorum
255 4003 321 4061 pars
335 3989 561 4061 periclitabatur,
579 3989 661 4048 166161
680 4004 764 4047 66666
791 3990 827 4047 66
880 3988 1076 4045 6666661666
1095 3987 1193 4045 661116
1219 3987 1361 4044 616166166
1384 3988 1541 4044 videretur.
1573 3988 1645 4045 Cum
1663 4002 1732 4062 ergo

56 4070 174 4127 ensibus
193 4083 243 4140 per
271 4077 429 4137 turrenses,
454 4083 521 4126 cum
547 4076 614 4125 aute
637 4069 825 4138 obsidionem,
881 4075 932 4145 qui
947 4074 1127 4142 1616666661,
1143 4074 1301 4132 6616661661
1326 4076 1515 4144 intenderent,
1532 4084 1616 4147 66616
1636 4085 1732 4134 tamen

56 4166 151 4228 666166
170 4157 340 4215 crebriores.
365 4158 471 4216 Nullus
494 4159 571 4215 enim
595 4159 672 4229 apud
700 4159 826 4217 urbanos
878 4163 939 4234 iam
954 4163 1041 4234 priori
1057 4163 1142 4231 vallo,
1158 4164 1321 4235 astititrex
1335 4165 1365 4221 in
1381 4172 1463 4235 porta
1475 4165 1595 4235 castelli,
1618 4173 1646 4223 et
1660 4167 1733 4224 6611-

56 4245 211 4315 16661,666
232 4245 324 4316 passio
348 4245 418 4302 sola.
446 4244 526 4312 0666
552 4246 677 4316 661666
698 4254 825 4317 6666616
844 4250 998 4309 1166111116
1022 4251 1174 4323 666166616
1196 4260 1229 4310 61
1263 4260 1390 4310 castrum
1412 4251 1467 4310 sibi
1487 4254 1641 4322 traderent,
1665 4268 1732 4312 666

57 4348 107 4391 66
122 4334 198 4392 6616
212 4334 293 4392 166116
307 4335 478 4392 6666161666
501 4336 661 4408 episcopus,
678 4337 752 4393 61661
768 4349 826 4405 ont-
879 4353 910 4397 se
928 4339 1055 4398 dicerent
1080 4354 1139 4398 non
1162 4340 1299 4404 16616166,
1321 4351 1455 4411 protensa
1474 4356 1565 4400 mauu
1577 4342 1688 4414 juravit
1702 4355 1733 4398 se

56 4428 184 4478 suctum
205 4430 257 4489 661,
280 4421 414 4490 sedasset,
442 4423 495 4480 nisi
522 4424 746 4494 vicedominum,
773 4424 825 4495 qui
880 4439 938 4481 uon
964 4439 1146 4483 comesurum
1171 4425 1262 4482 donec
1294 4433 1453 4498 caperetur.
1484 4427 1527 4482 lia
1557 4432 1652 4482 tameo
1686 4423 1752 4481 die*

58 4522 104 4566 66
131 4523 198 4567 666
221 4522 334 4580 semper
351 4509 455 4568 hahuit
473 4512 659 4582 contemptui,
673 4511 824 4569 timuisset.
879 4512 965 4571 solvit
980 4513 1127 4585 impetum.
1142 4513 1349 4572 incrastinum
1365 4528 1434 4572 vero
1452 4512 1623 4585 regreditur,
1651 4525 1733 4569 arma

71 4596 156 4669 61666
180 4597 268 4654 66616
281 4605 324 4655 661
349 4598 550 4667 6116661666
579 4607 827 4668 6616666166,666
880 4603 978 4665 66611,
1001 4601 1036 4659 66
1055 4601 1195 4659 militibus
1224 4609 1321 4660 autem
1341 4602 1392 4659 vix
1414 4601 1559 4674 quispiam
1591 4600 1732 4657 coarmari

56 4698 115 4743 166
133 4685 280 4743 1166611666
294 4687 339 4754 611,
356 4686 410 4742 6161
432 4695 483 4744 661
500 4687 534 4743 66
549 4687 610 4759 ipso
624 4689 699 4746 male
726 4689 826 4761 loqua·
881 4689 982 4746 voluit.
1013 4690 1144 4760 cumque
1170 4699 1277 4761 6666161
1303 4704 1353 4747 eos
1374 4689 1545 4761 proditionis
1564 4697 1730 4755 armsseret,

56 4781 100 4832 tut
114 4774 168 4831 sibi
183 4773 256 4832 male
280 4767 373 4831 166161.
399 4774 452 4842 Qui
476 4775 546 4833 666
564 4776 601 4833 611
617 4791 675 4835 666
703 4777 827 4835 morderi
882 4775 979 4834 accitis
1003 4777 1192 4848 pedestribus,
1209 4778 1270 4849 ipse
1286 4777 1365 4849 66166
1388 4776 1469 4835 vallo
1488 4776 1619 4834 insistete
1641 4784 1669 4833 et
1696 4775 1732 4832 ad

56 4901 68 4930 ‚,
96 4868 124 4920 et
155 4861 278 4918 scienter
307 4861 495 4932 perfidissimo
525 4862 637 4934 placere
660 4866 754 4937 gestit,
772 4866 827 4922 [teo
880 4864 1017 4922 interiora
1031 4865 1084 4923 niti
1096 4867 1191 4938 66611.
1216 4868 1274 4925 Nec
1299 4880 1379 4924 6666
1403 4872 1573 4937 penetratur
1586 4865 1671 4933 intro,
1688 4863 1732 4921 in-

56 4974 58 4998 »
83 4949 191 5022 judice,
220 4950 256 5007 ab
285 4950 345 5020 1666
365 4950 554 5021 potissimum,
581 4960 610 5009 61
637 4953 674 5010 66
689 4954 824 5011 omnibus
882 4966 953 5025 6666
967 4952 1139 5010 victualium
1153 4955 1235 5025 copia
1262 4954 1415 5024 reperitur,
1444 4951 1607 5009 defensores
1630 4959 1732 5009 tenen·

56 5045 134 5096 atur.
882 5047 940 5108 tur,
957 5039 1156 5112 oppidumque
1167 5040 1304 5098 diruitur.

56 5126 162 5183 11166166
198 5125 419 5183 archidiaconus
448 5127 560 5184 Thema
583 5127 697 5184 comitia
721 5128 787 5185 dolo
800 5133 829 5185 el
920 5127 1047 5184 Tandem
1073 5144 1105 5184 se
1127 5127 1206 5184 dedit
1228 5127 1361 5184 Thomna.
1388 5158 1422 5169 -
1444 5127 1529 5185 11666
1558 5127 1642 5199 longo
1666 5128 1733 5184 binc

56 5213 99 5272 rio
110 5214 279 5271 1666166166.
298 5243 329 5256 -
347 5215 471 5273 Thomas
482 5215 570 5288 igitur
582 5216 655 5274 turri
673 5216 829 5275 subvenire
883 5215 962 5273 aliud
989 5216 1191 5287 municipium,
1208 5215 1545 5288 uomincllovigentum.
1562 5208 1734 5287 116166616-

56 5305 159 5376 potuit,
175 5305 253 5362 intra
268 5318 356 5376 quam
369 5312 397 5361 et
412 5303 510 5373 liliam,
525 5312 553 5362 et
567 5304 689 5362 militum
709 5319 829 5364 suorum
882 5304 969 5362 vibus
981 5304 1042 5376 regi
1055 5305 1165 5383 delatis,
1183 5303 1282 5362 incola
1295 5304 1497 5375 prolugerunt.
1521 5302 1733 5375 6666666616-

56 5393 127 5450 iores
149 5391 306 5449 dimiserat.
328 5389 404 5448 11616
417 5399 514 5448 66166
532 5391 642 5462 ubique
663 5400 743 5449 16616
760 5407 830 5465 666-
884 5406 952 5451 666
964 5392 1055 5465 aliqui
1067 5393 1156 5452 166616
1178 5392 1298 5466 appensi
1319 5401 1388 5453 snut
1401 5394 1437 5451 66
1452 5393 1575 5465 captivis
1588 5392 1626 5450 66
1641 5400 1734 5450 terro-

56 5485 86 5535 ut
98 5478 305 5550 archiepiscopi
330 5487 359 5549 61
374 5477 512 5549 praesules
535 5492 587 5550 666
609 5478 733 5536 ecclesiis
755 5494 830 5551 que-
884 5495 946 5540 666
956 5480 1150 5552 6616666666,
1169 5481 1259 5554 aliqui
1280 5481 1353 5543 alias
1371 5481 1468 5540 occisi.
1484 5483 1524 5540 lte
1544 5479 1735 5541 6666116611166
