3818 6008
527 238 736 297 opusculum
756 240 803 296 bu
824 239 1062 296 virtutumque.
1249 309 1252 313 ‚
1623 242 1676 296 aui

56 387 97 431 mo
110 372 236 430 exterior
249 372 456 429 adversitatum
480 372 642 444 frequentia
665 372 766 429 tundi·
784 374 808 428 Α
823 379 915 430 ιιιιιι
932 372 1109 445 prevalebis,
1126 373 1178 444 qui
1193 386 1230 429 ne
1244 373 1281 429 ab
1295 372 1411 429 homine
1437 371 1565 443 quidem,
1585 384 1673 441 quem

56 463 78 519 ei
103 474 173 533 ager
187 460 305 532 qnidam
333 460 488 517 Dominicis
511 460 688 518 sementibus
715 473 770 532 ap·
822 462 929 530 videre,
945 475 1092 533 quemque
1114 460 1314 532 subterfugere
1337 465 1437 530 potest,
1462 459 1573 529 quique
1594 458 1673 530 inge-

75 549 174 606 llorem
195 548 340 618 pudicitia
360 548 431 604 mire
452 548 625 606 redolentem
649 548 770 606 uberius
822 551 871 606 nio
896 550 1068 621 plerumque
1097 564 1127 606 se
1150 548 1324 615 inferiorem,
1355 560 1471 604 servare
1491 560 1521 603 se
1545 546 1674 604 suflicit?

56 638 118 695 lent
132 637 255 709 profecto
274 646 302 692 et
318 637 455 706 pleraque
476 636 610 708 gramina
634 637 770 708 florigera
823 638 876 696 Sed
891 640 976 708 Deus,
993 639 1044 710 qui
1061 637 1140 696 omni
1156 644 1268 694 terreno
1284 635 1486 708 spiritualique
1500 635 1576 691 malo
1590 635 1672 692 insti·

56 739 101 783 rro
125 724 217 781 lilium
243 722 272 778 in
291 723 481 790 convallibus,
499 724 583 797 idest
607 724 637 780 in
660 723 769 779 intimis
822 728 877 784 tuit
890 727 1074 794 medicinam,
1091 734 1118 783 et
1131 726 1212 782 hunc
1231 738 1292 796 qua
1307 724 1449 781 industria
1463 723 1556 781 evinci
1573 731 1670 794 queat,

56 815 100 871 tin
116 813 261 882 nascitur3
277 812 360 868 nulla
382 812 458 868 enim
473 819 515 868 est
529 812 625 868 carnis
651 812 769 883 integri·
821 815 945 872 edocuit.
962 819 1038 871 m
1060 815 1134 883 Quia
1147 813 1223 871 enim
1239 814 1299 871 sola
1318 812 1365 870 sui
1382 812 1503 869 tumoris
1525 811 1672 868 occasione

62 915 100 959 ex
116 914 212 958 amore
227 901 346 971 prodeat
360 899 474 956 mentis.
821 902 953 971 defluxit,
969 917 987 959 a
1002 903 1098 960 cinere
1108 910 1135 959 ιι
1150 903 1221 970 luto,
1235 903 1292 959 imo
1306 902 1343 958 ah
1358 901 1423 968 illis,
1441 901 1492 971 qui
1505 914 1534 956 se
1546 901 1670 957 cinerem

67 998 164 1047 autem
195 1003 245 1060 per
271 988 370 1045 florem
395 987 489 1058 campi
514 987 662 1059 designata
691 988 767 1044 credi
822 985 976 1058 lutumque
988 988 1151 1055 attendunt,
1167 988 1326 1058 spiritualis
1342 987 1433 1057 ipsius
1447 985 1585 1043 fortitudo
1600 985 1672 1042 divi·

56 1079 110 1136 tin
139 1077 249 1148 impubi
277 1084 370 1144 etate,
396 1077 425 1132 in
454 1075 583 1146 puerulis
608 1076 713 1133 scilieet
735 1090 768 1133 ac
821 1090 858 1131 no
893 1074 1021 1132 subsidio
1058 1076 1189 1146 superari
1218 1073 1426 1145 promptissime
1456 1088 1486 1130 se
1514 1072 1652 1143 conspicit
1660 1089 1669 1142 ;

56 1166 112 1234 ills,
139 1180 176 1223 ex
205 1165 266 1223 sola
300 1165 426 1222 naturali
461 1164 624 1220 innocentia
657 1172 767 1222 constat
821 1178 880 1235 quo
891 1164 969 1220 enim
993 1162 1119 1234 quisque
1136 1176 1222 1234 penes
1244 1176 1327 1218 suam
1349 1162 1513 1232 opinionem
1526 1160 1620 1227 vilior,
1637 1174 1671 1217 eo

56 1269 78 1322 s,
94 1255 139 1312 vel
160 1255 256 1325 potius
271 1267 337 1324 qum
357 1253 386 1308 in
402 1253 587 1323 quibusdam,
603 1253 655 1323 qui
670 1253 767 1325 frigidi
820 1253 857 1309 ad
869 1250 1083 1323 effringendum
1097 1250 1206 1306 inimici
1219 1251 1357 1307 verticem
1372 1249 1404 1306 flt
1416 1248 1569 1307 efficacior.

56 1344 146 1413 poris,
167 1350 196 1399 et
214 1341 404 1412 temperantia
422 1341 551 1412 ingenita
575 1341 620 1397 his
642 1341 768 1399 motibus
856 1339 957 1397 Carnis
991 1353 1059 1410 ergo
1089 1339 1295 1395 continentiam
1322 1351 1411 1409 quam
1437 1338 1498 1395 suis
1525 1337 1670 1408 precipue

56 1437 190 1502 spuatur,
219 1431 324 1500 saepins
354 1430 505 1499 reperitur.
535 1429 571 1484 Et
596 1429 625 1484 hi
650 1428 766 1500 quidem
820 1428 914 1485 irritat
931 1426 1050 1494 facibus,
1067 1441 1125 1497 quo
1139 1426 1231 1487 tutius
1249 1426 1405 1498 quisquam
1424 1426 1523 1496 clypeo
1536 1439 1670 1482 commu-

56 1517 76 1573 ιι
94 1518 388 1575 exercitiosummum
403 1517 542 1587 quiddam
561 1517 715 1586 possident,
739 1525 767 1574 ιι
821 1515 902 1583 nihii,
925 1528 1014 1586 quam
1046 1522 1078 1571 nt
1106 1515 1136 1572 in
1157 1503 1245 1572 earne
1260 1514 1369 1585 positus
1391 1514 1426 1570 de
1440 1527 1470 1570 se
1485 1526 1597 1584 semper
1610 1514 1669 1569 hu·

56 1620 90 1663 ue
105 1606 177 1662 bene
198 1606 321 1663 vivendo
344 1605 415 1661 alias
435 1612 616 1662 exercentur.
641 1604 695 1661 Sed
719 1612 765 1660 ta·
786 1603 900 1697 Bmilia
910 1610 1018 1674 penset,
1034 1604 1112 1675 quod
1123 1603 1170 1661 ilie
1186 1611 1252 1674 typo
1275 1602 1389 1673 proprio
1403 1602 1496 1659 lacere
1510 1601 1670 1671 supersedit

64 1694 221 1766 qnisquam
244 1693 411 1765 perfectioni
426 1708 543 1764 operam
567 1694 636 1750 dare
651 1694 767 1749 inveni·
819 1708 887 1749 oum
901 1693 1021 1764 spiritus
1034 1692 1127 1750 esset?
1148 1692 1248 1750 carnis
1262 1693 1360 1764 itaque
1392 1705 1493 1749 sensus
1516 1692 1586 1748 dum
1603 1705 1669 1761 pre-

56 1797 71 1841 e
99 1791 128 1840 ιι
155 1783 304 1854 spadones,
330 1783 464 1853 quaedam
492 1782 536 1839 sui
561 1782 701 1839 securitas
729 1781 766 1838 ad
820 1782 920 1851 mitur,
946 1782 992 1840 vis
1014 1783 1095 1853 impii
1123 1782 1240 1852 spiritus
1269 1780 1439 1849 annulatur,
1461 1789 1490 1838 et
1516 1780 1579 1850 ipsa
1601 1792 1669 1834 caro

73 1871 161 1928 animi
195 1871 344 1929 deflectere
373 1870 560 1942 dignoscitur.
592 1872 693 1927 Fateor
721 1883 766 1927 me
820 1870 953 1942 patiendo
976 1871 1065 1927 animi
1087 1870 1132 1927 vel
1154 1869 1274 1928 rationis
1299 1869 1463 1940 imperium,
1490 1866 1669 1924 mansuetior

56 1966 77 2018 ,o
94 1959 200 2018 vidisse
227 1961 300 2017 duos
326 1960 429 2018 iratres
451 1959 563 2031 origine
603 1973 764 2031 germanos,
819 1959 960 2028 redditur,
982 1973 1041 2031 quo
1069 1959 1123 2015 sibi
1151 1958 1288 2030 ingenite
1319 1957 1463 2026 superbie
1489 1955 1666 2027 arrogantia.

58 2049 131 2106 alter
154 2063 221 2105 cum
246 2047 431 2105 sacerdotalis
455 2055 528 2104 esset
549 2047 668 2116 ordinis,
693 2062 765 2105 oon·
819 2049 876 2105 imo
891 2047 953 2118 ipsa
961 2047 1088 2104 exterior
1102 2047 1209 2114 laetitia,
1226 2060 1286 2117 qua
1296 2047 1401 2117 saepius
1416 2045 1488 2102 foede
1502 2043 1665 2108 resolvitur,

56 2152 82 2194 so
107 2137 239 2194 cohihere
263 2150 321 2192 non
348 2136 454 2206 potuit:
483 2136 555 2192 alter
579 2136 669 2193 laicus
695 2137 765 2193 adeo
817 2146 845 2193 ιι
873 2137 975 2192 intima
995 2149 1078 2208 ragae
1097 2134 1290 2207 cogitationis,
1320 2147 1379 2203 qua
1400 2133 1494 2203 inepte
1520 2131 1665 2199 discurrit,

56 2240 74 2282 ι
97 2232 209 2282 naturae
224 2225 373 2295 perhibere
396 2224 513 2292 solebat,
531 2231 572 2291 ut,
593 2224 670 2295 quod
686 2224 766 2282 dictu
818 2222 938 2280 lascivia
953 2231 1108 2280 resecatur.
1135 2222 1194 2278 Sub
1209 2223 1264 2278 hac
1275 2221 1364 2293 igitur
1378 2221 1491 2278 nutrice
1506 2233 1572 2276 cum
1588 2226 1667 2276 tanta

56 2314 200 2385 eponltus
215 2320 354 2370 assereret
375 2313 430 2369 hac
445 2313 606 2370 titillatione
626 2313 763 2370 caruisse.
818 2312 922 2384 proles,
950 2319 984 2369 ut
1015 2311 1198 2383 praelihatum
1222 2318 1273 2380 est,
1301 2308 1398 2377 alitur,
1428 2322 1542 2366 necesse
1565 2315 1608 2364 est
1634 2315 1667 2364 ut

57 2402 104 2459 ille
130 2402 312 2458 incontinens
337 2401 374 2456 ad
400 2402 445 2457 sui
471 2402 677 2459 continentiam
700 2409 765 2458 stu·
818 2416 884 2472 qua
901 2407 965 2471 post
979 2399 1070 2471 ipsam
1093 2407 1180 2456 tantae
1204 2398 1322 2456 infantis
1344 2397 1446 2469 gerula
1469 2411 1531 2453 esse
1553 2396 1664 2463 debeat,

57 2488 191 2557 didisset,
209 2502 298 2559 quam
331 2487 432 2544 melior
459 2488 506 2545 illo
541 2489 644 2561 frigido
676 2489 764 2546 exsti·
818 2489 911 2546 virtus
937 2489 1027 2546 altera
1057 2489 1239 2560 requiratur;
1266 2486 1400 2544 nobiliter
1431 2484 1507 2542 enim
1535 2485 1666 2541 oriundis

804 2576 978 2633 »infantibus
991 2576 1082 2632 solent
1104 2574 1318 2647 grandiuscule
1340 2572 1494 2642 ancillulae,
1512 2586 1562 2629 seu
1577 2572 1664 2628 clien-

56 2678 122 2722 trem
151 2664 250 2736 itaque
275 2664 381 2736 campi,
397 2679 456 2721 non
484 2664 588 2732 lilium,
613 2672 648 2723 ut
675 2679 764 2736 supra
817 2665 881 2735 tuli,
897 2665 950 2737 qui
968 2679 1018 2722 eos
1032 2664 1162 2735 quolibet
1176 2664 1279 2732 lerant,
1301 2670 1405 2734 praeter
1420 2662 1557 2725 nutrices,
1582 2660 1666 2717 attri-

56 2786 67 2821 ι,
94 2752 143 2810 sed
167 2752 411 2823 qualemcunque,
442 2753 552 2810 honum
574 2761 679 2822 tamen,
709 2752 764 2810 ista
818 2754 883 2823 bui;
900 2766 953 2810 neo
975 2767 1087 2824 aqunm
1101 2760 1144 2809 est
1165 2760 1197 2808 ut
1218 2751 1247 2808 id
1262 2750 1372 2808 decoris
1397 2764 1455 2807 non
1470 2749 1582 2816 habeat,
1599 2763 1665 2820 quau

56 2838 145 2895 initas
159 2839 327 2909 accipiatur.
351 2839 403 2895 Cui
423 2840 521 2897 sensui
541 2839 666 2896 concinit
685 2840 763 2911 qnod
817 2842 921 2900 nobilis
931 2842 1120 2914 singulariter
1133 2844 1238 2898 exstat.

67 2934 143 2985 terra
180 2927 289 2984 inculta
321 2927 471 2984 consuevit
503 2927 633 2999 intelligi.
673 2929 802 2998 liabetc
1148 2928 1263 2987 CAPUT
1283 2928 1334 2984 lx.

56 3029 140 3086 mpus
164 3016 227 3073 sine
250 3015 392 3073 laboranti
408 3028 498 3072 manu
523 3016 633 3085 florem,
653 3032 720 3074 cum
735 3032 765 3074 se
853 3017 997 3074 Modestia
1006 3016 1138 3074 castitati
1148 3017 1257 3072 tuendae
1266 3014 1494 3089 pernecessario,
1509 3017 1537 3070 et
1545 3013 1666 3070 circum

56 3105 138 3161 tsine
162 3105 316 3161 tentatione
331 3104 457 3161 exsultat
486 3104 639 3175 virginem.
667 3107 704 3163 At
725 3105 764 3162 li·
816 3105 933 3178 spectio.
948 3105 1050 3162 Noxia
1058 3104 1289 3175 familiaritates
1313 3108 1380 3159 runt
1396 3101 1528 3158 eilande.
1551 3103 1664 3159 -Post

56 3193 92 3250 od
107 3192 151 3249 uti
169 3193 396 3263 prescripsimus
408 3199 436 3250 et
460 3193 707 3263 circumfossione,
734 3201 763 3250 ιι
818 3208 907 3266 quam
935 3195 1033 3266 itaque
1063 3208 1144 3250 mens
1169 3194 1218 3264 pia
1232 3207 1292 3250 suae
1307 3191 1421 3248 conscia
1433 3191 1562 3259 vilitatis,
1573 3198 1602 3246 et
1616 3203 1663 3246 ac·

56 3281 182 3339 tlhitione
209 3281 322 3347 colitur,
353 3288 381 3337 et
410 3281 569 3352 plurimum
613 3282 763 3347 exuberat,
817 3283 923 3340 oidenti
938 3282 1053 3354 injurie
1083 3290 1141 3338 tam
1164 3281 1295 3352 subjecta
1313 3293 1402 3352 quam
1421 3287 1525 3349 parata
1547 3277 1662 3350 subjici,

56 3369 202 3426 lvotivam
222 3369 325 3425 animae
339 3370 493 3440 carnisque
511 3371 763 3442 castitatemque
817 3378 905 3428 semet
932 3370 985 3428 sibi
1001 3370 1139 3437 subdidit,
1165 3368 1360 3426 necessarium
1388 3375 1430 3425 est
1457 3375 1490 3424 ut
1520 3367 1663 3439 quidquid

56 3456 159 3514 riacili
182 3457 375 3528 conquiritur,
400 3456 613 3528 incultique,
636 3464 763 3514 terrenas
817 3467 893 3531 agat,
919 3472 1097 3530 quacunque
1119 3458 1164 3516 vel
1188 3471 1365 3529 quocunque
1389 3464 1445 3525 eat,
1470 3470 1585 3513 morum
1608 3455 1664 3512 sibi

56 3558 100 3602 nes
127 3544 222 3615 ligone
253 3544 373 3600 rationis
407 3543 574 3613 discutiens,
606 3552 635 3601 et
663 3545 763 3615 culpas
818 3547 946 3618 gravitas
960 3545 1281 3618 sempercomes,quasi
1298 3544 1399 3615 gerula
1412 3559 1447 3601 ac
1464 3544 1661 3615 procuratrix,

56 3640 216 3699 untractas,
244 3632 328 3703 quasi
349 3640 469 3701 stercus,
494 3647 553 3703 quo
580 3632 761 3699 fecundetur,
816 3642 912 3692 motus
931 3635 1106 3706 incongruos
1132 3641 1160 3691 ιι
1176 3633 1321 3705 quidquid
1348 3639 1390 3688 est
1406 3631 1544 3703 iuvenile,
1571 3632 1661 3688 conti·

56 3722 168 3778 tmenti
179 3720 322 3789 admovet,
338 3728 367 3777 ιι
381 3721 423 3777 sic
434 3721 463 3776 in
478 3720 601 3776 convalli
621 3721 679 3789 illa,
697 3735 762 3791 quae
816 3730 892 3779 neat.
920 3722 994 3780 Solet
1021 3723 1193 3792 plerumque
1224 3727 1286 3791 post
1312 3720 1457 3777 orationes
1479 3719 1555 3776 inter
1577 3719 1665 3792 ionga

56 3805 154 3877 ‚quod
181 3812 329 3862 mortuum
358 3803 484 3861 multum
511 3803 608 3861 attulit
634 3805 762 3862 fructum
814 3810 937 3883 Jejunia,
959 3817 1020 3882 post
1032 3810 1118 3867 fletus
1131 3816 1158 3865 ιι
1172 3809 1275 3865 devota
1289 3808 1424 3878 suspiria,
1443 3822 1508 3865 oum
1524 3810 1560 3866 ad
1583 3817 1663 3866 exte·

56 3908 91 3961 ut,
115 3894 171 3962 24),
188 3907 298 3962 semper
320 3892 458 3961 abundat,
480 3891 605 3964 gloriosa
619 3893 762 3965 gradatim
816 3902 906 3958 riores
920 3914 994 3958 usus
1016 3907 1044 3956 ιι
1058 3911 1210 3956 commune
1233 3890 1409 3968 colloquium
1433 3897 1555 3964 reditur,
1577 3898 1661 3969 qnasi

60 3982 193 4040 humiliat
220 3981 403 4048 θΧὸΙῑὸῑίῡῐιθ,
430 3980 466 4037 ad
494 3980 651 4051 perfectum
675 3983 763 4039 totius
816 3990 852 4046 oh
867 3988 1052 4046 relevandam
1066 4001 1083 4043 a
1098 3985 1212 4043 fastidio
1227 3985 1466 4052 mentem‚veloh
1480 3986 1661 4043 ostendendae

56 4071 202 4143 ttegritatis
215 4069 347 4141 emigrat.
817 4074 1021 4132 benevolentiae
1043 4081 1072 4131 et
1095 4072 1249 4131 hilaritatis
1272 4087 1400 4142 causam,
1424 4074 1570 4145 quoddam
1588 4088 1660 4145 gau-

56 4158 137 4215 itotis
148 4157 350 4231 prerogotiva.
368 4188 402 4198 -
419 4157 484 4214 limo
502 4157 589 4215 etiam
602 4159 761 4227 ,humilita-
817 4163 897 4221 dium
919 4162 1061 4231 exhiberi,
1085 4162 1163 4234 quod
1191 4162 1261 4219 dum
1285 4163 1402 4219 honeste
1425 4162 1540 4219 videtur
1561 4161 1660 4233 incipi,

56 4248 137 4315 nitas,
159 4262 217 4303 non
236 4247 291 4302 nisi
306 4246 336 4301 in
360 4246 445 4318 cujus
468 4246 548 4316 apice
571 4246 632 4303 ιιι
651 4248 686 4304 de
701 4262 761 4319 qua
780 4237 851 4309 Dad
880 4251 1088 4322 turpitudinem
1116 4265 1190 4322 sepe
1218 4249 1372 4308 delabitur.
1409 4251 1482 4308 Nam
1516 4265 1584 4308 cum
1611 4265 1663 4322 per

56 4335 190 4408 ntegritas
200 4342 276 4392 stare
292 4334 438 4391 ullatenus
454 4334 570 4404 suflicit,
588 4337 761 4407 propensius
814 4342 935 4398 hilarem
949 4340 1129 4398 collationem
1144 4340 1298 4398 verborum
1324 4339 1533 4408 multiplicatur
1552 4340 1661 4410 jucun-

57 4423 124 4480 uda.
152 4422 243 4494 Cujus
258 4422 338 4478 laudi
362 4421 458 4479 valere
472 4422 660 4495 singulariter
688 4425 760 4483 illud
814 4430 897 4498 ditas,
920 4430 1025 4486 sensim
1064 4429 1172 4486 aceedit
1202 4428 1375 4500 ioculatoria
1404 4427 1571 4499 garrulitas,
1595 4429 1661 4486 inde

59 4525 94 4569 ur
109 4512 185 4582 quod
201 4509 283 4568 nulla
306 4510 427 4566 humani
448 4511 577 4567 exercitii
598 4521 668 4581 arte,
693 4513 757 4570 nul·
813 4518 1053 4575 concurrentibus
1077 4518 1208 4587 turpium
1230 4517 1433 4574 narrationum
1454 4516 1593 4582 historiis,
1609 4531 1661 4586 per

56 4598 134 4656 &Villi
149 4598 260 4669 ¹⁰(lflib
278 4598 403 4656 ullarum
419 4599 561 4656 virtutum
577 4601 760 4658 adminiculis
812 4606 920 4664 blanda
936 4606 1049 4662 ludicra
1068 4605 1235 4676 tepefactus,
1254 4604 1313 4661 imo
1328 4605 1443 4661 laxatus
1464 4604 1554 4660 animi
1569 4604 1658 4676 rigor,

56 4686 130 4743 srvix
144 4687 288 4755 obruitur,
306 4687 369 4757 ejus
384 4687 496 4743 astutias
506 4688 582 4744 acies
596 4688 757 4758 hebetatur,
813 4696 905 4763 adea,
930 4694 1039 4765 quibus
1057 4708 1158 4751 aurem
1181 4693 1371 4766 linguamque
1396 4700 1496 4763 sponte
1516 4692 1659 4762 attribuit,

56 4791 129 4848 tanc,
149 4777 232 4848 cujus
255 4777 450 4845 irritamentis,
468 4791 536 4834 mox
555 4786 587 4835 ut
610 4781 760 4839 humilitas
812 4783 974 4855 cogitanda,
1000 4782 1145 4853 insperata
1165 4789 1192 4838 ιι
1213 4781 1273 4853 J'am
1305 4795 1377 4853 pene
1400 4780 1560 4838 invincibili
1582 4781 1659 4838 dele-

56 4878 80 4934 ι’,
98 4865 171 4922 nihil
188 4865 219 4921 lit
233 4864 307 4921 illico
318 4864 461 4936 quidquid
485 4879 539 4922 sua
553 4866 680 4924 feralitas
695 4883 759 4926 ma·
812 4870 935 4928 statione
953 4869 1101 4927 mollescit.
1127 4868 1182 4937 Sic,
1207 4868 1337 4940 inquam,
1355 4871 1425 4928 dum
1453 4869 1527 4926 male
1550 4869 1657 4937 dulcia,

68 4961 97 5011 et
110 4967 141 5010 se
160 4953 260 5010 rudem
271 4953 308 5009 ad
323 4966 386 5009 eam
402 4953 627 5024 aggrediendam
639 4956 757 5026 invenit,
812 4959 921 5031 quihus
936 4958 1019 5016 facile
1041 4965 1137 5015 tamen
1160 4957 1252 5014 resisti
1268 4965 1371 5029 posset,
1396 4958 1540 5030 colloquia
1561 4958 1660 5028 prali-

56 5042 193 5099 itudinem
222 5042 338 5112 penitus
365 5042 431 5099 talis
456 5044 667 5115 propugnaculi
697 5060 759 5103 nes·
812 5048 928 5115 bantur,
956 5060 1044 5115 mors,
1070 5046 1118 5104 cni
1131 5045 1315 5103 eliminandae
1338 5060 1433 5118 neque
1458 5060 1549 5115 mens,
1564 5060 1660 5117 neque

75 5130 112 5189 sit
131 5131 209 5188 enim
231 5130 373 5202 spirituali
398 5131 543 5188 creatione
561 5133 715 5203 subnixus,
732 5142 758 5191 et
812 5134 1010 5204 ratiosufflcit,
1025 5141 1054 5192 ιι
1068 5135 1168 5192 merito
1183 5134 1252 5190 satis
1265 5135 1463 5205 consequitur.

56 5217 194 5278 uhtilitate
211 5218 247 5275 ad
261 5217 358 5275 nullas
370 5232 522 5289 corporeas
535 5221 759 5279 necessitudines
847 5224 1005 5281 Vulnerata
1037 5223 1127 5296 igitur
1160 5222 1241 5295 gravi
1279 5223 1334 5280 hoc
1362 5222 1459 5293 jaculo
1491 5228 1596 5290 mente,
1630 5231 1659 5281 ιι

55 5321 81 5378 r,
104 5307 175 5379 quid
195 5315 273 5365 terra
304 5314 333 5365 ιι
354 5307 411 5364 vile
431 5307 526 5366 lutum
551 5309 636 5366 homo
659 5319 759 5368 contra
811 5311 983 5383 cogitatione
1009 5312 1069 5370 huc
1084 5311 1210 5382 illucque
1232 5324 1283 5381 pro
1309 5318 1475 5367 motusue
1502 5311 1659 5382 voluptatis

56 5410 90 5466 m,
113 5405 142 5455 ct
161 5396 212 5470 qui
229 5394 330 5468 diffugi
351 5395 479 5454 localiter
504 5410 562 5456 nou
585 5405 677 5470 potest
705 5399 758 5456 ho·
810 5401 930 5470 erranti,
946 5400 984 5458 ad
998 5398 1155 5457 amatorias
1167 5407 1226 5456 tota
1238 5399 1403 5456 devolvitur
1419 5398 1537 5457 intentio
1551 5413 1656 5472 nugas.

56 5494 108 5544 ttra
121 5501 193 5558 pene
211 5484 430 5558 impenetrabile
445 5487 518 5544 tanti
534 5486 624 5544 hostis
635 5501 758 5546 acumen
812 5491 879 5548 iles
891 5489 983 5562 loqui,
999 5489 1062 5548 boe
1075 5502 1206 5561 querere
1220 5488 1414 5548 ardentissimi
1427 5488 1482 5548 sibl
1495 5487 1585 5549 studii
1604 5495 1657 5553 est,
