3818 6008
72 213 125 270 ttlt

523 212 556 268 V.
575 211 741 270 obtentur
762 212 907 269 ABBthS
925 215 954 270 S.
975 212 1094 269 MARIAE
1113 212 1158 268 DE
1177 212 1372 270 homousio

1768 214 1823 269 488

72 352 102 401 et
110 310 233 415 regnare
247 341 386 415 dignaris,
399 355 458 398 non
472 339 564 398 solnm
581 340 611 397 in
631 341 695 408 hac,
719 356 779 412 qua
800 342 850 398 tibi
868 356 918 399 na·
937 342 1121 412 hquondam
1141 351 1267 412 expertae
1281 341 1428 413 principia.
1459 341 1512 399 Sed
1534 350 1566 399 tu
1587 356 1637 413 per
1654 343 1824 401 obstinatio

72 439 197 490 scuntur
218 431 352 503 praesenti
393 430 586 503 generatione,
621 431 670 486 sed
701 431 786 487 etiam
816 431 845 486 in
871 431 921 489 illa

73 520 163 593 hujus
176 521 274 578 saeculi
301 521 487 578 subsecutiva
507 522 732 593 regeneratione,
746 519 920 579 famulatum

72 617 255 681 perpetuant.

107 699 194 756 Vens.
210 700 254 754 ιθ.
271 729 306 739 -
332 720 343 749 ι
374 698 469 766 Quare
492 698 523 754 in
549 705 718 769 perpetuum
744 698 920 754 oblivisceris

75 808 86 837 ι
103 787 204 857 nostri,
219 787 401 857 derelinques
415 800 467 842 nos
480 785 510 841 in
525 785 737 858 longitudinem
752 785 889 842 dierumi
906 807 916 834 ι

73 874 100 932 Si
116 883 158 944 tu,
175 875 279 945 inquit,
297 876 354 931 tuis
369 875 429 931 haec
443 873 598 943 impertiris
609 873 713 941 electis,
731 881 763 930 ut
787 874 834 930 hic
849 882 876 930 et
890 875 918 931 in

73 970 218 1035 posterum
233 963 275 1020 tui
290 964 331 1019 eis
346 962 601 1019 indivisibilitatem
613 961 756 1033 largiaris,
768 977 830 1031 nos,
846 977 919 1033 quos

73 1059 137 1108 ate
164 1051 290 1122 desipere
326 1052 413 1117 vides,
445 1059 472 1107 et
500 1050 666 1120 resipiscere
699 1051 792 1107 lacere
827 1059 916 1123 potes,

72 1154 163 1210 qnare
179 1141 225 1196 hie
240 1148 409 1210 perpetuum
427 1139 477 1196 tibi
493 1138 634 1195 serviendi
651 1138 795 1208 allectum,
817 1146 844 1195 et
861 1139 919 1196 illie

72 1227 291 1285 diuturnitatem
310 1227 489 1298 inexplebilis
509 1227 581 1285 lucis
604 1227 722 1284 aufers?
736 1228 799 1285 Vox
813 1235 856 1285 est
869 1243 918 1285 eo·

15 1326 17 1330 ⁴
71 1331 138 1373 rum
153 1317 203 1387 qui
219 1317 321 1373 desua
337 1317 428 1373 salute
440 1317 583 1372 hesitant.

107 1406 193 1463 Vens.
210 1409 253 1461 2l.
270 1428 334 1455 -r
363 1405 503 1462 Converte
531 1419 591 1471 nos,
619 1405 746 1472 Domine,
773 1404 810 1459 ad
830 1412 868 1473 te,
891 1411 919 1460 et

975 444 1039 486 nem
1069 445 1121 488 nos
1148 432 1272 501 repellis,
1304 439 1333 488 et
1372 439 1398 487 te
1431 430 1538 488 iratum
1573 432 1824 489 irremediabiliter

974 519 1106 575 ostendit.

1009 607 1150 675 Quoniam
1179 608 1294 665 tandem
1324 623 1440 665 emenso
1468 608 1685 679 pertimescendi
1713 606 1823 664 laboris

974 695 1113 765 opusculo
1124 709 1174 765 per
1196 696 1351 752 immensas
1371 697 1574 767 mysteriorum
1598 695 1753 767 voragines
1764 708 1822 751 ser-

975 798 1022 839 mo
1037 792 1134 841 noster
1147 785 1285 852 enatavit,
1300 784 1495 841 securrissimo
1506 799 1580 841 ausu
1590 785 1685 841 dicam
1700 783 1781 854 quia,
1792 782 1821 839 in

973 874 1032 927 tam
1045 872 1181 928 horrendi
1200 872 1415 929 transmissione
1435 871 1499 940 sali,
1523 872 1617 929 solum
1631 872 1724 929 Deum
1739 872 1822 928 remi·

974 973 1037 1028 gem
1062 969 1089 1016 et
1114 960 1283 1017 nauclerum
1308 961 1467 1017 habuerim.
1489 961 1587 1018 Testor
1613 960 1690 1017 enim
1713 961 1819 1031 ipsum,

974 1049 1051 1105 intra
1065 1049 1151 1120 cujus
1165 1058 1265 1119 portus
1287 1052 1442 1106 anchoram
1460 1064 1530 1106 meae
1548 1049 1712 1106 intentionis
1727 1062 1821 1119 appu-

974 1138 1067 1204 lerim,
1089 1137 1166 1208 quod
1191 1138 1227 1193 ab
1254 1140 1314 1209 ipso
1332 1139 1450 1195 exordio
1474 1140 1561 1196 totius
1584 1139 1674 1210 hujus
1691 1138 1777 1195 stadii
1791 1138 1819 1192 in

974 1232 1087 1283 tanturn
1101 1227 1207 1298 ingenii
1223 1227 1278 1283 mei
1300 1241 1422 1284 acumen
1445 1227 1580 1284 habuerit
1598 1227 1711 1298 quoties
1730 1225 1820 1282 aciem

973 1316 1063 1370 animi
1092 1316 1126 1371 ad
1151 1316 1211 1371 haec
1231 1316 1401 1388 vestiganda
1432 1315 1619 1372 tetenderim:
1645 1322 1679 1371 ut
1701 1314 1757 1370 nisi
1785 1313 1821 1369 ad

974 1403 1079 1474 ipsum,
1097 1406 1181 1476 cujns
1203 1405 1303 1461 vultus
1327 1405 1423 1461 lumen
1444 1403 1523 1462 cordi
1547 1413 1645 1461 nostre
1666 1404 1821 1474 insignitur

975 1491 1190 1549 lacrimabiliter
1217 1501 1404 1563 respectarem
1437 1493 1555 1562 (quippe
1577 1493 1628 1563 qui
1654 1492 1731 1549 bona
1754 1505 1820 1548 con·

974 1581 1092 1638 scientia
1108 1582 1136 1636 id
1157 1596 1202 1638 me
1224 1582 1381 1653 arripuisse
1399 1582 1611 1653 cognoscerem)
1627 1594 1695 1637 cum
1713 1592 1822 1652 magna

75 1501 314 1561 »convertemur,
334 1494 439 1549 innova
455 1493 515 1549 dies
538 1501 651 1550 nostros
678 1493 784 1550 sicuta
809 1493 919 1563 priuci-

71 1601 86 1631 »
104 1580 159 1651 pio.
188 1583 278 1648 Certe,
309 1582 413 1653 inquit,
454 1583 476 1638 si
506 1590 536 1638 tu
571 1583 693 1653 gratiam
724 1581 918 1638 conversionis

72 1669 154 1726 uobis
167 1669 332 1740 inspirares,
354 1671 452 1741 procul
477 1670 566 1727 dubio
586 1671 627 1726 nil
643 1685 788 1741 possemus
811 1670 867 1726 nisi
882 1671 918 1726 ad
938 1687 958 1742 g
975 1670 1074 1740 procul
1089 1670 1177 1726 dnbio
1193 1672 1229 1727 ab
1243 1685 1276 1727 eo
1301 1671 1378 1741 quod
1400 1683 1541 1740 ceperam
1563 1668 1729 1725 contusione
1746 1667 1821 1724 desi-

71 1763 99 1813 te
113 1756 187 1814 sicut
201 1765 228 1814 et
243 1757 283 1813 illi
306 1759 443 1815 converti.
466 1761 571 1815 larona
589 1773 657 1830 ergo
680 1759 737 1814 dies
759 1764 864 1814 arostros
878 1761 920 1814 si·
975 1766 1087 1814 stenem.
1105 1757 1157 1815 Sed
1182 1758 1310 1823 intinitas
1331 1772 1419 1829 super
1443 1758 1497 1814 hac
1521 1757 1708 1827 experientia,
1734 1756 1818 1824 Deua

71 1850 116 1900 eut
129 1862 147 1900 o
159 1848 306 1915 principio,
323 1845 350 1901 id
377 1854 419 1902 est
441 1861 504 1903 eam
529 1847 686 1904 claritatem
713 1848 754 1918 pii
776 1847 920 1917 desiderii,
974 1854 1079 1917 grates,
1093 1847 1144 1918 qui
1158 1846 1199 1903 sie
1213 1861 1265 1903 nos
1281 1855 1330 1904 tuo
1344 1861 1464 1903 munere
1488 1846 1603 1914 imbuis,
1626 1852 1659 1903 ut
1673 1858 1727 1901 nos
1741 1843 1820 1902 nullo

72 1946 137 2004 quae
150 1933 209 2005 jam
236 1934 440 1991 deambulacra
458 1935 591 2006 vulpium
619 1936 692 1992 lacta
713 1944 764 2003 est,
793 1938 822 1991 in
838 1936 921 1992 nobis
974 1934 1059 1990 modo
1075 1936 1160 1992 lateat
1175 1935 1293 2005 quidex
1307 1942 1345 2002 te,
1361 1934 1432 2005 quid
1447 1935 1593 2004 sapiamus
1606 1947 1643 1990 ex
1655 1931 1751 1990 nobis.

70 2035 186 2091 repara,
201 2029 233 2078 ut
249 2022 291 2078 las
305 2023 341 2079 sit
367 2022 460 2079 redire
474 2023 509 2079 ad
533 2023 693 2080 dulcedinis
710 2031 797 2095 atque
817 2023 920 2081 laetitiae

762 2321 1130 2429 EPILOGUS.

105 2631 248 2701 Quoniam
261 2645 331 2703 ergo
353 2630 443 2702 hujus
464 2630 679 2687 aestuantissimi
702 2630 766 2687 lreti
789 2631 918 2702 qualern-
973 2630 1094 2699 infinita,
1111 2632 1274 2703 magistros,
1290 2631 1384 2703 etqui
1400 2632 1461 2688 suis
1476 2631 1690 2703 dignoscuntur
1703 2645 1818 2690 sensua-

74 2734 191 2791 cunque
214 2720 271 2775 Deo
298 2719 417 2775 ductore
436 2727 552 2790 portum
578 2719 736 2790 attigimus,
758 2721 793 2775 ad
816 2727 843 2776 te
862 2719 917 2791 (le)
971 2719 1102 2777 litatibus
1118 2720 1229 2786 irretiti,
1245 2718 1345 2790 aliqua
1367 2719 1556 2790 spiritualiter
1571 2733 1656 2776 sensa
1679 2734 1817 2792 propone-

72 2810 187 2867 tandem
201 2807 231 2862 in
247 2821 305 2878 quo
330 2807 416 2864 totius
430 2808 604 2864 sinceritatis
624 2807 767 2879 judicium
784 2809 918 2878 praeemi-
972 2822 1042 2876 retu,
1058 2809 1186 2865 studium
1200 2808 1284 2878 plane
1306 2822 1401 2864 meum
1420 2822 1520 2865 eorum
1541 2808 1712 2865 lentitudine
1726 2809 1816 2865 consi·

71 2912 139 2955 nere
154 2911 213 2953 non
234 2895 360 2966 ambigo,
387 2897 471 2966 quasi
497 2897 526 2951 in
547 2896 716 2952 solidissimo
738 2896 830 2953 littore
845 2911 919 2954 corn-
972 2898 1071 2954 derata
1083 2897 1252 2969 gravissime
1267 2897 1474 2953 examinarem.

70 2987 178 3045 mercia
199 2993 307 3052 nostra,
336 2986 449 3055 magnis
472 2985 566 3042 cordis
586 2993 614 3041 et
638 2986 764 3055 eorporis
788 2993 918 3055 coempta
1008 2986 1052 3041 hd
1068 2993 1093 3041 te
1107 2986 1205 3057 igitur,
1222 2985 1272 3055 qni
1289 2985 1479 3055 spiritualiter
1502 2992 1608 3042 cuncta
1625 2984 1778 3042 examinas
1791 2992 1818 3042 et

70 3060 240 3137 sudoribus,
269 3076 406 3144 magister
445 3073 613 3138 reverende,
654 3073 832 3143 deponimus.
861 3074 919 3131 Nec
972 3073 1115 3130 anemiue
1134 3073 1284 3144 judicaris,
1307 3088 1427 3131 securus
1446 3074 1572 3144 intendo,
1594 3072 1665 3145 q'uia
1684 3074 1721 3131 ad
1739 3073 1820 3144 liqui

70 3168 148 3224 enim
161 3175 188 3224 te
203 3167 362 3239 improvide
377 3164 512 3235 eligimus
526 3163 615 3233 hujus
637 3169 740 3218 nostrae
760 3161 919 3232 supellecti·
972 3160 1042 3217 dum
1054 3162 1199 3229 universa,
1216 3169 1243 3218 et
1258 3162 1303 3218 his
1318 3163 1429 3233 majora
1449 3176 1506 3219 non
1531 3170 1681 3232 penetrare
1695 3178 1754 3220 non
1769 3177 1817 3232 po·

70 3253 106 3310 lis
129 3257 361 3326 appretiatorem,
384 3253 470 3308 immo
498 3250 750 3321 vigilantissimum
779 3251 920 3307 discusso
938 3273 959 3328 ρ
973 3251 1040 3305 teris
1053 3265 1062 3320 ;
1077 3264 1143 3306 curn
1159 3251 1232 3306 nihil
1244 3251 1369 3306 sitaliud
1379 3264 1466 3321 quam
1479 3250 1612 3308 divinum
1627 3259 1654 3308 et
1668 3251 1818 3322 spirituale

70 3356 141 3411 rem,
168 3345 214 3400 cui
245 3357 363 3414 prorsus
388 3340 534 3396 insolitum
564 3340 631 3407 scio,
658 3338 720 3394 sine
746 3339 918 3395 omnimodae

70 3432 215 3501 aeqttitatis
241 3431 348 3488 iutuitu
377 3428 506 3485 censorie
530 3427 695 3498 qnempiam
711 3427 834 3496 jaculari
850 3440 918 3482 sen·

71 3520 171 3588 tentia,
197 3521 282 3591 euius
306 3519 445 3574 nimirum
471 3515 565 3586 operis
586 3529 701 3585 gressus
727 3514 919 3570 indesinenter

70 3621 249 3679 precurrere
261 3606 410 3663 consuevit
427 3603 627 3660 intellectualis
644 3603 755 3658 consilii
771 3601 915 3672 palpebra.

69 3695 133 3754 Non
149 3697 285 3763 absurde,
301 3696 431 3765 inquam,
453 3693 509 3748 tuis
532 3704 658 3762 praesens
671 3689 844 3760 opusculum
858 3690 918 3746 dis·

71 3784 276 3855 quisitionibus
294 3782 439 3853 appulisse
468 3779 654 3846 decreverim,
673 3780 828 3848 praesertim
850 3792 917 3834 oum

71 3873 268 3929 indubitanter
300 3867 468 3941 agnoverim
501 3866 644 3922 nemiuem
666 3880 753 3936 snper
776 3865 918 3922 interioris

71 3967 148 4016 nott
171 3959 295 4016 hominis
311 3962 388 4014 statu
413 3957 442 4011 in
465 3956 578 4011 cunctis
600 3955 682 4011 uobis
709 3954 853 4025 contiguis
877 3967 919 4010 re-

72 4049 208 4121 gionibus
229 4048 368 4118 maiorem
388 4043 567 4100 discretionis
589 4043 747 4100 obtinuisse
767 4043 836 4099 vim.
860 4043 918 4100 Nec

72 4138 100 4193 id
126 4135 245 4208 iniuria.
269 4135 349 4202 Quod
369 4135 445 4190 enirn
470 4132 619 4203 spirituale
651 4132 770 4198 nescias,
799 4146 865 4189 cum
887 4132 918 4186 in

71 4225 161 4296 huius
176 4222 390 4281 examinatione
405 4231 431 4278 te
442 4221 636 4278 indesinenter
653 4219 811 4277 exerceas?
826 4222 857 4275 ln
874 4220 919 4277 his

71 4312 242 4370 tractatibus
257 4319 368 4368 noctem
384 4310 440 4366 diei
455 4313 615 4376 continuas,
637 4310 666 4364 in
688 4310 776 4380 hujus
791 4317 917 4365 contem·

71 4400 204 4473 plationis
227 4401 318 4470 radio,
354 4399 442 4456 totius
468 4399 572 4455 interni
595 4399 712 4455 babitus
733 4397 918 4454 delectatione

71 4490 227 4562 conspiras.
253 4489 334 4555 Quod
360 4488 384 4544 si
402 4489 438 4544 ad
462 4488 610 4556 animales,
635 4499 760 4557 quorum
781 4485 862 4556 copia
876 4490 918 4542 est

106 4650 159 4720 (llll
175 4648 202 4706 S.
217 4648 389 4706 Norbertum
405 4647 565 4719 alloquitur
577 4646 694 4703 Auctor.

973 3338 1050 3408 quod
1065 3339 1150 3394 vivis.
1172 3339 1200 3396 st
1216 3354 1275 3410 qua
1290 3353 1358 3410 ergo
1379 3339 1442 3396 istic
1465 3339 1635 3410 corrigenda
1655 3340 1817 3411 perpendis,

972 3425 1089 3482 consilio
1104 3440 1171 3483 cum
1187 3426 1352 3497 Scripturis,
1368 3441 1496 3497 quarum
1512 3427 1563 3483 tibi
1578 3442 1635 3483 non
1651 3428 1818 3500 infrequens

971 3528 1044 3570 usus
1065 3522 1168 3581 exstat,
1196 3516 1417 3582 communicato,
1456 3529 1643 3586 nequaquam
1675 3517 1819 3588 corrigere

971 3601 1143 3673 dedigneris,
1168 3604 1261 3658 sciens
1285 3602 1403 3658 indubie
1425 3602 1495 3673 quia
1520 3617 1577 3659 non
1597 3603 1746 3675 ingratum
1775 3618 1819 3661 me

972 3689 1030 3746 ullo
1056 3691 1141 3746 modo
1164 3691 1297 3760 reperies,
1325 3691 1348 3746 si
1370 3705 1430 3761 qna
1453 3691 1523 3747 inibi
1547 3691 1750 3760 oblitteranda,
1773 3691 1818 3748 rel

970 3778 1065 3849 potins
1089 3779 1267 3835 immutanda
1292 3780 1445 3835 notaveris.
1466 3782 1609 3837 Ceterum
1633 3780 1671 3836 ad
1694 3778 1816 3837 litteram

971 3867 1042 3922 nihil
1060 3881 1104 3923 me
1114 3867 1219 3923 dixisse
1234 3867 1299 3922 nolo
1315 3867 1436 3935 mireris,
1453 3868 1523 3939 quia
1538 3868 1616 3938 quod
1630 3869 1661 3924 B.
1683 3868 1819 3938 Hierony·

971 3955 1127 4011 mussulis
1150 3970 1295 4027 superque
1319 3956 1478 4013 elucidasse
1498 3956 1526 4012 in
1547 3965 1681 4027 promptu
1700 3966 1752 4026 est,
1775 3958 1818 4014 id-

971 4043 1066 4114 ipsnm
1089 4045 1241 4113 repetendo
1260 4044 1412 4101 schedulas
1428 4044 1546 4115 implere
1569 4059 1817 4115 supervacaneum

971 4132 1173 4203 proculdubio
1195 4132 1264 4189 mihi
1284 4141 1336 4190 est.
1356 4133 1426 4198 Quae
1444 4148 1512 4206 ergo
1532 4148 1583 4205 pro
1597 4142 1685 4205 captu
1703 4149 1777 4203 meo,
1791 4142 1819 4192 ct

971 4220 1039 4288 lieo,
1069 4229 1101 4278 ut
1127 4223 1222 4291 credo,
1251 4223 1371 4294 indigno
1399 4226 1537 4294 peccatori
1560 4224 1716 4294 aspirante,
1745 4225 1819 4282 bona

973 4309 1128 4366 intentione
1152 4311 1293 4383 peregisse
1322 4326 1367 4368 me
1394 4312 1522 4379 memini,
1549 4326 1608 4368 non
1631 4320 1744 4370 tantum
1768 4320 1819 4370 tua

973 4399 1093 4456 lectione
1121 4414 1210 4470 quam
1239 4399 1368 4457 oratione
1396 4399 1539 4457 ilrmanda
1567 4408 1594 4457 et
1617 4402 1819 4459 auctorizanda

973 4487 1128 4544 transmisi.

477 4917 622 4963 EXPLICIT
644 4914 907 4962 Tuohonoutttttttnt
930 4915 1020 4961 LIBER
1043 4915 1176 4970 QUINTUS
1200 4918 1238 4962 ΕΤ
1261 4919 1407 4965 unumne.
