3818 6008
426 289 471 345 DE
491 289 570 346 vlttt
588 289 655 347 SUh
674 288 766 346 LIBRI
785 291 884 348 tntis
905 320 940 334 -
960 291 1027 349 biit.
1047 291 1082 348 ΙΙ.
1576 300 1628 354 898

58 425 181 482 ndemne
214 426 377 494 restituens,
417 427 467 483 ubi
499 429 626 500 corporis
662 429 726 501 ejus
743 430 908 489 Asionibus
945 432 1127 505 emancipata
1157 441 1184 490 et
1216 432 1302 491 claris
1340 437 1511 494 muneribus
1543 447 1629 496 aucta

56 513 164 570 umenti
178 514 303 571 obtinuit
325 516 463 586 requiem,
480 516 519 573 ibi
535 517 724 588 reliquiarum
780 527 831 577 est.

56 617 79 658 m
95 602 198 658 habuit
222 602 335 659 loculus
360 604 464 660 sedem.
481 605 561 672 lude,
589 607 644 662 lieo
664 613 726 676 post
815 609 983 676 Godesridue
1015 613 1046 665 in
1078 612 1163 667 locum
1196 614 1306 667 Henm'ce'
1342 614 1490 682 suspicitur.
1524 643 1560 657 -
1592 617 1630 672 At

58 689 197 747 lurimum
227 699 411 761 procurante,
438 700 572 763 exempta
594 694 723 765 capsula,
780 696 920 765 quoniam
944 703 974 753 et
988 710 1051 753 aevo
1073 697 1171 768 gravis
1195 698 1350 767 predictus
1374 699 1473 767 abbas,
1489 707 1518 757 et
1538 702 1629 758 oculis

56 779 188 836 snescio
219 779 352 836 fidelihus
384 787 495 836 vetusto
523 781 636 852 opificio
660 783 725 838 auri
780 791 881 853 captus
904 790 976 853 erat,
993 785 1029 840 ad
1060 785 1264 856 opulentiores,
1291 801 1357 857 que
1376 801 1430 844 sua
1457 788 1630 846 sullicientia

56 865 143 922 acteis
169 866 314 936 adoperta,
332 867 368 922 ad
392 866 482 923 nostri
507 865 596 938 hujus
614 874 723 934 tempo·
780 870 894 928 lacilius
905 872 966 943 regi
980 880 1122 943 poterant,
1139 873 1212 929 duas
1223 874 1355 931 abbatias
1370 890 1399 932 se
1413 877 1553 945 contulit3
1572 886 1631 935 ter-

82 953 216 1022 intuitus‚
242 962 269 1011 et
293 955 420 1025 antiquis
442 955 595 1026 hucusque
618 954 726 1024 prebet
780 960 847 1014 tiam
869 959 955 1027 hanc,
972 974 1038 1030 qnae
1061 961 1123 1017 sine
1144 975 1263 1031 operosa
1285 963 1421 1019 instantia
1447 965 1545 1022 haberi
1561 967 1627 1023 nul·

56 1056 126 1099 nova
148 1042 295 1099 relatibus.
310 1044 411 1114 ltaque
428 1043 480 1099 loci
501 1043 578 1101 illius
601 1044 642 1100 sic
658 1055 726 1113 per-
780 1047 893 1104 latenus
922 1047 1045 1115 valebat,
1073 1049 1216 1107 dimittere
1243 1052 1401 1122 proposuit.
1430 1051 1483 1120 Qui
1512 1054 1628 1111 cuidam

56 1145 90 1189 se
104 1131 239 1188 habuisse
254 1130 346 1188 initia.
780 1136 875 1207 nepoti
900 1136 1041 1193 monacho
1066 1152 1133 1194 curn
1157 1137 1233 1195 hanc
1256 1139 1442 1206 committere,
1467 1143 1629 1211 provocatis

779 1225 816 1280 ad
843 1223 871 1279 id
895 1224 1020 1282 ecclesie
1044 1225 1191 1294 iratribus,
1216 1226 1377 1295 moliretur,
1399 1228 1553 1299 impetrare
1569 1243 1629 1287 ηοη

213 1273 330 1331 CAPUT
349 1274 386 1330 H·
780 1314 882 1384 potuit,
905 1313 997 1370 sedin
1025 1315 1180 1385 quemdam
1204 1321 1275 1372 tunc
1291 1315 1497 1374 adolescentem
1513 1318 1629 1375 nomine

66 1397 213 1467 Nooigenti
242 1398 361 1453 ecclesio.
396 1397 453 1464 Quo
478 1397 556 1452 modo
585 1398 725 1453 monachis
779 1401 974 1471 Godeiridum,
999 1402 1050 1474 qui
1073 1403 1107 1459 de
1131 1403 1201 1460 locis
1214 1413 1277 1460 erat
1293 1405 1348 1461 illis
1369 1406 1523 1475 oriundus,
1538 1414 1566 1463 et
1580 1405 1627 1479 (⁷²)

73 1487 110 1540 lte
140 1486 263 1541 Henrico
295 1486 401 1542 abbate.
426 1517 460 1526 -
488 1486 525 1543 At
556 1486 726 1544 Christiane
780 1490 1045 1558 Sanbuiminensis
1061 1491 1096 1548 de
1116 1492 1210 1548 blonte
1233 1492 1333 1564 (vulgo
1349 1495 1372 1548 te
1395 1495 1630 1561 ωηο-Βηθω-

56 1580 118 1631 ente
141 1588 293 1642 succursu‚
309 1576 391 1632 bonae
406 1575 530 1632 multum
546 1574 726 1632 habitudinis
781 1578 831 1650 tin)
858 1580 933 1649 apud
963 1581 1102 1636 Peronam
1135 1579 1230 1637 iuerat
1253 1581 1422 1649 monachus,
1453 1581 1513 1651 ipso
1544 1583 1629 1638 etiam

56 1663 85 1720 ,ic
107 1676 144 1719 ex
157 1663 278 1734 antiquo
298 1664 352 1721 sub
372 1664 487 1721 nomine
510 1664 560 1720 Dei
575 1663 726 1721 Genitricis
780 1682 857 1740 aegre
880 1667 987 1725 terente
1013 1669 1145 1739 prosiluit
1170 1670 1278 1726 electio.
1297 1670 1368 1726 Cum
1383 1684 1452 1741 ergo
1475 1670 1630 1742 sagacissi-

56 1752 195 1823 boppido
209 1753 313 1809 etenim
330 1753 408 1824 quod
431 1753 620 1823 prediximus
642 1753 725 1809 Codi-
746 1741 847 1811 Bmus
877 1754 924 1810 ille
955 1755 1050 1811 senior
1081 1764 1149 1812 vota
1179 1757 1346 1828 eligentium
1381 1757 1452 1814 alias
1483 1758 1631 1815 transferri

56 1841 283 1909 nstituta,villis
301 1855 418 1912 quoque
439 1848 559 1898 vetusta
583 1842 728 1899 memoriae
781 1842 975 1912 conspiceret,
1010 1842 1124 1912 locum,
1161 1859 1248 1916 quem
1281 1845 1499 1917 dignantissime
1529 1854 1557 1903 et
1587 1847 1630 1902 in-

56 1930 249 2000 sconstipata,
268 1944 374 2001 magno
390 1929 582 2001 quorumdam
597 1930 729 2001 adjacen·
781 1930 1001 2002 dulgentissima
1038 1931 1171 2004 largitate
1204 1941 1391 2002 servaverat,
1425 1934 1572 2004 deseruit,
1604 1943 1631 1992 et

57 2032 108 2076 rsn
124 2031 157 2074 ac
172 2018 357 2075 veneratione
367 2017 555 2090 contingitur.
571 2019 729 2076 Ferebatur
781 2018 939 2090 legitimam
954 2019 1109 2076 cessionem
1125 2020 1175 2088 illi,
1192 2036 1280 2092 quem
1293 2023 1449 2094 elegerant,
1466 2022 1540 2079 lecit.

55 2107 131 2164 rsub
154 2106 202 2163 illa
215 2108 356 2177 parvitate
370 2122 400 2163 se
414 2114 521 2178 ageret,
541 2106 649 2163 divinis
663 2121 728 2163 cre·
818 2105 865 2178 (⁷³)
897 2107 1044 2178 Sapienter
1064 2108 1266 2178 pmderterqac
1289 2125 1317 2164 se
1348 2113 1419 2179 gerit
1451 2111 1629 2178 Godesridus.

56 2193 86 2250 tri
106 2194 277 2262 luminibus,
300 2201 328 2250 et
342 2195 492 2251 miraculis
515 2195 621 2265 sepius
635 2195 727 2251 hono·
783 2196 944 2252 Liberaliter
966 2210 1089 2267 proceres
1110 2197 1180 2254 bono
1203 2199 1370 2267 largiantur.
1386 2228 1420 2238 -
1436 2198 1631 2269 lgitureleoto

56 2295 144 2338 enec
168 2281 194 2337 id
218 2282 336 2352 injuria,
354 2282 424 2352 qnia
443 2287 520 2337 4⁰⁰
540 2282 617 2352 apud
634 2281 728 2338 homi·
783 2284 840 2352 illo,
866 2291 894 2340 et
907 2284 944 2341 ad
975 2283 1027 2341 loci
1058 2293 1188 2356 promoto
1207 2285 1375 2354 custodiam,
1399 2285 1537 2356 quoniam
1562 2299 1630 2341 cnm

56 2377 80 2428 te
103 2370 273 2427 consistebat
299 2371 328 2425 in
343 2369 456 2426 humili.
474 2368 518 2440 (⁶⁹)
543 2369 656 2428 castelli
673 2383 729 2426 au·
782 2373 874 2430 multa
900 2374 1158 2444 circumspectione
1182 2389 1212 2431 se
1235 2374 1331 2444 gessit,
1355 2383 1383 2430 ct
1400 2383 1457 2431 tam
1479 2373 1632 2445 populares

81 2459 136 2516 sub
164 2457 373 2514 florentissimis
399 2457 579 2529 principibus
611 2458 730 2514 dilatato
783 2477 872 2533 quam
893 2476 1023 2533 proceres
1038 2476 1105 2519 cum
1124 2462 1315 2530 voluntatem,
1339 2471 1400 2519 tum
1416 2461 1630 2532 possibilitatem

56 2562 100 2620 qne
119 2546 254 2610 dominio,
277 2554 305 2602 et
323 2548 491 2616 proceribus
510 2546 602 2603 multa
621 2546 730 2603 libera·
782 2550 915 2607 ecclesias
937 2551 1063 2622 augendi
1087 2550 1242 2618 habebant,
1268 2551 1391 2621 plurima
1415 2550 1461 2606 isti
1477 2557 1629 2617 terrarum,

56 2636 160 2695 nlentia
180 2635 317 2706 preditis,
337 2635 374 2691 ob
389 2634 590 2691 claritudinem
614 2634 677 2704 loci,
694 2635 730 2690 de
783 2647 871 2710 atque
896 2638 1062 2696 reddituum
1086 2638 1139 2696 boc
1162 2639 1294 2709 sequenti
1327 2646 1452 2709 ternpore
1482 2638 1632 2695 commoda

56 2727 137 2784 titate
152 2725 320 2782 dulcissima
337 2723 445 2794 ubique
461 2723 607 2780 redolebat
622 2723 728 2794 opinio,
783 2727 997 2784 conduxerunt.
1020 2727 1095 2783 Bene
1114 2728 1192 2782 enim
1216 2726 1251 2782 ad
1267 2726 1435 2797 qualitatem
1455 2727 1632 2782 exteriorum

56 2828 113 2871 'um
138 2813 256 2870 consilio
280 2812 459 2884 propositum
485 2818 527 2867 est
550 2818 593 2879 ut,
610 2812 646 2867 ad
671 2811 729 2867 tre·
783 2816 933 2872 bominum
951 2814 1027 2872 idem
1051 2815 1158 2873 habere
1181 2830 1211 2872 se
1226 2822 1356 2883 noverat,
1373 2814 1511 2886 quoniam
1535 2814 1632 2871 eisai-

56 2901 144 2957 divini
168 2902 277 2957 servitii
293 2902 363 2958 inibi
387 2900 559 2968 habendam,
580 2899 730 2958 monachis
783 2903 897 2960 labilem
913 2912 940 2961 et
954 2903 1091 2974 dapsilem
1116 2918 1146 2960 se
1162 2901 1316 2975 praebebat,
1334 2910 1361 2959 et
1380 2902 1409 2958 in
1425 2902 1536 2960 actione
1560 2902 1633 2959 lora-

73 2989 212 3057 Quoniam
239 3003 304 3060 spes
324 3003 383 3046 non
408 2997 470 3046 erat
491 2988 540 3044 tali
554 2995 646 3059 coepto
665 3002 730 3045 ma·
748 2992 921 3095 Csticarum
941 3006 1108 3060 causarum,
1125 2990 1279 3063 inquibus
1301 2990 1482 3048 addiscendis
1506 3005 1563 3047 ηηη
1579 2991 1632 3048 mi·

56 3077 159 3148 menti;
175 3092 232 3134 non
261 3076 337 3133 enim
352 3077 443 3135 multo
469 3077 617 3133 uberiores
638 3091 728 3147 qnam
781 3079 893 3136 nimum
911 3093 1027 3151 operam
1042 3080 1159 3137 dederat
1174 3079 1224 3136 eis.
1246 3079 1398 3135 licentem
1414 3093 1483 3135 rora
1504 3079 1632 3136 homines

56 3167 158 3224 horum
183 3180 240 3222 usu
254 3165 384 3235 apparati
409 3166 468 3222 loco
487 3165 527 3222 illi
545 3165 675 3222 redditus
688 3164 729 3221 ri·
780 3182 815 3224 ea
845 3171 1021 3240 tempestate,
1045 3168 1199 3240 dequain
1232 3168 1322 3239 hujus
1344 3168 1439 3239 operis
1472 3167 1552 3224 initio
1573 3166 1629 3240 egi,

56 3254 226 3321 arudibus,
248 3261 275 3310 et
290 3254 386 3310 minus
401 3254 491 3310 doctis
505 3254 542 3310 ad
568 3252 668 3324 aliqua
681 3254 728 3310 in·
782 3256 913 3314 liberales
936 3257 974 3313 ad
998 3257 1176 3314 instituenda
1203 3256 1333 3313 coenobia
1357 3255 1468 3311 animos
1482 3254 1630 3322 hahentes,

56 3343 98 3401 rel
125 3343 319 3414 promovenda
345 3343 473 3413 personis
498 3343 618 3399 ecclesia
643 3342 728 3412 coepit
783 3351 874 3401 terras
888 3353 916 3402 et
930 3345 1036 3402 multas
1056 3345 1193 3416 pecunias
1213 3344 1402 3411 conferentes,
1424 3341 1521 3398 lesius
1534 3357 1588 3399 sna
1603 3345 1631 3398 in

56 3433 109 3501 luas
130 3433 269 3503 quoniam
294 3431 406 3498 ducem,
425 3433 453 3487 et
468 3430 592 3502 alicuius
606 3430 729 3502 argutiae
782 3434 889 3490 talibus
913 3434 1125 3505 expendebant,
1151 3447 1239 3504 quam
1255 3431 1305 3487 tilii
1327 3445 1428 3488 eorum
1454 3430 1529 3487 hona
1549 3431 1632 3488 nobis

56 3521 127 3578 min
152 3519 321 3577 aedificando
343 3533 401 3575 non
426 3518 537 3586 habuit,
558 3518 728 3574 laciniosum
783 3520 829 3578 his
844 3521 946 3578 diebus
959 3521 1047 3578 rerba
1065 3521 1242 3592 impendant.
1259 3519 1399 3588 Quoniam
1424 3519 1514 3590 igitur
1528 3519 1557 3574 in
1572 3533 1633 3575 mo·

57 3609 93 3666 od
122 3609 228 3668 lactum
253 3614 295 3664 est
309 3606 374 3664 luit.
400 3606 509 3664 lleliori
535 3605 625 3677 igitur
640 3619 729 3677 quam
784 3609 915 3666 nasteriis
937 3608 1124 3665 circumcirca
1139 3608 1237 3679 positis
1251 3609 1350 3665 minus
1362 3621 1451 3678 quam
1465 3614 1633 3677 oportuerat

56 3739 57 3748 ,
79 3697 258 3753 exuberante
286 3704 356 3752 ωηο
379 3695 494 3765 sarculo,
525 3709 562 3752 ex
578 3707 728 3765 procerum
783 3696 930 3769 religionis
945 3697 1073 3755 studium
1098 3696 1269 3765 habebatur,
1286 3705 1314 3753 et
1329 3697 1379 3752 iste
1396 3695 1425 3751 in
1444 3695 1551 3752 talibus
1564 3709 1631 3752 cunt

56 3786 192 3853 inesibus
215 3792 359 3842 crescente
382 3784 491 3851 locello,
516 3783 563 3840 cui
587 3783 729 3840 tamenin
784 3786 845 3843 suis
859 3785 977 3857 plurimi
991 3785 1119 3842 exerceri
1134 3785 1298 3854 videbatur,
1315 3785 1388 3841 sicut
1403 3784 1501 3841 lumen
1516 3783 1632 3854 parvis-

56 3873 192 3944 arimitiis‚
208 3881 235 3929 et
259 3873 377 3944 largitas
391 3879 576 3942 praecesserat
596 3871 729 3928 domino·
784 3875 891 3931 simum
906 3872 1007 3930 mediis
1031 3873 1061 3929 in
1078 3872 1203 3930 tenebris
1218 3871 1304 3929 habet
1318 3872 1423 3941 locutu,
1440 3871 1480 3928 sic
1501 3871 1537 3927 ad
1559 3885 1633 3928 com·

56 3977 64 4018 t
87 3960 291 4033 largitionibus
311 3961 412 4017 alienis
443 3960 662 4032 suffragabatur
684 3973 729 4016 as·
785 3963 944 4035 parandam
959 3961 1085 4018 nominis
1108 3961 1266 4017 claritatem
1287 3974 1417 4032 persone
1431 3975 1497 4031 qua
1511 3967 1634 4031 praerat

55 4051 169 4106 mmodo
194 4050 263 4106 satis
280 4056 309 4106 et
332 4049 386 4105 loci
403 4049 536 4116 fratrum,
562 4049 664 4121 eteius
678 4061 730 4119 pa·
784 4052 913 4110 exhibita
937 4050 1145 4121 temperantia,
1165 4051 1421 4122 subjectorumque
1444 4048 1479 4105 ad
1504 4048 1633 4120 eiusim·

56 4139 196 4208 provisum
219 4145 262 4194 est
275 4137 403 4205 consilio,
425 4144 459 4194 ut
480 4140 509 4194 B.
526 4137 645 4209 Remigii
662 4144 731 4194 ωηο
785 4141 898 4212 perium
914 4139 1140 4210 obtemperantia
1160 4145 1272 4208 tempus
1287 4136 1412 4194 obtinuit
1426 4142 1632 4207 opportunum.

56 4227 100 4298 qni
122 4225 180 4296 jam
204 4225 315 4283 dudum
332 4223 379 4295 (⁷⁰)
406 4225 608 4282 llumiliarensi
631 4239 729 4282 mona·
822 4227 967 4296 dedetridi
987 4228 1074 4298 probo
1103 4229 1241 4282 instituto.
1268 4226 1383 4282 Creator
1401 4226 1541 4295 episcopus
1564 4224 1634 4280 Am-

56 4330 81 4386 ro
97 4315 272 4380 Hombtieres,
286 4328 375 4384 prope
396 4313 531 4371 Sanctum
548 4313 729 4381 Quintinum)
750 4319 931 4394 Dbtoaensis.
958 4316 1108 4373 consitium
1125 4318 1156 4369 ia
1179 4315 1289 4370 cicime
1317 4315 1473 4368 Treceasio
1497 4312 1634 4368 Richardo

56 4403 229 4476 nagnissoum
257 4402 364 4459 scilicet
385 4401 481 4459 virum
506 4400 553 4473 (⁷¹)
573 4401 729 4459 ilenricum
786 4406 872 4473 legato
896 4405 1011 4471 contem.
1036 4433 1071 4442 —
1095 4401 1290 4458 Simoniacnm
1312 4400 1413 4472 itaque
1433 4397 1581 4470 quidpiam
1603 4398 1633 4453 in

56 4493 137 4549 etiam
162 4492 214 4562 ipsi
230 4491 417 4562 praeficerent.
435 4492 489 4559 Qui
513 4490 656 4562 siquidem
671 4504 729 4546 uon
784 4493 882 4549 eadem
898 4489 1026 4549 Ecclesia
1039 4497 1090 4547 aut
1104 4489 1166 4546 beri
1179 4495 1230 4545 aut
1243 4487 1342 4545 haberi
1354 4487 1454 4553 vetuit,
1468 4494 1496 4543 et
1509 4485 1635 4543 exclusis

56 4593 192 4651 ngenere
213 4581 319 4648 clarus,
344 4581 392 4637 sed
414 4579 443 4635 in
469 4593 568 4637 rerum
582 4579 729 4636 forastica·
785 4578 978 4636 mercimoniis
999 4578 1090 4636 solam
1113 4576 1229 4635 admisit
1250 4576 1384 4648 gratiam,
1404 4589 1462 4632 non
1485 4573 1634 4630 dissimili-

55 4667 86 4724 iit
108 4667 318 4737 dispensatione
341 4667 515 4738 conspicuus
530 4675 562 4724 ut
585 4666 730 4724 interioris
784 4675 828 4725 ter
840 4667 1030 4724 exsecrationi
1043 4667 1152 4724 ducens
1166 4665 1240 4723 lucri
1253 4664 1346 4734 turpis
1356 4670 1384 4720 et
1396 4677 1468 4732 opus
1479 4669 1507 4719 et
1517 4675 1632 4719 nomen.

56 4755 102 4811 ‚tui
125 4755 200 4811 bona
225 4755 416 4812 sollicitudine
432 4757 540 4825 pariter
562 4755 731 4812 redderetur
784 4755 878 4826 lgitur
892 4753 1030 4825 quoniam
1045 4755 1091 4811 vir
1105 4754 1196 4810 isdem
1220 4753 1250 4809 in
1264 4751 1426 4809 forensibus
1442 4749 1564 4822 negotiis
1587 4750 1635 4807 ab

56 4843 98 4899 lis
124 4844 213 4914 igitur
241 4843 334 4900 tribus
363 4842 543 4899 monasteriis
564 4843 729 4914 praesidens,
786 4843 886 4900 batum
923 4854 1045 4900 snorum
1078 4841 1211 4913 pluribus
1243 4838 1375 4911 argutior
1406 4839 1575 4908 putabatur,
1607 4845 1635 4894 et

56 4943 78 4986 η
94 4931 183 5002 copiis
206 4932 341 4998 duorum,
361 4932 436 4988 tertii
456 4931 555 5002 hujus,
572 4931 649 5002 quod
666 4945 731 4989 coa-
785 4929 906 5001 proinde
932 4929 1045 5001 oppidis
1070 4943 1105 4986 ac
1130 4928 1252 4986 urbibus
1282 4927 1376 4984 notior
1406 4926 1579 4996 habebatur,
1599 4928 1634 4984 de

56 5027 136 5088 terat,
162 5021 314 5091 supplebat
336 5018 518 5091 indigentias.
544 5020 622 5076 lnter
644 5019 732 5090 pluri·
785 5016 939 5076 ditioribus
961 5017 1079 5089 quidem
1099 5015 1224 5073 abbatiis
1249 5015 1342 5087 primo
1365 5021 1464 5072 actum
1486 5023 1538 5084 est,
1561 5022 1636 5086 post·

56 5121 69 5165 e
91 5122 166 5180 quas
181 5122 267 5178 penes
280 5107 429 5165 ecclesiam
450 5107 529 5165 illam
550 5108 679 5165 exercuit
693 5107 731 5164 li·
786 5106 905 5164 modum
928 5119 1015 5176 snper
1045 5104 1212 5176 episcopatu
1239 5103 1293 5161 sibi
1320 5103 1437 5162 ierendo
1469 5111 1633 5161 tractatum.

56 5242 58 5256 .
82 5197 244 5254 maximum
268 5197 304 5254 ad
319 5197 382 5268 eius
396 5197 638 5255 consecrationem
661 5211 731 5254 con-
786 5194 968 5252 Pontillcium
982 5200 1054 5251 tunc
1067 5193 1203 5266 temporis
1216 5184 1533 5250 Ambianeusebiennto
1548 5191 1637 5248 terme

56 5286 140 5355 tium,
156 5300 222 5356 quae
242 5285 279 5341 ab
294 5285 454 5342 llelinando
468 5285 653 5343 laudunensi
669 5284 732 5355 epi·
785 5290 962 5341 vacaverat:
979 5282 1037 5354 ipse
1056 5282 1144 5339 etiam
1157 5281 1233 5339 idem
1256 5279 1411 5353 cniusdam
1426 5281 1508 5340 urbis
1528 5281 1637 5352 predi-

56 5387 169 5444 ›opum
187 5373 327 5430 ditissimo
342 5373 419 5429 circa
440 5373 635 5432 institutiones
647 5372 732 5430 eccle
786 5381 840 5431 ctae
871 5370 1076 5441 archidiaconi,
1103 5370 1155 5442 qni
1179 5371 1346 5443 aliquarum
1378 5370 1448 5428 cleri
1477 5384 1512 5426 ac
1536 5370 1636 5442 populi

71 5469 193 5520 ornatus
224 5474 326 5519 eorum
355 5460 557 5527 curiosissimo,
590 5459 732 5532 dedicata,
786 5460 915 5534 partium
947 5459 1046 5519 lavore
1077 5459 1239 5531 petebatur,
1270 5467 1442 5530 procurator
1472 5457 1634 5519 exstiterat.

56 5563 168 5622 quoquc
209 5548 391 5622 privilegiis,
424 5563 441 5606 a
482 5550 629 5623 plerisque
666 5564 733 5622 pen·
787 5549 868 5608 Unde
889 5555 919 5607 et
932 5561 985 5620 pro
1006 5547 1113 5606 astutia
1137 5545 1281 5615 seculari,
1305 5555 1334 5605 et
1353 5547 1524 5607 habitudine
1546 5560 1638 5619 quam
