3818 6008
513 249 627 307 GESTA
644 250 705 308 bel
725 250 797 307 PER
817 250 987 308 vatheos.
996 283 1032 292 —
1043 252 1109 309 tle.
1131 254 1166 310 tl.
1664 262 1717 316 698

54 390 141 440 catus
154 387 206 445 est,
223 380 248 437 si
261 395 312 452 per
325 381 436 439 Urbani
451 383 564 451 merita,
589 382 640 454 qui
658 382 718 439 Odo
743 382 820 439 dice-
839 384 983 455 talique
995 385 1112 442 mundae
1126 394 1304 443 manserunt.
1322 387 1356 443 lii
1371 394 1439 445 sunt
1452 389 1514 460 qui,
1527 390 1597 447 dum
1621 391 1718 450 adbuc

69 470 186 542 signum
201 484 332 541 unquam
348 467 457 526 lactum
472 469 557 527 luerit
577 484 610 526 ac
634 469 721 527 lieret.
739 470 812 528 Nec·
867 472 923 530 sub
936 486 1032 529 errore
1048 471 1147 544 gentili
1164 472 1257 543 positi,
1280 473 1439 543 Gallorum,
1465 476 1515 532 sed
1537 476 1716 536 Christianu-

54 560 182 632 pedema
206 560 267 616 loco
292 558 446 624 extulerat,
470 574 537 615 cum
557 559 650 615 olllcio
675 559 814 614 sermonis
868 575 933 618 rum
963 575 1035 618 arva
1064 563 1189 633 pugnaci
1219 563 1377 619 intentione
1403 565 1582 636 subigerent,
1608 569 1716 625 nemini

54 662 79 717 o,
108 655 136 704 et
173 645 262 702 altero
296 645 417 701 laterum
448 645 572 716 paralysi
604 644 814 701 intercurrente
868 663 1000 719 unquam
1014 662 1065 718 pro
1080 648 1183 706 Christi
1205 648 1260 704 lide
1279 657 1330 706 ant
1355 664 1454 720 penas
1479 651 1640 709 intulerunt
1666 663 1717 712 aut

54 744 103 808 l¹⁰2
139 734 285 806 postridie,
319 733 429 791 Urbani
461 733 604 790 virtutum
650 731 814 789 testimonia
868 747 1004 806 mortem3
1021 740 1068 795 sed
1084 754 1217 810 eosquos
1236 740 1364 796 Ronlana
1386 740 1522 797 severitas
1546 741 1620 797 lerro
1645 741 1718 814 igni-

54 839 99 882 tus
115 824 173 895 ipse
187 822 343 894 perhibuit.
867 841 924 902 que
939 826 1083 897 punierat,
1103 841 1174 883 auro
1199 836 1377 897 argentoque
1401 828 1569 896 recondidit,
1597 830 1717 900 gemmis

54 911 154 986 petiae
168 913 204 968 ab
219 911 337 983 antiquo
351 909 432 967 soliti
445 913 512 965 runt
522 908 648 966 Romani
660 909 814 982 pontifices
867 916 1028 993 electroque
1046 916 1172 971 contexit
1198 915 1324 986 ingenita
1348 914 1503 972 liberalitas
1529 917 1630 988 gentis.
1657 917 1716 974 Nec

54 1001 271 1072 rcirecpetere.
298 1031 332 1039 -
354 1001 381 1056 is
406 1000 504 1071 itaque
527 999 572 1055 vir
592 999 725 1065 eximius,
747 1013 813 1055 cum
867 1003 1048 1060 solumintra
1062 1017 1091 1059 se
1106 1017 1212 1072 passos,
1235 1002 1280 1058 his
1302 1002 1462 1061 honeribus
1482 1005 1630 1061 contendit
1656 1019 1717 1062 am-

54 1095 111 1152 lexi
140 1094 306 1152 Graecorum
327 1093 458 1164 principe
487 1094 602 1165 magnis
623 1093 814 1150 honoraretur
867 1092 952 1163 bire3
972 1093 1021 1149 sed
1047 1099 1074 1148 et
1099 1091 1243 1161 Hispaniis
1271 1092 1326 1147 aut
1353 1092 1435 1148 italia
1461 1107 1512 1148 seu
1539 1094 1716 1163 quibuslibet

55 1181 120 1250 uiis,
136 1190 164 1239 et
180 1181 313 1252 precibus
328 1181 457 1251 quidem,
475 1181 523 1238 sod
538 1181 630 1238 multo
645 1181 815 1253 propensius
868 1183 1003 1255 gentibus
1016 1181 1161 1250 advectos,
1182 1188 1268 1237 tantae
1291 1180 1431 1237 desiderio
1456 1180 1614 1238 allectionis
1634 1197 1717 1238 exeo

55 1269 91 1325 ali
130 1269 353 1325 Christianitatis
391 1268 516 1339 periculo
554 1269 814 1340 pulsareturlquae
868 1272 931 1338 luit,
947 1277 980 1328 ut
994 1277 1156 1340 martyrum
1172 1283 1223 1326 seu
1243 1268 1449 1336 conlessorum,
1476 1283 1549 1340 quos
1570 1277 1717 1340 tantopere

55 1351 142 1409 tranis
153 1350 308 1408 Gentilium
325 1349 510 1408 miltuebatur
525 1351 689 1408 incursibus
701 1351 738 1424 (et
752 1354 816 1408 sar·
867 1366 972 1426 serrat
1002 1371 1083 1413 amor
1106 1363 1134 1412 et
1160 1356 1299 1412 celebrem
1329 1356 1485 1413 reddiderit
1508 1364 1536 1413 et
1563 1356 1714 1425 illustrem,

55 1455 134 1498 nrum
149 1455 277 1512 namque
300 1441 510 1511 irruptionibus
534 1440 687 1512 Hispanias
715 1440 814 1498 audie·
868 1448 991 1516 lideique
1006 1443 1151 1501 irremisso
1171 1451 1267 1501 tenore
1295 1443 1465 1514 donaverit3
1492 1444 1527 1500 ad
1552 1451 1716 1500 extremum

55 1530 181 1600 spissime
195 1531 385 1598 conturbari),
406 1544 457 1601 pro
471 1531 525 1586 hoc
545 1530 615 1599 ipso,
639 1543 699 1585 suae
723 1530 814 1600 gentis
867 1532 957 1603 hujus
975 1530 1219 1600 ierosolymitana
1242 1529 1369 1586 victoriae
1391 1530 1546 1600 triumphis
1568 1529 1715 1586 extulerit.

55 1624 168 1676 taturus
187 1618 327 1686 homiues,
347 1627 538 1675 commeatum
563 1619 656 1674 lacere
680 1618 811 1675 destina·
867 1619 941 1688 Quia
954 1618 1031 1675 enim
1051 1617 1174 1688 portavit
1194 1618 1300 1688 jugum
1323 1618 1360 1674 ah
1385 1617 1586 1683 adolescentia,
1609 1617 1717 1674 sedebit

64 1705 227 1773 Fraudam,
244 1706 403 1776 apostolica
419 1721 520 1777 nempe
534 1706 609 1762 sedis
629 1705 812 1777 pontificibus
833 1682 1008 1774 ¹3solitaria,
1033 1707 1108 1763 inter
1130 1706 1260 1762 omnium
1281 1705 1411 1762 videlicet
1433 1708 1561 1779 gentium
1587 1706 1716 1777 proprie-

55 1792 149 1865 ttiquo
182 1795 468 1851 consuetudinarium
494 1794 558 1863 luit,
585 1794 720 1864 siquam
746 1801 815 1850 sunt
869 1805 951 1866 tates,
979 1810 1049 1869 gens
1072 1795 1185 1863 nobilis,
1213 1795 1350 1865 prudens,
1375 1795 1518 1863 bellicosa,
1540 1793 1659 1865 dapsilis
1683 1807 1717 1850 ac

68 1896 86 1939 a
112 1881 235 1939 linitima
261 1891 344 1954 gente
373 1883 542 1950 molestiam,
570 1881 681 1938 auxilia
705 1894 816 1949 semper
868 1885 969 1941 nitida.
985 1883 1096 1952 Quibus
1112 1885 1263 1955 proprium
1280 1899 1347 1942 cnm
1369 1885 1406 1942 sit
1430 1898 1545 1952 nomeu,
1571 1897 1716 1954 quarum-

55 1984 100 2027 cre
115 1983 132 2026 a
147 1970 273 2027 Francis.
291 1969 451 2041 Stephanus
471 1978 499 2027 et
520 1969 673 2025 Zacharias
696 1967 815 2038 pontill-
868 1986 985 2044 cunque
1009 1971 1160 2028 nationum
1188 1969 1328 2039 homines,
1354 1978 1487 2028 mutuato
1511 1972 1568 2028 imo
1589 1971 1716 2041 prestito

59 2063 159 2127 terque
178 2057 232 2114 sub
255 2057 374 2128 Pippino
397 2066 423 2114 ct
447 2057 548 2114 Carolo
570 2056 687 2128 regibus
711 2054 814 2111 conlu-
868 2061 997 2132 ipsorum
1012 2058 1164 2131 agnomine
1178 2059 1369 2115 honorantur.
1385 2058 1553 2127 Quos'enim
1577 2059 1713 2127 Britones,

69 2144 134 2202 lecit
157 2143 193 2200 ad
217 2145 301 2216 ipsos.
325 2145 453 2214 Quorum
476 2146 564 2216 prior,
592 2160 608 2201 e
631 2144 814 2215 pontilicibus
867 2146 985 2219 Anglos,
1002 2147 1132 2218 Ligures,
1148 2144 1171 2201 si
1186 2144 1467 2202 boniseosmoribus
1481 2145 1641 2212 rideamus,
1656 2159 1715 2201 nou

55 2240 141 2300 ntem,
158 2232 233 2290 lacta
258 2249 352 2304 usqne
375 2233 507 2290 Ticinum
536 2233 726 2303 expeditione,
756 2234 814 2289 Ec·
867 2234 942 2290 illico
957 2234 1083 2291 Francos·
1097 2232 1226 2289 homines
1240 2232 1438 2303 appellemus?
1454 2232 1508 2290 Sed
1519 2231 1581 2304 jam
1598 2232 1635 2290 ad
1648 2246 1713 2305 pro·

68 2334 154 2376 suum
176 2321 381 2390 patrimonium
407 2322 578 2391 reparando,
605 2320 728 2391 propria
753 2320 813 2377 sedi
868 2321 960 2393 posita
974 2321 1135 2379 redeamus.

56 2410 107 2478 lit;
123 2410 302 2468 Desiderium
319 2425 426 2482 regem,
447 2411 496 2482 qui
517 2411 683 2466 violentiam
708 2409 813 2467 intule-
1203 2409 1314 2466 CAPUT
1340 2408 1375 2464 ll.

56 2496 186 2554 deorum
208 2513 274 2569 quae
293 2499 453 2569 diripuerat
472 2499 658 2556 redditionem
681 2500 742 2556 sola
763 2513 813 2556 ar·
903 2497 963 2570 [ll]
978 2501 1059 2571 Papa
1071 2498 1151 2554 venit
1159 2497 1190 2552 in
1200 2497 1329 2553 Galliam
1340 2499 1530 2569 convocatque
1540 2497 1716 2554 Glcromoati

56 2600 75 2643 n
96 2587 285 2643 intentatione
313 2589 414 2659 coegit.
441 2587 557 2644 Catenis
577 2587 653 2643 enim
679 2587 814 2659 gentibus
865 2586 1029 2650 coralium.
1045 2588 1118 2654 Quot
1140 2586 1212 2643 inibi
1234 2587 1388 2644 antistites.
1413 2589 1503 2658 Pupae
1517 2585 1666 2656 secundia
1687 2589 1716 2642 et

56 2673 171 2733 beatum
199 2676 313 2732 Petrum
339 2690 466 2748 ergaque
493 2676 668 2746 pontificalia
689 2677 811 2745 decreta,
865 2675 994 2749 aquitae.
1010 2675 1137 2746 -Papa
1152 2674 1241 2746 igitur
1260 2675 1404 2742 Urbanus,
1426 2674 1507 2746 regni
1529 2674 1619 2730 nostri
1644 2674 1719 2753 lines·

55 2760 124 2818 ttius
139 2761 337 2832 humiliusque
359 2777 388 2819 se
409 2764 511 2820 habuit
534 2778 604 2835 gens
626 2763 735 2832 eadem,
760 2779 813 2821 nec
867 2764 1040 2836 ingrediens,
1061 2770 1141 2819 tanta
1158 2763 1286 2828 urbium,
1311 2761 1492 2832 oppidorum,
1519 2761 1715 2832 villarumque

56 2849 129 2917 itate,
150 2864 210 2920 qua
233 2850 282 2906 alii
309 2852 441 2920 assolent,
467 2852 597 2909 velamen
623 2853 740 2909 malitiae
764 2867 811 2910 ar·
867 2853 964 2910 laetitia
979 2860 1006 2909 et
1020 2852 1209 2909 concursione
1225 2852 1370 2922 excipitur
1384 2860 1495 2922 quanto
1510 2849 1641 2906 omnium
1662 2851 1714 2920 qui

66 2944 167 2994 contra
180 2938 271 2995 Derim
288 2940 377 2996 voluit
393 2940 565 2998 libertatem.
830 2978 851 3035 c
866 2942 1033 2999 adviverent
1049 2941 1195 2998 memoriis
1210 2941 1419 3011 incompertum
1434 2939 1539 3010 iuerat,
1559 2941 1636 3012 quod
1659 2940 1715 2995 ali-

56 3038 174 3079 acoram
199 3041 268 3098 erga
288 3026 605 3102 rummampoctificem
620 3025 811 3084 deacliococ-
866 3031 983 3102 quando
1011 3031 1173 3101 apostolicae
1202 3030 1276 3086 sedis
1311 3030 1429 3087 antistes
1454 3029 1485 3085 in
1509 3029 1637 3100 regiones
1662 3029 1715 3085 has

56 3128 85 3168 a.
110 3143 145 3154 -v
166 3113 308 3183 Vidimus,
330 3115 390 3186 jam
416 3116 500 3171 annis
524 3117 647 3174 emensis
667 3117 809 3188 pluribus,
865 3120 977 3177 venisse
999 3120 1156 3176 videretur.
1189 3120 1293 3176 Annus
1321 3121 1419 3190 itaque
1453 3117 1594 3173 incarnati
1628 3115 1714 3173 Verbi

56 3201 139 3270 nicos,
167 3202 222 3259 imo
249 3203 336 3260 totius
357 3204 552 3276 Letharingiae
578 3220 711 3278 regnum,
735 3206 810 3264 beati
865 3207 1034 3264 millesimus
1056 3206 1261 3278 nonagesimus
1280 3206 1401 3277 quintus
1418 3204 1591 3276 properabat
1609 3202 1713 3269 evolvi,

56 3288 177 3361 ejusque
201 3291 368 3360 pontificum
393 3293 542 3364 praeceptis
564 3294 716 3351 barbarica
740 3309 811 3366 qua·
864 3310 930 3353 cum
946 3295 1050 3367 praesul
1063 3294 1146 3359 idem,
1165 3293 1247 3349 valde
1263 3294 1398 3363 trequens
1414 3291 1583 3348 acceleravit
1606 3303 1714 3346 convo-

56 3378 247 3436 obstiuatione
274 3380 370 3449 reniti,
401 3388 429 3437 et
451 3382 608 3439 ambientes
638 3383 723 3439 malle
758 3392 810 3441 aut
864 3380 1167 3449 careconcilium‚cui
1184 3380 1298 3437 tandem
1315 3379 1343 3434 in
1359 3376 1612 3440 urbehrvernica,
1634 3375 1715 3430 sche-

56 3480 100 3524 mo
133 3469 194 3524 sire
228 3470 402 3538 sempiterno
444 3472 622 3527 anathemati
659 3473 809 3543 subjacere
864 3471 1042 3528 lasticissimo
1056 3470 1186 3527 omnium
1204 3468 1360 3539 praesulum
1376 3466 1491 3522 Sidonio
1506 3465 1641 3536 gloriosa,
1664 3462 1713 3518 de·

63 3555 177 3627 subjici.
192 3556 299 3612 Audivi
314 3571 391 3614 anno
408 3559 563 3629 praeterito,
579 3559 650 3616 dum
668 3574 735 3616 cum
758 3574 809 3617 ar-
864 3559 1024 3626 ditiorum,
1039 3559 1085 3613 cui
1104 3565 1200 3613 tamen
1219 3557 1379 3612 immutatae
1404 3552 1578 3612 claromonti
1602 3556 1714 3608 constat

56 3657 128 3700 cono
149 3644 275 3715 quodam
298 3645 463 3717 Magantino
485 3659 572 3717 super
597 3661 651 3704 sua
680 3649 808 3718 ipsorum
861 3662 923 3705 esse
944 3646 1129 3703 vocabulum.
1157 3644 1239 3710 Quod
1260 3643 1313 3700 luit
1335 3650 1414 3698 tanto
1437 3641 1580 3698 celebrius
1604 3645 1713 3710 quantu

58 3745 112 3788 one
135 3732 334 3805 congrederer,
358 3734 435 3805 quod
464 3749 560 3806 regem
586 3743 718 3792 nostrum
741 3750 807 3792 cnm
862 3735 1068 3792 excellentiset
1084 3733 1229 3789 inusitata}
1245 3745 1372 3803 personae
1397 3744 1449 3786 ora
1473 3742 1599 3796 cernere,
1624 3726 1714 3782 verba

57 3819 109 3876 tin
136 3828 247 3877 tantum
270 3821 459 3892 vilipenderit,
484 3823 521 3879 ob
541 3823 595 3879 hoc
620 3823 713 3879 solum
737 3823 808 3894 quia
862 3823 964 3881 audire
978 3831 1040 3879 erat
1054 3819 1284 3885 desiderabilius.¹
1299 3818 1370 3886 illic,
1388 3824 1490 3887 practer
1513 3815 1713 3886 episcoporum

58 3920 108 3963 um
123 3920 225 3977 papam
239 3908 404 3965 Paschalem
423 3915 495 3965 m
521 3924 588 3967 cum
611 3910 673 3967 suis
698 3911 806 3981 princi·
862 3919 889 3967 ct
915 3912 1052 3968 abbatum
1077 3908 1223 3976 examina,
1250 3921 1324 3977 quos
1346 3905 1460 3962 circiter
1484 3904 1714 3976 quadringentos

71 4003 152 4067 grate
178 3996 287 4066 ubique
312 3998 478 4068 susceperit,
508 4007 538 4055 ut
565 4012 613 4055 eos
642 4013 700 4055 non
725 3999 807 4056 modo
862 4015 911 4072 per
926 3999 1118 4070 prominentes
1131 3997 1240 4055 ferulas
1254 3997 1340 4054 luisse
1361 3995 1453 4067 aliqui
1475 3994 1711 4061 numeraverant,

57 4085 320 4143 revocaveritdui
336 4087 478 4157 inquam:
499 4087 555 4144 «Si
573 4087 612 4144 ita
634 4101 683 4144 eos
704 4087 808 4146 inertes
862 4087 950 4146 totius
972 4088 1099 4145 Franciae
1130 4094 1158 4144 et
1171 4085 1373 4158 appendicium
1393 4083 1582 4141 comitatuum
1609 4081 1714 4138 littera·

57 4170 109 4228 aris
130 4179 158 4227 et
179 4173 321 4229 marcidos
346 4181 377 4230 ut
401 4173 618 4232 celeberrimum
649 4189 742 4247 usque
776 4177 806 4235 in
862 4173 1093 4232 turaconliuxit.
1109 4174 1178 4230 Erat
1202 4173 1241 4230 ibi
1263 4181 1391 4244 spectare
1415 4185 1505 4242 quam
1529 4183 1630 4227 serena
1650 4181 1714 4241 gra·

57 4272 103 4315 um
130 4258 262 4316 indicum
286 4274 401 4329 nemen,
428 4260 500 4317 loede
525 4262 678 4332 garriendo
710 4264 806 4320 detor·
825 4278 848 4332 p
864 4262 961 4330 vitate,
978 4263 1137 4332 ponderosa
1152 4261 1285 4320 comitate
1305 4259 1480 4332 presideret,
1497 4265 1525 4315 et
1548 4265 1580 4315 ut
1602 4255 1712 4328 praelati

57 4344 121 4403 ‚dic
135 4347 207 4402 mihi
220 4347 255 4402 ad
271 4362 345 4418 quos
361 4362 436 4418 papa
447 4348 582 4407 Urbanus
593 4351 809 4409 centraTurcos
863 4349 970 4408 Sidonii
983 4351 1080 4408 verbis
1094 4359 1171 4418 utar,
1192 4363 1280 4421 quam
1298 4370 1312 4400 u
1330 4350 1457 4420 piperata
1472 4347 1619 4419 lacuudia,
1636 4367 1650 4396 u
1676 4345 1713 4402 ad

57 4432 96 4489 lia
114 4441 318 4492 contracturus
332 4434 448 4492 divertit
460 4437 475 4489 l
487 4451 582 4493 nonne
601 4437 638 4494 ad
662 4439 810 4496 Francos?
862 4439 973 4511 obiecta
986 4438 1123 4510 qualibet
1144 4451 1219 4509 papa
1241 4437 1445 4494 disertissimus
1468 4436 1625 4493 detonaret.
1650 4434 1711 4491 No-

57 4521 74 4577 ti
102 4522 252 4593 praeissent
278 4533 305 4581 et
330 4524 494 4581 barbariem
516 4525 711 4598 undecunque
736 4542 808 4584 con-
861 4529 979 4585 tabatnr
1008 4520 1119 4599 quanta
1144 4527 1189 4584 vir
1212 4527 1389 4584 clarissimus
1413 4524 1551 4583 modestia
1573 4523 1713 4580 tolerabat

57 4624 111 4667 um
127 4612 258 4683 gentium
271 4613 364 4669 vivaci
381 4612 523 4670 industria
537 4621 564 4670 et
590 4614 741 4685 impavidis
764 4616 807 4672 vi·
860 4631 929 4674 suas
944 4617 1121 4674 tumultuose
1135 4629 1238 4672 causas
1262 4614 1465 4687 ingerentium,
1487 4611 1691 4682 loquacitatem
1701 4623 1711 4678 ;

72 4699 320 4768 constrinxissent,
362 4700 585 4757 'teutonicorum
631 4708 804 4770 vestrorum,
861 4719 950 4776 quam
975 4718 1079 4776 parum
1101 4705 1329 4775 appretiabatur,
1352 4702 1408 4759 nisi
1431 4701 1591 4758 secundum
1616 4699 1708 4756 Deum

57 4799 83 4843 m
98 4800 134 4843 ne
149 4801 252 4844 nomen
270 4787 385 4858 quidem
402 4788 441 4844 ibi
456 4787 562 4857 sonuit,
590 4788 700 4845 auxilia
725 4790 806 4846 nulla
860 4793 1023 4866 cujuspiam
1038 4793 1280 4864 personalitatem.

58 4880 87 4929 tt.
106 4895 117 4924 ι
137 4874 203 4931 Haec
215 4876 250 4931 ad
269 4876 360 4932 illum.
896 4881 969 4954 [tlh]
986 4879 1401 4954 raitippamrepemapiorom
1411 4881 1483 4934 cteta
1492 4875 1582 4946 ejicit.
1595 4906 1626 4919 -
1641 4876 1712 4933 lude

58 4976 83 5016 m
106 4960 209 5031 finilia
230 4979 474 5037 peteremque
508 4965 686 5020 Francorum
718 4964 803 5036 fider.
859 4971 1026 5042 Philippum
1045 4985 1140 5043 regem
1162 4973 1348 5034 Francorum,
1369 4968 1454 5038 cujus
1473 4965 1639 5037 trigesimus
1662 4980 1710 5022 se-

58 5064 105 5107 eor
118 5064 186 5108 vero
208 5061 235 5109 et
253 5054 389 5111 omnibus
411 5053 547 5110 credibile
568 5062 610 5111 est
632 5055 701 5111 huic
725 5061 805 5112 tante
858 5060 965 5130 primus
984 5066 1054 5116 tunc
1074 5058 1154 5130 regni
1168 5057 1370 5114 recensebatur
1389 5068 1493 5122 annua,
1512 5053 1563 5124 qui
1583 5053 1709 5125 pmpria,

58 5152 69 5195 n
104 5136 187 5196 istam
227 5141 318 5198 Deum
351 5154 513 5199 reservasse
556 5142 679 5214 negotio,
728 5158 804 5214 pra-
858 5148 962 5204 bertha
979 5146 1106 5215 nomine,
1127 5159 1219 5202 uxore
1235 5144 1343 5211 relicta,
1365 5143 1581 5214 andegavensis
1599 5143 1712 5200 comitis

65 5241 134 5283 cum
148 5241 198 5299 pro
213 5237 290 5286 certo
304 5231 470 5288 noverimus
484 5232 555 5303 quia
566 5246 602 5289 ex
618 5246 677 5303 quc
690 5231 755 5288 lidei
765 5233 805 5288 si·
857 5248 977 5291 uxorem
998 5232 1063 5298 sibi,
1083 5232 1249 5291 Bertradam
1263 5230 1414 5298 vocabulo,
1434 5228 1614 5298 devinxerat,
1631 5238 1711 5288 tanta

71 5315 154 5374 beato
167 5318 296 5390 Remigio
309 5318 449 5383 tradente.
476 5327 672 5391 sumpserunt,
694 5319 804 5377 nullius
855 5321 1024 5379 auctoritate
1036 5319 1299 5377 excommunicavit
1313 5326 1345 5375 ut
1365 5317 1582 5375 intercessiones
1596 5326 1709 5389 specta·

58 5418 85 5463 m
103 5404 229 5476 perlidiae
244 5406 390 5478 suscipere
407 5407 573 5480 contagium
585 5409 630 5465 vel
645 5408 681 5465 ad
701 5408 802 5465 horam
855 5406 957 5464 billum
973 5420 1173 5478 personarum,
1188 5414 1217 5462 et
1232 5406 1436 5477 multiplicium
1462 5419 1618 5462 munerum
1642 5404 1710 5464 illa-

58 5501 172 5562 rerunt,
194 5508 253 5567 qno
279 5494 341 5566 rix,
365 5502 417 5553 aut
438 5495 519 5554 nullo
543 5496 638 5565 modo,
668 5495 801 5555 nationes
856 5496 946 5554 tiones
959 5494 1169 5567 contempserit,
1190 5501 1219 5551 ot
1244 5494 1322 5569 qnod
1349 5494 1425 5552 intra
1448 5493 1530 5567 regni
1551 5492 1644 5562 ipsius
1662 5494 1710 5554 de·
