<?xml version="1.0" encoding="UTF-8"?>
<!DOCTYPE html PUBLIC "-//W3C//DTD XHTML 1.0 Transitional//EN"
    "http://www.w3.org/TR/xhtml1/DTD/xhtml1-transitional.dtd">
<html xmlns="http://www.w3.org/1999/xhtml" xml:lang="en" lang="en">
 <head>
  <title>
</title>
<meta http-equiv="Content-Type" content="text/html;charset=utf-8" />
  <meta name='ocr-system' content='tesseract 3.04.00' />
  <meta name='ocr-capabilities' content='ocr_page ocr_carea ocr_par ocr_line ocrx_word'/>
</head>
<body>
  <div class='ocr_page' id='page_1' title='image "./patrologiaecurs05unkngoog/patrologiaecurs05unkngoog_0195.png"; bbox 0 0 3818 6008; ppageno 0'>
   <div class='ocr_carea' id='block_1_1' title="bbox 102 201 165 254">
    <p class='ocr_par' dir='ltr' id='par_1_1' title="bbox 102 201 165 254">
     <span class='ocr_line' id='line_1_1' title="bbox 102 201 165 254; baseline -0.016 0"><span class='ocrx_word' id='word_1_1' title='bbox 102 201 165 254; x_wconf 61' lang='lat'>2³79</span> 
     </span>
    </p>
   </div>
   <div class='ocr_carea' id='block_1_2' title="bbox 557 190 1418 253">
    <p class='ocr_par' dir='ltr' id='par_1_2' title="bbox 557 190 1418 253">
     <span class='ocr_line' id='line_1_2' title="bbox 557 190 1418 253; baseline -0.003 -3"><span class='ocrx_word' id='word_1_2' title='bbox 557 198 578 250; x_wconf 86' lang='lat' dir='ltr'>V</span> <span class='ocrx_word' id='word_1_3' title='bbox 615 195 784 253; x_wconf 75' lang='lat' dir='ltr'>celeberr</span> <span class='ocrx_word' id='word_1_4' title='bbox 803 195 950 251; x_wconf 76' lang='lat' dir='ltr'>enebris</span> <span class='ocrx_word' id='word_1_5' title='bbox 969 193 997 249; x_wconf 82' lang='lat' dir='ltr'>S.</span> <span class='ocrx_word' id='word_1_6' title='bbox 1020 194 1139 250; x_wconf 82' lang='lat' dir='ltr'>blARlAE</span> <span class='ocrx_word' id='word_1_7' title='bbox 1158 193 1204 248; x_wconf 77' lang='lat' dir='ltr'>be</span> <span class='ocrx_word' id='word_1_8' title='bbox 1225 190 1418 249; x_wconf 79' lang='lat' dir='ltr'>NOVlGENTO</span> 
     </span>
    </p>
   </div>
   <div class='ocr_carea' id='block_1_3' title="bbox 1808 190 1861 243">
    <p class='ocr_par' dir='ltr' id='par_1_3' title="bbox 1808 190 1861 243">
     <span class='ocr_line' id='line_1_3' title="bbox 1808 190 1861 243; baseline -0.038 0"><span class='ocrx_word' id='word_1_9' title='bbox 1808 190 1861 243; x_wconf 79' lang='lat'>380</span> 
     </span>
    </p>
   </div>
   <div class='ocr_carea' id='block_1_4' title="bbox 112 320 1862 401">
    <p class='ocr_par' dir='ltr' id='par_1_4' title="bbox 112 320 1862 401">
     <span class='ocr_line' id='line_1_4' title="bbox 112 320 1862 401; baseline -0.006 -15"><span class='ocrx_word' id='word_1_10' title='bbox 112 337 200 401; x_wconf 84' lang='lat' dir='ltr'>queat</span> <span class='ocrx_word' id='word_1_11' title='bbox 215 328 333 399; x_wconf 75' lang='lat' dir='ltr'>intelligi</span> <span class='ocrx_word' id='word_1_12' title='bbox 350 343 356 382; x_wconf 91' lang='lat'>:</span> <span class='ocrx_word' id='word_1_13' title='bbox 373 328 447 384; x_wconf 89' lang='lat' dir='ltr'>sicut</span> <span class='ocrx_word' id='word_1_14' title='bbox 460 335 487 384; x_wconf 92' lang='lat' dir='ltr'>et</span> <span class='ocrx_word' id='word_1_15' title='bbox 502 341 550 383; x_wconf 89' lang='lat' dir='ltr'>eos</span> <span class='ocrx_word' id='word_1_16' title='bbox 563 341 615 397; x_wconf 93' lang='lat' dir='ltr'>pro</span> <span class='ocrx_word' id='word_1_17' title='bbox 634 334 728 383; x_wconf 87' lang='lat' dir='ltr'>mente</span> <span class='ocrx_word' id='word_1_18' title='bbox 743 326 811 384; x_wconf 90' lang='lat' dir='ltr'>solet</span> <span class='ocrx_word' id='word_1_19' title='bbox 831 327 908 396; x_wconf 91' lang='lat' dir='ltr'>poni,</span> <span class='ocrx_word' id='word_1_20' title='bbox 924 335 956 383; x_wconf 94' lang='lat' dir='ltr'>ut</span> <span class='ocrx_word' id='word_1_21' title='bbox 974 330 997 382; x_wconf 85' lang='lat' dir='ltr'>ll</span> <span class='ocrx_word' id='word_1_22' title='bbox 1012 325 1086 380; x_wconf 78' lang='lat' dir='ltr'>idota</span> <span class='ocrx_word' id='word_1_23' title='bbox 1100 323 1234 395; x_wconf 88' lang='lat' dir='ltr'>quisquis</span> <span class='ocrx_word' id='word_1_24' title='bbox 1247 321 1337 378; x_wconf 86' lang='lat' dir='ltr'>divini</span> <span class='ocrx_word' id='word_1_25' title='bbox 1353 321 1461 393; x_wconf 91' lang='lat' dir='ltr'>eloquii</span> <span class='ocrx_word' id='word_1_26' title='bbox 1475 320 1695 387; x_wconf 89' lang='lat' dir='ltr'>scientiam,aut</span> <span class='ocrx_word' id='word_1_27' title='bbox 1709 333 1862 390; x_wconf 77' lang='lat' dir='ltr'>eamque</span> 
     </span>
    </p>
   </div>
   <div class='ocr_carea' id='block_1_5' title="bbox 111 416 960 1090">
    <p class='ocr_par' dir='ltr' id='par_1_5' title="bbox 111 416 960 1090">
     <span class='ocr_line' id='line_1_5' title="bbox 111 416 957 488; baseline -0.004 -14"><span class='ocrx_word' id='word_1_28' title='bbox 111 427 168 474; x_wconf 87' lang='lat' dir='ltr'>est:</span> <span class='ocrx_word' id='word_1_29' title='bbox 191 438 205 470; x_wconf 81' lang='lat' dir='ltr'>e</span> <span class='ocrx_word' id='word_1_30' title='bbox 227 418 263 474; x_wconf 82' lang='lat' dir='ltr'>Os</span> <span class='ocrx_word' id='word_1_31' title='bbox 279 418 351 488; x_wconf 83' lang='lat' dir='ltr'>justi</span> <span class='ocrx_word' id='word_1_32' title='bbox 366 417 551 472; x_wconf 76' lang='lat' dir='ltr'>meditabitur</span> <span class='ocrx_word' id='word_1_33' title='bbox 567 416 735 487; x_wconf 78' lang='lat' dir='ltr'>sapientiam</span> <span class='ocrx_word' id='word_1_34' title='bbox 752 416 834 487; x_wconf 79' lang='lat' dir='ltr'>(Prot.</span> <span class='ocrx_word' id='word_1_35' title='bbox 858 431 957 482; x_wconf 83' lang='lat' dir='ltr'>xxxvi,</span> 
     </span>
     <span class='ocr_line' id='line_1_6' title="bbox 113 505 957 576; baseline -0.004 -14"><span class='ocrx_word' id='word_1_36' title='bbox 113 507 167 576; x_wconf 85' lang='lat'>30).</span> <span class='ocrx_word' id='word_1_37' title='bbox 185 505 293 573; x_wconf 79' lang='lat' dir='ltr'>»Quod</span> <span class='ocrx_word' id='word_1_38' title='bbox 314 514 355 561; x_wconf 91' lang='lat' dir='ltr'>est</span> <span class='ocrx_word' id='word_1_39' title='bbox 379 519 413 560; x_wconf 92' lang='lat' dir='ltr'>ac</span> <span class='ocrx_word' id='word_1_40' title='bbox 426 506 449 560; x_wconf 95' lang='lat' dir='ltr'>si</span> <span class='ocrx_word' id='word_1_41' title='bbox 474 505 600 560; x_wconf 90' lang='lat' dir='ltr'>diceret:</span> <span class='ocrx_word' id='word_1_42' title='bbox 627 505 727 561; x_wconf 88' lang='lat' dir='ltr'>Cordis</span> <span class='ocrx_word' id='word_1_43' title='bbox 742 506 783 561; x_wconf 90' lang='lat' dir='ltr'>tui</span> <span class='ocrx_word' id='word_1_44' title='bbox 812 505 957 576; x_wconf 79' lang='lat' dir='ltr'>cogitatio,</span> 
     </span>
     <span class='ocr_line' id='line_1_7' title="bbox 112 592 960 659; baseline 0.002 -12"><span class='ocrx_word' id='word_1_45' title='bbox 112 592 282 649; x_wconf 84' lang='lat' dir='ltr'>veleristui</span> <span class='ocrx_word' id='word_1_46' title='bbox 310 592 424 659; x_wconf 88' lang='lat' dir='ltr'>locutio,</span> <span class='ocrx_word' id='word_1_47' title='bbox 450 600 528 647; x_wconf 88' lang='lat' dir='ltr'>tanto</span> <span class='ocrx_word' id='word_1_48' title='bbox 550 592 701 648; x_wconf 90' lang='lat' dir='ltr'>libramine</span> <span class='ocrx_word' id='word_1_49' title='bbox 730 593 895 650; x_wconf 83' lang='lat' dir='ltr'>moderetur</span> <span class='ocrx_word' id='word_1_50' title='bbox 927 603 960 649; x_wconf 93' lang='lat' dir='ltr'>ut</span> 
     </span>
     <span class='ocr_line' id='line_1_8' title="bbox 112 678 959 752; baseline 0.001 -17"><span class='ocrx_word' id='word_1_51' title='bbox 112 679 188 749; x_wconf 91' lang='lat' dir='ltr'>quod</span> <span class='ocrx_word' id='word_1_52' title='bbox 212 679 382 749; x_wconf 89' lang='lat' dir='ltr'>cogitaveris</span> <span class='ocrx_word' id='word_1_53' title='bbox 394 678 437 733; x_wconf 86' lang='lat' dir='ltr'>vel</span> <span class='ocrx_word' id='word_1_54' title='bbox 458 678 567 735; x_wconf 76' lang='lat' dir='ltr'>dixeris</span> <span class='ocrx_word' id='word_1_55' title='bbox 594 681 744 750; x_wconf 76' lang='lat' dir='ltr'>predicari</span> <span class='ocrx_word' id='word_1_56' title='bbox 766 681 874 752; x_wconf 91' lang='lat' dir='ltr'>ubique</span> <span class='ocrx_word' id='word_1_57' title='bbox 897 682 959 736; x_wconf 90' lang='lat' dir='ltr'>sine</span> 
     </span>
     <span class='ocr_line' id='line_1_9' title="bbox 111 766 959 836; baseline 0.005 -15"><span class='ocrx_word' id='word_1_58' title='bbox 111 773 161 822; x_wconf 89' lang='lat' dir='ltr'>tuo</span> <span class='ocrx_word' id='word_1_59' title='bbox 176 766 284 836; x_wconf 87' lang='lat' dir='ltr'>pudore</span> <span class='ocrx_word' id='word_1_60' title='bbox 309 766 413 821; x_wconf 89' lang='lat' dir='ltr'>valeat.</span> <span class='ocrx_word' id='word_1_61' title='bbox 431 766 511 822; x_wconf 87' lang='lat' dir='ltr'>blulti</span> <span class='ocrx_word' id='word_1_62' title='bbox 538 768 615 823; x_wconf 93' lang='lat' dir='ltr'>enim</span> <span class='ocrx_word' id='word_1_63' title='bbox 639 768 777 825; x_wconf 84' lang='lat' dir='ltr'>baerescos</span> <span class='ocrx_word' id='word_1_64' title='bbox 799 771 959 827; x_wconf 88' lang='lat' dir='ltr'>conditores</span> 
     </span>
     <span class='ocr_line' id='line_1_10' title="bbox 111 852 958 927; baseline 0.009 -20"><span class='ocrx_word' id='word_1_65' title='bbox 111 852 140 907; x_wconf 93' lang='lat' dir='ltr'>in</span> <span class='ocrx_word' id='word_1_66' title='bbox 154 853 269 924; x_wconf 83' lang='lat' dir='ltr'>angulis</span> <span class='ocrx_word' id='word_1_67' title='bbox 284 855 485 926; x_wconf 88' lang='lat' dir='ltr'>dogmatizant,</span> <span class='ocrx_word' id='word_1_68' title='bbox 500 856 535 911; x_wconf 92' lang='lat' dir='ltr'>de</span> <span class='ocrx_word' id='word_1_69' title='bbox 555 857 663 927; x_wconf 92' lang='lat' dir='ltr'>quibus</span> <span class='ocrx_word' id='word_1_70' title='bbox 683 858 711 912; x_wconf 92' lang='lat' dir='ltr'>in</span> <span class='ocrx_word' id='word_1_71' title='bbox 729 859 879 927; x_wconf 89' lang='lat' dir='ltr'>propatulo</span> <span class='ocrx_word' id='word_1_72' title='bbox 895 874 958 915; x_wconf 91' lang='lat' dir='ltr'>rnu-</span> 
     </span>
     <span class='ocr_line' id='line_1_11' title="bbox 111 940 958 1016; baseline 0.006 -20"><span class='ocrx_word' id='word_1_73' title='bbox 111 940 164 996; x_wconf 90' lang='lat' dir='ltr'>tirc</span> <span class='ocrx_word' id='word_1_74' title='bbox 178 956 234 997; x_wconf 92' lang='lat' dir='ltr'>non</span> <span class='ocrx_word' id='word_1_75' title='bbox 248 943 381 999; x_wconf 89' lang='lat' dir='ltr'>audeant.</span> <span class='ocrx_word' id='word_1_76' title='bbox 395 944 427 997; x_wconf 86' lang='lat' dir='ltr'>ln</span> <span class='ocrx_word' id='word_1_77' title='bbox 437 947 549 1012; x_wconf 77' lang='lat' dir='ltr'>gutture</span> <span class='ocrx_word' id='word_1_78' title='bbox 562 949 728 1014; x_wconf 85' lang='lat' dir='ltr'>ergotnostt</span> <span class='ocrx_word' id='word_1_79' title='bbox 743 946 818 1012; x_wconf 83' lang='lat' dir='ltr'>tabe,</span> <span class='ocrx_word' id='word_1_80' title='bbox 834 954 866 1003; x_wconf 92' lang='grc' dir='ltr'>ιιι</span> <span class='ocrx_word' id='word_1_81' title='bbox 881 945 958 1016; x_wconf 90' lang='lat' dir='ltr'>quod</span> 
     </span>
     <span class='ocr_line' id='line_1_12' title="bbox 111 1028 957 1090; baseline 0.008 -7"><span class='ocrx_word' id='word_1_82' title='bbox 111 1037 204 1085; x_wconf 88' lang='lat' dir='ltr'>mente</span> <span class='ocrx_word' id='word_1_83' title='bbox 218 1028 293 1085; x_wconf 83' lang='lat' dir='ltr'>fideti</span> <span class='ocrx_word' id='word_1_84' title='bbox 310 1030 467 1088; x_wconf 92' lang='lat' dir='ltr'>intenderis</span> <span class='ocrx_word' id='word_1_85' title='bbox 482 1033 511 1087; x_wconf 93' lang='lat' dir='ltr'>in</span> <span class='ocrx_word' id='word_1_86' title='bbox 527 1032 662 1088; x_wconf 92' lang='lat' dir='ltr'>conllictu</span> <span class='ocrx_word' id='word_1_87' title='bbox 682 1033 888 1090; x_wconf 87' lang='lat' dir='ltr'>diabolicorum</span> <span class='ocrx_word' id='word_1_88' title='bbox 909 1048 957 1090; x_wconf 91' lang='lat' dir='ltr'>sa-</span> 
     </span>
    </p>
   </div>
   <div class='ocr_carea' id='block_1_6' title="bbox 1012 408 1862 1101">
    <p class='ocr_par' dir='ltr' id='par_1_6' title="bbox 1012 408 1862 1101">
     <span class='ocr_line' id='line_1_13' title="bbox 1013 408 1861 480; baseline -0.007 -11"><span class='ocrx_word' id='word_1_89' title='bbox 1013 413 1049 470; x_wconf 90' lang='lat' dir='ltr'>ad</span> <span class='ocrx_word' id='word_1_90' title='bbox 1066 414 1116 468; x_wconf 87' lang='lat' dir='ltr'>Dei</span> <span class='ocrx_word' id='word_1_91' title='bbox 1132 413 1262 468; x_wconf 88' lang='lat' dir='ltr'>notitiam</span> <span class='ocrx_word' id='word_1_92' title='bbox 1275 411 1398 480; x_wconf 81' lang='lat' dir='ltr'>pertinet</span> <span class='ocrx_word' id='word_1_93' title='bbox 1417 408 1599 479; x_wconf 86' lang='lat' dir='ltr'>sapientiam,</span> <span class='ocrx_word' id='word_1_94' title='bbox 1614 409 1751 478; x_wconf 83' lang='lat' dir='ltr'>expendit</span> <span class='ocrx_word' id='word_1_95' title='bbox 1765 409 1861 464; x_wconf 90' lang='lat' dir='ltr'>inten-</span> 
     </span>
     <span class='ocr_line' id='line_1_14' title="bbox 1012 497 1861 572; baseline -0.007 -15"><span class='ocrx_word' id='word_1_96' title='bbox 1012 502 1089 557; x_wconf 86' lang='lat' dir='ltr'>tione</span> <span class='ocrx_word' id='word_1_97' title='bbox 1109 514 1251 572; x_wconf 82' lang='lat' dir='ltr'>perversa.</span> <span class='ocrx_word' id='word_1_98' title='bbox 1267 499 1341 567; x_wconf 88' lang='lat' dir='ltr'>Quid</span> <span class='ocrx_word' id='word_1_99' title='bbox 1355 500 1432 556; x_wconf 91' lang='lat' dir='ltr'>enim</span> <span class='ocrx_word' id='word_1_100' title='bbox 1449 498 1527 554; x_wconf 90' lang='lat' dir='ltr'>aliud</span> <span class='ocrx_word' id='word_1_101' title='bbox 1544 512 1631 568; x_wconf 91' lang='lat' dir='ltr'>quam</span> <span class='ocrx_word' id='word_1_102' title='bbox 1643 497 1751 554; x_wconf 91' lang='lat' dir='ltr'>idolum</span> <span class='ocrx_word' id='word_1_103' title='bbox 1766 504 1861 552; x_wconf 91' lang='lat' dir='ltr'>strue·</span> 
     </span>
     <span class='ocr_line' id='line_1_15' title="bbox 1014 585 1862 659; baseline -0.008 -12"><span class='ocrx_word' id='word_1_104' title='bbox 1014 597 1109 657; x_wconf 88' lang='lat' dir='ltr'>reest,</span> <span class='ocrx_word' id='word_1_105' title='bbox 1138 604 1204 645; x_wconf 94' lang='lat' dir='ltr'>cum</span> <span class='ocrx_word' id='word_1_106' title='bbox 1218 588 1283 659; x_wconf 90' lang='lat' dir='ltr'>quis</span> <span class='ocrx_word' id='word_1_107' title='bbox 1299 589 1342 644; x_wconf 93' lang='lat' dir='ltr'>bis</span> <span class='ocrx_word' id='word_1_108' title='bbox 1365 588 1535 643; x_wconf 88' lang='lat' dir='ltr'>muneribus</span> <span class='ocrx_word' id='word_1_109' title='bbox 1550 601 1608 642; x_wconf 91' lang='lat' dir='ltr'>non</span> <span class='ocrx_word' id='word_1_110' title='bbox 1632 587 1733 651; x_wconf 88' lang='lat' dir='ltr'>Deum,</span> <span class='ocrx_word' id='word_1_111' title='bbox 1761 585 1811 641; x_wconf 91' lang='lat' dir='ltr'>sed</span> <span class='ocrx_word' id='word_1_112' title='bbox 1833 598 1862 640; x_wconf 90' lang='lat' dir='ltr'>se</span> 
     </span>
     <span class='ocr_line' id='line_1_16' title="bbox 1012 673 1861 745; baseline -0.008 -11"><span class='ocrx_word' id='word_1_113' title='bbox 1012 678 1153 734; x_wconf 83' lang='lat' dir='ltr'>desiderat</span> <span class='ocrx_word' id='word_1_114' title='bbox 1180 677 1325 744; x_wconf 90' lang='lat' dir='ltr'>honorari,</span> <span class='ocrx_word' id='word_1_115' title='bbox 1350 691 1402 731; x_wconf 90' lang='lat' dir='ltr'>nec</span> <span class='ocrx_word' id='word_1_116' title='bbox 1417 675 1474 731; x_wconf 86' lang='lat' dir='ltr'>Deo</span> <span class='ocrx_word' id='word_1_117' title='bbox 1497 674 1601 730; x_wconf 90' lang='lat' dir='ltr'>relerre</span> <span class='ocrx_word' id='word_1_118' title='bbox 1616 673 1692 745; x_wconf 91' lang='lat' dir='ltr'>quod</span> <span class='ocrx_word' id='word_1_119' title='bbox 1717 674 1754 729; x_wconf 88' lang='lat' dir='ltr'>ab</span> <span class='ocrx_word' id='word_1_120' title='bbox 1768 687 1801 728; x_wconf 91' lang='lat' dir='ltr'>eo</span> <span class='ocrx_word' id='word_1_121' title='bbox 1815 687 1861 727; x_wconf 90' lang='lat' dir='ltr'>ac·</span> 
     </span>
     <span class='ocr_line' id='line_1_17' title="bbox 1012 759 1862 838; baseline -0.013 -15"><span class='ocrx_word' id='word_1_122' title='bbox 1012 768 1128 838; x_wconf 85' lang='lat' dir='ltr'>ceperit,</span> <span class='ocrx_word' id='word_1_123' title='bbox 1145 768 1192 823; x_wconf 90' lang='lat' dir='ltr'>sed</span> <span class='ocrx_word' id='word_1_124' title='bbox 1216 781 1245 822; x_wconf 92' lang='lat' dir='ltr'>se</span> <span class='ocrx_word' id='word_1_125' title='bbox 1267 765 1360 836; x_wconf 90' lang='lat' dir='ltr'>potius</span> <span class='ocrx_word' id='word_1_126' title='bbox 1375 764 1456 835; x_wconf 91' lang='lat' dir='ltr'>quasi</span> <span class='ocrx_word' id='word_1_127' title='bbox 1479 763 1668 819; x_wconf 79' lang='lat' dir='ltr'>simulacrum</span> <span class='ocrx_word' id='word_1_128' title='bbox 1703 759 1862 816; x_wconf 75' lang='lat' dir='ltr'>ostentarit</span> 
     </span>
     <span class='ocr_line' id='line_1_18' title="bbox 1012 847 1861 924; baseline -0.012 -12"><span class='ocrx_word' id='word_1_129' title='bbox 1012 856 1082 924; x_wconf 88' lang='lat' dir='ltr'>Quae</span> <span class='ocrx_word' id='word_1_130' title='bbox 1099 870 1187 911; x_wconf 85' lang='lat' dir='ltr'>causa</span> <span class='ocrx_word' id='word_1_131' title='bbox 1213 856 1318 911; x_wconf 88' lang='lat' dir='ltr'>multos</span> <span class='ocrx_word' id='word_1_132' title='bbox 1331 854 1399 909; x_wconf 91' lang='lat' dir='ltr'>olim</span> <span class='ocrx_word' id='word_1_133' title='bbox 1415 852 1516 924; x_wconf 87' lang='lat' dir='ltr'>genuit</span> <span class='ocrx_word' id='word_1_134' title='bbox 1538 851 1679 920; x_wconf 85' lang='lat' dir='ltr'>hodieque</span> <span class='ocrx_word' id='word_1_135' title='bbox 1695 848 1789 919; x_wconf 89' lang='lat' dir='ltr'>giguit</span> <span class='ocrx_word' id='word_1_136' title='bbox 1805 847 1861 902; x_wconf 84' lang='lat' dir='ltr'>bae·</span> 
     </span>
     <span class='ocr_line' id='line_1_19' title="bbox 1012 936 1861 1014; baseline -0.011 -15"><span class='ocrx_word' id='word_1_137' title='bbox 1012 945 1123 1010; x_wconf 85' lang='lat' dir='ltr'>reticos,</span> <span class='ocrx_word' id='word_1_138' title='bbox 1140 944 1209 1000; x_wconf 83' lang='lat' dir='ltr'>duur</span> <span class='ocrx_word' id='word_1_139' title='bbox 1225 943 1277 1014; x_wconf 89' lang='lat' dir='ltr'>qui</span> <span class='ocrx_word' id='word_1_140' title='bbox 1291 958 1341 1012; x_wconf 86' lang='lat' dir='ltr'>pro</span> <span class='ocrx_word' id='word_1_141' title='bbox 1357 941 1531 998; x_wconf 88' lang='lat' dir='ltr'>obscuritate</span> <span class='ocrx_word' id='word_1_142' title='bbox 1555 939 1668 1011; x_wconf 83' lang='lat' dir='ltr'>generis</span> <span class='ocrx_word' id='word_1_143' title='bbox 1688 946 1715 992; x_wconf 92' lang='lat' dir='ltr'>et</span> <span class='ocrx_word' id='word_1_144' title='bbox 1730 938 1797 992; x_wconf 71' lang='lat' dir='ltr'>vitae</span> <span class='ocrx_word' id='word_1_145' title='bbox 1811 936 1861 990; x_wconf 94' lang='lat' dir='ltr'>de-</span> 
     </span>
     <span class='ocr_line' id='line_1_20' title="bbox 1012 1026 1860 1101; baseline -0.008 -15"><span class='ocrx_word' id='word_1_146' title='bbox 1012 1031 1154 1098; x_wconf 89' lang='lat' dir='ltr'>litescunt,</span> <span class='ocrx_word' id='word_1_147' title='bbox 1173 1047 1223 1100; x_wconf 90' lang='lat' dir='ltr'>pro</span> <span class='ocrx_word' id='word_1_148' title='bbox 1240 1045 1381 1087; x_wconf 83' lang='lat' dir='ltr'>novorum</span> <span class='ocrx_word' id='word_1_149' title='bbox 1402 1032 1570 1101; x_wconf 84' lang='lat' dir='ltr'>dogmatum</span> <span class='ocrx_word' id='word_1_150' title='bbox 1600 1026 1800 1083; x_wconf 87' lang='lat' dir='ltr'>moliminibus</span> <span class='ocrx_word' id='word_1_151' title='bbox 1814 1039 1860 1080; x_wconf 88' lang='lat' dir='ltr'>ce-</span> 
     </span>
    </p>
   </div>
   <div class='ocr_carea' id='block_1_7' title="bbox 99 1113 1862 3040">
    <p class='ocr_par' dir='ltr' id='par_1_7' title="bbox 99 1113 1862 3040">
     <span class='ocr_line' id='line_1_21' title="bbox 111 1113 1861 1188; baseline -0.002 -18"><span class='ocrx_word' id='word_1_152' title='bbox 111 1115 232 1173; x_wconf 91' lang='lat' dir='ltr'>tellitnm</span> <span class='ocrx_word' id='word_1_153' title='bbox 255 1132 354 1174; x_wconf 87' lang='lat' dir='ltr'>securo</span> <span class='ocrx_word' id='word_1_154' title='bbox 378 1120 502 1175; x_wconf 89' lang='lat' dir='ltr'>clamore</span> <span class='ocrx_word' id='word_1_155' title='bbox 531 1119 636 1186; x_wconf 83' lang='lat' dir='ltr'>edicas,</span> <span class='ocrx_word' id='word_1_156' title='bbox 670 1121 796 1176; x_wconf 80' lang='lat' dir='ltr'>existens</span> <span class='ocrx_word' id='word_1_157' title='bbox 827 1120 959 1177; x_wconf 84' lang='lat' dir='ltr'>videlicet</span> <span class='ocrx_word' id='word_1_158' title='bbox 1011 1118 1114 1174; x_wconf 91' lang='lat' dir='ltr'>lebrari</span> <span class='ocrx_word' id='word_1_159' title='bbox 1128 1126 1275 1188; x_wconf 85' lang='lat' dir='ltr'>appetunt.</span> <span class='ocrx_word' id='word_1_160' title='bbox 1295 1119 1327 1173; x_wconf 87' lang='lat' dir='ltr'>Et</span> <span class='ocrx_word' id='word_1_161' title='bbox 1350 1119 1410 1174; x_wconf 75' lang='lat' dir='ltr'>brec</span> <span class='ocrx_word' id='word_1_162' title='bbox 1433 1118 1542 1172; x_wconf 90' lang='lat' dir='ltr'>iaciunt</span> <span class='ocrx_word' id='word_1_163' title='bbox 1558 1123 1590 1172; x_wconf 92' lang='lat' dir='ltr'>nt</span> <span class='ocrx_word' id='word_1_164' title='bbox 1614 1117 1765 1180; x_wconf 90' lang='lat' dir='ltr'>intereant,</span> <span class='ocrx_word' id='word_1_165' title='bbox 1793 1113 1861 1183; x_wconf 90' lang='lat' dir='ltr'>quia</span> 
     </span>
     <span class='ocr_line' id='line_1_22' title="bbox 110 1200 1860 1279; baseline -0.004 -18"><span class='ocrx_word' id='word_1_166' title='bbox 110 1211 191 1271; x_wconf 74' lang='lat' dir='ltr'>quast</span> <span class='ocrx_word' id='word_1_167' title='bbox 213 1210 308 1273; x_wconf 81' lang='lat' dir='ltr'>equile</span> <span class='ocrx_word' id='word_1_168' title='bbox 326 1210 532 1279; x_wconf 72' lang='lat' dir='ltr'>rependentem</span> <span class='ocrx_word' id='word_1_169' title='bbox 561 1211 618 1271; x_wconf 83' lang='lat' dir='ltr'>liei,</span> <span class='ocrx_word' id='word_1_170' title='bbox 646 1209 673 1264; x_wconf 97' lang='lat' dir='ltr'>id</span> <span class='ocrx_word' id='word_1_171' title='bbox 697 1216 791 1265; x_wconf 91' lang='lat' dir='ltr'>estut</span> <span class='ocrx_word' id='word_1_172' title='bbox 814 1208 958 1279; x_wconf 83' lang='lat' dir='ltr'>palpebris</span> <span class='ocrx_word' id='word_1_173' title='bbox 1008 1205 1095 1276; x_wconf 83' lang='lat' dir='ltr'>juxta</span> <span class='ocrx_word' id='word_1_174' title='bbox 1109 1206 1158 1260; x_wconf 88' lang='lat' dir='ltr'>Dei</span> <span class='ocrx_word' id='word_1_175' title='bbox 1184 1219 1306 1262; x_wconf 87' lang='lat' dir='ltr'>censura</span> <span class='ocrx_word' id='word_1_176' title='bbox 1320 1205 1461 1276; x_wconf 88' lang='lat' dir='ltr'>contingit</span> <span class='ocrx_word' id='word_1_177' title='bbox 1479 1212 1519 1269; x_wconf 89' lang='lat' dir='ltr'>nt,</span> <span class='ocrx_word' id='word_1_178' title='bbox 1543 1203 1612 1259; x_wconf 76' lang='lat' dir='ltr'>daim</span> <span class='ocrx_word' id='word_1_179' title='bbox 1627 1201 1731 1272; x_wconf 85' lang='lat' dir='ltr'>passim</span> <span class='ocrx_word' id='word_1_180' title='bbox 1757 1200 1860 1269; x_wconf 80' lang='lat' dir='ltr'>pradi-</span> 
     </span>
     <span class='ocr_line' id='line_1_23' title="bbox 100 1287 1860 1369; baseline -0.005 -19"><span class='ocrx_word' id='word_1_181' title='bbox 100 1296 295 1352; x_wconf 54' lang='lat' dir='ltr'>,ccnsiliornm</span> <span class='ocrx_word' id='word_1_182' title='bbox 331 1297 530 1366; x_wconf 81' lang='lat' dir='ltr'>praecedantur</span> <span class='ocrx_word' id='word_1_183' title='bbox 560 1311 675 1369; x_wconf 87' lang='lat' dir='ltr'>gressus</span> <span class='ocrx_word' id='word_1_184' title='bbox 705 1297 756 1353; x_wconf 92' lang='lat' dir='ltr'>tui.</span> <span class='ocrx_word' id='word_1_185' title='bbox 783 1301 884 1353; x_wconf 79' lang='lat' dir='ltr'>bemus</span> <span class='ocrx_word' id='word_1_186' title='bbox 909 1302 958 1353; x_wconf 80' lang='lat' dir='ltr'>lie-i</span> <span class='ocrx_word' id='word_1_187' title='bbox 1010 1292 1070 1348; x_wconf 88' lang='lat' dir='ltr'>cari</span> <span class='ocrx_word' id='word_1_188' title='bbox 1087 1307 1121 1348; x_wconf 91' lang='lat' dir='ltr'>ac</span> <span class='ocrx_word' id='word_1_189' title='bbox 1134 1292 1289 1348; x_wconf 89' lang='lat' dir='ltr'>enitescere</span> <span class='ocrx_word' id='word_1_190' title='bbox 1302 1299 1412 1361; x_wconf 89' lang='lat' dir='ltr'>optant,</span> <span class='ocrx_word' id='word_1_191' title='bbox 1432 1291 1468 1346; x_wconf 90' lang='lat' dir='ltr'>ad</span> <span class='ocrx_word' id='word_1_192' title='bbox 1491 1290 1613 1346; x_wconf 81' lang='lat' dir='ltr'>extremi</span> <span class='ocrx_word' id='word_1_193' title='bbox 1637 1302 1757 1345; x_wconf 88' lang='lat' dir='ltr'>occasus</span> <span class='ocrx_word' id='word_1_194' title='bbox 1779 1287 1860 1358; x_wconf 89' lang='lat' dir='ltr'>iguo·</span> 
     </span>
     <span class='ocr_line' id='line_1_24' title="bbox 109 1381 1325 1454; baseline 0.002 -16"><span class='ocrx_word' id='word_1_195' title='bbox 109 1384 282 1439; x_wconf 88' lang='lat' dir='ltr'>conscientia</span> <span class='ocrx_word' id='word_1_196' title='bbox 293 1385 366 1440; x_wconf 91' lang='lat' dir='ltr'>bona</span> <span class='ocrx_word' id='word_1_197' title='bbox 380 1392 431 1440; x_wconf 86' lang='lat' dir='ltr'>est.</span> <span class='ocrx_word' id='word_1_198' title='bbox 457 1387 545 1454; x_wconf 79' lang='lat' dir='ltr'>scepei·</span> <span class='ocrx_word' id='word_1_199' title='bbox 568 1385 642 1440; x_wconf 88' lang='lat' dir='ltr'>banc</span> <span class='ocrx_word' id='word_1_200' title='bbox 656 1387 736 1451; x_wconf 80' lang='lat' dir='ltr'>quest</span> <span class='ocrx_word' id='word_1_201' title='bbox 750 1386 845 1451; x_wconf 84' lang='lat' dir='ltr'>equile</span> <span class='ocrx_word' id='word_1_202' title='bbox 859 1387 956 1442; x_wconf 88' lang='lat' dir='ltr'>existi·</span> <span class='ocrx_word' id='word_1_203' title='bbox 1010 1381 1115 1435; x_wconf 77' lang='lat' dir='ltr'>minias</span> <span class='ocrx_word' id='word_1_204' title='bbox 1129 1396 1158 1435; x_wconf 81' lang='lat' dir='ltr'>se</span> <span class='ocrx_word' id='word_1_205' title='bbox 1171 1381 1325 1436; x_wconf 81' lang='lat' dir='ltr'>subruant·</span> 
     </span>
     <span class='ocr_line' id='line_1_25' title="bbox 109 1468 1860 1541; baseline 0.001 -18"><span class='ocrx_word' id='word_1_206' title='bbox 109 1481 186 1534; x_wconf 87' lang='lat' dir='ltr'>mus,</span> <span class='ocrx_word' id='word_1_207' title='bbox 207 1470 277 1525; x_wconf 91' lang='lat' dir='ltr'>dum</span> <span class='ocrx_word' id='word_1_208' title='bbox 304 1485 443 1540; x_wconf 84' lang='lat' dir='ltr'>quorsum</span> <span class='ocrx_word' id='word_1_209' title='bbox 465 1472 562 1527; x_wconf 90' lang='lat' dir='ltr'>tendat</span> <span class='ocrx_word' id='word_1_210' title='bbox 581 1479 679 1527; x_wconf 92' lang='lat' dir='ltr'>nostra</span> <span class='ocrx_word' id='word_1_211' title='bbox 695 1473 850 1528; x_wconf 90' lang='lat' dir='ltr'>credulitas</span> <span class='ocrx_word' id='word_1_212' title='bbox 865 1473 956 1529; x_wconf 87' lang='lat' dir='ltr'>snbti-</span> <span class='ocrx_word' id='word_1_213' title='bbox 1046 1468 1132 1525; x_wconf 80' lang='lat' dir='ltr'>Vens.</span> <span class='ocrx_word' id='word_1_214' title='bbox 1148 1471 1174 1525; x_wconf 86' lang='lat'>5.</span> <span class='ocrx_word' id='word_1_215' title='bbox 1188 1499 1222 1510; x_wconf 92' lang='lat'>-</span> <span class='ocrx_word' id='word_1_216' title='bbox 1240 1468 1414 1538; x_wconf 77' lang='lat' dir='ltr'>«Proiectus</span> <span class='ocrx_word' id='word_1_217' title='bbox 1432 1476 1474 1524; x_wconf 89' lang='lat' dir='ltr'>est</span> <span class='ocrx_word' id='word_1_218' title='bbox 1489 1469 1599 1524; x_wconf 89' lang='lat' dir='ltr'>vitulus</span> <span class='ocrx_word' id='word_1_219' title='bbox 1624 1469 1860 1541; x_wconf 80' lang='lat' dir='ltr'>tuuslsamaria,</span> 
     </span>
     <span class='ocr_line' id='line_1_26' title="bbox 109 1553 1862 1631; baseline 0.005 -20"><span class='ocrx_word' id='word_1_220' title='bbox 109 1554 217 1611; x_wconf 90' lang='lat' dir='ltr'>lissimo</span> <span class='ocrx_word' id='word_1_221' title='bbox 240 1557 374 1613; x_wconf 88' lang='lat' dir='ltr'>acumine</span> <span class='ocrx_word' id='word_1_222' title='bbox 399 1559 582 1616; x_wconf 86' lang='lat' dir='ltr'>ventilamus.</span> <span class='ocrx_word' id='word_1_223' title='bbox 614 1560 752 1631; x_wconf 79' lang='lat' dir='ltr'>Aquilino</span> <span class='ocrx_word' id='word_1_224' title='bbox 783 1563 859 1618; x_wconf 92' lang='lat' dir='ltr'>enim</span> <span class='ocrx_word' id='word_1_225' title='bbox 896 1563 956 1618; x_wconf 91' lang='lat' dir='ltr'>acie</span> <span class='ocrx_word' id='word_1_226' title='bbox 1012 1555 1483 1612; x_wconf 64' lang='lat' dir='ltr'>⁸italusesllurormesssiws·</span> <span class='ocrx_word' id='word_1_227' title='bbox 1502 1576 1512 1603; x_wconf 76' lang='lat'>’</span> <span class='ocrx_word' id='word_1_228' title='bbox 1531 1553 1670 1621; x_wconf 68' lang='lat' dir='ltr'>Samaria,</span> <span class='ocrx_word' id='word_1_229' title='bbox 1694 1567 1726 1615; x_wconf 80' lang='lat' dir='ltr'>ul</span> <span class='ocrx_word' id='word_1_230' title='bbox 1753 1559 1862 1615; x_wconf 92' lang='lat' dir='ltr'>dictum</span> 
     </span>
     <span class='ocr_line' id='line_1_27' title="bbox 109 1629 1862 1714; baseline 0.003 -18"><span class='ocrx_word' id='word_1_231' title='bbox 109 1652 212 1713; x_wconf 77' lang='lat' dir='ltr'>praeter</span> <span class='ocrx_word' id='word_1_232' title='bbox 222 1644 310 1701; x_wconf 88' lang='lat' dir='ltr'>linces</span> <span class='ocrx_word' id='word_1_233' title='bbox 324 1645 362 1701; x_wconf 90' lang='lat' dir='ltr'>nil</span> <span class='ocrx_word' id='word_1_234' title='bbox 379 1647 495 1703; x_wconf 86' lang='lat' dir='ltr'>elarius.</span> <span class='ocrx_word' id='word_1_235' title='bbox 976 1629 1063 1707; x_wconf 78' lang='lat' dir='ltr'>Best,</span> <span class='ocrx_word' id='word_1_236' title='bbox 1087 1642 1292 1712; x_wconf 86' lang='lat' dir='ltr'>interpretatur</span> <span class='ocrx_word' id='word_1_237' title='bbox 1316 1643 1449 1698; x_wconf 83' lang='lat' dir='ltr'>custodia.</span> <span class='ocrx_word' id='word_1_238' title='bbox 1465 1643 1499 1698; x_wconf 81' lang='lat' dir='ltr'>Et</span> <span class='ocrx_word' id='word_1_239' title='bbox 1523 1653 1645 1714; x_wconf 76' lang='lat' dir='ltr'>quaeest</span> <span class='ocrx_word' id='word_1_240' title='bbox 1661 1645 1722 1701; x_wconf 77' lang='lat' dir='ltr'>haec</span> <span class='ocrx_word' id='word_1_241' title='bbox 1740 1647 1862 1702; x_wconf 70' lang='lat' dir='ltr'>maledic</span> 
     </span>
     <span class='ocr_line' id='line_1_28' title="bbox 144 1728 1861 1809; baseline 0.001 -21"><span class='ocrx_word' id='word_1_242' title='bbox 144 1732 232 1788; x_wconf 85' lang='lat' dir='ltr'>Vens.</span> <span class='ocrx_word' id='word_1_243' title='bbox 243 1735 269 1788; x_wconf 77' lang='lat'>2.</span> <span class='ocrx_word' id='word_1_244' title='bbox 282 1764 316 1773; x_wconf 92' lang='lat'><em>-</em></span> <span class='ocrx_word' id='word_1_245' title='bbox 337 1756 351 1782; x_wconf 73' lang='grc' dir='ltr'>ι</span> <span class='ocrx_word' id='word_1_246' title='bbox 372 1735 425 1790; x_wconf 79' lang='lat' dir='ltr'>Pro</span> <span class='ocrx_word' id='word_1_247' title='bbox 439 1750 472 1791; x_wconf 74' lang='lat' dir='ltr'>eo</span> <span class='ocrx_word' id='word_1_248' title='bbox 492 1737 569 1806; x_wconf 75' lang='lat' dir='ltr'>quod</span> <span class='ocrx_word' id='word_1_249' title='bbox 585 1737 742 1809; x_wconf 69' lang='lat' dir='ltr'>trangressi</span> <span class='ocrx_word' id='word_1_250' title='bbox 769 1746 846 1807; x_wconf 66' lang='lat' dir='ltr'>sum,</span> <span class='ocrx_word' id='word_1_251' title='bbox 866 1740 958 1795; x_wconf 70' lang='lat' dir='ltr'>rffidus</span> <span class='ocrx_word' id='word_1_252' title='bbox 1012 1728 1066 1783; x_wconf 88' lang='lat' dir='ltr'>nisi</span> <span class='ocrx_word' id='word_1_253' title='bbox 1082 1729 1130 1784; x_wconf 88' lang='lat' dir='ltr'>illa</span> <span class='ocrx_word' id='word_1_254' title='bbox 1145 1745 1211 1800; x_wconf 79' lang='lat' dir='ltr'>quea</span> <span class='ocrx_word' id='word_1_255' title='bbox 1227 1732 1408 1800; x_wconf 90' lang='lat' dir='ltr'>componitur</span> <span class='ocrx_word' id='word_1_256' title='bbox 1428 1744 1477 1800; x_wconf 91' lang='lat' dir='ltr'>pro</span> <span class='ocrx_word' id='word_1_257' title='bbox 1495 1745 1615 1787; x_wconf 91' lang='lat' dir='ltr'>suorum</span> <span class='ocrx_word' id='word_1_258' title='bbox 1631 1733 1781 1790; x_wconf 89' lang='lat' dir='ltr'>nominum</span> <span class='ocrx_word' id='word_1_259' title='bbox 1796 1749 1861 1805; x_wconf 93' lang='lat' dir='ltr'>pro-</span> 
     </span>
     <span class='ocr_line' id='line_1_29' title="bbox 112 1819 1860 1894; baseline 0.006 -26"><span class='ocrx_word' id='word_1_260' title='bbox 112 1839 123 1868; x_wconf 78' lang='lat'><strong>·</strong></span> <span class='ocrx_word' id='word_1_261' title='bbox 144 1834 250 1886; x_wconf 89' lang='lat' dir='ltr'>meum,</span> <span class='ocrx_word' id='word_1_262' title='bbox 262 1830 290 1876; x_wconf 92' lang='lat' dir='ltr'>et</span> <span class='ocrx_word' id='word_1_263' title='bbox 309 1820 398 1893; x_wconf 88' lang='lat' dir='ltr'>legem</span> <span class='ocrx_word' id='word_1_264' title='bbox 418 1837 509 1879; x_wconf 87' lang='lat' dir='ltr'>nicam</span> <span class='ocrx_word' id='word_1_265' title='bbox 525 1825 783 1894; x_wconf 79' lang='lat' dir='ltr'>praevaricatisunt</span> <span class='ocrx_word' id='word_1_266' title='bbox 805 1840 850 1882; x_wconf 89' lang='lat' dir='ltr'>me</span> <span class='ocrx_word' id='word_1_267' title='bbox 874 1828 958 1882; x_wconf 87' lang='lat' dir='ltr'>inro—</span> <span class='ocrx_word' id='word_1_268' title='bbox 1013 1820 1163 1889; x_wconf 84' lang='lat' dir='ltr'>pagatione</span> <span class='ocrx_word' id='word_1_269' title='bbox 1179 1820 1315 1875; x_wconf 77' lang='lat' dir='ltr'>cantela?</span> <span class='ocrx_word' id='word_1_270' title='bbox 1329 1819 1566 1890; x_wconf 72' lang='lat' dir='ltr'>illilussamariae</span> <span class='ocrx_word' id='word_1_271' title='bbox 1580 1823 1683 1876; x_wconf 81' lang='lat' dir='ltr'>citatos</span> <span class='ocrx_word' id='word_1_272' title='bbox 1701 1822 1860 1893; x_wconf 82' lang='lat' dir='ltr'>projicitur,</span> 
     </span>
     <span class='ocr_line' id='line_1_30' title="bbox 111 1905 1860 1980; baseline 0.009 -28"><span class='ocrx_word' id='word_1_273' title='bbox 111 1905 356 1964; x_wconf 63' lang='lat' dir='ltr'>»cabunrbeus</span> <span class='ocrx_word' id='word_1_274' title='bbox 368 1923 459 1975; x_wconf 71' lang='lat' dir='ltr'>meus,</span> <span class='ocrx_word' id='word_1_275' title='bbox 471 1911 697 1980; x_wconf 72' lang='lat' dir='ltr'>eognovirnuste</span> <span class='ocrx_word' id='word_1_276' title='bbox 709 1912 958 1969; x_wconf 74' lang='lat' dir='ltr'>lsrae1.‚Foedus</span> <span class='ocrx_word' id='word_1_277' title='bbox 1011 1920 1077 1962; x_wconf 88' lang='lat' dir='ltr'>cunr</span> <span class='ocrx_word' id='word_1_278' title='bbox 1107 1906 1155 1962; x_wconf 91' lang='lat' dir='ltr'>illa</span> <span class='ocrx_word' id='word_1_279' title='bbox 1180 1908 1210 1962; x_wconf 92' lang='lat' dir='ltr'>in</span> <span class='ocrx_word' id='word_1_280' title='bbox 1234 1922 1294 1977; x_wconf 88' lang='lat' dir='ltr'>qua</span> <span class='ocrx_word' id='word_1_281' title='bbox 1332 1908 1464 1964; x_wconf 89' lang='lat' dir='ltr'>lascivire</span> <span class='ocrx_word' id='word_1_282' title='bbox 1490 1909 1667 1978; x_wconf 90' lang='lat' dir='ltr'>concupiscit</span> <span class='ocrx_word' id='word_1_283' title='bbox 1693 1909 1777 1965; x_wconf 81' lang='lat' dir='ltr'>lamae</span> <span class='ocrx_word' id='word_1_284' title='bbox 1804 1925 1860 1967; x_wconf 83' lang='lat' dir='ltr'>sne</span> 
     </span>
     <span class='ocr_line' id='line_1_31' title="bbox 107 1992 1860 2071; baseline 0.005 -24"><span class='ocrx_word' id='word_1_285' title='bbox 107 1992 157 2048; x_wconf 85' lang='lat' dir='ltr'>Dei</span> <span class='ocrx_word' id='word_1_286' title='bbox 177 2001 227 2061; x_wconf 92' lang='lat' dir='ltr'>est,</span> <span class='ocrx_word' id='word_1_287' title='bbox 245 1995 358 2064; x_wconf 88' lang='lat' dir='ltr'>qnodei</span> <span class='ocrx_word' id='word_1_288' title='bbox 373 2010 424 2066; x_wconf 91' lang='lat' dir='ltr'>per</span> <span class='ocrx_word' id='word_1_289' title='bbox 439 1998 522 2054; x_wconf 85' lang='lat' dir='ltr'>iidem</span> <span class='ocrx_word' id='word_1_290' title='bbox 542 1999 571 2055; x_wconf 93' lang='lat' dir='ltr'>in</span> <span class='ocrx_word' id='word_1_291' title='bbox 582 1999 722 2069; x_wconf 89' lang='lat' dir='ltr'>baptismo</span> <span class='ocrx_word' id='word_1_292' title='bbox 741 2001 957 2071; x_wconf 86' lang='lat' dir='ltr'>spopondimus,</span> <span class='ocrx_word' id='word_1_293' title='bbox 1012 1994 1188 2064; x_wconf 75' lang='lat' dir='ltr'>glorianda</span> <span class='ocrx_word' id='word_1_294' title='bbox 1209 1996 1302 2052; x_wconf 91' lang='lat' dir='ltr'>solnm</span> <span class='ocrx_word' id='word_1_295' title='bbox 1323 1997 1524 2054; x_wconf 84' lang='lat' dir='ltr'>addemnatur.</span> <span class='ocrx_word' id='word_1_296' title='bbox 1548 1997 1694 2053; x_wconf 89' lang='lat' dir='ltr'>sedetiam</span> <span class='ocrx_word' id='word_1_297' title='bbox 1709 2012 1760 2068; x_wconf 89' lang='lat' dir='ltr'>pro</span> <span class='ocrx_word' id='word_1_298' title='bbox 1780 2000 1860 2055; x_wconf 93' lang='lat' dir='ltr'>sorde</span> 
     </span>
     <span class='ocr_line' id='line_1_32' title="bbox 99 2078 1858 2156; baseline 0.005 -22"><span class='ocrx_word' id='word_1_299' title='bbox 99 2078 154 2135; x_wconf 63' lang='lat' dir='ltr'>‚lex</span> <span class='ocrx_word' id='word_1_300' title='bbox 166 2093 242 2147; x_wconf 87' lang='lat' dir='ltr'>vero,</span> <span class='ocrx_word' id='word_1_301' title='bbox 258 2083 401 2153; x_wconf 91' lang='lat' dir='ltr'>quidquid</span> <span class='ocrx_word' id='word_1_302' title='bbox 414 2099 463 2155; x_wconf 91' lang='lat' dir='ltr'>per</span> <span class='ocrx_word' id='word_1_303' title='bbox 473 2085 571 2142; x_wconf 91' lang='lat' dir='ltr'>divina</span> <span class='ocrx_word' id='word_1_304' title='bbox 580 2088 696 2156; x_wconf 90' lang='lat' dir='ltr'>eloquia</span> <span class='ocrx_word' id='word_1_305' title='bbox 708 2102 744 2144; x_wconf 88' lang='lat' dir='ltr'>ex</span> <span class='ocrx_word' id='word_1_306' title='bbox 758 2089 829 2145; x_wconf 90' lang='lat' dir='ltr'>bene</span> <span class='ocrx_word' id='word_1_307' title='bbox 842 2090 956 2145; x_wconf 88' lang='lat' dir='ltr'>vivendi</span> <span class='ocrx_word' id='word_1_308' title='bbox 1010 2083 1166 2152; x_wconf 87' lang='lat' dir='ltr'>respuitur.</span> <span class='ocrx_word' id='word_1_309' title='bbox 1185 2083 1346 2140; x_wconf 87' lang='lat' dir='ltr'>Notandum</span> <span class='ocrx_word' id='word_1_310' title='bbox 1360 2085 1436 2154; x_wconf 90' lang='lat' dir='ltr'>quod</span> <span class='ocrx_word' id='word_1_311' title='bbox 1454 2098 1510 2139; x_wconf 90' lang='lat' dir='ltr'>non</span> <span class='ocrx_word' id='word_1_312' title='bbox 1526 2085 1632 2140; x_wconf 85' lang='lat' dir='ltr'>dicitur</span> <span class='ocrx_word' id='word_1_313' title='bbox 1645 2085 1741 2142; x_wconf 87' lang='lat' dir='ltr'>lucere</span> <span class='ocrx_word' id='word_1_314' title='bbox 1760 2087 1858 2153; x_wconf 81' lang='lat' dir='ltr'>Deum</span> 
     </span>
     <span class='ocr_line' id='line_1_33' title="bbox 107 2168 1857 2249; baseline 0.013 -28"><span class='ocrx_word' id='word_1_315' title='bbox 107 2168 243 2223; x_wconf 88' lang='lat' dir='ltr'>mandato</span> <span class='ocrx_word' id='word_1_316' title='bbox 258 2171 424 2239; x_wconf 89' lang='lat' dir='ltr'>accipimus.</span> <span class='ocrx_word' id='word_1_317' title='bbox 442 2175 538 2231; x_wconf 81' lang='lat' dir='ltr'>Foedus</span> <span class='ocrx_word' id='word_1_318' title='bbox 552 2187 621 2246; x_wconf 88' lang='lat' dir='ltr'>ergo</span> <span class='ocrx_word' id='word_1_319' title='bbox 640 2178 851 2248; x_wconf 81' lang='lat' dir='ltr'>transgreditur</span> <span class='ocrx_word' id='word_1_320' title='bbox 874 2179 957 2249; x_wconf 91' lang='lat' dir='ltr'>quis·</span> <span class='ocrx_word' id='word_1_321' title='bbox 1011 2173 1060 2227; x_wconf 74' lang='lat' dir='ltr'>sed</span> <span class='ocrx_word' id='word_1_322' title='bbox 1074 2172 1157 2227; x_wconf 74' lang='lat' dir='ltr'>irasci</span> <span class='ocrx_word' id='word_1_323' title='bbox 1178 2173 1223 2227; x_wconf 85' lang='lat' dir='ltr'>uei</span> <span class='ocrx_word' id='word_1_324' title='bbox 1240 2173 1366 2228; x_wconf 68' lang='lat' dir='ltr'>furorem</span> <span class='ocrx_word' id='word_1_325' title='bbox 1381 2178 1410 2227; x_wconf 81' lang='lat' dir='ltr'>in</span> <span class='ocrx_word' id='word_1_326' title='bbox 1438 2190 1491 2228; x_wconf 71' lang='lat'>60³·</span> <span class='ocrx_word' id='word_1_327' title='bbox 1517 2173 1644 2229; x_wconf 69' lang='lat' dir='ltr'>Primum</span> <span class='ocrx_word' id='word_1_328' title='bbox 1669 2173 1753 2241; x_wconf 66' lang='lat' dir='ltr'>isam,</span> <span class='ocrx_word' id='word_1_329' title='bbox 1787 2183 1857 2244; x_wconf 71' lang='lat' dir='ltr'>POSl·</span> 
     </span>
     <span class='ocr_line' id='line_1_34' title="bbox 107 2256 1860 2333; baseline 0.004 -21"><span class='ocrx_word' id='word_1_330' title='bbox 107 2256 205 2326; x_wconf 88' lang='lat' dir='ltr'>quisa</span> <span class='ocrx_word' id='word_1_331' title='bbox 224 2258 290 2314; x_wconf 91' lang='lat' dir='ltr'>lidei</span> <span class='ocrx_word' id='word_1_332' title='bbox 311 2261 413 2330; x_wconf 89' lang='lat' dir='ltr'>regula</span> <span class='ocrx_word' id='word_1_333' title='bbox 438 2276 526 2332; x_wconf 91' lang='lat' dir='ltr'>quam</span> <span class='ocrx_word' id='word_1_334' title='bbox 557 2264 701 2333; x_wconf 79' lang='lat' dir='ltr'>protessus</span> <span class='ocrx_word' id='word_1_335' title='bbox 733 2272 775 2320; x_wconf 89' lang='lat' dir='ltr'>est</span> <span class='ocrx_word' id='word_1_336' title='bbox 796 2265 958 2322; x_wconf 86' lang='lat' dir='ltr'>exorbitare</span> <span class='ocrx_word' id='word_1_337' title='bbox 1011 2261 1268 2317; x_wconf 85' lang='lat' dir='ltr'>modumiurorcm</span> <span class='ocrx_word' id='word_1_338' title='bbox 1289 2261 1378 2331; x_wconf 92' lang='lat' dir='ltr'>ponit,</span> <span class='ocrx_word' id='word_1_339' title='bbox 1403 2270 1435 2318; x_wconf 93' lang='lat' dir='ltr'>ut</span> <span class='ocrx_word' id='word_1_340' title='bbox 1451 2261 1581 2318; x_wconf 91' lang='lat' dir='ltr'>ostendat</span> <span class='ocrx_word' id='word_1_341' title='bbox 1601 2263 1692 2318; x_wconf 86' lang='lat' dir='ltr'>Deum</span> <span class='ocrx_word' id='word_1_342' title='bbox 1709 2263 1801 2332; x_wconf 89' lang='lat' dir='ltr'>primo</span> <span class='ocrx_word' id='word_1_343' title='bbox 1822 2264 1860 2319; x_wconf 88' lang='lat' dir='ltr'>eis</span> 
     </span>
     <span class='ocr_line' id='line_1_35' title="bbox 107 2348 1859 2438; baseline 0.003 -35"><span class='ocrx_word' id='word_1_344' title='bbox 107 2348 254 2417; x_wconf 90' lang='lat' dir='ltr'>probatur.</span> <span class='ocrx_word' id='word_1_345' title='bbox 278 2349 360 2421; x_wconf 82' lang='lat' dir='ltr'>legis</span> <span class='ocrx_word' id='word_1_346' title='bbox 382 2353 585 2421; x_wconf 83' lang='lat' dir='ltr'>prevaricator</span> <span class='ocrx_word' id='word_1_347' title='bbox 599 2363 641 2410; x_wconf 92' lang='lat' dir='ltr'>est</span> <span class='ocrx_word' id='word_1_348' title='bbox 658 2355 792 2425; x_wconf 90' lang='lat' dir='ltr'>quisquis</span> <span class='ocrx_word' id='word_1_349' title='bbox 813 2355 849 2410; x_wconf 91' lang='lat' dir='ltr'>ab</span> <span class='ocrx_word' id='word_1_350' title='bbox 874 2355 958 2412; x_wconf 76' lang='lat' dir='ltr'>insci-</span> <span class='ocrx_word' id='word_1_351' title='bbox 1010 2363 1160 2404; x_wconf 89' lang='lat' dir='ltr'>exeorum</span> <span class='ocrx_word' id='word_1_352' title='bbox 1176 2350 1317 2438; x_wconf 81' lang='lat' dir='ltr'>pravitate</span> <span class='ocrx_word' id='word_1_353' title='bbox 1340 2351 1568 2406; x_wconf 87' lang='lat' dir='ltr'>conversationis</span> <span class='ocrx_word' id='word_1_354' title='bbox 1590 2349 1716 2420; x_wconf 91' lang='lat' dir='ltr'>iratum;</span> <span class='ocrx_word' id='word_1_355' title='bbox 1741 2359 1859 2420; x_wconf 83' lang='lat' dir='ltr'>postne</span> 
     </span>
     <span class='ocr_line' id='line_1_36' title="bbox 108 2435 1860 2513; baseline 0.003 -24"><span class='ocrx_word' id='word_1_356' title='bbox 108 2437 168 2490; x_wconf 87' lang='lat' dir='ltr'>tuto</span> <span class='ocrx_word' id='word_1_357' title='bbox 195 2436 273 2505; x_wconf 93' lang='lat' dir='ltr'>quod</span> <span class='ocrx_word' id='word_1_358' title='bbox 304 2439 428 2506; x_wconf 85' lang='lat' dir='ltr'>suscepit</span> <span class='ocrx_word' id='word_1_359' title='bbox 449 2447 625 2508; x_wconf 88' lang='lat' dir='ltr'>spontaneus</span> <span class='ocrx_word' id='word_1_360' title='bbox 655 2442 757 2513; x_wconf 82' lang='lat' dir='ltr'>relega</span> <span class='ocrx_word' id='word_1_361' title='bbox 786 2450 838 2498; x_wconf 88' lang='lat' dir='ltr'>est.</span> <span class='ocrx_word' id='word_1_362' title='bbox 860 2445 959 2498; x_wconf 83' lang='lat' dir='ltr'>Trans-</span> <span class='ocrx_word' id='word_1_363' title='bbox 1010 2435 1228 2507; x_wconf 86' lang='lat' dir='ltr'>duni,qniaex</span> <span class='ocrx_word' id='word_1_364' title='bbox 1249 2438 1296 2493; x_wconf 86' lang='lat' dir='ltr'>Dei</span> <span class='ocrx_word' id='word_1_365' title='bbox 1320 2438 1499 2508; x_wconf 90' lang='lat' dir='ltr'>blasphemia</span> <span class='ocrx_word' id='word_1_366' title='bbox 1522 2439 1576 2493; x_wconf 92' lang='lat' dir='ltr'>sibi</span> <span class='ocrx_word' id='word_1_367' title='bbox 1597 2453 1702 2494; x_wconf 92' lang='lat' dir='ltr'>nomen</span> <span class='ocrx_word' id='word_1_368' title='bbox 1725 2453 1860 2511; x_wconf 88' lang='lat' dir='ltr'>arrogare</span> 
     </span>
     <span class='ocr_line' id='line_1_37' title="bbox 106 2525 1860 2599; baseline 0.01 -24"><span class='ocrx_word' id='word_1_369' title='bbox 106 2527 193 2590; x_wconf 82' lang='lat' dir='ltr'>gressi</span> <span class='ocrx_word' id='word_1_370' title='bbox 206 2537 276 2594; x_wconf 85' lang='lat' dir='ltr'>ergo</span> <span class='ocrx_word' id='word_1_371' title='bbox 286 2525 375 2591; x_wconf 76' lang='lat' dir='ltr'>redae</span> <span class='ocrx_word' id='word_1_372' title='bbox 391 2530 417 2579; x_wconf 84' lang='lat' dir='ltr'>el</span> <span class='ocrx_word' id='word_1_373' title='bbox 433 2532 610 2596; x_wconf 79' lang='lat' dir='ltr'>praevaricati</span> <span class='ocrx_word' id='word_1_374' title='bbox 631 2531 714 2597; x_wconf 78' lang='lat' dir='ltr'>legem</span> <span class='ocrx_word' id='word_1_375' title='bbox 728 2546 770 2584; x_wconf 86' lang='lat' dir='ltr'>me</span> <span class='ocrx_word' id='word_1_376' title='bbox 782 2532 955 2599; x_wconf 85' lang='lat' dir='ltr'>invocabunt,</span> <span class='ocrx_word' id='word_1_377' title='bbox 1012 2526 1276 2595; x_wconf 69' lang='lat' dir='ltr'>VOlllefllsst‚⁰11l&#39;U⁸</span> <span class='ocrx_word' id='word_1_378' title='bbox 1301 2526 1341 2582; x_wconf 90' lang='lat' dir='ltr'>rci</span> <span class='ocrx_word' id='word_1_379' title='bbox 1367 2526 1409 2582; x_wconf 67' lang='lat' dir='ltr'>vel</span> <span class='ocrx_word' id='word_1_380' title='bbox 1438 2526 1601 2582; x_wconf 66' lang='lat' dir='ltr'>meminisse</span> <span class='ocrx_word' id='word_1_381' title='bbox 1617 2527 1695 2582; x_wconf 65' lang='lat' dir='ltr'><strong>nefas</strong></span> <span class='ocrx_word' id='word_1_382' title='bbox 1714 2535 1786 2592; x_wconf 67' lang='lat' dir='ltr'>elai,</span> <span class='ocrx_word' id='word_1_383' title='bbox 1804 2542 1860 2583; x_wconf 76' lang='lat'>¹1¹0·</span> 
     </span>
     <span class='ocr_line' id='line_1_38' title="bbox 105 2610 1861 2687; baseline 0.003 -22"><span class='ocrx_word' id='word_1_384' title='bbox 105 2610 230 2667; x_wconf 86' lang='lat' dir='ltr'>dicantes</span> <span class='ocrx_word' id='word_1_385' title='bbox 247 2616 439 2678; x_wconf 63' lang='lat' dir='ltr'>:decernente</span> <span class='ocrx_word' id='word_1_386' title='bbox 457 2617 485 2671; x_wconf 82' lang='lat' dir='ltr'>id</span> <span class='ocrx_word' id='word_1_387' title='bbox 501 2626 543 2674; x_wconf 79' lang='lat' dir='ltr'>est</span> <span class='ocrx_word' id='word_1_388' title='bbox 560 2633 627 2675; x_wconf 75' lang='lat' dir='ltr'>cum</span> <span class='ocrx_word' id='word_1_389' title='bbox 654 2619 708 2675; x_wconf 69' lang='lat' dir='ltr'>[lde</span> <span class='ocrx_word' id='word_1_390' title='bbox 732 2627 760 2675; x_wconf 77' lang='lat' dir='ltr'>er</span> <span class='ocrx_word' id='word_1_391' title='bbox 775 2620 833 2676; x_wconf 75' lang='lat' dir='ltr'>vira</span> <span class='ocrx_word' id='word_1_392' title='bbox 850 2635 895 2676; x_wconf 90' lang='lat' dir='ltr'>me</span> <span class='ocrx_word' id='word_1_393' title='bbox 917 2619 956 2676; x_wconf 73' lang='lat' dir='ltr'>re.</span> <span class='ocrx_word' id='word_1_394' title='bbox 1012 2612 1065 2667; x_wconf 90' lang='lat' dir='ltr'>rito</span> <span class='ocrx_word' id='word_1_395' title='bbox 1080 2613 1114 2668; x_wconf 93' lang='lat' dir='ltr'>ad</span> <span class='ocrx_word' id='word_1_396' title='bbox 1124 2613 1334 2670; x_wconf 74' lang='lat' dir='ltr'>subvertendos</span> <span class='ocrx_word' id='word_1_397' title='bbox 1344 2629 1391 2671; x_wconf 90' lang='lat' dir='ltr'>eos</span> <span class='ocrx_word' id='word_1_398' title='bbox 1407 2615 1434 2670; x_wconf 95' lang='lat' dir='ltr'>in</span> <span class='ocrx_word' id='word_1_399' title='bbox 1447 2615 1572 2671; x_wconf 90' lang='lat' dir='ltr'>lurorem</span> <span class='ocrx_word' id='word_1_400' title='bbox 1587 2629 1714 2671; x_wconf 89' lang='lat' dir='ltr'>versum.</span> <span class='ocrx_word' id='word_1_401' title='bbox 1733 2637 1744 2664; x_wconf 88' lang='lat'><strong>‹</strong></span> <span class='ocrx_word' id='word_1_402' title='bbox 1759 2616 1861 2687; x_wconf 82' lang='lat' dir='ltr'>lisque</span> 
     </span>
     <span class='ocr_line' id='line_1_39' title="bbox 106 2695 1505 2774; baseline 0.011 -23"><span class='ocrx_word' id='word_1_403' title='bbox 106 2695 228 2754; x_wconf 91' lang='lat' dir='ltr'>lellerint</span> <span class='ocrx_word' id='word_1_404' title='bbox 251 2700 375 2770; x_wconf 89' lang='lat' dir='ltr'>prolecto</span> <span class='ocrx_word' id='word_1_405' title='bbox 407 2711 435 2759; x_wconf 91' lang='lat' dir='ltr'>et</span> <span class='ocrx_word' id='word_1_406' title='bbox 452 2704 506 2773; x_wconf 89' lang='lat' dir='ltr'>ipsi</span> <span class='ocrx_word' id='word_1_407' title='bbox 533 2705 680 2774; x_wconf 75' lang='lat' dir='ltr'>fallentur,</span> <span class='ocrx_word' id='word_1_408' title='bbox 705 2707 729 2763; x_wconf 92' lang='lat' dir='ltr'>si</span> <span class='ocrx_word' id='word_1_409' title='bbox 756 2707 855 2763; x_wconf 92' lang='lat' dir='ltr'>deme</span> <span class='ocrx_word' id='word_1_410' title='bbox 880 2709 957 2764; x_wconf 89' lang='lat' dir='ltr'>acsi</span> <span class='ocrx_word' id='word_1_411' title='bbox 1012 2716 1071 2771; x_wconf 78' lang='lat'>(1110</span> <span class='ocrx_word' id='word_1_412' title='bbox 1084 2715 1139 2756; x_wconf 76' lang='lat' dir='ltr'>non</span> <span class='ocrx_word' id='word_1_413' title='bbox 1157 2710 1289 2771; x_wconf 73' lang='lat' dir='ltr'>poterunt</span> <span class='ocrx_word' id='word_1_414' title='bbox 1301 2703 1477 2759; x_wconf 69' lang='lat' dir='ltr'>emundari?</span> <span class='ocrx_word' id='word_1_415' title='bbox 1494 2725 1505 2752; x_wconf 65' lang='grc' dir='ltr'>ι</span> 
     </span>
     <span class='ocr_line' id='line_1_40' title="bbox 105 2786 1857 2863; baseline 0.004 -23"><span class='ocrx_word' id='word_1_416' title='bbox 105 2786 161 2841; x_wconf 87' lang='lat' dir='ltr'>Deo</span> <span class='ocrx_word' id='word_1_417' title='bbox 175 2800 227 2842; x_wconf 88' lang='lat' dir='ltr'>suo</span> <span class='ocrx_word' id='word_1_418' title='bbox 242 2787 271 2842; x_wconf 92' lang='lat' dir='ltr'>in</span> <span class='ocrx_word' id='word_1_419' title='bbox 286 2788 385 2860; x_wconf 90' lang='lat' dir='ltr'>aliqua</span> <span class='ocrx_word' id='word_1_420' title='bbox 397 2791 563 2848; x_wconf 88' lang='lat' dir='ltr'>necessitate</span> <span class='ocrx_word' id='word_1_421' title='bbox 580 2794 698 2863; x_wconf 89' lang='lat' dir='ltr'>gloriari</span> <span class='ocrx_word' id='word_1_422' title='bbox 726 2795 880 2851; x_wconf 87' lang='lat' dir='ltr'>voluerint.</span> <span class='ocrx_word' id='word_1_423' title='bbox 900 2795 957 2853; x_wconf 90' lang='lat' dir='ltr'>Nos</span> <span class='ocrx_word' id='word_1_424' title='bbox 1049 2789 1132 2845; x_wconf 84' lang='lat' dir='ltr'>Vnus.</span> <span class='ocrx_word' id='word_1_425' title='bbox 1149 2787 1176 2843; x_wconf 84' lang='lat'>6.</span> <span class='ocrx_word' id='word_1_426' title='bbox 1193 2819 1227 2828; x_wconf 91' lang='lat'>—</span> <span class='ocrx_word' id='word_1_427' title='bbox 1241 2809 1255 2840; x_wconf 79' lang='grc' dir='ltr'>ι</span> <span class='ocrx_word' id='word_1_428' title='bbox 1271 2788 1343 2855; x_wconf 78' lang='lat' dir='ltr'>Quia</span> <span class='ocrx_word' id='word_1_429' title='bbox 1365 2804 1401 2845; x_wconf 67' lang='lat' dir='ltr'>ex</span> <span class='ocrx_word' id='word_1_430' title='bbox 1422 2789 1519 2852; x_wconf 76' lang='lat' dir='ltr'>lsrael,</span> <span class='ocrx_word' id='word_1_431' title='bbox 1532 2792 1561 2845; x_wconf 85' lang='lat' dir='ltr'>et</span> <span class='ocrx_word' id='word_1_432' title='bbox 1581 2789 1639 2859; x_wconf 87' lang='lat' dir='ltr'>ipse</span> <span class='ocrx_word' id='word_1_433' title='bbox 1660 2789 1857 2846; x_wconf 73' lang='lat' dir='ltr'>calamiten.»</span> 
     </span>
     <span class='ocr_line' id='line_1_41' title="bbox 105 2874 1858 2967; baseline 0.011 -38"><span class='ocrx_word' id='word_1_434' title='bbox 105 2874 156 2946; x_wconf 87' lang='lat' dir='ltr'>qui</span> <span class='ocrx_word' id='word_1_435' title='bbox 175 2889 277 2933; x_wconf 87' lang='lat' dir='ltr'>sumus</span> <span class='ocrx_word' id='word_1_436' title='bbox 290 2878 377 2934; x_wconf 79' lang='lat' dir='ltr'>lsrael</span> <span class='ocrx_word' id='word_1_437' title='bbox 390 2884 414 2934; x_wconf 82' lang='lat' dir='ltr'>te</span> <span class='ocrx_word' id='word_1_438' title='bbox 427 2887 610 2948; x_wconf 75' lang='lat' dir='ltr'>eognovimus.</span> <span class='ocrx_word' id='word_1_439' title='bbox 628 2884 725 2950; x_wconf 89' lang='lat' dir='ltr'>lsrael,</span> <span class='ocrx_word' id='word_1_440' title='bbox 752 2876 1227 2967; x_wconf 62' lang='lat' dir='ltr'>utsupradt-Cdcsidioer212</span> <span class='ocrx_word' id='word_1_441' title='bbox 1247 2876 1383 2944; x_wconf 69' lang='lat' dir='ltr'>Quassdlll</span> <span class='ocrx_word' id='word_1_442' title='bbox 1412 2877 1472 2934; x_wconf 65' lang='lat' dir='ltr'>¹1³³ss</span> <span class='ocrx_word' id='word_1_443' title='bbox 1496 2892 1596 2933; x_wconf 75' lang='lat' dir='ltr'><strong>⁰⁰fflffl</strong></span> <span class='ocrx_word' id='word_1_444' title='bbox 1626 2878 1799 2948; x_wconf 61' lang='lat' dir='ltr'>pellesSilas</span> <span class='ocrx_word' id='word_1_445' title='bbox 1818 2878 1858 2933; x_wconf 64' lang='lat'>5¹1·</span> 
     </span>
     <span class='ocr_line' id='line_1_42' title="bbox 104 2964 1860 3040; baseline 0.002 -23"><span class='ocrx_word' id='word_1_446' title='bbox 104 2968 246 3031; x_wconf 90' lang='lat' dir='ltr'>ctnmest‚</span> <span class='ocrx_word' id='word_1_447' title='bbox 262 2964 380 3020; x_wconf 80' lang='lat' dir='ltr'>directas</span> <span class='ocrx_word' id='word_1_448' title='bbox 403 2970 462 3034; x_wconf 81' lang='lat' dir='ltr'>liei,</span> <span class='ocrx_word' id='word_1_449' title='bbox 480 2968 663 3040; x_wconf 83' lang='lat' dir='ltr'>velprtneeps</span> <span class='ocrx_word' id='word_1_450' title='bbox 692 2986 752 3025; x_wconf 85' lang='lat' dir='ltr'>enm</span> <span class='ocrx_word' id='word_1_451' title='bbox 762 2971 819 3027; x_wconf 82' lang='lat' dir='ltr'>Deo</span> <span class='ocrx_word' id='word_1_452' title='bbox 838 2973 953 3029; x_wconf 78' lang='lat' dir='ltr'>dicitur.</span> <span class='ocrx_word' id='word_1_453' title='bbox 1009 2973 1137 3022; x_wconf 84' lang='lat' dir='ltr'>correcta</span> <span class='ocrx_word' id='word_1_454' title='bbox 1167 2966 1318 3022; x_wconf 83' lang='lat' dir='ltr'>manebit?</span> <span class='ocrx_word' id='word_1_455' title='bbox 1347 2968 1388 3022; x_wconf 83' lang='lat' dir='ltr'>Ac</span> <span class='ocrx_word' id='word_1_456' title='bbox 1413 2967 1436 3022; x_wconf 97' lang='lat' dir='ltr'>si</span> <span class='ocrx_word' id='word_1_457' title='bbox 1463 2965 1704 3036; x_wconf 88' lang='lat' dir='ltr'>responderetur:</span> <span class='ocrx_word' id='word_1_458' title='bbox 1735 2966 1860 3022; x_wconf 88' lang='lat' dir='ltr'>Proiecto</span> 
     </span>
    </p>
   </div>
   <div class='ocr_carea' id='block_1_8' title="bbox 102 3050 1862 3656">
    <p class='ocr_par' dir='ltr' id='par_1_8' title="bbox 102 3050 1862 3656">
     <span class='ocr_line' id='line_1_43' title="bbox 104 3050 1859 3130; baseline 0.009 -25"><span class='ocrx_word' id='word_1_459' title='bbox 104 3050 224 3117; x_wconf 85' lang='lat' dir='ltr'>Quidam</span> <span class='ocrx_word' id='word_1_460' title='bbox 240 3052 316 3107; x_wconf 82' lang='lat' dir='ltr'>enirn</span> <span class='ocrx_word' id='word_1_461' title='bbox 332 3067 369 3108; x_wconf 91' lang='lat' dir='ltr'>ex</span> <span class='ocrx_word' id='word_1_462' title='bbox 383 3055 530 3111; x_wconf 91' lang='lat' dir='ltr'>diuturnis</span> <span class='ocrx_word' id='word_1_463' title='bbox 546 3057 716 3114; x_wconf 89' lang='lat' dir='ltr'>criminibus</span> <span class='ocrx_word' id='word_1_464' title='bbox 736 3073 839 3116; x_wconf 89' lang='lat' dir='ltr'>sensns</span> <span class='ocrx_word' id='word_1_465' title='bbox 855 3075 955 3130; x_wconf 90' lang='lat' dir='ltr'>repro·</span> <span class='ocrx_word' id='word_1_466' title='bbox 1009 3055 1070 3121; x_wconf 77' lang='lat' dir='ltr'>diu,</span> <span class='ocrx_word' id='word_1_467' title='bbox 1088 3055 1157 3125; x_wconf 70' lang='lat' dir='ltr'>(luia</span> <span class='ocrx_word' id='word_1_468' title='bbox 1170 3071 1204 3109; x_wconf 53' lang='grc' dir='ltr'>θῶ</span> <span class='ocrx_word' id='word_1_469' title='bbox 1217 3055 1304 3110; x_wconf 66' lang='lat' dir='ltr'>Israel</span> <span class='ocrx_word' id='word_1_470' title='bbox 1315 3062 1356 3111; x_wconf 72' lang='lat' dir='ltr'>esi</span> <span class='ocrx_word' id='word_1_471' title='bbox 1372 3059 1467 3125; x_wconf 80' lang='lat' dir='ltr'>etipse</span> <span class='ocrx_word' id='word_1_472' title='bbox 1482 3055 1594 3120; x_wconf 59' lang='lat' dir='ltr'>altilem·</span> <span class='ocrx_word' id='word_1_473' title='bbox 1620 3053 1718 3122; x_wconf 69' lang='lat' dir='ltr'>lsrael,</span> <span class='ocrx_word' id='word_1_474' title='bbox 1735 3062 1767 3110; x_wconf 76' lang='lat'>¹1¹</span> <span class='ocrx_word' id='word_1_475' title='bbox 1788 3068 1859 3125; x_wconf 58' lang='grc' dir='ltr'>βιῶ·</span> 
     </span>
     <span class='ocr_line' id='line_1_44' title="bbox 105 3138 1858 3217; baseline 0.003 -24"><span class='ocrx_word' id='word_1_476' title='bbox 105 3138 192 3195; x_wconf 88' lang='lat' dir='ltr'>bitate</span> <span class='ocrx_word' id='word_1_477' title='bbox 215 3140 410 3206; x_wconf 90' lang='lat' dir='ltr'>conlusi,non</span> <span class='ocrx_word' id='word_1_478' title='bbox 441 3151 556 3200; x_wconf 88' lang='lat' dir='ltr'>veterna</span> <span class='ocrx_word' id='word_1_479' title='bbox 584 3159 637 3201; x_wconf 90' lang='lat' dir='ltr'>sua</span> <span class='ocrx_word' id='word_1_480' title='bbox 663 3145 823 3212; x_wconf 85' lang='lat' dir='ltr'>scelera,in</span> <span class='ocrx_word' id='word_1_481' title='bbox 848 3147 956 3217; x_wconf 88' lang='lat' dir='ltr'>quibus</span> <span class='ocrx_word' id='word_1_482' title='bbox 1012 3142 1135 3199; x_wconf 91' lang='lat' dir='ltr'>libatum</span> <span class='ocrx_word' id='word_1_483' title='bbox 1163 3151 1215 3210; x_wconf 88' lang='lat' dir='ltr'>est,</span> <span class='ocrx_word' id='word_1_484' title='bbox 1240 3143 1401 3199; x_wconf 90' lang='lat' dir='ltr'>secundum</span> <span class='ocrx_word' id='word_1_485' title='bbox 1425 3144 1566 3214; x_wconf 90' lang='lat' dir='ltr'>quosdam</span> <span class='ocrx_word' id='word_1_486' title='bbox 1599 3143 1687 3198; x_wconf 88' lang='lat' dir='ltr'>etiarn</span> <span class='ocrx_word' id='word_1_487' title='bbox 1714 3143 1858 3213; x_wconf 88' lang='lat' dir='ltr'>antiquos,</span> 
     </span>
     <span class='ocr_line' id='line_1_45' title="bbox 104 3227 1860 3305; baseline 0.002 -22"><span class='ocrx_word' id='word_1_488' title='bbox 104 3227 193 3283; x_wconf 90' lang='lat' dir='ltr'>vitani</span> <span class='ocrx_word' id='word_1_489' title='bbox 221 3242 291 3298; x_wconf 90' lang='lat' dir='ltr'>pene</span> <span class='ocrx_word' id='word_1_490' title='bbox 306 3238 519 3302; x_wconf 86' lang='lat' dir='ltr'>transegerunt,</span> <span class='ocrx_word' id='word_1_491' title='bbox 548 3235 596 3290; x_wconf 90' lang='lat' dir='ltr'>sed</span> <span class='ocrx_word' id='word_1_492' title='bbox 612 3243 840 3291; x_wconf 87' lang='lat' dir='ltr'>momentaneam</span> <span class='ocrx_word' id='word_1_493' title='bbox 864 3236 955 3305; x_wconf 91' lang='lat' dir='ltr'>respi-</span> <span class='ocrx_word' id='word_1_494' title='bbox 1009 3232 1159 3286; x_wconf 78' lang='lat' dir='ltr'>ctrctdene</span> <span class='ocrx_word' id='word_1_495' title='bbox 1182 3234 1267 3285; x_wconf 84' lang='lat' dir='ltr'>Deum</span> <span class='ocrx_word' id='word_1_496' title='bbox 1283 3231 1508 3301; x_wconf 59' lang='lat' dir='ltr'>interpretatum</span> <span class='ocrx_word' id='word_1_497' title='bbox 1526 3231 1587 3288; x_wconf 88' lang='lat' dir='ltr'>idco</span> <span class='ocrx_word' id='word_1_498' title='bbox 1613 3245 1682 3302; x_wconf 86' lang='lat' dir='ltr'>ergo</span> <span class='ocrx_word' id='word_1_499' title='bbox 1697 3246 1755 3287; x_wconf 92' lang='lat' dir='ltr'>non</span> <span class='ocrx_word' id='word_1_500' title='bbox 1781 3231 1860 3286; x_wconf 90' lang='lat' dir='ltr'>lacile</span> 
     </span>
     <span class='ocr_line' id='line_1_46' title="bbox 104 3316 1860 3392; baseline 0.002 -20"><span class='ocrx_word' id='word_1_501' title='bbox 104 3316 254 3383; x_wconf 86' lang='lat' dir='ltr'>rationem,</span> <span class='ocrx_word' id='word_1_502' title='bbox 272 3318 376 3387; x_wconf 81' lang='lat' dir='ltr'>quaed</span> <span class='ocrx_word' id='word_1_503' title='bbox 392 3319 482 3376; x_wconf 85' lang='lat' dir='ltr'>lleum</span> <span class='ocrx_word' id='word_1_504' title='bbox 503 3337 553 3392; x_wconf 93' lang='lat' dir='ltr'>pro</span> <span class='ocrx_word' id='word_1_505' title='bbox 569 3323 673 3392; x_wconf 88' lang='lat' dir='ltr'>quavis</span> <span class='ocrx_word' id='word_1_506' title='bbox 694 3322 955 3379; x_wconf 71' lang='lat' dir='ltr'>adversitatem</span> <span class='ocrx_word' id='word_1_507' title='bbox 1008 3318 1214 3386; x_wconf 84' lang='lat' dir='ltr'>emundantur,</span> <span class='ocrx_word' id='word_1_508' title='bbox 1240 3320 1309 3389; x_wconf 93' lang='lat' dir='ltr'>qnia</span> <span class='ocrx_word' id='word_1_509' title='bbox 1327 3320 1390 3376; x_wconf 88' lang='lat' dir='ltr'>talis</span> <span class='ocrx_word' id='word_1_510' title='bbox 1415 3320 1581 3376; x_wconf 74' lang='lat' dir='ltr'>idololatriae</span> <span class='ocrx_word' id='word_1_511' title='bbox 1604 3320 1727 3376; x_wconf 77' lang='lat' dir='ltr'>artifices</span> <span class='ocrx_word' id='word_1_512' title='bbox 1753 3333 1790 3375; x_wconf 86' lang='lat' dir='ltr'>ex</span> <span class='ocrx_word' id='word_1_513' title='bbox 1819 3319 1860 3375; x_wconf 92' lang='lat' dir='ltr'>bis</span> 
     </span>
     <span class='ocr_line' id='line_1_47' title="bbox 103 3406 1860 3479; baseline 0.004 -22"><span class='ocrx_word' id='word_1_514' title='bbox 103 3411 266 3471; x_wconf 90' lang='lat' dir='ltr'>recurrunt,</span> <span class='ocrx_word' id='word_1_515' title='bbox 294 3406 472 3463; x_wconf 89' lang='lat' dir='ltr'>attendentes</span> <span class='ocrx_word' id='word_1_516' title='bbox 495 3423 525 3463; x_wconf 87' lang='lat' dir='ltr'>se</span> <span class='ocrx_word' id='word_1_517' title='bbox 552 3409 683 3476; x_wconf 88' lang='lat' dir='ltr'>directos,</span> <span class='ocrx_word' id='word_1_518' title='bbox 700 3409 786 3465; x_wconf 86' lang='lat' dir='ltr'>sesni</span> <span class='ocrx_word' id='word_1_519' title='bbox 809 3424 875 3465; x_wconf 94' lang='lat' dir='ltr'>cnm</span> <span class='ocrx_word' id='word_1_520' title='bbox 898 3411 955 3467; x_wconf 86' lang='lat' dir='ltr'>Deo</span> <span class='ocrx_word' id='word_1_521' title='bbox 1008 3407 1187 3478; x_wconf 85' lang='lat' dir='ltr'>potissimum</span> <span class='ocrx_word' id='word_1_522' title='bbox 1212 3423 1273 3464; x_wconf 91' lang='lat' dir='ltr'>esse</span> <span class='ocrx_word' id='word_1_523' title='bbox 1300 3409 1401 3475; x_wconf 89' lang='lat' dir='ltr'>solent,</span> <span class='ocrx_word' id='word_1_524' title='bbox 1425 3408 1525 3478; x_wconf 89' lang='lat' dir='ltr'>quide</span> <span class='ocrx_word' id='word_1_525' title='bbox 1545 3408 1593 3464; x_wconf 87' lang='lat' dir='ltr'>Dei</span> <span class='ocrx_word' id='word_1_526' title='bbox 1622 3422 1672 3478; x_wconf 91' lang='lat' dir='ltr'>per</span> <span class='ocrx_word' id='word_1_527' title='bbox 1699 3407 1860 3479; x_wconf 88' lang='lat' dir='ltr'>Scripturas</span> 
     </span>
     <span class='ocr_line' id='line_1_48' title="bbox 102 3489 1859 3567; baseline 0.004 -22"><span class='ocrx_word' id='word_1_528' title='bbox 102 3489 254 3561; x_wconf 81' lang='lat' dir='ltr'>principes,</span> <span class='ocrx_word' id='word_1_529' title='bbox 271 3492 370 3562; x_wconf 79' lang='lat' dir='ltr'>seJam</span> <span class='ocrx_word' id='word_1_530' title='bbox 386 3495 476 3551; x_wconf 87' lang='lat' dir='ltr'>Deum</span> <span class='ocrx_word' id='word_1_531' title='bbox 492 3510 575 3552; x_wconf 87' lang='lat' dir='ltr'>nosse</span> <span class='ocrx_word' id='word_1_532' title='bbox 589 3497 727 3566; x_wconf 86' lang='lat' dir='ltr'>latentur,</span> <span class='ocrx_word' id='word_1_533' title='bbox 741 3505 768 3552; x_wconf 91' lang='lat' dir='ltr'>et</span> <span class='ocrx_word' id='word_1_534' title='bbox 788 3495 955 3567; x_wconf 89' lang='lat' dir='ltr'>perluncto-</span> <span class='ocrx_word' id='word_1_535' title='bbox 1009 3494 1171 3565; x_wconf 91' lang='lat' dir='ltr'>cognitione</span> <span class='ocrx_word' id='word_1_536' title='bbox 1199 3508 1256 3564; x_wconf 76' lang='lat' dir='ltr'>prae</span> <span class='ocrx_word' id='word_1_537' title='bbox 1279 3495 1391 3551; x_wconf 76' lang='lat' dir='ltr'>ceteris</span> <span class='ocrx_word' id='word_1_538' title='bbox 1413 3494 1586 3566; x_wconf 83' lang='lat' dir='ltr'>gloriantur,</span> <span class='ocrx_word' id='word_1_539' title='bbox 1614 3504 1641 3552; x_wconf 91' lang='lat' dir='ltr'>et</span> <span class='ocrx_word' id='word_1_540' title='bbox 1660 3510 1695 3552; x_wconf 86' lang='lat' dir='ltr'>ex</span> <span class='ocrx_word' id='word_1_541' title='bbox 1714 3510 1748 3552; x_wconf 92' lang='lat' dir='ltr'>eo</span> <span class='ocrx_word' id='word_1_542' title='bbox 1771 3504 1859 3553; x_wconf 81' lang='lat' dir='ltr'>sexte</span> 
     </span>
     <span class='ocr_line' id='line_1_49' title="bbox 102 3577 1862 3656; baseline 0.003 -23"><span class='ocrx_word' id='word_1_543' title='bbox 102 3577 175 3634; x_wconf 90' lang='lat' dir='ltr'>riam</span> <span class='ocrx_word' id='word_1_544' title='bbox 203 3578 257 3633; x_wconf 93' lang='lat' dir='ltr'>diei</span> <span class='ocrx_word' id='word_1_545' title='bbox 280 3579 411 3649; x_wconf 90' lang='lat' dir='ltr'>pietatem</span> <span class='ocrx_word' id='word_1_546' title='bbox 438 3596 505 3637; x_wconf 90' lang='lat' dir='ltr'>cum</span> <span class='ocrx_word' id='word_1_547' title='bbox 534 3584 620 3640; x_wconf 90' lang='lat' dir='ltr'>totius</span> <span class='ocrx_word' id='word_1_548' title='bbox 651 3585 705 3640; x_wconf 89' lang='lat' dir='ltr'>aevi</span> <span class='ocrx_word' id='word_1_549' title='bbox 732 3584 778 3641; x_wconf 91' lang='lat' dir='ltr'>sui</span> <span class='ocrx_word' id='word_1_550' title='bbox 801 3584 956 3641; x_wconf 86' lang='lat' dir='ltr'>sceleribus</span> <span class='ocrx_word' id='word_1_551' title='bbox 1009 3597 1069 3639; x_wconf 84' lang='lat' dir='ltr'>suae</span> <span class='ocrx_word' id='word_1_552' title='bbox 1091 3583 1221 3639; x_wconf 87' lang='lat' dir='ltr'>tenacius</span> <span class='ocrx_word' id='word_1_553' title='bbox 1242 3584 1430 3654; x_wconf 75' lang='lat' dir='ltr'>haerentque</span> <span class='ocrx_word' id='word_1_554' title='bbox 1452 3597 1564 3641; x_wconf 83' lang='lat' dir='ltr'>sacrani</span> <span class='ocrx_word' id='word_1_555' title='bbox 1590 3585 1726 3656; x_wconf 88' lang='lat' dir='ltr'>paginam</span> <span class='ocrx_word' id='word_1_556' title='bbox 1742 3598 1795 3656; x_wconf 92' lang='lat' dir='ltr'>pro</span> <span class='ocrx_word' id='word_1_557' title='bbox 1810 3599 1862 3641; x_wconf 90' lang='lat' dir='ltr'>sua</span> 
     </span>
    </p>
   </div>
   <div class='ocr_carea' id='block_1_9' title="bbox 99 3664 1862 4539">
    <p class='ocr_par' dir='ltr' id='par_1_9' title="bbox 99 3664 1862 4539">
     <span class='ocr_line' id='line_1_50' title="bbox 102 3664 1862 3745; baseline 0.006 -27"><span class='ocrx_word' id='word_1_558' title='bbox 102 3664 264 3720; x_wconf 88' lang='lat' dir='ltr'>metiuntur</span> <span class='ocrx_word' id='word_1_559' title='bbox 278 3667 342 3737; x_wconf 80' lang='lat' dir='ltr'>(Tit.</span> <span class='ocrx_word' id='word_1_560' title='bbox 359 3683 377 3733; x_wconf 89' lang='grc' dir='ltr'>ι,</span> <span class='ocrx_word' id='word_1_561' title='bbox 394 3669 444 3738; x_wconf 79' lang='lat' dir='ltr'>till.</span> <span class='ocrx_word' id='word_1_562' title='bbox 1009 3672 1127 3729; x_wconf 91' lang='lat' dir='ltr'>libidine</span> <span class='ocrx_word' id='word_1_563' title='bbox 1141 3673 1226 3745; x_wconf 91' lang='lat' dir='ltr'>quasi</span> <span class='ocrx_word' id='word_1_564' title='bbox 1249 3673 1362 3729; x_wconf 91' lang='lat' dir='ltr'>acutius</span> <span class='ocrx_word' id='word_1_565' title='bbox 1388 3673 1565 3743; x_wconf 88' lang='lat' dir='ltr'>intorquent,</span> <span class='ocrx_word' id='word_1_566' title='bbox 1583 3673 1712 3744; x_wconf 91' lang='lat' dir='ltr'>aliosque</span> <span class='ocrx_word' id='word_1_567' title='bbox 1732 3675 1862 3731; x_wconf 87' lang='lat' dir='ltr'>securius</span> 
     </span>
     <span class='ocr_line' id='line_1_51' title="bbox 138 3752 1861 3834; baseline 0.006 -27"><span class='ocrx_word' id='word_1_568' title='bbox 138 3752 213 3808; x_wconf 82' lang='lat' dir='ltr'>Vens</span> <span class='ocrx_word' id='word_1_569' title='bbox 226 3755 251 3806; x_wconf 88' lang='lat'>3.</span> <span class='ocrx_word' id='word_1_570' title='bbox 267 3784 301 3793; x_wconf 89' lang='lat'>-</span> <span class='ocrx_word' id='word_1_571' title='bbox 319 3778 328 3802; x_wconf 74' lang='grc' dir='ltr'>ι</span> <span class='ocrx_word' id='word_1_572' title='bbox 348 3756 466 3826; x_wconf 88' lang='lat' dir='ltr'>Projecit</span> <span class='ocrx_word' id='word_1_573' title='bbox 479 3758 565 3814; x_wconf 86' lang='lat' dir='ltr'>lsrael</span> <span class='ocrx_word' id='word_1_574' title='bbox 583 3758 703 3826; x_wconf 85' lang='lat' dir='ltr'>bonum,</span> <span class='ocrx_word' id='word_1_575' title='bbox 734 3760 868 3816; x_wconf 90' lang='lat' dir='ltr'>inimicus</span> <span class='ocrx_word' id='word_1_576' title='bbox 887 3773 954 3830; x_wconf 88' lang='lat' dir='ltr'>pro-</span> <span class='ocrx_word' id='word_1_577' title='bbox 1009 3762 1063 3817; x_wconf 91' lang='lat' dir='ltr'>sibi</span> <span class='ocrx_word' id='word_1_578' title='bbox 1078 3762 1219 3828; x_wconf 89' lang='lat' dir='ltr'>alliciunt,</span> <span class='ocrx_word' id='word_1_579' title='bbox 1236 3777 1294 3833; x_wconf 90' lang='lat' dir='ltr'>quo</span> <span class='ocrx_word' id='word_1_580' title='bbox 1312 3762 1535 3832; x_wconf 89' lang='lat' dir='ltr'>perspicaciores</span> <span class='ocrx_word' id='word_1_581' title='bbox 1549 3777 1578 3818; x_wconf 93' lang='lat' dir='ltr'>se</span> <span class='ocrx_word' id='word_1_582' title='bbox 1592 3762 1621 3819; x_wconf 91' lang='lat' dir='ltr'>in</span> <span class='ocrx_word' id='word_1_583' title='bbox 1636 3762 1735 3819; x_wconf 87' lang='lat' dir='ltr'>divino</span> <span class='ocrx_word' id='word_1_584' title='bbox 1747 3763 1861 3834; x_wconf 88' lang='lat' dir='ltr'>eloquio</span> 
     </span>
     <span class='ocr_line' id='line_1_52' title="bbox 104 3847 1860 3923; baseline 0.007 -27"><span class='ocrx_word' id='word_1_585' title='bbox 104 3862 114 3887; x_wconf 75' lang='grc' dir='ltr'>ι</span> <span class='ocrx_word' id='word_1_586' title='bbox 136 3849 275 3912; x_wconf 71' lang='lat' dir='ltr'>torquetur</span> <span class='ocrx_word' id='word_1_587' title='bbox 288 3857 365 3899; x_wconf 89' lang='lat' dir='ltr'>eum.</span> <span class='ocrx_word' id='word_1_588' title='bbox 385 3866 398 3892; x_wconf 76' lang='lat' dir='ltr'>n</span> <span class='ocrx_word' id='word_1_589' title='bbox 414 3847 518 3900; x_wconf 84' lang='lat' dir='ltr'>Bonum</span> <span class='ocrx_word' id='word_1_590' title='bbox 542 3848 628 3902; x_wconf 84' lang='lat' dir='ltr'>lsrael</span> <span class='ocrx_word' id='word_1_591' title='bbox 654 3849 767 3919; x_wconf 87' lang='lat' dir='ltr'>projicit</span> <span class='ocrx_word' id='word_1_592' title='bbox 781 3849 868 3920; x_wconf 88' lang='lat' dir='ltr'>quod,</span> <span class='ocrx_word' id='word_1_593' title='bbox 887 3863 955 3906; x_wconf 85' lang='lat' dir='ltr'>cum</span> <span class='ocrx_word' id='word_1_594' title='bbox 1009 3850 1065 3906; x_wconf 84' lang='lat' dir='ltr'>dici</span> <span class='ocrx_word' id='word_1_595' title='bbox 1090 3851 1223 3907; x_wconf 82' lang='lat' dir='ltr'>audiunt.</span> <span class='ocrx_word' id='word_1_596' title='bbox 1241 3852 1386 3905; x_wconf 77' lang='lat' dir='ltr'>Eclsroel</span> <span class='ocrx_word' id='word_1_597' title='bbox 1401 3855 1507 3922; x_wconf 83' lang='lat' dir='ltr'>ergoet</span> <span class='ocrx_word' id='word_1_598' title='bbox 1523 3855 1633 3921; x_wconf 77' lang='lat' dir='ltr'>ipeeest</span> <span class='ocrx_word' id='word_1_599' title='bbox 1660 3854 1775 3919; x_wconf 81' lang='lat' dir='ltr'>artisen,</span> <span class='ocrx_word' id='word_1_600' title='bbox 1791 3852 1860 3923; x_wconf 86' lang='lat' dir='ltr'>quia</span> 
     </span>
     <span class='ocr_line' id='line_1_53' title="bbox 100 3931 1860 4011; baseline 0.007 -29"><span class='ocrx_word' id='word_1_601' title='bbox 100 3935 222 3998; x_wconf 88' lang='lat' dir='ltr'>urgente</span> <span class='ocrx_word' id='word_1_602' title='bbox 236 3931 362 3999; x_wconf 89' lang='lat' dir='ltr'>periculo</span> <span class='ocrx_word' id='word_1_603' title='bbox 382 3932 560 4002; x_wconf 88' lang='lat' dir='ltr'>aggreditur,</span> <span class='ocrx_word' id='word_1_604' title='bbox 591 3935 708 3991; x_wconf 86' lang='lat' dir='ltr'>lectuna</span> <span class='ocrx_word' id='word_1_605' title='bbox 733 3937 870 3992; x_wconf 89' lang='lat' dir='ltr'>redeunte</span> <span class='ocrx_word' id='word_1_606' title='bbox 885 3936 954 4008; x_wconf 89' lang='lat' dir='ltr'>reji-</span> <span class='ocrx_word' id='word_1_607' title='bbox 1009 3953 1066 3994; x_wconf 92' lang='lat' dir='ltr'>non</span> <span class='ocrx_word' id='word_1_608' title='bbox 1086 3939 1142 3995; x_wconf 87' lang='lat' dir='ltr'>nisi</span> <span class='ocrx_word' id='word_1_609' title='bbox 1165 3954 1201 3997; x_wconf 89' lang='lat' dir='ltr'>ex</span> <span class='ocrx_word' id='word_1_610' title='bbox 1216 3953 1321 4010; x_wconf 82' lang='lat' dir='ltr'>inagna</span> <span class='ocrx_word' id='word_1_611' title='bbox 1343 3939 1450 4010; x_wconf 91' lang='lat' dir='ltr'>ingenii</span> <span class='ocrx_word' id='word_1_612' title='bbox 1473 3940 1632 3996; x_wconf 89' lang='lat' dir='ltr'>acrimonia</span> <span class='ocrx_word' id='word_1_613' title='bbox 1650 3940 1779 4011; x_wconf 76' lang='lat' dir='ltr'>praeditis</span> <span class='ocrx_word' id='word_1_614' title='bbox 1792 3941 1860 3996; x_wconf 90' lang='lat' dir='ltr'>solet</span> 
     </span>
     <span class='ocr_line' id='line_1_54' title="bbox 100 4012 1468 4093; baseline 0.009 -23"><span class='ocrx_word' id='word_1_615' title='bbox 100 4012 186 4072; x_wconf 91' lang='lat' dir='ltr'>citur.</span> <span class='ocrx_word' id='word_1_616' title='bbox 200 4016 263 4072; x_wconf 89' lang='lat' dir='ltr'>ldeo</span> <span class='ocrx_word' id='word_1_617' title='bbox 276 4033 336 4070; x_wconf 77' lang='lat' dir='ltr'>eant</span> <span class='ocrx_word' id='word_1_618' title='bbox 351 4022 476 4074; x_wconf 74' lang='lat' dir='ltr'>inicians</span> <span class='ocrx_word' id='word_1_619' title='bbox 493 4022 684 4093; x_wconf 87' lang='lat' dir='ltr'>persequitur,</span> <span class='ocrx_word' id='word_1_620' title='bbox 699 4023 747 4079; x_wconf 95' lang='lat' dir='ltr'>ubi</span> <span class='ocrx_word' id='word_1_621' title='bbox 764 4024 849 4080; x_wconf 92' lang='lat' dir='ltr'>totius</span> <span class='ocrx_word' id='word_1_622' title='bbox 873 4024 955 4081; x_wconf 83' lang='lat' dir='ltr'>bonae</span> <span class='ocrx_word' id='word_1_623' title='bbox 1010 4028 1069 4084; x_wconf 92' lang='lat' dir='ltr'>lieri</span> <span class='ocrx_word' id='word_1_624' title='bbox 1083 4028 1183 4084; x_wconf 89' lang='lat' dir='ltr'>talium</span> <span class='ocrx_word' id='word_1_625' title='bbox 1195 4028 1360 4084; x_wconf 81' lang='lat' dir='ltr'>tabularum</span> <span class='ocrx_word' id='word_1_626' title='bbox 1374 4028 1468 4083; x_wconf 87' lang='lat' dir='ltr'>index.</span> 
     </span>
     <span class='ocr_line' id='line_1_55' title="bbox 99 4102 1858 4187; baseline 0.008 -30"><span class='ocrx_word' id='word_1_627' title='bbox 99 4102 264 4159; x_wconf 88' lang='lat' dir='ltr'>intentionis</span> <span class='ocrx_word' id='word_1_628' title='bbox 289 4106 439 4163; x_wconf 82' lang='lat' dir='ltr'>deliciante</span> <span class='ocrx_word' id='word_1_629' title='bbox 456 4107 569 4177; x_wconf 86' lang='lat' dir='ltr'>allecte,</span> <span class='ocrx_word' id='word_1_630' title='bbox 595 4110 676 4167; x_wconf 88' lang='lat' dir='ltr'>nulla</span> <span class='ocrx_word' id='word_1_631' title='bbox 700 4111 774 4168; x_wconf 92' lang='lat' dir='ltr'>hosti</span> <span class='ocrx_word' id='word_1_632' title='bbox 794 4113 955 4169; x_wconf 88' lang='lat' dir='ltr'>constantia</span> <span class='ocrx_word' id='word_1_633' title='bbox 1045 4116 1129 4171; x_wconf 82' lang='lat' dir='ltr'>Vens.</span> <span class='ocrx_word' id='word_1_634' title='bbox 1145 4116 1171 4169; x_wconf 86' lang='lat'>7.</span> <span class='ocrx_word' id='word_1_635' title='bbox 1189 4138 1250 4164; x_wconf 75' lang='grc' dir='ltr'>-ι</span> <span class='ocrx_word' id='word_1_636' title='bbox 1273 4115 1349 4171; x_wconf 88' lang='lat' dir='ltr'>Fecit</span> <span class='ocrx_word' id='word_1_637' title='bbox 1365 4115 1446 4170; x_wconf 87' lang='lat' dir='ltr'>illum</span> <span class='ocrx_word' id='word_1_638' title='bbox 1470 4122 1498 4171; x_wconf 92' lang='lat' dir='ltr'>et</span> <span class='ocrx_word' id='word_1_639' title='bbox 1519 4130 1575 4171; x_wconf 92' lang='lat' dir='ltr'>non</span> <span class='ocrx_word' id='word_1_640' title='bbox 1605 4122 1647 4171; x_wconf 91' lang='lat' dir='ltr'>est</span> <span class='ocrx_word' id='word_1_641' title='bbox 1667 4115 1754 4182; x_wconf 80' lang='lat' dir='ltr'>Deua,</span> <span class='ocrx_word' id='word_1_642' title='bbox 1785 4129 1858 4187; x_wconf 88' lang='lat' dir='ltr'>quc-</span> 
     </span>
     <span class='ocr_line' id='line_1_56' title="bbox 100 4190 1856 4260; baseline 0.006 -16"><span class='ocrx_word' id='word_1_643' title='bbox 100 4190 217 4245; x_wconf 87' lang='lat' dir='ltr'>virtutis</span> <span class='ocrx_word' id='word_1_644' title='bbox 232 4191 352 4248; x_wconf 80' lang='lat' dir='ltr'>internae</span> <span class='ocrx_word' id='word_1_645' title='bbox 365 4195 517 4252; x_wconf 89' lang='lat' dir='ltr'>resistitur.</span> <span class='ocrx_word' id='word_1_646' title='bbox 968 4205 1019 4260; x_wconf 74' lang='lat' dir='ltr'>b»</span> <span class='ocrx_word' id='word_1_647' title='bbox 1041 4204 1119 4259; x_wconf 89' lang='lat' dir='ltr'>niam</span> <span class='ocrx_word' id='word_1_648' title='bbox 1146 4205 1175 4260; x_wconf 95' lang='lat' dir='ltr'>in</span> <span class='ocrx_word' id='word_1_649' title='bbox 1202 4217 1376 4260; x_wconf 89' lang='lat' dir='ltr'>aranearum</span> <span class='ocrx_word' id='word_1_650' title='bbox 1404 4205 1474 4260; x_wconf 91' lang='lat' dir='ltr'>telas</span> <span class='ocrx_word' id='word_1_651' title='bbox 1500 4204 1555 4260; x_wconf 90' lang='lat' dir='ltr'>erit</span> <span class='ocrx_word' id='word_1_652' title='bbox 1574 4202 1684 4260; x_wconf 87' lang='lat' dir='ltr'>vitulus</span> <span class='ocrx_word' id='word_1_653' title='bbox 1711 4202 1856 4260; x_wconf 78' lang='lat' dir='ltr'>Samariae.</span> 
     </span>
     <span class='ocr_line' id='line_1_57' title="bbox 135 4277 1854 4360; baseline 0.008 -26"><span class='ocrx_word' id='word_1_654' title='bbox 135 4277 221 4334; x_wconf 80' lang='lat' dir='ltr'>Vens.</span> <span class='ocrx_word' id='word_1_655' title='bbox 236 4279 264 4332; x_wconf 81' lang='lat'>4.</span> <span class='ocrx_word' id='word_1_656' title='bbox 279 4308 315 4321; x_wconf 94' lang='lat'>—</span> <span class='ocrx_word' id='word_1_657' title='bbox 330 4303 340 4329; x_wconf 78' lang='grc' dir='ltr'>ι</span> <span class='ocrx_word' id='word_1_658' title='bbox 357 4281 413 4351; x_wconf 85' lang='lat' dir='ltr'>ipsi</span> <span class='ocrx_word' id='word_1_659' title='bbox 425 4293 628 4355; x_wconf 83' lang='lat' dir='ltr'>regnaverunt,</span> <span class='ocrx_word' id='word_1_660' title='bbox 638 4297 666 4342; x_wconf 86' lang='lat' dir='ltr'>et</span> <span class='ocrx_word' id='word_1_661' title='bbox 676 4301 733 4343; x_wconf 92' lang='lat' dir='ltr'>non</span> <span class='ocrx_word' id='word_1_662' title='bbox 748 4302 785 4344; x_wconf 91' lang='lat' dir='ltr'>ex</span> <span class='ocrx_word' id='word_1_663' title='bbox 798 4304 860 4358; x_wconf 90' lang='lat' dir='ltr'>me;</span> <span class='ocrx_word' id='word_1_664' title='bbox 875 4290 953 4360; x_wconf 88' lang='lat' dir='ltr'>prin·</span> <span class='ocrx_word' id='word_1_665' title='bbox 1009 4315 1020 4340; x_wconf 77' lang='grc' dir='ltr'>ι</span> <span class='ocrx_word' id='word_1_666' title='bbox 1042 4292 1115 4360; x_wconf 89' lang='lat' dir='ltr'>Quia</span> <span class='ocrx_word' id='word_1_667' title='bbox 1139 4300 1259 4349; x_wconf 88' lang='lat' dir='ltr'>ventum</span> <span class='ocrx_word' id='word_1_668' title='bbox 1280 4291 1474 4358; x_wconf 89' lang='lat' dir='ltr'>seminabunt,</span> <span class='ocrx_word' id='word_1_669' title='bbox 1490 4300 1518 4348; x_wconf 93' lang='lat' dir='ltr'>et</span> <span class='ocrx_word' id='word_1_670' title='bbox 1541 4293 1686 4349; x_wconf 89' lang='lat' dir='ltr'>turbinem</span> <span class='ocrx_word' id='word_1_671' title='bbox 1708 4301 1825 4350; x_wconf 90' lang='lat' dir='ltr'>metent.</span> <span class='ocrx_word' id='word_1_672' title='bbox 1845 4315 1854 4341; x_wconf 74' lang='grc' dir='ltr'>ι</span> 
     </span>
     <span class='ocr_line' id='line_1_58' title="bbox 102 4365 1856 4451; baseline 0.008 -31"><span class='ocrx_word' id='word_1_673' title='bbox 102 4365 212 4435; x_wconf 76' lang='lat' dir='ltr'>»cipes</span> <span class='ocrx_word' id='word_1_674' title='bbox 238 4369 419 4438; x_wconf 88' lang='lat' dir='ltr'>exstiterunt,</span> <span class='ocrx_word' id='word_1_675' title='bbox 446 4380 473 4427; x_wconf 92' lang='lat' dir='ltr'>et</span> <span class='ocrx_word' id='word_1_676' title='bbox 488 4387 544 4428; x_wconf 91' lang='lat' dir='ltr'>non</span> <span class='ocrx_word' id='word_1_677' title='bbox 564 4375 696 4446; x_wconf 80' lang='lat' dir='ltr'>cognovi.</span> <span class='ocrx_word' id='word_1_678' title='bbox 720 4398 730 4426; x_wconf 71' lang='grc' dir='ltr'>ι</span> <span class='ocrx_word' id='word_1_679' title='bbox 757 4377 878 4448; x_wconf 83' lang='lat' dir='ltr'>Regnat,</span> <span class='ocrx_word' id='word_1_680' title='bbox 903 4380 952 4436; x_wconf 91' lang='lat' dir='ltr'>sed</span> <span class='ocrx_word' id='word_1_681' title='bbox 1007 4380 1097 4436; x_wconf 85' lang='lat' dir='ltr'>Deum</span> <span class='ocrx_word' id='word_1_682' title='bbox 1114 4380 1189 4444; x_wconf 85' lang='lat' dir='ltr'>lacit.</span> <span class='ocrx_word' id='word_1_683' title='bbox 1204 4381 1252 4436; x_wconf 91' lang='lat' dir='ltr'>sed</span> <span class='ocrx_word' id='word_1_684' title='bbox 1276 4384 1346 4435; x_wconf 81' lang='lat' dir='ltr'>Dece</span> <span class='ocrx_word' id='word_1_685' title='bbox 1371 4397 1424 4435; x_wconf 76' lang='lat' dir='ltr'>neit</span> <span class='ocrx_word' id='word_1_686' title='bbox 1449 4386 1497 4442; x_wconf 88' lang='lat' dir='ltr'>est,</span> <span class='ocrx_word' id='word_1_687' title='bbox 1515 4381 1650 4451; x_wconf 89' lang='lat' dir='ltr'>quisquis</span> <span class='ocrx_word' id='word_1_688' title='bbox 1663 4395 1713 4450; x_wconf 91' lang='lat' dir='ltr'>pro</span> <span class='ocrx_word' id='word_1_689' title='bbox 1728 4389 1814 4450; x_wconf 87' lang='lat' dir='ltr'>captu</span> <span class='ocrx_word' id='word_1_690' title='bbox 1829 4387 1856 4435; x_wconf 88' lang='lat' dir='ltr'>et</span> 
     </span>
     <span class='ocr_line' id='line_1_59' title="bbox 99 4455 1859 4539; baseline 0.009 -31"><span class='ocrx_word' id='word_1_691' title='bbox 99 4468 135 4510; x_wconf 87' lang='lat' dir='ltr'>ex</span> <span class='ocrx_word' id='word_1_692' title='bbox 152 4455 208 4510; x_wconf 87' lang='lat' dir='ltr'>Deo</span> <span class='ocrx_word' id='word_1_693' title='bbox 224 4470 280 4510; x_wconf 90' lang='lat' dir='ltr'>non</span> <span class='ocrx_word' id='word_1_694' title='bbox 305 4467 417 4528; x_wconf 88' lang='lat' dir='ltr'>regnat,</span> <span class='ocrx_word' id='word_1_695' title='bbox 443 4461 576 4532; x_wconf 88' lang='lat' dir='ltr'>quisquis</span> <span class='ocrx_word' id='word_1_696' title='bbox 595 4465 738 4536; x_wconf 87' lang='lat' dir='ltr'>angustiis</span> <span class='ocrx_word' id='word_1_697' title='bbox 758 4469 953 4536; x_wconf 89' lang='lat' dir='ltr'>prementibus</span> <span class='ocrx_word' id='word_1_698' title='bbox 1008 4466 1212 4538; x_wconf 84' lang='lat' dir='ltr'>imaginatione</span> <span class='ocrx_word' id='word_1_699' title='bbox 1238 4481 1292 4524; x_wconf 89' lang='lat' dir='ltr'>sua</span> <span class='ocrx_word' id='word_1_700' title='bbox 1316 4469 1406 4524; x_wconf 85' lang='lat' dir='ltr'>Deum</span> <span class='ocrx_word' id='word_1_701' title='bbox 1434 4469 1654 4537; x_wconf 88' lang='lat' dir='ltr'>circumscribit,</span> <span class='ocrx_word' id='word_1_702' title='bbox 1673 4476 1705 4526; x_wconf 94' lang='lat' dir='ltr'>ut</span> <span class='ocrx_word' id='word_1_703' title='bbox 1736 4470 1772 4525; x_wconf 90' lang='lat' dir='ltr'>ad</span> <span class='ocrx_word' id='word_1_704' title='bbox 1798 4470 1859 4539; x_wconf 89' lang='lat' dir='ltr'>ejus</span> 
     </span>
    </p>
   </div>
   <div class='ocr_carea' id='block_1_10' title="bbox 31 4545 954 5500">
    <p class='ocr_par' dir='ltr' id='par_1_10' title="bbox 31 4545 954 5500">
     <span class='ocr_line' id='line_1_60' title="bbox 101 4545 952 4620; baseline 0.02 -23"><span class='ocrx_word' id='word_1_705' title='bbox 101 4545 198 4614; x_wconf 88' lang='lat' dir='ltr'>pravis</span> <span class='ocrx_word' id='word_1_706' title='bbox 210 4546 270 4600; x_wconf 91' lang='lat' dir='ltr'>suis</span> <span class='ocrx_word' id='word_1_707' title='bbox 286 4548 414 4604; x_wconf 89' lang='lat' dir='ltr'>moribus</span> <span class='ocrx_word' id='word_1_708' title='bbox 426 4550 556 4620; x_wconf 90' lang='lat' dir='ltr'>imperat,</span> <span class='ocrx_word' id='word_1_709' title='bbox 573 4568 639 4608; x_wconf 92' lang='lat' dir='ltr'>cum</span> <span class='ocrx_word' id='word_1_710' title='bbox 651 4560 744 4610; x_wconf 90' lang='lat' dir='ltr'>tamen</span> <span class='ocrx_word' id='word_1_711' title='bbox 757 4555 786 4612; x_wconf 91' lang='lat' dir='ltr'>in</span> <span class='ocrx_word' id='word_1_712' title='bbox 806 4559 952 4614; x_wconf 90' lang='lat' dir='ltr'>conscien-</span> 
     </span>
     <span class='ocr_line' id='line_1_61' title="bbox 100 4634 953 4712; baseline 0.016 -24"><span class='ocrx_word' id='word_1_713' title='bbox 100 4634 145 4689; x_wconf 89' lang='lat' dir='ltr'>tiae</span> <span class='ocrx_word' id='word_1_714' title='bbox 157 4634 272 4705; x_wconf 83' lang='lat' dir='ltr'>angulis</span> <span class='ocrx_word' id='word_1_715' title='bbox 291 4635 437 4706; x_wconf 86' lang='lat' dir='ltr'>aliectum,</span> <span class='ocrx_word' id='word_1_716' title='bbox 463 4640 486 4695; x_wconf 92' lang='lat' dir='ltr'>si</span> <span class='ocrx_word' id='word_1_717' title='bbox 502 4641 619 4698; x_wconf 89' lang='lat' dir='ltr'>libertas</span> <span class='ocrx_word' id='word_1_718' title='bbox 648 4643 781 4712; x_wconf 87' lang='lat' dir='ltr'>arrideat,</span> <span class='ocrx_word' id='word_1_719' title='bbox 798 4646 834 4701; x_wconf 92' lang='lat' dir='ltr'>ad</span> <span class='ocrx_word' id='word_1_720' title='bbox 859 4647 953 4702; x_wconf 90' lang='lat' dir='ltr'>vomi-</span> 
     </span>
     <span class='ocr_line' id='line_1_62' title="bbox 99 4723 952 4804; baseline 0.013 -27"><span class='ocrx_word' id='word_1_721' title='bbox 99 4728 160 4777; x_wconf 92' lang='lat' dir='ltr'>tum</span> <span class='ocrx_word' id='word_1_722' title='bbox 190 4723 327 4779; x_wconf 90' lang='lat' dir='ltr'>redeundi</span> <span class='ocrx_word' id='word_1_723' title='bbox 355 4737 506 4784; x_wconf 89' lang='lat' dir='ltr'>conservat</span> <span class='ocrx_word' id='word_1_724' title='bbox 522 4729 561 4800; x_wconf 88' lang='lat' dir='ltr'>(ll</span> <span class='ocrx_word' id='word_1_725' title='bbox 587 4731 666 4799; x_wconf 77' lang='lat' dir='ltr'>Pete,</span> <span class='ocrx_word' id='word_1_726' title='bbox 682 4749 711 4787; x_wconf 90' lang='lat' dir='ltr'>n.</span> <span class='ocrx_word' id='word_1_727' title='bbox 737 4735 793 4798; x_wconf 75' lang='lat'>22),</span> <span class='ocrx_word' id='word_1_728' title='bbox 817 4736 952 4804; x_wconf 74' lang='lat' dir='ltr'>Principes</span> 
     </span>
     <span class='ocr_line' id='line_1_63' title="bbox 98 4812 952 4888; baseline 0.014 -22"><span class='ocrx_word' id='word_1_729' title='bbox 98 4812 237 4874; x_wconf 87' lang='lat' dir='ltr'>existunt,</span> <span class='ocrx_word' id='word_1_730' title='bbox 252 4825 302 4867; x_wconf 87' lang='lat' dir='ltr'>seu</span> <span class='ocrx_word' id='word_1_731' title='bbox 319 4814 461 4871; x_wconf 88' lang='lat' dir='ltr'>bensnon</span> <span class='ocrx_word' id='word_1_732' title='bbox 477 4819 622 4888; x_wconf 88' lang='lat' dir='ltr'>cognoscit</span> <span class='ocrx_word' id='word_1_733' title='bbox 640 4834 727 4877; x_wconf 92' lang='lat' dir='ltr'>:cum</span> <span class='ocrx_word' id='word_1_734' title='bbox 749 4835 850 4877; x_wconf 90' lang='lat' dir='ltr'>sensns</span> <span class='ocrx_word' id='word_1_735' title='bbox 870 4830 952 4878; x_wconf 90' lang='lat' dir='ltr'>exte-</span> 
     </span>
     <span class='ocr_line' id='line_1_64' title="bbox 100 4898 953 4977; baseline 0.014 -23"><span class='ocrx_word' id='word_1_736' title='bbox 100 4898 187 4954; x_wconf 87' lang='lat' dir='ltr'>riores</span> <span class='ocrx_word' id='word_1_737' title='bbox 202 4898 235 4953; x_wconf 74' lang='grc' dir='ltr'>ιιι</span> <span class='ocrx_word' id='word_1_738' title='bbox 262 4899 362 4956; x_wconf 89' lang='lat' dir='ltr'>horam</span> <span class='ocrx_word' id='word_1_739' title='bbox 388 4905 443 4960; x_wconf 91' lang='lat' dir='ltr'>sub</span> <span class='ocrx_word' id='word_1_740' title='bbox 469 4907 550 4977; x_wconf 90' lang='lat' dir='ltr'>regia</span> <span class='ocrx_word' id='word_1_741' title='bbox 571 4907 689 4963; x_wconf 87' lang='lat' dir='ltr'>rationis</span> <span class='ocrx_word' id='word_1_742' title='bbox 711 4909 819 4964; x_wconf 90' lang='lat' dir='ltr'>ditione</span> <span class='ocrx_word' id='word_1_743' title='bbox 840 4911 953 4966; x_wconf 86' lang='lat' dir='ltr'>sibimet</span> 
     </span>
     <span class='ocr_line' id='line_1_65' title="bbox 31 4987 950 5066; baseline 0.015 -25"><span class='ocrx_word' id='word_1_744' title='bbox 31 5045 33 5048; x_wconf 71' lang='grc'><strong>,</strong></span> <span class='ocrx_word' id='word_1_745' title='bbox 102 4987 311 5057; x_wconf 90' lang='lat' dir='ltr'>principantur,</span> <span class='ocrx_word' id='word_1_746' title='bbox 345 4993 392 5046; x_wconf 90' lang='lat' dir='ltr'>sed</span> <span class='ocrx_word' id='word_1_747' title='bbox 419 4994 494 5049; x_wconf 88' lang='lat' dir='ltr'>Deus</span> <span class='ocrx_word' id='word_1_748' title='bbox 518 4995 607 5065; x_wconf 86' lang='lat' dir='ltr'>hujus</span> <span class='ocrx_word' id='word_1_749' title='bbox 628 4997 814 5053; x_wconf 88' lang='lat' dir='ltr'>restrictionis</span> <span class='ocrx_word' id='word_1_750' title='bbox 839 5013 950 5066; x_wconf 85' lang='lat' dir='ltr'>causas,</span> 
     </span>
     <span class='ocr_line' id='line_1_66' title="bbox 100 5076 951 5154; baseline 0.015 -24"><span class='ocrx_word' id='word_1_751' title='bbox 100 5076 241 5145; x_wconf 90' lang='lat' dir='ltr'>quianon</span> <span class='ocrx_word' id='word_1_752' title='bbox 258 5082 408 5149; x_wconf 91' lang='lat' dir='ltr'>approbat,</span> <span class='ocrx_word' id='word_1_753' title='bbox 425 5084 522 5138; x_wconf 87' lang='lat' dir='ltr'>nescit.</span> <span class='ocrx_word' id='word_1_754' title='bbox 540 5083 632 5154; x_wconf 88' lang='lat' dir='ltr'>Super</span> <span class='ocrx_word' id='word_1_755' title='bbox 645 5085 722 5141; x_wconf 90' lang='lat' dir='ltr'>enim</span> <span class='ocrx_word' id='word_1_756' title='bbox 743 5085 847 5142; x_wconf 91' lang='lat' dir='ltr'>borum</span> <span class='ocrx_word' id='word_1_757' title='bbox 874 5088 951 5142; x_wconf 92' lang='lat' dir='ltr'>simi·</span> 
     </span>
     <span class='ocr_line' id='line_1_67' title="bbox 101 5158 951 5239; baseline 0.016 -25"><span class='ocrx_word' id='word_1_758' title='bbox 101 5158 175 5217; x_wconf 85' lang='lat' dir='ltr'>libus</span> <span class='ocrx_word' id='word_1_759' title='bbox 188 5163 314 5236; x_wconf 88' lang='lat' dir='ltr'>legitur:</span> <span class='ocrx_word' id='word_1_760' title='bbox 333 5188 343 5215; x_wconf 81' lang='grc' dir='ltr'>ι</span> <span class='ocrx_word' id='word_1_761' title='bbox 361 5166 433 5222; x_wconf 87' lang='lat' dir='ltr'>Cum</span> <span class='ocrx_word' id='word_1_762' title='bbox 453 5169 593 5224; x_wconf 90' lang='lat' dir='ltr'>occideret</span> <span class='ocrx_word' id='word_1_763' title='bbox 613 5182 661 5224; x_wconf 89' lang='lat' dir='ltr'>eos</span> <span class='ocrx_word' id='word_1_764' title='bbox 682 5171 851 5239; x_wconf 83' lang='lat' dir='ltr'>quaerebant</span> <span class='ocrx_word' id='word_1_765' title='bbox 873 5186 951 5239; x_wconf 89' lang='lat' dir='ltr'>eum,</span> 
     </span>
     <span class='ocr_line' id='line_1_68' title="bbox 101 5255 952 5330; baseline 0.013 -25"><span class='ocrx_word' id='word_1_766' title='bbox 101 5266 117 5298; x_wconf 77' lang='lat' dir='ltr'>t</span> <span class='ocrx_word' id='word_1_767' title='bbox 136 5258 163 5306; x_wconf 90' lang='lat' dir='ltr'>et</span> <span class='ocrx_word' id='word_1_768' title='bbox 175 5255 394 5312; x_wconf 84' lang='lat' dir='ltr'>revertebantur</span> <span class='ocrx_word' id='word_1_769' title='bbox 419 5257 500 5314; x_wconf 83' lang='lat' dir='ltr'>(Pscl.</span> <span class='ocrx_word' id='word_1_770' title='bbox 529 5271 633 5325; x_wconf 81' lang='lat' dir='ltr'>xxxvii,</span> <span class='ocrx_word' id='word_1_771' title='bbox 652 5258 735 5322; x_wconf 73' lang='lat' dir='ltr'>all.»</span> <span class='ocrx_word' id='word_1_772' title='bbox 762 5279 771 5306; x_wconf 77' lang='grc' dir='ltr'>ι</span> <span class='ocrx_word' id='word_1_773' title='bbox 792 5260 952 5330; x_wconf 78' lang='lat' dir='ltr'>Argentum</span> 
     </span>
     <span class='ocr_line' id='line_1_69' title="bbox 105 5345 952 5405; baseline 0.014 -12"><span class='ocrx_word' id='word_1_774' title='bbox 105 5357 115 5384; x_wconf 75' lang='grc' dir='ltr'>ι</span> <span class='ocrx_word' id='word_1_775' title='bbox 137 5352 223 5395; x_wconf 89' lang='lat' dir='ltr'>sunm</span> <span class='ocrx_word' id='word_1_776' title='bbox 241 5351 267 5398; x_wconf 92' lang='lat' dir='ltr'>et</span> <span class='ocrx_word' id='word_1_777' title='bbox 289 5357 397 5399; x_wconf 91' lang='lat' dir='ltr'>aurum</span> <span class='ocrx_word' id='word_1_778' title='bbox 411 5359 497 5401; x_wconf 93' lang='lat' dir='ltr'>suum</span> <span class='ocrx_word' id='word_1_779' title='bbox 514 5345 643 5401; x_wconf 89' lang='lat' dir='ltr'>iecerunt</span> <span class='ocrx_word' id='word_1_780' title='bbox 655 5346 708 5402; x_wconf 93' lang='lat' dir='ltr'>sibi</span> <span class='ocrx_word' id='word_1_781' title='bbox 722 5347 797 5402; x_wconf 92' lang='lat' dir='ltr'>idola</span> <span class='ocrx_word' id='word_1_782' title='bbox 811 5356 842 5404; x_wconf 92' lang='grc' dir='ltr'>ιιι</span> <span class='ocrx_word' id='word_1_783' title='bbox 862 5350 952 5405; x_wconf 88' lang='lat' dir='ltr'>inter-</span> 
     </span>
     <span class='ocr_line' id='line_1_70' title="bbox 105 5426 954 5500; baseline 0.018 -21"><span class='ocrx_word' id='word_1_784' title='bbox 105 5446 115 5471; x_wconf 86' lang='lat'><strong>·</strong></span> <span class='ocrx_word' id='word_1_785' title='bbox 139 5426 222 5486; x_wconf 84' lang='lat' dir='ltr'>irent.</span> <span class='ocrx_word' id='word_1_786' title='bbox 238 5432 421 5500; x_wconf 76' lang='lat' dir='ltr'>»Argentum</span> <span class='ocrx_word' id='word_1_787' title='bbox 444 5449 524 5489; x_wconf 83' lang='lat' dir='ltr'>ecum</span> <span class='ocrx_word' id='word_1_788' title='bbox 539 5440 565 5489; x_wconf 91' lang='lat' dir='ltr'>et</span> <span class='ocrx_word' id='word_1_789' title='bbox 588 5451 687 5489; x_wconf 83' lang='lat' dir='ltr'>aarum</span> <span class='ocrx_word' id='word_1_790' title='bbox 713 5451 793 5491; x_wconf 82' lang='lat' dir='ltr'>suurn</span> <span class='ocrx_word' id='word_1_791' title='bbox 815 5437 868 5491; x_wconf 78' lang='lat' dir='ltr'>eibi</span> <span class='ocrx_word' id='word_1_792' title='bbox 888 5438 954 5494; x_wconf 86' lang='lat' dir='ltr'>lacit</span> 
     </span>
    </p>
   </div>
   <div class='ocr_carea' id='block_1_11' title="bbox 1007 4555 1860 5513">
    <p class='ocr_par' dir='ltr' id='par_1_11' title="bbox 1007 4555 1860 5513">
     <span class='ocr_line' id='line_1_71' title="bbox 1008 4555 1859 4628; baseline 0.002 -18"><span class='ocrx_word' id='word_1_793' title='bbox 1008 4563 1120 4611; x_wconf 78' lang='lat' dir='ltr'>naturae</span> <span class='ocrx_word' id='word_1_794' title='bbox 1145 4555 1342 4611; x_wconf 90' lang='lat' dir='ltr'>dissertionem</span> <span class='ocrx_word' id='word_1_795' title='bbox 1373 4557 1514 4627; x_wconf 86' lang='lat' dir='ltr'>attingere</span> <span class='ocrx_word' id='word_1_796' title='bbox 1536 4557 1648 4625; x_wconf 90' lang='lat' dir='ltr'>nititur,</span> <span class='ocrx_word' id='word_1_797' title='bbox 1678 4558 1756 4628; x_wconf 92' lang='lat' dir='ltr'>quod</span> <span class='ocrx_word' id='word_1_798' title='bbox 1781 4557 1859 4614; x_wconf 89' lang='lat' dir='ltr'>nullo</span> 
     </span>
     <span class='ocr_line' id='line_1_72' title="bbox 1008 4644 1857 4716; baseline -0.002 -17"><span class='ocrx_word' id='word_1_799' title='bbox 1008 4646 1091 4700; x_wconf 93' lang='lat' dir='ltr'>modo</span> <span class='ocrx_word' id='word_1_800' title='bbox 1103 4644 1211 4699; x_wconf 89' lang='lat' dir='ltr'>bomini</span> <span class='ocrx_word' id='word_1_801' title='bbox 1227 4644 1493 4715; x_wconf 85' lang='lat' dir='ltr'>comprehensibile,</span> <span class='ocrx_word' id='word_1_802' title='bbox 1515 4652 1566 4702; x_wconf 91' lang='lat' dir='ltr'>aut</span> <span class='ocrx_word' id='word_1_803' title='bbox 1579 4646 1655 4702; x_wconf 86' lang='lat' dir='ltr'>Deus</span> <span class='ocrx_word' id='word_1_804' title='bbox 1667 4660 1728 4703; x_wconf 86' lang='lat' dir='ltr'>esse</span> <span class='ocrx_word' id='word_1_805' title='bbox 1745 4653 1834 4716; x_wconf 86' lang='lat' dir='ltr'>potest</span> <span class='ocrx_word' id='word_1_806' title='bbox 1851 4658 1857 4697; x_wconf 92' lang='lat'>:</span> 
     </span>
     <span class='ocr_line' id='line_1_73' title="bbox 1008 4733 1857 4804; baseline -0.002 -15"><span class='ocrx_word' id='word_1_807' title='bbox 1008 4733 1155 4803; x_wconf 84' lang='lat' dir='ltr'>Quidquid</span> <span class='ocrx_word' id='word_1_808' title='bbox 1178 4734 1254 4788; x_wconf 88' lang='lat' dir='ltr'>enim</span> <span class='ocrx_word' id='word_1_809' title='bbox 1291 4734 1450 4804; x_wconf 85' lang='lat' dir='ltr'>pervideas,</span> <span class='ocrx_word' id='word_1_810' title='bbox 1474 4733 1544 4790; x_wconf 88' lang='lat' dir='ltr'>lalso</span> <span class='ocrx_word' id='word_1_811' title='bbox 1583 4735 1674 4791; x_wconf 84' lang='lat' dir='ltr'>Deum</span> <span class='ocrx_word' id='word_1_812' title='bbox 1700 4735 1857 4792; x_wconf 87' lang='lat' dir='ltr'>existimas.</span> 
     </span>
     <span class='ocr_line' id='line_1_74' title="bbox 1009 4822 1855 4891; baseline 0.004 -14"><span class='ocrx_word' id='word_1_813' title='bbox 1009 4844 1020 4872; x_wconf 71' lang='grc' dir='ltr'>ι</span> <span class='ocrx_word' id='word_1_814' title='bbox 1042 4822 1220 4888; x_wconf 89' lang='lat' dir='ltr'>Quoniamin</span> <span class='ocrx_word' id='word_1_815' title='bbox 1232 4836 1403 4878; x_wconf 90' lang='lat' dir='ltr'>arenearum</span> <span class='ocrx_word' id='word_1_816' title='bbox 1413 4822 1483 4878; x_wconf 89' lang='lat' dir='ltr'>telas</span> <span class='ocrx_word' id='word_1_817' title='bbox 1497 4826 1551 4880; x_wconf 93' lang='lat' dir='ltr'>erit</span> <span class='ocrx_word' id='word_1_818' title='bbox 1561 4823 1671 4879; x_wconf 86' lang='lat' dir='ltr'>vitulus</span> <span class='ocrx_word' id='word_1_819' title='bbox 1689 4824 1855 4891; x_wconf 64' lang='lat' dir='ltr'>samarie«</span> 
     </span>
     <span class='ocr_line' id='line_1_75' title="bbox 1007 4909 1859 4982; baseline -0.004 -16"><span class='ocrx_word' id='word_1_820' title='bbox 1007 4911 1077 4981; x_wconf 92' lang='lat' dir='ltr'>qnia</span> <span class='ocrx_word' id='word_1_821' title='bbox 1092 4909 1197 4966; x_wconf 90' lang='lat' dir='ltr'>scilicet</span> <span class='ocrx_word' id='word_1_822' title='bbox 1228 4911 1386 4980; x_wconf 91' lang='lat' dir='ltr'>petulantia</span> <span class='ocrx_word' id='word_1_823' title='bbox 1416 4927 1481 4982; x_wconf 75' lang='lat' dir='ltr'>qnae</span> <span class='ocrx_word' id='word_1_824' title='bbox 1493 4912 1624 4982; x_wconf 83' lang='lat' dir='ltr'>subjacet</span> <span class='ocrx_word' id='word_1_825' title='bbox 1644 4910 1684 4966; x_wconf 96' lang='lat' dir='ltr'>illi</span> <span class='ocrx_word' id='word_1_826' title='bbox 1703 4910 1859 4967; x_wconf 89' lang='lat' dir='ltr'>lorinsecus</span> 
     </span>
     <span class='ocr_line' id='line_1_76' title="bbox 1008 4999 1859 5072; baseline 0 -17"><span class='ocrx_word' id='word_1_827' title='bbox 1008 5000 1146 5056; x_wconf 75' lang='lat' dir='ltr'>dealbata·</span> <span class='ocrx_word' id='word_1_828' title='bbox 1176 4999 1322 5065; x_wconf 77' lang='lat' dir='ltr'>custodie,</span> <span class='ocrx_word' id='word_1_829' title='bbox 1352 5007 1384 5057; x_wconf 91' lang='lat' dir='ltr'>ut</span> <span class='ocrx_word' id='word_1_830' title='bbox 1407 4999 1500 5072; x_wconf 89' lang='lat' dir='ltr'>magis</span> <span class='ocrx_word' id='word_1_831' title='bbox 1527 5000 1605 5058; x_wconf 92' lang='lat' dir='ltr'>enim</span> <span class='ocrx_word' id='word_1_832' title='bbox 1629 5000 1741 5068; x_wconf 82' lang='lat' dir='ltr'>iniiam,</span> <span class='ocrx_word' id='word_1_833' title='bbox 1770 5000 1859 5057; x_wconf 85' lang='lat' dir='ltr'>multa</span> 
     </span>
     <span class='ocr_line' id='line_1_77' title="bbox 1008 5087 1858 5158; baseline 0.002 -16"><span class='ocrx_word' id='word_1_834' title='bbox 1008 5095 1098 5156; x_wconf 87' lang='lat' dir='ltr'>agunt</span> <span class='ocrx_word' id='word_1_835' title='bbox 1125 5087 1179 5142; x_wconf 91' lang='lat' dir='ltr'>snb</span> <span class='ocrx_word' id='word_1_836' title='bbox 1206 5088 1363 5157; x_wconf 91' lang='lat' dir='ltr'>hypocrisis</span> <span class='ocrx_word' id='word_1_837' title='bbox 1389 5089 1491 5158; x_wconf 90' lang='lat' dir='ltr'>specie,</span> <span class='ocrx_word' id='word_1_838' title='bbox 1518 5088 1727 5145; x_wconf 85' lang='lat' dir='ltr'>adnihilabitur</span> <span class='ocrx_word' id='word_1_839' title='bbox 1748 5097 1776 5145; x_wconf 90' lang='lat' dir='ltr'>et</span> <span class='ocrx_word' id='word_1_840' title='bbox 1792 5103 1858 5145; x_wconf 85' lang='lat' dir='ltr'>eva-</span> 
     </span>
     <span class='ocr_line' id='line_1_78' title="bbox 1008 5176 1859 5243; baseline 0.011 -14"><span class='ocrx_word' id='word_1_841' title='bbox 1008 5181 1103 5230; x_wconf 87' lang='lat' dir='ltr'>nescet</span> <span class='ocrx_word' id='word_1_842' title='bbox 1128 5176 1203 5230; x_wconf 89' lang='lat' dir='ltr'>acsi</span> <span class='ocrx_word' id='word_1_843' title='bbox 1227 5189 1402 5233; x_wconf 87' lang='lat' dir='ltr'>aranearum</span> <span class='ocrx_word' id='word_1_844' title='bbox 1428 5177 1499 5233; x_wconf 83' lang='lat' dir='ltr'>telae.</span> <span class='ocrx_word' id='word_1_845' title='bbox 1526 5178 1594 5243; x_wconf 83' lang='lat' dir='ltr'>Qnae</span> <span class='ocrx_word' id='word_1_846' title='bbox 1615 5177 1691 5233; x_wconf 92' lang='lat' dir='ltr'>enim</span> <span class='ocrx_word' id='word_1_847' title='bbox 1713 5177 1859 5237; x_wconf 80' lang='lat' dir='ltr'>insulsior,</span> 
     </span>
     <span class='ocr_line' id='line_1_79' title="bbox 1007 5264 1859 5337; baseline 0.004 -20"><span class='ocrx_word' id='word_1_848' title='bbox 1007 5269 1033 5317; x_wconf 92' lang='lat' dir='ltr'>et</span> <span class='ocrx_word' id='word_1_849' title='bbox 1051 5264 1134 5332; x_wconf 89' lang='lat' dir='ltr'>quasi</span> <span class='ocrx_word' id='word_1_850' title='bbox 1151 5264 1273 5321; x_wconf 91' lang='lat' dir='ltr'>vitulina</span> <span class='ocrx_word' id='word_1_851' title='bbox 1287 5264 1396 5333; x_wconf 88' lang='lat' dir='ltr'>levitas,</span> <span class='ocrx_word' id='word_1_852' title='bbox 1414 5280 1500 5335; x_wconf 92' lang='lat' dir='ltr'>quem</span> <span class='ocrx_word' id='word_1_853' title='bbox 1511 5265 1771 5335; x_wconf 84' lang='lat' dir='ltr'>libroscontexere,</span> <span class='ocrx_word' id='word_1_854' title='bbox 1787 5280 1859 5337; x_wconf 93' lang='lat' dir='ltr'>quos</span> 
     </span>
     <span class='ocr_line' id='line_1_80' title="bbox 1008 5352 1858 5422; baseline 0.002 -14"><span class='ocrx_word' id='word_1_855' title='bbox 1008 5352 1143 5422; x_wconf 90' lang='lat' dir='ltr'>explodat</span> <span class='ocrx_word' id='word_1_856' title='bbox 1157 5361 1185 5409; x_wconf 92' lang='lat' dir='ltr'>et</span> <span class='ocrx_word' id='word_1_857' title='bbox 1205 5354 1337 5411; x_wconf 89' lang='lat' dir='ltr'>exsibilet</span> <span class='ocrx_word' id='word_1_858' title='bbox 1370 5356 1456 5411; x_wconf 87' lang='lat' dir='ltr'>totius</span> <span class='ocrx_word' id='word_1_859' title='bbox 1485 5354 1711 5412; x_wconf 85' lang='lat' dir='ltr'>Christianitatis</span> <span class='ocrx_word' id='word_1_860' title='bbox 1733 5355 1858 5411; x_wconf 91' lang='lat' dir='ltr'>anctori-</span> 
     </span>
     <span class='ocr_line' id='line_1_81' title="bbox 1009 5439 1860 5513; baseline 0.002 -17"><span class='ocrx_word' id='word_1_861' title='bbox 1009 5439 1137 5507; x_wconf 79' lang='lat' dir='ltr'>taleui</span> <span class='ocrx_word' id='word_1_862' title='bbox 1166 5440 1227 5498; x_wconf 85' lang='lat' dir='ltr'>telae</span> <span class='ocrx_word' id='word_1_863' title='bbox 1252 5456 1423 5499; x_wconf 89' lang='lat' dir='ltr'>aranearum</span> <span class='ocrx_word' id='word_1_864' title='bbox 1447 5450 1526 5510; x_wconf 88' lang='lat' dir='ltr'>sunt,</span> <span class='ocrx_word' id='word_1_865' title='bbox 1556 5447 1628 5513; x_wconf 90' lang='lat' dir='ltr'>quia</span> <span class='ocrx_word' id='word_1_866' title='bbox 1652 5457 1753 5501; x_wconf 90' lang='lat' dir='ltr'>eorum</span> <span class='ocrx_word' id='word_1_867' title='bbox 1765 5443 1860 5500; x_wconf 88' lang='lat' dir='ltr'>studio</span> 
     </span>
    </p>
   </div>
   <div class='ocr_carea' id='block_1_12' title="bbox 0 0 1914 6008">
    <p class='ocr_par' dir='ltr' id='par_1_12' title="bbox 0 0 1914 6008">
     <span class='ocr_line' id='line_1_82' title="bbox 0 0 1914 6008; baseline 0 2"><span class='ocrx_word' id='word_1_868' title='bbox 0 0 1914 6008; x_wconf 95' lang='lat' dir='ltr'> </span> 
     </span>
    </p>
   </div>
  </div>
 </body>
</html>
